{"host":"fff5e1uasnm04x18","time":1613087079,"event":{"mods":["BaseMod","Highlight Path","Minty Spire (QoL Compilation)","StSLib"],"gold_per_floor":[119,119,48,64,78,78,114,114,114,114,148,169,169,207,207,330,330,353,278,291,137,137,180,180,180,180],"floor_reached":25,"language":"ENG","playtime":1744,"items_purged":["Strike_B"],"score":272,"play_id":"2975aee2-f07b-42e4-be08-fb5ae48d4aa8","local_time":"20210211184439","is_ascension_mode":true,"campfire_choices":[{"data":"Thunder Strike","floor":6,"key":"SMITH"},{"floor":8,"key":"REST"},{"floor":10,"key":"REST"},{"floor":13,"key":"REST"},{"floor":15,"key":"REST"},{"floor":24,"key":"REST"}],"circlet_count":0,"master_deck":["Strike_B","Strike_B","Defend_B","Defend_B","Defend_B","Defend_B","Zap","Dualcast","Self Repair","Thunder Strike+1","Static Discharge","Redo","Capacitor","Seek","Redo","Heatsinks","Static Discharge"],"relics":["Cracked Core","Anchor","Golden Idol","InkBottle","Shuriken","Toy Ornithopter","Odd Mushroom","SacredBark","Centennial Puzzle"],"acts_visited":["Exordium","TheCity"],"potions_floor_usage":[23,23,23],"damage_taken":[{"damage":0,"enemies":"Small Slimes","floor":1,"turns":2},{"damage":6,"enemies":"Jaw Worm","floor":4,"turns":4},{"damage":1,"enemies":"Cultist","floor":5,"turns":3},{"damage":41,"enemies":"Gremlin Nob","floor":7,"turns":5},{"damage":40,"enemies":"Lagavulin","floor":11,"turns":7},{"damage":13,"enemies":"Blue Slaver","floor":12,"turns":4},{"damage":30,"enemies":"The Mushroom Lair","floor":14,"turns":4},{"damage":47,"enemies":"Hexaghost","floor":16,"turns":9},{"damage":23,"enemies":"3 Byrds","floor":18,"turns":3},{"damage":47,"enemies":"2 Thieves","floor":20,"turns":4},{"damage":30,"enemies":"Gremlin Leader","floor":23,"turns":5},{"damage":63,"enemies":"Centurion and Healer","floor":25,"turns":6}],"seed_played":"6731183627083202282","potions_obtained":[{"floor":5,"key":"Explosive Potion"},{"floor":11,"key":"Energy Potion"},{"floor":12,"key":"Regen Potion"},{"floor":16,"key":"Dexterity Potion"}],"is_trial":false,"path_per_floor":["M","?","$","M","M","R","E","R","T","R","E","M","R","?","R","B",null,"M","?","M","$","?","E","R","M"],"character_chosen":"DEFECT","items_purchased":["Thunder Strike","Heatsinks"],"campfire_rested":5,"item_purchase_floors":[3,21],"current_hp_per_floor":[75,57,57,58,64,64,30,52,52,74,41,35,57,34,56,16,75,52,52,12,12,12,38,60,0,0],"gold":180,"neow_bonus":"RANDOM_COMMON_RELIC","is_daily":false,"chose_seed":false,"campfire_upgraded":1,"win_rate":0.0,"timestamp":1613087079,"path_taken":["M","?","?","?","M","R","E","R","T","R","E","M","R","?","R","BOSS","M","?","M","$","?","E","R","?"],"items_purchased_type":["Card","Card"],"build_version":"2020-12-22","purchased_purges":1,"victory":false,"max_hp_per_floor":[75,75,75,75,75,75,75,75,75,75,75,75,75,75,75,75,75,75,75,75,75,75,75,75,75,75],"card_choices":[{"not_picked":["Streamline","Reinforced Body"],"picked":"Self Repair","floor":1},{"not_picked":["Rebound","Stack","Barrage"],"picked":"SKIP","floor":4},{"not_picked":["Sweeping Beam","Auto Shields","Turbo"],"picked":"SKIP","floor":5},{"not_picked":["Go for the Eyes","Chill"],"picked":"Static Discharge","floor":7},{"not_picked":["Multi-Cast","Turbo","Aggregate"],"picked":"SKIP","floor":11},{"not_picked":["Sweeping Beam","Hologram"],"picked":"Redo","floor":12},{"not_picked":["Compile Driver","Sunder"],"picked":"Capacitor","floor":14},{"not_picked":["Meteor Strike","All For One"],"picked":"Seek","floor":16},{"not_picked":["Reprogram+1","Reinforced Body"],"picked":"Redo","floor":18},{"not_picked":["Leap","Steam+1","Hello World"],"picked":"SKIP","floor":20},{"not_picked":["Reinforced Body","Barrage+1","Melter"],"picked":"SKIP","floor":23}],"player_experience":591580,"relics_obtained":[{"floor":7,"key":"InkBottle"},{"floor":9,"key":"Shuriken"},{"floor":11,"key":"Toy Ornithopter"},{"floor":14,"key":"Odd Mushroom"},{"floor":23,"key":"Centennial Puzzle"}],"event_choices":[{"damage_healed":0,"gold_gain":0,"player_choice":"Take Damage","damage_taken":18,"relics_obtained":["Golden Idol"],"max_hp_gain":0,"max_hp_loss":0,"event_name":"Golden Idol","floor":2,"gold_loss":0},{"damage_healed":0,"gold_gain":0,"player_choice":"Fought Mushrooms","damage_taken":0,"max_hp_gain":0,"max_hp_loss":0,"event_name":"Mushrooms","floor":14,"gold_loss":0},{"cards_removed":["Strike_B"],"damage_healed":0,"gold_gain":0,"player_choice":"Gave Gold","damage_taken":0,"max_hp_gain":0,"max_hp_loss":0,"event_name":"Beggar","floor":19,"gold_loss":75},{"damage_healed":0,"gold_gain":0,"player_choice":"Copied","damage_taken":0,"max_hp_gain":0,"max_hp_loss":0,"event_name":"Duplicator","floor":22,"gold_loss":0,"cards_obtained":["Static Discharge"]}],"is_beta":false,"boss_relics":[{"not_picked":["Nuclear Battery","FrozenCore"],"picked":"SacredBark"}],"items_purged_floors":[21],"is_endless":false,"potions_floor_spawned":[5,11,12,16],"killed_by":"Centurion and Healer","ascension_level":4}}