{"host":"5y2vm16xfq9gfmb2","time":1613027618,"event":{"mods":["AchievementEnabler","BaseMod","Better Third Choice","Colored Map","Colored Powertips","DeckTracker","Marisa????????","Minty Spire (QoL Compilation)","Rare Cards Sparkle","Relic Stats","StSLib","The Alterego","The Servant 0.9.4"],"gold_per_floor":[115,115,115,135,153,153,164,164,237,237,312,329,339,369,369,473,473,492,507,26,26,46,46,46,46,46,46,72,72,72],"floor_reached":29,"language":"ENG","playtime":1763,"items_purged":[],"score":258,"play_id":"aceba043-b864-4e62-bd8f-3b575a3bcd0c","local_time":"20210211021338","is_ascension_mode":false,"campfire_choices":[{"data":"Indignation","floor":6,"key":"SMITH"},{"floor":8,"key":"REST"},{"floor":15,"key":"REST"},{"floor":23,"key":"REST"},{"data":"Omniscience","floor":25,"key":"SMITH"}],"circlet_count":0,"master_deck":["Defend_P","Defend_P","Defend_P","Defend_P","Eruption","Vigilance","Indignation+1","CutThroughFate","Evaluate","FlurryOfBlows","Burn","SandsOfTime","DeceiveReality","MasterReality","FollowUp+1","Consecrate","Transmutation","Omniscience+1","Bite+1","Bite+1","Bite+1","Bite+1","Bite+1","Scrawl"],"relics":["PureWater","InkBottle","Runic Pyramid","Lantern","Orichalcum","Molten Egg 2","Eternal Feather"],"acts_visited":["Exordium","TheCity"],"potions_floor_usage":[16,18,22,22,28,28,29],"damage_taken":[{"damage":5,"enemies":"Small Slimes","floor":1,"turns":4},{"damage":0,"enemies":"Jaw Worm","floor":4,"turns":2},{"damage":0,"enemies":"Cultist","floor":5,"turns":2},{"damage":18,"enemies":"Exordium Wildlife","floor":7,"turns":5},{"damage":15,"enemies":"Looter","floor":12,"turns":2},{"damage":6,"enemies":"3 Louse","floor":13,"turns":4},{"damage":34,"enemies":"Hexaghost","floor":16,"turns":8},{"damage":27,"enemies":"3 Byrds","floor":18,"turns":4},{"damage":7,"enemies":"Shell Parasite","floor":19,"turns":6},{"damage":10,"enemies":"Centurion and Healer","floor":22,"turns":3},{"damage":47,"enemies":"Book of Stabbing","floor":28,"turns":8},{"damage":38,"enemies":"Colosseum Slavers","floor":29,"turns":7},{"damage":84,"enemies":"Colosseum Nobs","floor":29,"turns":3}],"seed_played":"-9003114746098672484","potions_obtained":[{"floor":5,"key":"Dexterity Potion"},{"floor":12,"key":"Energy Potion"},{"floor":13,"key":"Explosive Potion"},{"floor":16,"key":"PowerPotion"},{"floor":21,"key":"DistilledChaos"},{"floor":21,"key":"AttackPotion"},{"floor":22,"key":"Weak Potion"},{"floor":28,"key":"ColorlessPotion"}],"is_trial":false,"path_per_floor":["M","?","?","M","M","R","M","R","T","?","?","M","M","?","R","B",null,"M","M","$","?","M","R","?","R","T","?","E","?"],"character_chosen":"WATCHER","items_purchased":["Transmutation","Lantern","Orichalcum"],"campfire_rested":3,"item_purchase_floors":[20,20,20],"current_hp_per_floor":[74,74,74,74,74,74,56,79,79,79,68,53,47,47,70,38,79,52,47,47,47,39,62,62,62,62,62,36,0,0],"gold":72,"neow_bonus":"TEN_PERCENT_HP_BONUS","is_daily":false,"chose_seed":false,"campfire_upgraded":2,"win_rate":0.0,"timestamp":1613027618,"path_taken":["M","?","?","M","M","R","?","R","T","?","?","M","M","?","R","BOSS","M","M","$","?","?","R","?","R","T","?","E","?"],"items_purchased_type":["Card","Relic","Relic"],"build_version":"2020-12-22","purchased_purges":0,"victory":false,"max_hp_per_floor":[79,79,79,79,79,79,79,79,79,79,79,79,79,79,79,79,79,79,79,79,79,79,79,79,79,79,79,79,79,79],"relic_stats":{"counters":[13,58],"Eternal Feather":0,"Orichalcum":[30],"obtain_stats":[{"Blood Vial":14,"Lantern":20,"Molten Egg 2":26,"Eternal Feather":28,"PureWater":0,"Orichalcum":20,"InkBottle":9,"Runic Pyramid":17},{"Blood Vial":6,"Lantern":9,"Molten Egg 2":10,"Eternal Feather":11,"PureWater":0,"Orichalcum":9,"InkBottle":4,"Runic Pyramid":7},{"Blood Vial":19,"Lantern":37,"Molten Egg 2":40,"Eternal Feather":48,"PureWater":0,"Orichalcum":37,"InkBottle":13,"Runic Pyramid":27}],"InkBottle":[17]},"card_choices":[{"not_picked":["FlyingSleeves","Halt"],"picked":"Indignation","floor":1},{"not_picked":["EmptyFist","ThirdEye"],"picked":"CutThroughFate","floor":4},{"not_picked":["WreathOfFlame","JustLucky"],"picked":"Evaluate","floor":5},{"not_picked":["EmptyFist","Evaluate"],"picked":"FlurryOfBlows","floor":7},{"not_picked":["Collect","Ragnarok"],"picked":"SandsOfTime","floor":12},{"not_picked":["Indignation","SashWhip"],"picked":"DeceiveReality","floor":13},{"not_picked":["ConjureBlade","Vault"],"picked":"MasterReality","floor":16},{"not_picked":["FlyingSleeves+1","JustLucky"],"picked":"FollowUp+1","floor":18},{"not_picked":["WheelKick","WaveOfTheHand"],"picked":"Consecrate","floor":19},{"not_picked":["FlyingSleeves","FollowUp+1"],"picked":"Omniscience","floor":22},{"not_picked":["Crescendo","Indignation"],"picked":"Scrawl","floor":28}],"player_experience":26237,"relics_obtained":[{"floor":9,"key":"InkBottle"},{"floor":26,"key":"Molten Egg 2"},{"floor":28,"key":"Eternal Feather"}],"event_choices":[{"damage_healed":0,"gold_gain":0,"player_choice":"Leave","damage_taken":0,"max_hp_gain":0,"max_hp_loss":0,"event_name":"The Cleric","floor":2,"gold_loss":0},{"damage_healed":0,"gold_gain":0,"player_choice":"Ignored","damage_taken":0,"max_hp_gain":0,"max_hp_loss":0,"event_name":"NoteForYourself","floor":3,"gold_loss":0},{"damage_healed":79,"gold_gain":0,"player_choice":"Embrace Burn","damage_taken":0,"max_hp_gain":0,"max_hp_loss":79,"event_name":"betterThird:BetterShining","floor":10,"gold_loss":0},{"damage_healed":0,"gold_gain":75,"player_choice":"Gold","damage_taken":11,"max_hp_gain":0,"max_hp_loss":0,"event_name":"betterThird:BetterGoop","floor":11,"gold_loss":0},{"damage_healed":0,"gold_gain":30,"player_choice":"Searched \u00272\u0027 times","damage_taken":0,"relics_obtained":["Blood Vial"],"max_hp_gain":0,"max_hp_loss":0,"event_name":"Dead Adventurer","floor":14,"gold_loss":0},{"damage_healed":0,"gold_gain":0,"player_choice":"Got Potions","damage_taken":0,"max_hp_gain":0,"max_hp_loss":0,"event_name":"Lab","floor":21,"gold_loss":0},{"damage_healed":0,"gold_gain":0,"player_choice":"Ignored","damage_taken":0,"max_hp_gain":0,"max_hp_loss":0,"event_name":"Ghosts","floor":24,"gold_loss":0},{"damage_healed":0,"gold_gain":0,"player_choice":"Became a vampire (Vial)","damage_taken":0,"max_hp_gain":0,"max_hp_loss":0,"event_name":"Vampires","floor":27,"relics_lost":["Blood Vial"],"gold_loss":0,"cards_obtained":["Bite","Bite","Bite","Bite","Bite"]},{"damage_healed":0,"gold_gain":0,"player_choice":"Fight","damage_taken":0,"max_hp_gain":0,"max_hp_loss":0,"event_name":"Colosseum","floor":29,"gold_loss":0},{"damage_healed":0,"gold_gain":0,"player_choice":"Fought Nobs","damage_taken":0,"max_hp_gain":0,"max_hp_loss":0,"event_name":"Colosseum","floor":29,"gold_loss":0}],"is_beta":false,"boss_relics":[{"not_picked":["HolyWater","Sozu"],"picked":"Runic Pyramid"}],"items_purged_floors":[],"is_endless":false,"potions_floor_spawned":[5,12,13,16,22,28,29],"killed_by":"Colosseum Nobs","ascension_level":0}}