{"host":"bbmxo8e8cdq8htg1","time":1613046051,"event":{"mods":["AchievementEnabler","BaseMod","Better Match","Better Third Choice","BetterRewards","Colored Powertips","DeckTracker","Dota2Spire","Mimic Mod","Minty Spire (QoL Compilation)","Permanent Neow","Quick Restart","Rare Cards Sparkle","Relic Stats","Replay The Spire","Shop Mod","Spicy Shops","StSLib","SuperFastMode","The Blue Laboratory","The Forsaken","The Jungle"],"gold_per_floor":[146,221,221,239,287,287,350,366,366,366,366,431,448,490,490,490,490],"floor_reached":16,"language":"ENG","playtime":333,"items_purged":[],"score":123,"play_id":"a3961438-0b06-4f76-b623-762bec66583a","local_time":"20210211152051","is_ascension_mode":true,"campfire_choices":[{"data":"Whirlwind","floor":6,"key":"SMITH"},{"floor":11,"key":"REST"},{"floor":15,"key":"REST"}],"circlet_count":0,"master_deck":["Strike_R","Strike_R","Strike_R","Strike_R","Strike_R","Defend_R","Defend_R","Defend_R","Bash","Whirlwind+1","Cleave","Flex","Perfected Strike"],"relics":["Burning Blood","Dota2Spire:HandOfMidas","Blood Vial","Pear","theForsaken:Gavel","Shovel"],"acts_visited":["Exordium"],"potions_floor_usage":[7,12,16],"damage_taken":[{"damage":7,"enemies":"Jaw Worm","floor":1,"turns":3},{"damage":9,"enemies":"2 Louse","floor":4,"turns":2},{"damage":12,"enemies":"Small Slimes","floor":5,"turns":3},{"damage":54,"enemies":"Lagavulin","floor":7,"turns":6},{"damage":6,"enemies":"Exordium Wildlife","floor":8,"turns":2},{"damage":22,"enemies":"3 Sentries","floor":12,"turns":4},{"damage":18,"enemies":"Exordium Thugs","floor":13,"turns":4},{"damage":13,"enemies":"Blue Slaver","floor":14,"turns":2},{"damage":54,"enemies":"Hexaghost","floor":16,"turns":7}],"seed_played":"3115943603059380269","potions_obtained":[{"floor":1,"key":"BloodPotion"},{"floor":8,"key":"Adrenaline Potion"},{"floor":12,"key":"blueLaboratory:EnragingPotion"},{"floor":14,"key":"Adrenaline Potion"}],"is_trial":false,"path_per_floor":["M","?","?","M","M","R","E","M","T","?","R","E","M","M","R","B"],"character_chosen":"IRONCLAD","items_purchased":[],"campfire_rested":2,"item_purchase_floors":[],"current_hp_per_floor":[79,68,56,55,51,51,31,33,33,26,53,39,29,24,51,0,0],"gold":490,"neow_bonus":"RANDOM_COMMON_RELIC","is_daily":false,"chose_seed":false,"campfire_upgraded":1,"win_rate":0.0,"timestamp":1613046051,"path_taken":["M","?","?","M","M","R","E","M","T","?","R","E","?","M","R","BOSS"],"items_purchased_type":[],"build_version":"2020-12-22","purchased_purges":0,"victory":false,"max_hp_per_floor":[80,80,80,80,80,80,90,90,90,90,90,90,90,90,90,90,90],"relic_stats":{"Blood Vial":16,"Shovel":0,"counters":[9,33],"obtain_stats":[{"Blood Vial":3,"Dota2Spire:HandOfMidas":0,"Pear":7,"Shovel":12,"theForsaken:Gavel":9,"Burning Blood":0},{"Blood Vial":1,"Dota2Spire:HandOfMidas":0,"Pear":4,"Shovel":6,"theForsaken:Gavel":5,"Burning Blood":0},{"Blood Vial":3,"Dota2Spire:HandOfMidas":0,"Pear":14,"Shovel":20,"theForsaken:Gavel":16,"Burning Blood":0}],"Burning Blood":48},"card_choices":[{"not_picked":["Clothesline","Dark Embrace"],"picked":"Whirlwind","floor":1},{"not_picked":["Pummel","Wild Strike","Iron Wave"],"picked":"SKIP","floor":4},{"not_picked":["Life Link","Infernal Blade"],"picked":"Cleave","floor":5},{"not_picked":["Metallicize","Barricade","Massacre"],"picked":"SKIP","floor":7},{"not_picked":["Wild Strike","Whirlwind"],"picked":"Flex","floor":8},{"not_picked":["Shockwave","Brutality","Warcry"],"picked":"SKIP","floor":12},{"not_picked":["Rage","Seeing Red"],"picked":"Perfected Strike","floor":13},{"not_picked":["Dark Embrace","Rage","Twin Strike"],"picked":"SKIP","floor":14}],"player_experience":8589,"relics_obtained":[{"floor":7,"key":"Pear"},{"floor":9,"key":"theForsaken:Gavel"},{"floor":12,"key":"Shovel"}],"event_choices":[{"damage_healed":0,"gold_gain":75,"player_choice":"Gold","damage_taken":11,"max_hp_gain":0,"max_hp_loss":0,"event_name":"betterThird:BetterGoop","floor":2,"gold_loss":0},{"damage_healed":0,"gold_gain":0,"player_choice":"Relic ","damage_taken":12,"max_hp_gain":0,"max_hp_loss":0,"event_name":"betterThird:BetterScrap","floor":3,"gold_loss":0,"cards_obtained":["Reboot"]},{"cards_removed":["Defend_R"],"damage_healed":0,"gold_gain":0,"player_choice":"Card Removal","damage_taken":7,"max_hp_gain":0,"max_hp_loss":0,"event_name":"Golden Wing","floor":10,"gold_loss":0}],"is_beta":false,"boss_relics":[],"items_purged_floors":[],"is_endless":false,"potions_floor_spawned":[1,8,12,14],"killed_by":"Hexaghost","ascension_level":2}}