{"host":"178rghtqlvp3zue2","time":1613033281,"event":{"mods":["2.2 Compatiblity","AchievementEnabler","BaseMod","DeckTracker","Minty Spire (QoL Compilation)","Quick Restart","SuperFastMode"],"gold_per_floor":[116,116,133,208,63,88,88,88,164,196,210,226,71,71,71,168,168,181,181,181,194,194,194,208,208,208,218,218,218],"floor_reached":28,"language":"KOR","playtime":1115,"items_purged":["Defend_B"],"score":264,"play_id":"4c1e77e3-6e62-4909-8ef5-789aa4375b05","local_time":"20210211174801","is_ascension_mode":true,"campfire_choices":[{"data":"Zap","floor":7,"key":"SMITH"},{"floor":15,"key":"REST"},{"data":"Redo","floor":23,"key":"SMITH"},{"data":"Loop","floor":25,"key":"SMITH"}],"circlet_count":0,"master_deck":["Strike_B","Defend_B","Defend_B","Zap+1","Dualcast","Tempest","Redo+1","Coolheaded","Conserve Battery+1","Creative AI+1","Loop+1","Cold Snap","Amplify+1","Auto Shields+1","Beam Cell+1","Multi-Cast+1","Conserve Battery+1","Fusion+1","Capacitor","Turbo+1"],"relics":["Cracked Core","NeowsBlessing","White Beast Statue","Toxic Egg 2","Singing Bowl","Runic Capacitor","Astrolabe","Gremlin Horn"],"acts_visited":["Exordium","TheCity"],"potions_floor_usage":[10,10,16,18,24,24,27,27,28],"damage_taken":[{"damage":0,"enemies":"2 Louse","floor":1,"turns":1},{"damage":0,"enemies":"Jaw Worm","floor":3,"turns":1},{"damage":0,"enemies":"Lagavulin","floor":6,"turns":1},{"damage":15,"enemies":"3 Sentries","floor":10,"turns":4},{"damage":2,"enemies":"Cultist","floor":11,"turns":4},{"damage":25,"enemies":"Exordium Thugs","floor":12,"turns":4},{"damage":22,"enemies":"Hexaghost","floor":16,"turns":9},{"damage":13,"enemies":"Spheric Guardian","floor":18,"turns":4},{"damage":14,"enemies":"Shell Parasite","floor":21,"turns":8},{"damage":11,"enemies":"Shelled Parasite and Fungi","floor":24,"turns":6},{"damage":12,"enemies":"3 Cultists","floor":27,"turns":5},{"damage":24,"enemies":"Slavers","floor":28,"turns":2}],"seed_played":"-2335723704273348826","potions_obtained":[{"floor":1,"key":"FocusPotion"},{"floor":6,"key":"Explosive Potion"},{"floor":10,"key":"CultistPotion"},{"floor":11,"key":"Swift Potion"},{"floor":12,"key":"Fire Potion"},{"floor":16,"key":"Energy Potion"},{"floor":18,"key":"FocusPotion"},{"floor":24,"key":"Fruit Juice"},{"floor":27,"key":"EssenceOfSteel"}],"is_trial":false,"path_per_floor":["M","?","M","?","$","E","R","?","T","E","M","M","$","?","R","B",null,"M","?","?","M","?","R","M","R","T","M","E"],"character_chosen":"DEFECT","items_purchased":["Coolheaded","Conserve Battery","Runic Capacitor"],"campfire_rested":1,"item_purchase_floors":[5,5,13],"current_hp_per_floor":[75,68,68,57,57,57,57,57,57,42,40,17,17,2,25,3,77,64,50,50,36,36,36,30,30,30,20,0,0],"gold":218,"neow_bonus":"THREE_ENEMY_KILL","is_daily":false,"chose_seed":false,"campfire_upgraded":3,"win_rate":0.0,"timestamp":1613033281,"path_taken":["M","?","M","?","$","E","R","?","T","E","M","?","?","?","R","BOSS","M","?","?","M","?","R","M","R","T","?","E"],"items_purchased_type":["Card","Card","Relic"],"build_version":"2020-12-22","purchased_purges":1,"victory":false,"max_hp_per_floor":[75,75,75,75,75,75,75,75,75,75,75,77,77,77,77,77,77,77,82,82,82,82,82,87,87,87,89,89,89],"card_choices":[{"not_picked":["Hello World","Darkness"],"picked":"Tempest","floor":1},{"not_picked":["Rebound","Streamline"],"picked":"Redo","floor":3},{"not_picked":["Turbo","Lockon"],"picked":"Creative AI","floor":6},{"not_picked":["Tempest+1","Doom and Gloom"],"picked":"Loop","floor":10},{"not_picked":["Barrage","Rebound"],"picked":"Cold Snap","floor":11},{"not_picked":["Steam Power+1","Go for the Eyes","Gash"],"picked":"Singing Bowl","floor":12},{"not_picked":["Fission+1","Rainbow+1"],"picked":"Amplify+1","floor":16},{"not_picked":["Sunder","Ball Lightning"],"picked":"Conserve Battery+1","floor":18},{"not_picked":["Go for the Eyes","Sunder"],"picked":"Fusion+1","floor":21},{"not_picked":["Sweeping Beam+1","Beam Cell"],"picked":"Turbo+1","floor":24},{"not_picked":["Hologram+1","Cold Snap","Tempest+1"],"picked":"Singing Bowl","floor":27}],"player_experience":258050,"relics_obtained":[{"floor":6,"key":"White Beast Statue"},{"floor":9,"key":"Toxic Egg 2"},{"floor":10,"key":"Singing Bowl"},{"floor":26,"key":"Gremlin Horn"}],"event_choices":[{"cards_removed":["Strike_B"],"damage_healed":0,"gold_gain":0,"player_choice":"Card Removal","damage_taken":7,"max_hp_gain":0,"max_hp_loss":0,"event_name":"Golden Wing","floor":2,"gold_loss":0},{"damage_healed":0,"gold_gain":75,"player_choice":"Gather Gold","damage_taken":11,"max_hp_gain":0,"max_hp_loss":0,"event_name":"World of Goop","floor":4,"gold_loss":0},{"damage_healed":0,"gold_gain":0,"player_choice":"0 cards matched","damage_taken":0,"max_hp_gain":0,"max_hp_loss":0,"event_name":"Match and Keep!","floor":8,"gold_loss":0,"cards_obtained":[]},{"damage_healed":0,"gold_gain":0,"player_choice":"Entered Light","damage_taken":15,"max_hp_gain":0,"max_hp_loss":0,"event_name":"Shining Light","floor":14,"gold_loss":0,"cards_upgraded":["Creative AI","Conserve Battery"]},{"damage_healed":0,"gold_gain":0,"player_choice":"Shed Blood","damage_taken":19,"max_hp_gain":5,"max_hp_loss":0,"event_name":"Forgotten Altar","floor":19,"gold_loss":0},{"damage_healed":0,"gold_gain":0,"player_choice":"Ignored","damage_taken":0,"max_hp_gain":0,"max_hp_loss":0,"event_name":"Cursed Tome","floor":20,"gold_loss":0},{"damage_healed":0,"gold_gain":0,"player_choice":"Read","damage_taken":0,"max_hp_gain":0,"max_hp_loss":0,"event_name":"The Library","floor":22,"gold_loss":0,"cards_obtained":["Capacitor"]}],"is_beta":false,"boss_relics":[{"not_picked":["Snecko Eye","Busted Crown"],"picked":"Astrolabe"}],"items_purged_floors":[5],"is_endless":false,"potions_floor_spawned":[1,6,10,11,12,16,18,21,24,27],"killed_by":"Slavers","ascension_level":1}}