{"host":"m9b9nkcj1hzhp9h6","time":1613067031,"event":{"mods":["100% Spire Juice","A Penny For Your Troubles","AchievementEnabler","Act Like it!","AlwaysNeverKeys","Aspiration","BaseMod","Better Altar","Better Match","Better Note","Better Sensory Stone","Better Silent Start","Better Skull","Better Third Choice","Better Vampires","BetterRewards","Booster Modes","Colored Map","Colored Powertips","Colorless Booster Pack","Conspire","Custom Start","Dark Map","Defective Defect","Dio Mod","Displayed Cursed Tome","Dota2Spire","Elementarium","Emptier Cage","Energized Spire","Fox Events","Friendly Minions","Gensokyo","GifTheSpireLib","Halation","HexUI Lib","Hubris","Infinite Spire","Ironclad Rager","Jedi Mod","Mari Mod (Legacy)","Mari\u0027s V1 Patch","Marked Mod","Menagerie","Mimic Mod","Minty Spire (QoL Compilation)","Pale of the Ancients","Permanent Neow","Poor People Problems","RRrroohrrRGHHhhh!!","Random Character Button","Random Character Mod","Relic Sorter","Relic Stats","Reliquary","Remilia??????","Replay The Spire","Reworked Bosses","Robot Space Explorer","RumiaBox-????????","SCP261 Mod","SacredBarkPlus","Small Relic Pack","Smile Girya","Spikes Relics","StS++","StSLib","Stuff the Spire","The Animator","The Blue Laboratory","The IronCluck","The Jungle","Trackpad","Transform Curses","Useless Jewels Mod","Virulent Crown","Waifu the Spire","Wandering Minibosses","Yohane!","Yuri Mod","egg","slay the spire mod where everything is the same but ironclad has a cowboy hat","thorton"],"gold_per_floor":[146,167,172,172,24,50,50,68,95,95,100,100,25,36,36,122,222,229,229,304,319,321,321,321,329,329,324,324],"floor_reached":27,"language":"ENG","playtime":1648,"items_purged":["MariMod:Mari_Strike"],"score":223,"play_id":"164ea2d0-818f-454b-9999-896182ea8754","local_time":"20210211201031","is_ascension_mode":false,"campfire_choices":[{"data":"MariMod:Mari_Withdrawal","floor":10.0,"key":"SMITH"},{"floor":12.0,"key":"REST"},{"data":"MariMod:Mari_Its_Joke","floor":15.0,"key":"SMITH"},{"data":"MariMod:Mari_Limelight","floor":23,"key":"SMITH"}],"circlet_count":0,"master_deck":["MariMod:Mari_Strike","MariMod:Mari_Strike","MariMod:Mari_Strike","MariMod:Mari_Strike","MariMod:Mari_Defend","MariMod:Mari_Defend","MariMod:Mari_Defend","MariMod:Mari_Defend","MariMod:Mari_Defend","MariMod:Mari_Reminisce","MariMod:Mari_Debut","MariMod:Mari_Lock_On","MariMod:Mari_Its_Joke+1","MariMod:Mari_zzz","MariMod:Mari_Lie_In_Wait","MariMod:Mari_Withdrawal+1","MariMod:Mari_Slap","MariMod:Mari_Lie_In_Wait","MariMod:Mari_Reckless_Driving","MariMod:Mari_Choreography","MariMod:Mari_Research","MariMod:Mari_Undying_Spark","MariMod:Mari_zzz","MariMod:Mari_Withdrawal","MariMod:Mari_Excitement","MariMod:Mari_Limelight+1"],"relics":["MariMod:MariTheSpark","Iron Hammer","StSpp:XCola","Potion Belt","Replay:Wanted Poster"],"acts_visited":["Exordium","TheCity"],"potions_floor_usage":[27],"damage_taken":[{"damage":3.0,"enemies":"Jaw Worm","floor":1.0,"turns":4.0},{"damage":2.0,"enemies":"Small Slimes","floor":2.0,"turns":5.0},{"damage":7.0,"enemies":"2 Louse","floor":3.0,"turns":4.0},{"damage":2.0,"enemies":"Replay:BlueRogue","floor":6.0,"turns":7.0},{"damage":13.0,"enemies":"Lagavulin","floor":8.0,"turns":6.0},{"damage":26.0,"enemies":"conspire:2 RoseBushes","floor":11.0,"turns":9.0},{"damage":4.0,"enemies":"Blue Slaver","floor":14.0,"turns":2.0},{"damage":28.0,"enemies":"The Guardian","floor":16.0,"turns":12.0},{"damage":15,"enemies":"conspire:FuzzyDice","floor":18,"turns":4},{"damage":29,"enemies":"Spheric Guardian","floor":21,"turns":6},{"damage":0,"enemies":"Snecko","floor":22,"turns":7},{"damage":21,"enemies":"Snake Plant","floor":25,"turns":6},{"damage":26,"enemies":"Gremlin Leader","floor":27,"turns":4}],"seed_played":"-4306120363532267047","potions_obtained":[{"floor":1.0,"key":"blueLaboratory:HorrorPotion"},{"floor":6.0,"key":"jedi:StrikingPotion"},{"floor":14.0,"key":"blueLaboratory:NullPotion"},{"floor":16.0,"key":"Toxic Potion"},{"floor":25,"key":"Strength Potion"}],"is_trial":false,"path_per_floor":["M","M","M","?","$","E","?","E","T","R","M","R","$","M","R","B",null,"M","?","?","M","M","R","?","M","T","E"],"character_chosen":"MARI","items_purchased":["MariMod:Mari_Withdrawal","MariMod:Mari_Slap","MariMod:Mari_Lie_In_Wait"],"campfire_rested":1,"item_purchase_floors":[5,5,5],"current_hp_per_floor":[69,67,60,60,60,58,58,45,45,45,19,40,40,36,36,8,72,57,72,65,36,36,36,36,15,15,0,0],"gold":324,"neow_bonus":"ONE_RANDOM_RARE_CARD","is_daily":false,"chose_seed":false,"campfire_upgraded":3,"win_rate":0.0,"timestamp":1613067031,"path_taken":["M","M","M","?","$","E","?","E","T","R","M","R","?","M","R","BOSS","M","?","?","M","M","R","?","M","T","E"],"items_purchased_type":["Card","Card","Card"],"build_version":"2020-12-22","purchased_purges":1,"victory":false,"max_hp_per_floor":[72,72,72,72,72,72,72,72,72,72,72,72,72,72,72,72,72,72,72,72,72,72,72,72,72,72,72,72],"relic_stats":{"counters":[13,76],"obtain_stats":[{"MariMod:MariTheSpark":0,"Potion Belt":9,"Replay:Wanted Poster":17,"Iron Hammer":6,"StSpp:XCola":8},{"MariMod:MariTheSpark":0,"Potion Belt":5,"Replay:Wanted Poster":8,"Iron Hammer":4,"StSpp:XCola":5},{"MariMod:MariTheSpark":0,"Potion Belt":26,"Replay:Wanted Poster":49,"Iron Hammer":20,"StSpp:XCola":26}]},"card_choices":[{"not_picked":["MariMod:Mari_Sparkle","MariMod:Mari_Glow"],"picked":"MariMod:Mari_Its_Joke","floor":1.0},{"not_picked":["MariMod:Mari_Hug","MariMod:Mari_Sparkle"],"picked":"MariMod:Mari_zzz","floor":2.0},{"not_picked":["MariMod:Mari_Well_Kept_Secret","MariMod:Mari_Fragile_Hope"],"picked":"MariMod:Mari_Lie_In_Wait","floor":3.0},{"not_picked":["MariMod:Mari_Its_Joke","MariMod:Mari_Tough_Front","MariMod:Mari_Devilish_Assistant"],"picked":"SKIP","floor":6.0},{"not_picked":["MariMod:Mari_The_Light_We_Chase","MariMod:Mari_Its_Joke"],"picked":"MariMod:Mari_Reckless_Driving","floor":8.0},{"not_picked":["MariMod:Mari_Flaunt","MariMod:Mari_The_Light_We_Chase"],"picked":"MariMod:Mari_Choreography","floor":11.0},{"not_picked":["MariMod:Mari_The_GOLDEN_STATUE","MariMod:Mari_Heavy_Metal","MariMod:Mari_Glow"],"picked":"SKIP","floor":11.0},{"not_picked":["MariMod:Mari_The_GOLDEN_STATUE","MariMod:Mari_Glow"],"picked":"MariMod:Mari_Heavy_Metal","floor":11.0},{"not_picked":["MariMod:Mari_Well_Kept_Secret","MariMod:Mari_Lets_Go"],"picked":"MariMod:Mari_Research","floor":14.0},{"not_picked":["MariMod:Mari_Flawless_Form","MariMod:Mari_All_Or_Nothing"],"picked":"MariMod:Mari_Undying_Spark","floor":16.0},{"not_picked":["MariMod:Mari_Fire_Strike","MariMod:Mari_The_Light_We_Chase"],"picked":"MariMod:Mari_zzz","floor":18},{"not_picked":["MariMod:Mari_Shut_Up","MariMod:Mari_Expensive_Tastes"],"picked":"MariMod:Mari_Withdrawal","floor":18},{"not_picked":["MariMod:Mari_Reckless_Driving","MariMod:Mari_Sparkle"],"picked":"MariMod:Mari_Excitement","floor":21},{"not_picked":["MariMod:Mari_Old_Costume+1","MariMod:Mari_Slap"],"picked":"MariMod:Mari_Limelight","floor":22},{"not_picked":["MariMod:Mari_Unveiled_Secret","MariMod:Mari_Pretty_Bomber_Head","MariMod:Mari_No_Problem"],"picked":"SKIP","floor":25},{"not_picked":["MariMod:Mari_Shut_Up","MariMod:Mari_Defiance","MariMod:Mari_Heavy_Price"],"picked":"SKIP","floor":25}],"player_experience":1435547,"relics_obtained":[{"floor":6.0,"key":"Iron Hammer"},{"floor":8.0,"key":"StSpp:XCola"},{"floor":9.0,"key":"Potion Belt"}],"event_choices":[{"damage_healed":0.0,"max_hp_gain":0.0,"max_hp_loss":0.0,"gold_gain":0.0,"event_name":"conspire:LoneGhost","player_choice":"Disagree","floor":7.0,"gold_loss":0.0,"damage_taken":0.0},{"cards_removed":["MariMod:Mari_Heavy_Metal"],"damage_healed":15,"gold_gain":0,"player_choice":"Offered Uncommon","damage_taken":0,"max_hp_gain":0,"max_hp_loss":0,"event_name":"Bonfire Elementals","floor":19,"gold_loss":0},{"damage_healed":0,"gold_gain":75,"player_choice":"Touch","damage_taken":7,"max_hp_gain":0,"max_hp_loss":0,"event_name":"FaceTrader","floor":20,"gold_loss":0},{"damage_healed":0,"gold_gain":0,"player_choice":"Ignored","damage_taken":0,"max_hp_gain":0,"max_hp_loss":0,"event_name":"betterNote:BetterNote","floor":24,"gold_loss":0,"cards_obtained":["Yohane:Hakodate"]}],"is_beta":false,"boss_relics":[{"not_picked":["ChewingGum","StuffTheSpire:RunicHypercube"],"picked":"Replay:Wanted Poster"}],"items_purged_floors":[13],"is_endless":false,"potions_floor_spawned":[1,6,14,16,25],"killed_by":"Gremlin Leader","ascension_level":0}}