{"host":"1vy6j31128f61x2z","time":1613011502,"event":{"mods":["AchievementEnabler","BaseMod","Colored Powertips","Minty Spire (QoL Compilation)","Permanent Neow"],"gold_per_floor":[12,12,32,32,55,55,84,84,84,47,82,82,96,126,126,223,223,239,239,199,219,236,536,565,565,565,441,458,492,80,107,107,205,205,217,233,249,269,219,219,250,250,250,250,300,330,340,2,2,2],"floor_reached":51,"language":"ENG","playtime":2824,"items_purged":["Defend_G","Strike_G","Bouncing Flask+1"],"score":1122,"play_id":"1d08306e-496f-4e70-aedd-6868fc12d02a","local_time":"20210210214502","is_ascension_mode":true,"campfire_choices":[{"data":"Blade Dance","floor":6.0,"key":"SMITH"},{"data":"Neutralize","floor":8.0,"key":"SMITH"},{"data":"Accuracy","floor":12.0,"key":"SMITH"},{"data":"Adrenaline","floor":15.0,"key":"SMITH"},{"floor":23.0,"key":"DIG"},{"floor":25.0,"key":"DIG"},{"data":"Apotheosis","floor":32.0,"key":"SMITH"},{"data":"A Thousand Cuts","floor":40.0,"key":"SMITH"},{"floor":42.0,"key":"DIG"},{"floor":49,"key":"REST"}],"circlet_count":0,"master_deck":["Strike_G","Strike_G+1","Strike_G","Strike_G","Defend_G","Defend_G","Defend_G","Survivor","Neutralize+1","Acrobatics+1","Blade Dance+1","Slice","Dash","Accuracy+1","Prepared","Adrenaline+1","A Thousand Cuts+1","Accuracy","Infinite Blades","Footwork","All Out Attack+1","Noxious Fumes","Apotheosis+1","Dash","After Image","Footwork+1","Flechettes","Deflect+1","Malaise","Flash of Steel","Cloak And Dagger","Deflect+1","Well Laid Plans","Blade Dance"],"relics":["Ring of the Serpent","TungstenRod","Omamori","Nunchaku","Gremlin Horn","Letter Opener","Bottled Flame","Calling Bell","Mercury Hourglass","Shovel","Smiling Mask","Gambling Chip","Old Coin","FossilizedHelix","Kunai","Shuriken","Anchor","Frozen Eye","Ninja Scroll","Girya","Incense Burner","Strawberry","Lizard Tail","Bronze Scales","Vajra","Chemical X"],"acts_visited":["Exordium","TheCity","TheBeyond"],"potions_floor_usage":[45,50,50,50],"damage_taken":[{"damage":1.0,"enemies":"Small Slimes","floor":1.0,"turns":7.0},{"damage":0.0,"enemies":"Cultist","floor":3.0,"turns":4.0},{"damage":21.0,"enemies":"3 Sentries","floor":7.0,"turns":11.0},{"damage":12.0,"enemies":"Gremlin Nob","floor":11.0,"turns":5.0},{"damage":0.0,"enemies":"Jaw Worm","floor":13.0,"turns":2.0},{"damage":0.0,"enemies":"Lagavulin","floor":14.0,"turns":4.0},{"damage":27.0,"enemies":"The Guardian","floor":16.0,"turns":11.0},{"damage":0.0,"enemies":"Chosen","floor":18.0,"turns":3.0},{"damage":1.0,"enemies":"Shell Parasite","floor":21.0,"turns":4.0},{"damage":27.0,"enemies":"Snake Plant","floor":22.0,"turns":4.0},{"damage":2.0,"enemies":"Gremlin Leader","floor":24.0,"turns":4.0},{"damage":0.0,"enemies":"Shelled Parasite and Fungi","floor":28.0,"turns":2.0},{"damage":0.0,"enemies":"Book of Stabbing","floor":29.0,"turns":4.0},{"damage":11.0,"enemies":"Slavers","floor":31.0,"turns":3.0},{"damage":0.0,"enemies":"Champ","floor":33.0,"turns":8.0},{"damage":0.0,"enemies":"3 Shapes","floor":35.0,"turns":2.0},{"damage":0.0,"enemies":"3 Darklings","floor":36.0,"turns":2.0},{"damage":19.0,"enemies":"Transient","floor":37.0,"turns":5.0},{"damage":0.0,"enemies":"4 Shapes","floor":38.0,"turns":3.0},{"damage":0.0,"enemies":"Nemesis","floor":41.0,"turns":5.0},{"damage":9,"enemies":"2 Orb Walkers","floor":45,"turns":4},{"damage":0,"enemies":"Reptomancer","floor":46,"turns":4},{"damage":0,"enemies":"Maw","floor":47,"turns":5},{"damage":0,"enemies":"Awakened One","floor":50,"turns":7}],"seed_played":"2501711519801461672","potions_obtained":[{"floor":1.0,"key":"ColorlessPotion"},{"floor":11.0,"key":"SteroidPotion"},{"floor":14.0,"key":"AttackPotion"},{"floor":21.0,"key":"Dexterity Potion"},{"floor":28.0,"key":"PowerPotion"},{"floor":31.0,"key":"LiquidBronze"},{"floor":33.0,"key":"FearPotion"},{"floor":38.0,"key":"Energy Potion"},{"floor":45,"key":"AttackPotion"}],"is_trial":false,"path_per_floor":["M","?","M","$","T","R","E","R","T","$","E","R","M","E","R","B",null,"M","T","?","M","M","R","E","R","T","$","M","E","$","E","R","B",null,"M","M","M","M","$","R","E","R","T","?","?","E","M","$","R","B",null],"character_chosen":"THE_SILENT","items_purchased":["Dash","Infinite Blades","Noxious Fumes","Apotheosis","Frozen Eye","Blade Dance","Vajra","Chemical X"],"campfire_rested":1,"item_purchase_floors":[10,27,30,30,30,48,48,48],"current_hp_per_floor":[69,69,69,69,69,69,48,48,48,48,36,36,36,36,36,9,70,70,70,70,69,42,42,40,40,40,40,40,40,40,29,29,29,70,70,70,51,51,51,51,51,51,58,58,49,49,49,49,72,72],"gold":2,"neow_bonus":"ONE_RARE_RELIC","is_daily":false,"chose_seed":false,"campfire_upgraded":6,"win_rate":0.0,"timestamp":1613011502,"path_taken":["M","?","M","?","?","R","E","R","T","$","E","R","?","E","R","BOSS","M","?","?","M","M","R","E","R","T","$","?","E","$","E","R","BOSS","M","?","M","M","$","R","E","R","T","?","?","E","M","$","R","BOSS"],"items_purchased_type":["Card","Card","Card","Card","Relic","Card","Relic","Relic"],"build_version":"2020-12-22","purchased_purges":3,"victory":true,"max_hp_per_floor":[70,70,70,70,70,70,70,70,70,70,70,70,70,70,70,70,70,70,70,70,70,70,70,70,70,70,70,70,70,70,70,70,70,70,70,70,70,70,70,70,70,70,77,77,77,77,77,77,77,77],"card_choices":[{"not_picked":["Choke","Dagger Throw"],"picked":"Acrobatics","floor":1.0},{"not_picked":["Prepared","Cloak And Dagger"],"picked":"Blade Dance","floor":3.0},{"not_picked":["Dodge and Roll","Flying Knee"],"picked":"Slice","floor":7.0},{"not_picked":["Expertise","Distraction"],"picked":"Accuracy","floor":11.0},{"not_picked":["Underhanded Strike","Outmaneuver"],"picked":"Prepared","floor":13.0},{"not_picked":["Deadly Poison","Dagger Throw"],"picked":"Adrenaline","floor":14.0},{"not_picked":["Venomology","Phantasmal Killer"],"picked":"A Thousand Cuts","floor":16.0},{"not_picked":["Bane+1","Dash"],"picked":"Bouncing Flask+1","floor":18.0},{"not_picked":["Tactician","Deflect"],"picked":"Accuracy","floor":21.0},{"not_picked":["Acrobatics","Riddle With Holes","Expertise"],"picked":"SKIP","floor":22.0},{"not_picked":["Bullet Time","Masterful Stab","Noxious Fumes+1"],"picked":"SKIP","floor":24.0},{"not_picked":["Flechettes","Endless Agony"],"picked":"Footwork","floor":28.0},{"not_picked":["Underhanded Strike","Slice"],"picked":"All Out Attack+1","floor":29.0},{"not_picked":["Outmaneuver","Caltrops"],"picked":"Dash","floor":31.0},{"not_picked":["Burst","Envenom"],"picked":"After Image","floor":33.0},{"not_picked":["Flying Knee","Deadly Poison+1"],"picked":"Footwork+1","floor":35.0},{"not_picked":["Riddle With Holes+1","Outmaneuver"],"picked":"Flechettes","floor":36.0},{"not_picked":["Quick Slash+1","Cloak And Dagger+1"],"picked":"Deflect+1","floor":37.0},{"not_picked":["Underhanded Strike","Sucker Punch","Endless Agony+1"],"picked":"SKIP","floor":38.0},{"not_picked":["Phantasmal Killer","Acrobatics"],"picked":"Malaise","floor":41.0},{"not_picked":["Mind Blast","Dramatic Entrance"],"picked":"Flash of Steel","floor":44.0},{"not_picked":["Quick Slash","Dagger Spray+1"],"picked":"Cloak And Dagger","floor":45},{"not_picked":["Slice","Bane"],"picked":"Deflect+1","floor":46},{"not_picked":["Bouncing Flask+1","Blur"],"picked":"Well Laid Plans","floor":47}],"player_experience":47753,"relics_obtained":[{"floor":5.0,"key":"Omamori"},{"floor":7.0,"key":"Nunchaku"},{"floor":9.0,"key":"Gremlin Horn"},{"floor":11.0,"key":"Letter Opener"},{"floor":14.0,"key":"Bottled Flame"},{"floor":17.0,"key":"Mercury Hourglass"},{"floor":17.0,"key":"Shovel"},{"floor":17.0,"key":"Smiling Mask"},{"floor":19.0,"key":"Gambling Chip"},{"floor":23.0,"key":"Old Coin"},{"floor":24.0,"key":"FossilizedHelix"},{"floor":25.0,"key":"Kunai"},{"floor":26.0,"key":"Shuriken"},{"floor":29.0,"key":"Anchor"},{"floor":31.0,"key":"Ninja Scroll"},{"floor":41.0,"key":"Girya"},{"floor":42.0,"key":"Incense Burner"},{"floor":43.0,"key":"Strawberry"},{"floor":45,"key":"Lizard Tail"},{"floor":46,"key":"Bronze Scales"}],"event_choices":[{"cards_removed":["Defend_G"],"damage_healed":0.0,"max_hp_gain":0.0,"max_hp_loss":0.0,"gold_gain":0.0,"event_name":"Bonfire Elementals","player_choice":"Offered Basic","floor":2.0,"gold_loss":0.0,"damage_taken":0.0},{"damage_healed":0.0,"max_hp_gain":0.0,"max_hp_loss":0.0,"gold_gain":0.0,"event_name":"Designer","player_choice":"Upgraded Two","floor":20.0,"gold_loss":40.0,"damage_taken":0.0,"cards_upgraded":["Strike_G","Acrobatics"]},{"damage_healed":0.0,"max_hp_gain":0.0,"max_hp_loss":0.0,"gold_gain":0.0,"event_name":"SensoryStone","player_choice":"Memory 1","floor":44.0,"gold_loss":0.0,"damage_taken":0.0},{"damage_healed":0,"gold_gain":0,"player_choice":"Fight","damage_taken":0,"max_hp_gain":0,"max_hp_loss":0,"event_name":"Mysterious Sphere","floor":45,"gold_loss":0}],"is_beta":false,"boss_relics":[{"not_picked":["Empty Cage","Coffee Dripper"],"picked":"Calling Bell"},{"not_picked":["Runic Pyramid","Busted Crown"],"picked":"Ring of the Serpent"}],"items_purged_floors":[27,30,39],"is_endless":false,"potions_floor_spawned":[1,11,14,21,28,31,33,38,45],"ascension_level":2}}