{"host":"dh4nu8nelr2izibb","time":1613019100,"event":{"mods":["BaseMod","Better Skull","Better Third Choice","Card Forge","Curses Come First","Displayed Cursed Tome","HololiveMod","Marisa????????","Minty Spire (QoL Compilation)","Poor People Problems","Quick Restart","Relic Filter","Reliquary","StSLib","WarShipGirlsR/????R mod","Yakumo Yukari mod"],"gold_per_floor":[344,9,9,19,19,19,29,54,81,91,107,123,123,140,140,259,259,279,194,211,222,236,236,266,266,289,35,35,0,11,27,27,27,27],"floor_reached":33,"language":"ENG","playtime":1141,"items_purged":["Hololive_RevenueRecovery","rmod:strick"],"score":536,"play_id":"cb39c3d0-c973-4216-a8ed-5c12c130fd00","local_time":"20210210235140","is_ascension_mode":true,"campfire_choices":[{"data":"rmod:basicallowance","floor":6.0,"key":"SMITH"},{"floor":15.0,"key":"REST"},{"floor":23,"key":"REST"},{"data":"rmod:generalist","floor":28,"key":"SMITH"},{"data":"rmod:openingtorpedo","floor":32,"key":"SMITH"}],"circlet_count":0,"master_deck":["AscendersBane","rmod:strick","rmod:strick","rmod:strick","rmod:defend","rmod:defend","rmod:defend","rmod:defend","rmod:basicallowance+1","rmod:maingunfire+1","rmod:unsinkable","rmod:fletcherpendant","rmod:guardianhero+1","rmod:wasp+1","rmod:punchline+1","rmod:concentratefire+1","rmod:firesupport","rmod:victimresponsibility+1","rmod:tearstotiara+1","rmod:timeschanged+1","rmod:ammunitionsupply+1","rmod:steelsupply+1","rmod:generalist+1","rmod:mineteam+1","rmod:openingtorpedo+1"],"relics":["rmod:firstchargereward","Hammer of Thor","Seething Fire","Anvil of the Gods","Frozen Egg 2","Strawberry","reliquary:SilkGlove","Philosopher\u0027s Stone","The Courier","reliquary:TuningFork","MealTicket","rmod:extraamm"],"acts_visited":["Exordium","TheCity"],"potions_floor_usage":[18,31,33],"damage_taken":[{"damage":0.0,"enemies":"2 Louse","floor":1.0,"turns":3.0},{"damage":0.0,"enemies":"Cultist","floor":4.0,"turns":3.0},{"damage":0.0,"enemies":"Small Slimes","floor":7.0,"turns":3.0},{"damage":42.0,"enemies":"Gremlin Nob","floor":8.0,"turns":6.0},{"damage":2.0,"enemies":"Blue Slaver","floor":10.0,"turns":4.0},{"damage":0.0,"enemies":"Looter","floor":11.0,"turns":3.0},{"damage":0.0,"enemies":"3 Louse","floor":12.0,"turns":2.0},{"damage":12.0,"enemies":"Large Slime","floor":14.0,"turns":6.0},{"damage":3.0,"enemies":"The Guardian","floor":16.0,"turns":7.0},{"damage":28,"enemies":"Chosen","floor":18,"turns":5},{"damage":18,"enemies":"2 Thieves","floor":20,"turns":4},{"damage":15,"enemies":"Centurion and Healer","floor":21,"turns":5},{"damage":0,"enemies":"Snake Plant","floor":22,"turns":1},{"damage":0,"enemies":"Gremlin Leader","floor":24,"turns":1},{"damage":5,"enemies":"Snecko","floor":30,"turns":4},{"damage":2,"enemies":"Chosen and Byrds","floor":31,"turns":4},{"damage":43,"enemies":"Collector","floor":33,"turns":5}],"seed_played":"-271528375996999215","potions_obtained":[{"floor":1.0,"key":"Dexterity Potion"},{"floor":3.0,"key":"Energy Potion"},{"floor":7.0,"key":"EssenceOfSteel"},{"floor":8.0,"key":"Explosive Potion"},{"floor":14.0,"key":"ColorlessPotion"},{"floor":16.0,"key":"PowerPotion"},{"floor":22,"key":"SmokeBomb"},{"floor":30,"key":"Block Potion"}],"is_trial":false,"path_per_floor":["M","$","?","M","$","R","M","E","T","M","M","M","?","M","R","B",null,"M","?","M","M","M","R","E","?","T","$","R","?","M","M","R","B"],"character_chosen":"PRAEFECT","items_purchased":["Frozen Egg 2","rmod:mineteam+1","rmod:extraamm"],"campfire_rested":2,"item_purchase_floors":[2,27,27],"current_hp_per_floor":[68,68,68,68,68,68,68,33,33,31,31,31,31,19,43,40,72,44,44,26,11,11,35,35,35,35,50,50,50,45,43,43,0,0],"gold":27,"neow_bonus":"TWO_FIFTY_GOLD","is_daily":false,"chose_seed":false,"campfire_upgraded":3,"win_rate":0.0,"timestamp":1613019100,"path_taken":["M","$","?","?","?","R","M","E","T","M","M","M","?","M","R","BOSS","M","?","M","M","M","R","E","?","T","$","R","?","?","M","R","BOSS"],"items_purchased_type":["Relic","Card","Relic"],"build_version":"2020-12-22","purchased_purges":2,"victory":false,"max_hp_per_floor":[75,75,75,75,75,75,75,82,82,82,82,82,82,82,82,82,82,82,82,82,82,82,82,82,82,82,82,82,82,82,82,82,82,82],"card_choices":[{"not_picked":["rmod:firesupport","rmod:highspeedshooting"],"picked":"rmod:unsinkable","floor":1.0},{"not_picked":["rmod:chargemoney+1","rmod:slowdown"],"picked":"rmod:fletcherpendant","floor":4.0},{"not_picked":["rmod:smokecover","rmod:highspeedshooting"],"picked":"rmod:guardianhero","floor":7.0},{"not_picked":["rmod:timeschanged","rmod:intelligenceanalysis"],"picked":"rmod:wasp+1","floor":8.0},{"not_picked":["rmod:highspeedshooting","rmod:luckystar"],"picked":"rmod:punchline","floor":10.0},{"not_picked":["rmod:circuitoustactics","rmod:sl"],"picked":"rmod:concentratefire","floor":11.0},{"not_picked":["rmod:timeschanged","rmod:guardianhero"],"picked":"rmod:firesupport","floor":12.0},{"not_picked":["rmod:circuitoustactics","rmod:luckystar"],"picked":"rmod:victimresponsibility","floor":14.0},{"not_picked":["rmod:circuitoustactics","rmod:combined"],"picked":"rmod:tearstotiara+1","floor":18},{"not_picked":["rmod:fletcherpendant","rmod:circuitoustactics+1"],"picked":"rmod:timeschanged","floor":20},{"not_picked":["rmod:punchline+1","rmod:garrisonisland"],"picked":"rmod:ammunitionsupply","floor":21},{"not_picked":["rmod:firesupport","rmod:chargemoney+1"],"picked":"rmod:steelsupply","floor":22},{"not_picked":["rmod:heivgo","rmod:firesupport"],"picked":"rmod:generalist","floor":24},{"not_picked":["rmod:goodsister+1","rmod:fuelsupply"],"picked":"rmod:openingtorpedo","floor":30},{"not_picked":["rmod:circuitoustactics","rmod:fuelsupply+1","rmod:combined"],"picked":"SKIP","floor":31}],"player_experience":1104832,"relics_obtained":[{"floor":8.0,"key":"Strawberry"},{"floor":9.0,"key":"reliquary:SilkGlove"},{"floor":24,"key":"reliquary:TuningFork"},{"floor":26,"key":"MealTicket"}],"event_choices":[{"damage_healed":0.0,"max_hp_gain":0.0,"max_hp_loss":0.0,"gold_gain":0.0,"event_name":"Lab","player_choice":"Got Potions","floor":3.0,"gold_loss":0.0,"damage_taken":0.0},{"damage_healed":0.0,"max_hp_gain":0.0,"max_hp_loss":0.0,"gold_gain":0.0,"event_name":"Living Wall","player_choice":"Grow","floor":13.0,"gold_loss":0.0,"damage_taken":0.0,"cards_upgraded":["rmod:punchline"]},{"damage_healed":0,"gold_gain":0,"player_choice":"Obtained Relic","damage_taken":0,"relics_obtained":["The Courier"],"max_hp_gain":0,"max_hp_loss":0,"event_name":"Addict","floor":19,"gold_loss":85},{"damage_healed":0,"gold_gain":0,"player_choice":"Paid Fearfully","damage_taken":0,"max_hp_gain":0,"max_hp_loss":0,"event_name":"Masked Bandits","floor":29,"gold_loss":35}],"is_beta":false,"boss_relics":[{"not_picked":["reliquary:RedCape","Pandora\u0027s Box"],"picked":"Philosopher\u0027s Stone"}],"items_purged_floors":[2,27],"is_endless":false,"potions_floor_spawned":[1,4,7,8,14,16,22,30],"killed_by":"Collector","ascension_level":11}}