{"host":"k7udt7atmcuzf6l0","time":1613045158,"event":{"mods":["AchievementEnabler","BaseMod","BetterRewards","Colored Map","Colored Powertips","Highlight Path","Minty Spire (QoL Compilation)","Quick Restart","Rare Cards Sparkle","Relic Stats","StSLib","UnlockEverythingMod"],"gold_per_floor":[116,134,37,50,50,50,50,50,123,158,158,333,20,40,40,40,40],"floor_reached":16,"language":"ZHS","playtime":296,"items_purged":["Doubt"],"score":98,"play_id":"594d70f4-67b8-459a-bbf6-785bf3a307a7","local_time":"20210211200558","is_ascension_mode":false,"campfire_choices":[{"data":"Flex","floor":6.0,"key":"SMITH"},{"data":"Flex","floor":8.0,"key":"SMITH"},{"data":"Shockwave","floor":11.0,"key":"SMITH"},{"data":"Offering","floor":15,"key":"SMITH"}],"circlet_count":0,"master_deck":["Strike_R","Strike_R","Strike_R","Strike_R","Strike_R","Defend_R","Defend_R","Defend_R","Defend_R","Bash","Offering+1","Shockwave+1","Dual Wield","Flex+1","Sword Boomerang","Flex+1","Armaments+1","Warcry+1","Shrug It Off+1"],"relics":["Burning Blood","Smiling Mask","Toxic Egg 2","Thread and Needle","Bottled Lightning"],"acts_visited":["Exordium"],"potions_floor_usage":[],"damage_taken":[{"damage":7.0,"enemies":"Jaw Worm","floor":1.0,"turns":2.0},{"damage":16.0,"enemies":"Cultist","floor":2.0,"turns":4.0},{"damage":0.0,"enemies":"Small Slimes","floor":4.0,"turns":3.0},{"damage":26.0,"enemies":"3 Sentries","floor":10.0,"turns":5.0},{"damage":18,"enemies":"Gremlin Gang","floor":14,"turns":7}],"seed_played":"3354888742004485665","potions_obtained":[{"floor":1.0,"key":"LiquidMemories"},{"floor":2.0,"key":"LiquidBronze"}],"is_trial":false,"path_per_floor":["M","M","$","M","?","R","?","R","T","E","R","?","$","M","R","B"],"character_chosen":"IRONCLAD","items_purchased":["Flex","Sword Boomerang","Bottled Lightning","Warcry+1"],"campfire_rested":0,"item_purchase_floors":[3,3,13,13],"current_hp_per_floor":[79,69,69,75,80,80,77,77,77,57,57,57,57,45,45,39,39],"gold":40,"neow_bonus":"ONE_RANDOM_RARE_CARD","is_daily":false,"chose_seed":false,"campfire_upgraded":4,"win_rate":0.0,"timestamp":1613045158,"path_taken":["M","M","$","M","?","R","?","R","T","E","R","?","?","M","R","BOSS"],"items_purchased_type":["Card","Card","Relic","Card"],"build_version":"2020-12-22","purchased_purges":1,"victory":false,"max_hp_per_floor":[80,80,80,80,85,85,85,85,85,85,85,85,85,85,85,85,85],"relic_stats":{"counters":[6,24],"Smiling Mask":25,"obtain_stats":[{"Thread and Needle":10,"Bottled Lightning":13,"Toxic Egg 2":9,"Smiling Mask":7,"Burning Blood":0},{"Thread and Needle":4,"Bottled Lightning":4,"Toxic Egg 2":3,"Smiling Mask":3,"Burning Blood":0},{"Thread and Needle":14,"Bottled Lightning":14,"Toxic Egg 2":9,"Smiling Mask":9,"Burning Blood":0}],"Burning Blood":30},"card_choices":[{"not_picked":["Rage","Perfected Strike"],"picked":"Shockwave","floor":1.0},{"not_picked":["Pommel Strike","Thunderclap"],"picked":"Dual Wield","floor":2.0},{"not_picked":["Perfected Strike","Headbutt"],"picked":"Flex","floor":4.0},{"not_picked":["Fiend Fire","Havoc+1"],"picked":"Armaments+1","floor":10.0},{"not_picked":["Body Slam","Sword Boomerang"],"picked":"Shrug It Off+1","floor":14}],"player_experience":98238,"relics_obtained":[{"floor":9.0,"key":"Toxic Egg 2"},{"floor":10.0,"key":"Thread and Needle"}],"event_choices":[{"damage_healed":0.0,"max_hp_gain":5.0,"max_hp_loss":0.0,"gold_gain":0.0,"event_name":"Big Fish","player_choice":"Donut","floor":5.0,"gold_loss":0.0,"damage_taken":0.0},{"damage_healed":0.0,"max_hp_gain":0.0,"max_hp_loss":0.0,"gold_gain":0.0,"event_name":"Scrap Ooze","player_choice":"Success","floor":7.0,"gold_loss":0.0,"damage_taken":3.0,"relics_obtained":["Smiling Mask"]},{"damage_healed":0.0,"max_hp_gain":0.0,"max_hp_loss":0.0,"gold_gain":175.0,"event_name":"Liars Game","player_choice":"AGREE","floor":12.0,"gold_loss":0.0,"damage_taken":0.0,"cards_obtained":["Doubt"]}],"is_beta":false,"boss_relics":[],"items_purged_floors":[13],"is_endless":false,"potions_floor_spawned":[1,2],"killed_by":"Slime Boss","ascension_level":0}}