{"host":"cykg0g4pphyxjwkn","time":1613085295,"event":{"mods":["AchievementEnabler","BaseMod","Bestiary","Colored Map","Colored Powertips","Highlight Path","Minty Spire (QoL Compilation)","Relic Stats","SuperFastMode"],"gold_per_floor":[14,14,28,43,43,43,62,93,145,169,207,228,228,244,244,244,244],"floor_reached":16,"language":"ENG","playtime":740,"items_purged":[],"score":164,"play_id":"d2f3a6b5-04bc-4cd7-8f43-e81ae8a8f830","local_time":"20210211181455","is_ascension_mode":false,"campfire_choices":[{"data":"Sword Boomerang","floor":6,"key":"SMITH"},{"data":"Feel No Pain","floor":13,"key":"SMITH"},{"data":"Corruption","floor":15,"key":"SMITH"}],"circlet_count":0,"master_deck":["Strike_R","Strike_R","Strike_R","Strike_R","Strike_R","Defend_R","Defend_R","Defend_R","Defend_R","Bash","Shockwave","Infernal Blade","Sword Boomerang+1","Anger","Corruption+1","Armaments","Twin Strike","Feel No Pain+1","Dual Wield"],"relics":["Burning Blood","Torii","Golden Idol","Paper Frog","PreservedInsect","Boot"],"acts_visited":["Exordium"],"potions_floor_usage":[],"damage_taken":[{"damage":2,"enemies":"Cultist","floor":1,"turns":4},{"damage":2,"enemies":"Small Slimes","floor":3,"turns":4},{"damage":1,"enemies":"2 Louse","floor":4,"turns":2},{"damage":9,"enemies":"2 Fungi Beasts","floor":7,"turns":5},{"damage":27,"enemies":"Lagavulin","floor":8,"turns":7},{"damage":2,"enemies":"3 Louse","floor":10,"turns":3},{"damage":14,"enemies":"Gremlin Nob","floor":11,"turns":3},{"damage":0,"enemies":"Large Slime","floor":12,"turns":4},{"damage":17,"enemies":"Exordium Thugs","floor":14,"turns":4}],"seed_played":"-624401135742994699","potions_obtained":[{"floor":1,"key":"GamblersBrew"},{"floor":8,"key":"BlessingOfTheForge"},{"floor":10,"key":"Energy Potion"},{"floor":11,"key":"DistilledChaos"},{"floor":14,"key":"SkillPotion"}],"is_trial":false,"path_per_floor":["M","$","M","M","?","R","M","E","T","M","E","M","R","M","R","B"],"character_chosen":"IRONCLAD","items_purchased":[],"campfire_rested":0,"item_purchase_floors":[],"current_hp_per_floor":[80,80,80,80,60,60,57,36,36,40,32,38,38,27,27,0,0],"gold":244,"neow_bonus":"ONE_RARE_RELIC","is_daily":false,"chose_seed":false,"campfire_upgraded":3,"win_rate":0.0,"timestamp":1613085295,"path_taken":["M","?","M","M","?","R","M","E","T","M","E","M","R","M","R","BOSS"],"items_purchased_type":[],"build_version":"2020-12-22","purchased_purges":0,"victory":false,"max_hp_per_floor":[80,80,80,80,80,80,80,80,80,80,80,80,80,80,80,80,80],"relic_stats":{"Torii":29,"counters":[10,44],"Golden Idol":30,"PreservedInsect":22,"Boot":[16],"obtain_stats":[{"Torii":0,"Golden Idol":5,"PreservedInsect":9,"Boot":11,"Burning Blood":0,"Paper Frog":8},{"Torii":0,"Golden Idol":3,"PreservedInsect":5,"Boot":7,"Burning Blood":0,"Paper Frog":5},{"Torii":0,"Golden Idol":10,"PreservedInsect":22,"Boot":28,"Burning Blood":0,"Paper Frog":22}],"Burning Blood":41},"card_choices":[{"not_picked":["Second Wind","Blood for Blood"],"picked":"Shockwave","floor":1},{"not_picked":["Seeing Red","Thunderclap"],"picked":"Infernal Blade","floor":3},{"not_picked":["Thunderclap","Searing Blow"],"picked":"Sword Boomerang","floor":4},{"not_picked":["Warcry","Sever Soul"],"picked":"Anger","floor":7},{"not_picked":["Clothesline","Blood for Blood"],"picked":"Corruption","floor":8},{"not_picked":["Twin Strike","Heavy Blade"],"picked":"Armaments","floor":10},{"not_picked":["Iron Wave","Second Wind"],"picked":"Twin Strike","floor":11},{"not_picked":["Iron Wave","Thunderclap"],"picked":"Feel No Pain","floor":12},{"not_picked":["True Grit","Anger"],"picked":"Dual Wield","floor":14}],"player_experience":36835,"relics_obtained":[{"floor":8,"key":"Paper Frog"},{"floor":9,"key":"PreservedInsect"},{"floor":11,"key":"Boot"}],"event_choices":[{"damage_healed":0,"gold_gain":0,"player_choice":"Take Damage","damage_taken":20,"relics_obtained":["Golden Idol"],"max_hp_gain":0,"max_hp_loss":0,"event_name":"Golden Idol","floor":5,"gold_loss":0}],"is_beta":false,"boss_relics":[],"items_purged_floors":[],"is_endless":false,"potions_floor_spawned":[1,8,10,11,12,14],"killed_by":"The Guardian","ascension_level":0}}