{"host":"cijem1szy7pmmjx6","time":1613023715,"event":{"mods":["Act Like it!","Arknights","BaseMod","BetterRewards","Downfall","Marisa????????","Minty Spire (QoL Compilation)","Reimu??????","StSLib","The Bug Knight","The Senshi","The Servant 0.9.4"],"gold_per_floor":[112,287,287,300,30,30,65,65,65,82,94,113,113,78,78,182,182,195,214,174,185,185,185,210,210,210,10,10,43,43,60,60,156,156,172,188,206,206,206,206,221,241,241,241,16,16,32,32,32,32],"floor_reached":51,"language":"ZHS","playtime":4686,"items_purged":["Regret"],"score":710,"play_id":"b6e17ff2-9dbf-4326-b473-aa618e3952a7","local_time":"20210211010835","is_ascension_mode":false,"campfire_choices":[{"data":"theSenshi:SailorMarsAssists","floor":6,"key":"SMITH"},{"data":"theSenshi:MoonPrismPowerMakeUp","floor":8,"key":"SMITH"},{"data":"theSenshi:MoonPrincessHalation","floor":13,"key":"SMITH"},{"data":"theSenshi:MoonCrisisMakeUp","floor":15,"key":"SMITH"},{"floor":23,"key":"REST"},{"floor":25,"key":"REST"},{"data":"theSenshi:InTheNameOfTheMoon","floor":28,"key":"SMITH"},{"data":"theSenshi:SailorMercuryAssists","floor":30,"key":"SMITH"},{"data":"theSenshi:InTheNickOfTime","floor":32,"key":"SMITH"},{"floor":40,"key":"REST"},{"data":"theSenshi:SailorPlanetPower","floor":44,"key":"SMITH"},{"data":"theSenshi:MoonPunch","floor":49,"key":"SMITH"}],"circlet_count":0,"master_deck":["theSenshi:SailorKick","theSenshi:SailorKick","theSenshi:SailorKick","theSenshi:SailorKick","theSenshi:SailorBlock","theSenshi:SailorBlock","theSenshi:SailorBlock","theSenshi:RoseThrow","theSenshi:MoonPrismPowerMakeUp+1","theSenshi:SailorMarsAssists+1","theSenshi:MoonPunch+1","theSenshi:TuxedoSmokingBomber","theSenshi:MoonCrisisMakeUp+1","theSenshi:MoonPrincessHalation+1","theSenshi:SailorCosmosAssists","theSenshi:SilverMoonCrystalPowerKiss+1","theSenshi:VenusGlamour+1","theSenshi:MoonsReflection+1","theSenshi:TuxedoMaskAssists+1","theSenshi:SupersonicWaves","ZunPunch:ReiMu","theSenshi:InTheNameOfTheMoon+1","theSenshi:SailorPlanetPower+1","theSenshi:SailorMercuryAssists+1","theSenshi:TallSilhouette+1","theSenshi:InTheNickOfTime+1","theSenshi:WarriorOfTheMoon","theSenshi:SailorMercuryAssists+1","theSenshi:SaturnsMystery+1","theSenshi:TuxedoSmokingBomber","downfall:Haunted","downfall:Haunted","theSenshi:SailorVenusAssists+1","theSenshi:SailorVenusAssists+1","theSenshi:MoonsReflection","Doubt"],"relics":["theSenshi:TransformationBroochRelic","theSenshi:FeatherClipsRelic","Kunai","Bottled Flame","Astrolabe","Regal Pillow","Mummified Hand","HandDrill","Tea:ReiMu","Runic Pyramid","Du-Vu Doll","Strawberry","TentaclePot:ReiMu"],"acts_visited":["Exordium","TheCity","TheBeyond"],"potions_floor_usage":[7,16,24,29,50],"damage_taken":[{"damage":1,"enemies":"Jaw Worm","floor":1,"turns":5},{"damage":7,"enemies":"ats:Genji","floor":4,"turns":4},{"damage":22,"enemies":"HollowMod:MossKnight","floor":7,"turns":11},{"damage":0,"enemies":"Small Slimes","floor":10,"turns":2},{"damage":5,"enemies":"Exordium Wildlife","floor":11,"turns":4},{"damage":16,"enemies":"Large Slime","floor":12,"turns":6},{"damage":28,"enemies":"The Guardian","floor":16,"turns":8},{"damage":30,"enemies":"3 Byrds","floor":18,"turns":4},{"damage":22,"enemies":"2 Thieves","floor":19,"turns":3},{"damage":3,"enemies":"Sentry and Sphere","floor":21,"turns":4},{"damage":18,"enemies":"Gremlin Leader","floor":24,"turns":4},{"damage":27,"enemies":"Book of Stabbing","floor":29,"turns":4},{"damage":23,"enemies":"Centurion and Healer","floor":31,"turns":6},{"damage":49,"enemies":"Champ","floor":33,"turns":11},{"damage":6,"enemies":"Orb Walker","floor":35,"turns":2},{"damage":10,"enemies":"3 Darklings","floor":36,"turns":5},{"damage":52,"enemies":"Writhing Mass","floor":37,"turns":5},{"damage":14,"enemies":"Maw","floor":41,"turns":7},{"damage":4,"enemies":"Jaw Worm Horde","floor":42,"turns":4},{"damage":75,"enemies":"HollowMod:SlobberingHusk","floor":47,"turns":11},{"damage":72,"enemies":"Time Eater","floor":50,"turns":14}],"seed_played":"8263871366057614101","potions_obtained":[{"floor":1,"key":"Fire Potion"},{"floor":12,"key":"AttackPotion"},{"floor":16,"key":"Dexterity Potion"},{"floor":18,"key":"FairyPotion"},{"floor":21,"key":"DistilledChaos"},{"floor":22,"key":"FairyPotion"},{"floor":24,"key":"Regen Potion"},{"floor":33,"key":"Explosive Potion"}],"is_trial":false,"path_per_floor":["M","?","?","M","$","R","E","R","T","M","M","M","R","?","R","B",null,"M","M","?","M","?","R","E","R","T","$","R","E","R","M","R","B",null,"M","M","M","?","?","R","M","M","T","R","$","?","M","?","R","B",null],"character_chosen":"THE_SENSHI","items_purchased":["theSenshi:LunasBite","theSenshi:FeatherClipsRelic","HandDrill","theSenshi:SailorMercuryAssists","TentaclePot:ReiMu"],"campfire_rested":3,"item_purchase_floors":[5,5,27,27,45],"current_hp_per_floor":[81,81,74,67,67,67,51,51,51,57,58,48,48,68,68,46,82,58,42,42,45,45,69,57,82,82,82,82,70,82,65,65,22,82,82,78,32,37,37,78,70,72,79,79,79,84,25,94,94,43],"gold":32,"neow_bonus":"TEN_PERCENT_HP_BONUS","is_daily":false,"chose_seed":false,"campfire_upgraded":9,"win_rate":0.0,"timestamp":1613023715,"path_taken":["M","?","?","M","$","R","E","R","T","M","?","M","R","?","R","BOSS","M","M","?","M","?","R","E","R","T","$","R","E","R","M","R","BOSS","M","?","M","?","?","R","M","M","T","R","?","?","?","?","R","BOSS"],"items_purchased_type":["Card","Relic","Relic","Card","Relic"],"build_version":"2020-12-22","purchased_purges":1,"victory":true,"max_hp_per_floor":[82,82,82,82,82,82,82,82,82,82,82,82,82,82,82,82,82,82,82,82,82,82,82,82,82,82,82,82,82,82,82,82,82,82,82,82,82,87,87,87,87,87,94,94,94,94,94,94,94,94],"card_choices":[{"not_picked":["theSenshi:UranusStrength","theSenshi:LateForSchool"],"picked":"theSenshi:SchoolBag","floor":1},{"not_picked":["theSenshi:SailorNeptuneAssists","theSenshi:LunaWiseMentor"],"picked":"theSenshi:SailorMarsAssists","floor":4},{"not_picked":["theSenshi:MoonCrisisMakeUp","theSenshi:DramaticEntrance"],"picked":"theSenshi:MoonPunch","floor":7},{"not_picked":["theSenshi:GatheringStrength","theSenshi:SailorMercuryAssists"],"picked":"theSenshi:TuxedoSmokingBomber","floor":10},{"not_picked":["theSenshi:StudyParty","theSenshi:YouCanTalk"],"picked":"theSenshi:MoonCrisisMakeUp","floor":11},{"not_picked":["theSenshi:SailorMercuryAssists","theSenshi:RainbowMoonHeartAche"],"picked":"theSenshi:MoonPrincessHalation","floor":12},{"not_picked":["theSenshi:JupitersPower","theSenshi:SailorPlutoAssists"],"picked":"theSenshi:SailorCosmosAssists","floor":16},{"not_picked":["theSenshi:LateForSchool","theSenshi:MoonPunch"],"picked":"theSenshi:TuxedoMaskAssists+1","floor":18},{"not_picked":["theSenshi:LunasBite","theSenshi:SailorV"],"picked":"theSenshi:SupersonicWaves","floor":19},{"not_picked":["theSenshi:LateForSchool","theSenshi:RainbowMoonHeartAche"],"picked":"theSenshi:InTheNameOfTheMoon","floor":21},{"not_picked":["theSenshi:SupersonicWaves","theSenshi:FatedKiss"],"picked":"theSenshi:SailorPlanetPower","floor":24},{"not_picked":["theSenshi:SailorVenusAssists","theSenshi:MoonPunch"],"picked":"theSenshi:TallSilhouette+1","floor":29},{"not_picked":["theSenshi:Sidestep","theSenshi:SupersonicWaves+1"],"picked":"theSenshi:InTheNickOfTime","floor":31},{"not_picked":["theSenshi:InTheNameOfTheMoon","theSenshi:SailorPlutoAssists"],"picked":"theSenshi:WarriorOfTheMoon","floor":33},{"not_picked":["theSenshi:Sidestep","theSenshi:MoonKick"],"picked":"theSenshi:SailorMercuryAssists+1","floor":35},{"not_picked":["theSenshi:MoonCrisisMakeUp","theSenshi:SailorPlanetPower+1"],"picked":"theSenshi:SaturnsMystery+1","floor":36},{"not_picked":["theSenshi:EncouragingSpeech","theSenshi:TallSilhouette"],"picked":"theSenshi:TuxedoSmokingBomber","floor":37},{"not_picked":["theSenshi:CrisisMakeUp","theSenshi:SchoolBag+1"],"picked":"theSenshi:SailorVenusAssists+1","floor":41},{"not_picked":["theSenshi:SailorStarFighterAssists","theSenshi:SailorMercuryAssists"],"picked":"theSenshi:SailorVenusAssists+1","floor":42},{"not_picked":["theSenshi:SailorMarsAssists","theSenshi:MoonPower"],"picked":"theSenshi:MoonsReflection","floor":47}],"player_experience":73308,"relics_obtained":[{"floor":7,"key":"Kunai"},{"floor":9,"key":"Bottled Flame"},{"floor":24,"key":"Regal Pillow"},{"floor":26,"key":"Mummified Hand"},{"floor":29,"key":"Tea:ReiMu"},{"floor":43,"key":"Strawberry"}],"event_choices":[{"damage_healed":0,"gold_gain":175,"player_choice":"AGREE","damage_taken":0,"max_hp_gain":0,"max_hp_loss":0,"event_name":"Liars Game","floor":2,"gold_loss":0,"cards_obtained":["Doubt"]},{"cards_removed":["Doubt"],"damage_healed":0,"gold_gain":0,"player_choice":"Card Removal","damage_taken":7,"max_hp_gain":0,"max_hp_loss":0,"event_name":"Golden Wing","floor":3,"gold_loss":0},{"damage_healed":20,"gold_gain":0,"player_choice":"Healed","damage_taken":0,"max_hp_gain":0,"max_hp_loss":0,"event_name":"The Cleric","floor":14,"gold_loss":35},{"damage_healed":0,"gold_gain":0,"player_choice":"????","damage_taken":0,"max_hp_gain":0,"max_hp_loss":0,"event_name":"ZunEvent","floor":20,"relics_lost":["ZunR:ReiMu"],"gold_loss":0,"cards_obtained":["ZunPunch:ReiMu"]},{"damage_healed":0,"gold_gain":0,"player_choice":"Got Potions","damage_taken":0,"max_hp_gain":0,"max_hp_loss":0,"event_name":"Lab","floor":22,"gold_loss":0},{"damage_healed":0,"gold_gain":0,"player_choice":"Ignored","damage_taken":0,"max_hp_gain":0,"max_hp_loss":0,"event_name":"OrinTheCat","floor":39,"gold_loss":0},{"cards_removed":["Wraith"],"damage_healed":5,"gold_gain":0,"player_choice":"Offered Special","damage_taken":0,"max_hp_gain":0,"max_hp_loss":0,"event_name":"Bonfire Elementals","floor":46,"gold_loss":0},{"damage_healed":69,"gold_gain":0,"player_choice":"Heal","damage_taken":0,"max_hp_gain":0,"max_hp_loss":0,"event_name":"MindBloom","floor":48,"gold_loss":0,"cards_obtained":["Doubt"]}],"is_beta":false,"boss_relics":[{"not_picked":["Cursed Key","Ectoplasm"],"picked":"Astrolabe"},{"not_picked":["Coffee Dripper","RedLine:ReiMu"],"picked":"Runic Pyramid"}],"items_purged_floors":[45],"is_endless":false,"potions_floor_spawned":[1,12,16,18,21,24,33,42],"ascension_level":0}}