{"host":"qj2ynjh122p6ybyd","time":1613042822,"event":{"mods":["AchievementEnabler","Aspiration","BaseMod","Better Match","Better Note","Highlight Path","Infinite Spire","Minty Spire (QoL Compilation)","Quick Restart","Relic Stats","Reliquary","Replay The Spire","StSLib","SuperFastMode","The Blackbeard","The Gatherer"],"gold_per_floor":[117,136,150,225,249,249,280,292,327,196,223,223,239,251,251,251,251],"floor_reached":16,"language":"RUS","playtime":465,"items_purged":["Spreading Infection"],"score":176,"play_id":"507f529a-7688-40db-ae12-2fa104ac6fc1","local_time":"20210211132702","is_ascension_mode":true,"campfire_choices":[{"floor":6,"key":"REST"},{"floor":12,"key":"REST"},{"floor":15,"key":"DIG"}],"circlet_count":0,"master_deck":["AscendersBane","Strike_B","Strike_B","Strike_B","Strike_B","Defend_B","Defend_B","Defend_B","Defend_B","Zap","Dualcast","Sweeping Beam","Leap","Rainbow","Hallucinations","infinitespire:SevenWalls","Self Repair","Biased Cognition","Ball Lightning"],"relics":["Cracked Core","aspiration:Nostalgia","Ring of the Snake","Ice Cream","MawBank","Regal Pillow","reliquary:TuningFork","Shuriken"],"acts_visited":["Exordium"],"potions_floor_usage":[11,14,16],"damage_taken":[{"damage":1,"enemies":"Cultist","floor":1,"turns":3},{"damage":8,"enemies":"Small Slimes","floor":2,"turns":3},{"damage":0,"enemies":"2 Louse","floor":3,"turns":2},{"damage":15,"enemies":"Lagavulin","floor":7,"turns":6},{"damage":22,"enemies":"Replay:BlueRogue","floor":11,"turns":8},{"damage":13,"enemies":"Blue Slaver","floor":13,"turns":3},{"damage":14,"enemies":"Gremlin Gang","floor":14,"turns":4},{"damage":61,"enemies":"Slime Boss","floor":16,"turns":8}],"seed_played":"5594465674072589874","potions_obtained":[{"floor":1,"key":"Regen Potion"},{"floor":2,"key":"BlessingOfTheForge"},{"floor":11,"key":"Energy Potion"}],"is_trial":false,"path_per_floor":["M","M","M","?","?","R","E","?","T","$","E","R","M","M","R","B"],"character_chosen":"DEFECT","items_purchased":["Self Repair"],"campfire_rested":2,"item_purchase_floors":[10],"current_hp_per_floor":[67,59,59,48,30,52,37,37,37,37,37,74,68,61,61,0,0],"gold":251,"neow_bonus":"NOSTALGIA","is_daily":false,"chose_seed":false,"campfire_upgraded":0,"win_rate":0.0,"timestamp":1613042822,"path_taken":["M","M","M","?","?","R","E","?","T","?","E","R","?","?","R","BOSS"],"items_purchased_type":["Card"],"build_version":"2020-12-22","purchased_purges":1,"victory":false,"max_hp_per_floor":[75,75,75,75,75,75,75,75,75,75,75,75,75,75,75,75,75],"relic_stats":{"Regal Pillow":15,"counters":[8,37],"Shuriken":[0],"MawBank":36,"obtain_stats":[{"Ice Cream":5,"Regal Pillow":9,"aspiration:Nostalgia":0,"Shuriken":15,"reliquary:TuningFork":11,"Cracked Core":0,"MawBank":7,"Ring of the Snake":0},{"Ice Cream":3,"Regal Pillow":4,"aspiration:Nostalgia":0,"Shuriken":7,"reliquary:TuningFork":5,"Cracked Core":0,"MawBank":4,"Ring of the Snake":0},{"Ice Cream":8,"Regal Pillow":14,"aspiration:Nostalgia":0,"Shuriken":29,"reliquary:TuningFork":22,"Cracked Core":0,"MawBank":14,"Ring of the Snake":0}],"Ring of the Snake":[16]},"card_choices":[{"not_picked":["Panic Button","Turbo"],"picked":"Sweeping Beam","floor":1},{"not_picked":["Stack","Steam Power"],"picked":"Leap","floor":2},{"not_picked":["Leap","ReplaySort","Barrage"],"picked":"SKIP","floor":3},{"not_picked":["Ball Lightning","Redo"],"picked":"Rainbow","floor":5},{"not_picked":["Rebound","Reinforced Body","Hologram"],"picked":"SKIP","floor":7},{"not_picked":["infinitespire:Gouge","ReplayTheSpireMod:Echoes of Time"],"picked":"infinitespire:SevenWalls","floor":8},{"not_picked":["Auto Shields","Heatsinks"],"picked":"Biased Cognition","floor":11},{"not_picked":["Coolheaded","Gash"],"picked":"Ball Lightning","floor":13},{"not_picked":["Hologram","BasicCrystalCard","Leap"],"picked":"SKIP","floor":14}],"player_experience":369347,"relics_obtained":[{"floor":5,"key":"Ice Cream"},{"floor":7,"key":"MawBank"},{"floor":9,"key":"Regal Pillow"},{"floor":11,"key":"reliquary:TuningFork"},{"floor":15,"key":"Shuriken"}],"event_choices":[{"damage_healed":0,"gold_gain":75,"player_choice":"Gather Gold","damage_taken":11,"max_hp_gain":0,"max_hp_loss":0,"event_name":"World of Goop","floor":4,"gold_loss":0}],"is_beta":false,"boss_relics":[],"items_purged_floors":[10],"is_endless":false,"potions_floor_spawned":[1,2,11],"killed_by":"Slime Boss","ascension_level":12}}