{"host":"dcj2yvrgcvh5dl2s","time":1613006979,"event":{"mods":["BaseMod","Bestiary","Better Note","Block Reminder","Colored Powertips","Curses Come First","DeckTracker","Minty Spire (QoL Compilation)","Quick Restart","Rare Cards Sparkle","Relic Stats","StSLib"],"gold_per_floor":[119,133,4,4,14,41,41,41,41,83,95,122,148,179,191,203,203],"floor_reached":16,"language":"ENG","playtime":1097,"items_purged":["Strike_R"],"score":224,"play_id":"565c3154-c898-43ea-afc7-64e97f755e09","local_time":"20210211112939","is_ascension_mode":true,"campfire_choices":[{"data":"Flex","floor":8,"key":"SMITH"},{"floor":11,"key":"REST"},{"floor":15,"key":"REST"}],"circlet_count":0,"master_deck":["AscendersBane","Strike_R","Strike_R","Strike_R","Strike_R","Defend_R","Defend_R","Defend_R","Defend_R","Bash","Mayhem","Feel No Pain","Flex+1","Heavy Blade","Regret","Flex+1","Metallicize","Pummel","Cleave","Heavy Blade"],"relics":["Burning Blood","StrikeDummy","Orichalcum","MawBank","Juzu Bracelet"],"acts_visited":["Exordium"],"potions_floor_usage":[6,12,13],"damage_taken":[{"damage":0,"enemies":"2 Louse","floor":1,"turns":3},{"damage":19,"enemies":"Jaw Worm","floor":2,"turns":4},{"damage":8,"enemies":"Cultist","floor":5,"turns":3},{"damage":13,"enemies":"Gremlin Nob","floor":6,"turns":3},{"damage":30,"enemies":"Lagavulin","floor":10,"turns":5},{"damage":17,"enemies":"Exordium Thugs","floor":12,"turns":4},{"damage":0,"enemies":"Blue Slaver","floor":13,"turns":1},{"damage":20,"enemies":"Gremlin Gang","floor":14,"turns":4},{"damage":56,"enemies":"The Guardian","floor":16,"turns":9}],"seed_played":"4237613421376486061","potions_obtained":[{"floor":2,"key":"Block Potion"},{"floor":5,"key":"Swift Potion"},{"floor":13,"key":"BloodPotion"}],"is_trial":false,"path_per_floor":["M","M","$","?","M","E","?","R","T","E","R","M","M","M","R","B"],"character_chosen":"IRONCLAD","items_purchased":["Heavy Blade"],"campfire_rested":2,"item_purchase_floors":[3],"current_hp_per_floor":[68,55,55,55,53,46,46,46,46,22,42,31,50,36,56,0,0],"gold":203,"neow_bonus":"RANDOM_COLORLESS_2","is_daily":false,"chose_seed":false,"campfire_upgraded":1,"win_rate":0.0,"timestamp":1613006979,"path_taken":["M","M","$","?","M","E","?","R","T","E","R","M","M","M","R","BOSS"],"items_purchased_type":["Card"],"build_version":"2020-12-22","purchased_purges":1,"victory":false,"max_hp_per_floor":[68,68,68,68,68,68,68,68,68,68,68,68,68,68,68,68,68],"relic_stats":{"counters":[9,36],"Juzu Bracelet":0,"Orichalcum":[66],"MawBank":84,"obtain_stats":[{"Juzu Bracelet":10,"Orichalcum":6,"StrikeDummy":4,"MawBank":9,"Burning Blood":0},{"Juzu Bracelet":5,"Orichalcum":4,"StrikeDummy":2,"MawBank":4,"Burning Blood":0},{"Juzu Bracelet":18,"Orichalcum":13,"StrikeDummy":7,"MawBank":13,"Burning Blood":0}],"Burning Blood":42},"card_choices":[{"not_picked":["Master of Strategy","Chrysalis"],"picked":"Mayhem","floor":0},{"not_picked":["Sword Boomerang","Seeing Red"],"picked":"Feel No Pain","floor":1},{"not_picked":["Burning Pact","True Grit"],"picked":"Flex","floor":2},{"not_picked":["Hemokinesis","Twin Strike","Dual Wield"],"picked":"SKIP","floor":5},{"not_picked":["Feel No Pain","Cleave"],"picked":"Flex","floor":6},{"not_picked":["Twin Strike","Wild Strike"],"picked":"Metallicize","floor":10},{"not_picked":["Armaments","Iron Wave"],"picked":"Pummel","floor":12},{"not_picked":["Evolve","Burning Pact"],"picked":"Cleave","floor":13},{"not_picked":["Flex","Havoc"],"picked":"Heavy Blade","floor":14}],"player_experience":2366089,"relics_obtained":[{"floor":6,"key":"Orichalcum"},{"floor":9,"key":"MawBank"},{"floor":10,"key":"Juzu Bracelet"}],"event_choices":[{"damage_healed":0,"gold_gain":0,"player_choice":"Box","damage_taken":0,"relics_obtained":["StrikeDummy"],"max_hp_gain":0,"max_hp_loss":0,"event_name":"Big Fish","floor":4,"gold_loss":0,"cards_obtained":["Regret"]},{"damage_healed":0,"gold_gain":0,"player_choice":"Forge","damage_taken":0,"max_hp_gain":0,"max_hp_loss":0,"event_name":"Accursed Blacksmith","floor":7,"gold_loss":0,"cards_upgraded":["Flex"]}],"is_beta":false,"boss_relics":[],"items_purged_floors":[3],"is_endless":false,"potions_floor_spawned":[2,5,13],"killed_by":"The Guardian","ascension_level":20}}