{"host":"hbvn1mkfq2iixsau","time":1613055860,"event":{"mods":["AchievementEnabler","Act Like it!","BaseMod","Better Altar","Better Match","Better Sensory Stone","Better Skull","Better Third Choice","Colored Map","Downfall","Minty Spire (QoL Compilation)","Quick Restart","Relic Stats","Shop Mod","StSLib"],"gold_per_floor":[99,24,124,124,124,151,196,196,223,236,271,271,271],"floor_reached":11,"language":"ENG","playtime":285,"items_purged":[],"score":144,"play_id":"516deb62-88fb-4cf0-a51b-b7580beead54","local_time":"20210211170420","is_ascension_mode":true,"campfire_choices":[{"floor":1,"key":"RECALL"}],"circlet_count":0,"master_deck":["Slimebound:Strike_Slimebound","Slimebound:Strike_Slimebound","Slimebound:Tackle","Slimebound:Defend_Slimebound","Slimebound:Defend_Slimebound","Slimebound:Defend_Slimebound","Slimebound:Defend_Slimebound","Slimebound:Split","Slimebound:CorrosiveSpit","Slimebound:GoopSpray","Slimebound:FormOfPuddle","Slimebound:Repurpose","CurseOfTheBell","CurseOfTheBell","Shame","Slimebound:SelfFormingGoo","Slimebound:SlimeBarrage","Slimebound:SplitAcid","Slimebound:SplitLeeching"],"relics":["Slimebound:AbsorbEndCombat","downfall:HeartsMalice","Slimebound:GreedOozeRelic","Question Card","Potion Belt","downfall:ExtraCursedBell","Art of War","Pear","Prayer Wheel","Bottled Lightning","Bottled Flame"],"acts_visited":["Exordium"],"potions_floor_usage":[11],"damage_taken":[{"damage":0,"enemies":"Small Slimes","floor":5,"turns":1},{"damage":0,"enemies":"Gremlin Nob","floor":6,"turns":1},{"damage":0,"enemies":"Lagavulin","floor":9,"turns":1},{"damage":8,"enemies":"2 Louse","floor":10,"turns":2},{"damage":29,"enemies":"Gremlin Nob","floor":11,"turns":4}],"seed_played":"7491976108738474167","potions_obtained":[{"floor":9,"key":"Explosive Potion"},{"floor":11,"key":"Block Potion"}],"is_trial":false,"path_per_floor":["R","?","?","?","M","E","T","?","E","M","E"],"character_chosen":"SLIMEBOUND","items_purchased":[],"campfire_rested":0,"item_purchase_floors":[],"current_hp_per_floor":[65,65,65,65,65,65,65,75,75,69,42,42,42],"gold":271,"neow_bonus":"THREE_ENEMY_KILL","is_daily":false,"chose_seed":false,"campfire_upgraded":0,"win_rate":0.0,"timestamp":1613055860,"path_taken":["R","?","?","?","?","E","T","?","E","M","E"],"items_purchased_type":[],"build_version":"2020-12-22","purchased_purges":0,"victory":false,"max_hp_per_floor":[65,65,65,65,65,65,65,75,75,75,75,75,75],"relic_stats":{"counters":[5,6],"Prayer Wheel":1,"Art of War":[1],"Question Card":4,"obtain_stats":[{"Slimebound:GreedOozeRelic":2,"Potion Belt":7,"Bottled Flame":11,"Pear":8,"downfall:HeartsMalice":0,"Prayer Wheel":8,"Slimebound:AbsorbEndCombat":0,"Art of War":8,"Bottled Lightning":9,"downfall:ExtraCursedBell":8,"Question Card":6},{"Slimebound:GreedOozeRelic":0,"Potion Belt":2,"Bottled Flame":5,"Pear":2,"downfall:HeartsMalice":0,"Prayer Wheel":2,"Slimebound:AbsorbEndCombat":0,"Art of War":2,"Bottled Lightning":3,"downfall:ExtraCursedBell":2,"Question Card":2},{"Slimebound:GreedOozeRelic":0,"Potion Belt":0,"Bottled Flame":6,"Pear":0,"downfall:HeartsMalice":0,"Prayer Wheel":0,"Slimebound:AbsorbEndCombat":0,"Art of War":0,"Bottled Lightning":0,"downfall:ExtraCursedBell":0,"Question Card":0}]},"card_choices":[{"not_picked":["Slimebound:Repurpose","Slimebound:LeechEnergy"],"picked":"Slimebound:FormOfPuddle","floor":5},{"not_picked":["Slimebound:LeechingTouch","Slimebound:GrowthPunch"],"picked":"Slimebound:Repurpose","floor":6},{"not_picked":["Slimebound:FlameTackle","Slimebound:ViciousTackle","Slimebound:SplitBruiser"],"picked":"Slimebound:SlimeBarrage","floor":9},{"not_picked":["Slimebound:Schlurp","Slimebound:MegaLick","Slimebound:Gluttony"],"picked":"Slimebound:SplitAcid","floor":10},{"not_picked":["Slimebound:MassFeed","Slimebound:ViciousTackle","Slimebound:SplitSpecialist"],"picked":"Slimebound:SplitLeeching","floor":10}],"player_experience":348755,"relics_obtained":[{"floor":6,"key":"Question Card"},{"floor":7,"key":"Potion Belt"},{"floor":8,"key":"Art of War"},{"floor":8,"key":"Pear"},{"floor":8,"key":"Prayer Wheel"},{"floor":9,"key":"Bottled Lightning"},{"floor":11,"key":"Bottled Flame"}],"event_choices":[],"is_beta":false,"boss_relics":[],"items_purged_floors":[],"is_endless":false,"potions_floor_spawned":[9,11],"killed_by":"Gremlin Nob","ascension_level":1}}