{"host":"kda2p2afd6bvz6qo","time":1613022519,"event":{"mods":["BaseMod","Colored Map","Minty Spire (QoL Compilation)","Relic Stats"],"gold_per_floor":[112,112,125,140,150,150,37,37,37,68,68,80,106,106,106,206,206,223,223,61,89,89,89,108,108,108,32,59,158,190,208,208,304,304,324,343,343,361,373,404,404,434,485,512,576,588,600,631,643,655,667,679,24,51,51],"floor_reached":56,"language":"ENG","playtime":4511,"items_purged":["Strike_B","Melter"],"score":1964,"play_id":"25c96053-9507-4bd6-83a0-79ace2c12379","local_time":"20210211054839","is_ascension_mode":true,"campfire_choices":[{"data":"Zap","floor":6,"key":"SMITH"},{"data":"Sweeping Beam","floor":8,"key":"SMITH"},{"floor":11,"key":"REST"},{"data":"Thunder Strike","floor":15,"key":"SMITH"},{"data":"Self Repair","floor":23,"key":"SMITH"},{"data":"Consume","floor":25,"key":"SMITH"},{"data":"Coolheaded","floor":32,"key":"SMITH"},{"floor":41,"key":"RECALL"},{"data":"Fission","floor":47,"key":"SMITH"},{"data":"Coolheaded","floor":49,"key":"SMITH"},{"data":"Recycle","floor":52,"key":"SMITH"}],"circlet_count":0,"master_deck":["Strike_B+1","Strike_B+1","Defend_B","Defend_B","Defend_B","Dualcast","Ball Lightning","Sweeping Beam+1","Conserve Battery","Self Repair+1","Meteor Strike","Echo Form+1","Recycle+1","Defragment+1","Doom and Gloom","Coolheaded+1","Consume+1","Heatsinks+1","Defragment+1","Leap+1","Cold Snap","Loop+1","Meteor Strike","Coolheaded+1","Hologram","Capacitor+1","Chaos+1","Hologram+1","Fission+1","Enlightenment","Coolheaded+1","Coolheaded+1"],"relics":["Inserter","Whetstone","Bottled Flame","Frozen Egg 2","Mercury Hourglass","Snecko Eye","Red Mask","HornCleat","Ancient Tea Set","Happy Flower","Black Star","Shuriken","Bottled Lightning","Art of War","Sundial","Pantograph","MawBank","Ice Cream","Unceasing Top","Vajra","Cables","Symbiotic Virus"],"acts_visited":["Exordium","TheCity","TheBeyond","TheEnding"],"potions_floor_usage":[10,16,18,28,30,36,40,55,55,55],"damage_taken":[{"damage":14,"enemies":"Small Slimes","floor":1,"turns":4},{"damage":1,"enemies":"Cultist","floor":3,"turns":3},{"damage":1,"enemies":"2 Louse","floor":4,"turns":4},{"damage":8,"enemies":"Large Slime","floor":5,"turns":5},{"damage":28,"enemies":"Gremlin Nob","floor":10,"turns":4},{"damage":0,"enemies":"Exordium Wildlife","floor":12,"turns":2},{"damage":13,"enemies":"3 Sentries","floor":13,"turns":5},{"damage":34,"enemies":"Slime Boss","floor":16,"turns":7},{"damage":20,"enemies":"3 Byrds","floor":18,"turns":4},{"damage":11,"enemies":"Masked Bandits","floor":21,"turns":4},{"damage":1,"enemies":"Chosen","floor":24,"turns":4},{"damage":7,"enemies":"Gremlin Leader","floor":28,"turns":7},{"damage":24,"enemies":"Slavers","floor":30,"turns":4},{"damage":0,"enemies":"Centurion and Healer","floor":31,"turns":4},{"damage":0,"enemies":"Automaton","floor":33,"turns":7},{"damage":7,"enemies":"3 Shapes","floor":35,"turns":3},{"damage":0,"enemies":"Orb Walker","floor":36,"turns":4},{"damage":0,"enemies":"Sphere and 2 Shapes","floor":38,"turns":4},{"damage":9,"enemies":"Writhing Mass","floor":39,"turns":4},{"damage":1,"enemies":"Reptomancer","floor":40,"turns":4},{"damage":0,"enemies":"Giant Head","floor":42,"turns":7},{"damage":0,"enemies":"Nemesis","floor":44,"turns":5},{"damage":2,"enemies":"2 Orb Walkers","floor":45,"turns":3},{"damage":0,"enemies":"4 Shapes","floor":48,"turns":2},{"damage":17,"enemies":"Awakened One","floor":50,"turns":9},{"damage":2,"enemies":"Shield and Spear","floor":54,"turns":5},{"damage":48,"enemies":"The Heart","floor":55,"turns":7}],"seed_played":"1142734242119721221","potions_obtained":[{"floor":3,"key":"FearPotion"},{"floor":10,"key":"EssenceOfDarkness"},{"floor":12,"key":"Swift Potion"},{"floor":16,"key":"LiquidMemories"},{"floor":21,"key":"EntropicBrew"},{"floor":30,"key":"Block Potion"},{"floor":31,"key":"PowerPotion"},{"floor":36,"key":"SkillPotion"},{"floor":48,"key":"SpeedPotion"}],"is_trial":false,"path_per_floor":["M","?","M","M","M","R","$","R","T","E","R","M","E","T","R","B",null,"M","?","$","?","?","R","M","R","T","$","E","?","E","M","R","B",null,"M","M","?","M","M","E","R","E","T","E","?","?","R","M","R","B",null,"R","$","E","B",null],"character_chosen":"DEFECT","items_purchased":["Self Repair","Defragment+1","Doom and Gloom","Coolheaded","Defragment+1","Unceasing Top","LiquidMemories","FocusPotion","Vajra"],"campfire_rested":1,"item_purchase_floors":[7,20,20,20,27,53,53,53,53],"current_hp_per_floor":[61,61,60,59,51,51,51,51,51,30,52,52,46,46,46,19,61,48,34,34,37,37,37,56,56,56,56,69,69,65,75,75,80,80,73,80,90,90,90,90,90,90,90,90,90,85,85,90,90,83,88,88,88,90,52],"gold":51,"neow_bonus":"BOSS_RELIC","is_daily":false,"chose_seed":false,"campfire_upgraded":9,"win_rate":0.0,"timestamp":1613022519,"path_taken":["M","?","M","?","M","R","$","R","T","E","R","M","E","?","R","BOSS","M","?","$","?","?","R","M","R","T","$","E","?","E","M","R","BOSS","M","M","?","M","?","E","R","E","T","E","?","?","R","M","R","BOSS","R","$","E","BOSS"],"items_purchased_type":["Card","Card","Card","Card","Card","Relic","Potion","Potion","Relic"],"build_version":"2020-12-22","purchased_purges":2,"victory":true,"max_hp_per_floor":[75,75,75,75,75,75,75,75,75,75,75,75,75,75,75,75,75,75,80,80,80,80,80,80,80,80,80,80,80,80,80,80,80,80,80,80,90,90,90,90,90,90,90,90,90,90,90,90,90,90,90,90,90,90,90],"relic_stats":{"Inserter":[62],"Happy Flower":[22],"counters":[27,125],"Whetstone":["Strike_B","Strike_B"],"MawBank":108,"Mercury Hourglass":[439],"Cables":[7,0,2,2,3],"Shuriken":[30],"Sundial":[6],"Pantograph":0,"Snecko Eye":[204,201,233,209],"Black Star":4,"Art of War":[1],"obtain_stats":[{"Ice Cream":45,"Inserter":0,"Happy Flower":30,"Vajra":53,"Whetstone":9,"Frozen Egg 2":13,"Ancient Tea Set":28,"MawBank":44,"Mercury Hourglass":14,"Cables":54,"Bottled Flame":10,"HornCleat":26,"Shuriken":40,"Sundial":42,"Pantograph":44,"Snecko Eye":17,"Red Mask":21,"Black Star":34,"Art of War":42,"Bottled Lightning":40,"Cracked Core":0,"Symbiotic Virus":54,"Unceasing Top":53},{"Ice Cream":23,"Inserter":0,"Happy Flower":13,"Vajra":25,"Whetstone":4,"Frozen Egg 2":7,"Ancient Tea Set":12,"MawBank":22,"Mercury Hourglass":7,"Cables":26,"Bottled Flame":5,"HornCleat":11,"Shuriken":20,"Sundial":21,"Pantograph":22,"Snecko Eye":8,"Red Mask":10,"Black Star":15,"Art of War":21,"Bottled Lightning":20,"Cracked Core":0,"Symbiotic Virus":26,"Unceasing Top":25},{"Ice Cream":102,"Inserter":0,"Happy Flower":57,"Vajra":113,"Whetstone":16,"Frozen Egg 2":27,"Ancient Tea Set":53,"MawBank":99,"Mercury Hourglass":27,"Cables":118,"Bottled Flame":20,"HornCleat":46,"Shuriken":87,"Sundial":94,"Pantograph":99,"Snecko Eye":34,"Red Mask":42,"Black Star":68,"Art of War":94,"Bottled Lightning":87,"Cracked Core":0,"Symbiotic Virus":118,"Unceasing Top":113}],"Unceasing Top":[5]},"card_choices":[{"not_picked":["Barrage","Steam"],"picked":"Ball Lightning","floor":1},{"not_picked":["Hologram","Steam"],"picked":"Thunder Strike","floor":3},{"not_picked":["Ball Lightning","Skim"],"picked":"Sweeping Beam","floor":4},{"not_picked":["Scrape","Self Repair"],"picked":"Conserve Battery","floor":5},{"not_picked":["Redo","Blizzard","Gash"],"picked":"SKIP","floor":10},{"not_picked":["Double Energy","Turbo","Steam"],"picked":"SKIP","floor":12},{"not_picked":["Barrage","Rebound"],"picked":"Meteor Strike","floor":13},{"not_picked":["Core Surge","Meteor Strike"],"picked":"Echo Form+1","floor":16},{"not_picked":["White Noise","Hologram"],"picked":"Recycle","floor":18},{"not_picked":["Hologram+1","Barrage"],"picked":"Consume","floor":21},{"not_picked":["Redo","Sweeping Beam+1","Go for the Eyes+1"],"picked":"SKIP","floor":24},{"not_picked":["Beam Cell+1","BootSequence+1"],"picked":"Leap+1","floor":28},{"not_picked":["Sunder","BootSequence"],"picked":"Cold Snap","floor":30},{"not_picked":["Stack","Redo+1"],"picked":"Loop+1","floor":31},{"not_picked":["Multi-Cast","Fission"],"picked":"Meteor Strike","floor":33},{"not_picked":["Redo+1","Self Repair+1"],"picked":"Coolheaded","floor":35},{"not_picked":["Consume+1","Streamline"],"picked":"Hologram","floor":36},{"not_picked":["Beam Cell","BootSequence","Redo+1"],"picked":"SKIP","floor":38},{"not_picked":["Redo","Coolheaded"],"picked":"Capacitor+1","floor":39},{"not_picked":["Gash","Beam Cell"],"picked":"Chaos+1","floor":40},{"not_picked":["Genetic Algorithm+1","Beam Cell"],"picked":"Hologram+1","floor":42},{"not_picked":["Redo+1","Doom and Gloom"],"picked":"Fission","floor":44},{"not_picked":["Discovery","Secret Technique"],"picked":"Enlightenment","floor":46},{"not_picked":["Scrape+1","Stack+1"],"picked":"Coolheaded+1","floor":48},{"not_picked":["Redo+1","Doom and Gloom"],"picked":"Coolheaded+1","floor":54}],"player_experience":236833,"relics_obtained":[{"floor":9,"key":"Whetstone"},{"floor":10,"key":"Bottled Flame"},{"floor":13,"key":"Frozen Egg 2"},{"floor":14,"key":"Mercury Hourglass"},{"floor":21,"key":"Red Mask"},{"floor":26,"key":"HornCleat"},{"floor":28,"key":"Ancient Tea Set"},{"floor":30,"key":"Happy Flower"},{"floor":40,"key":"Shuriken"},{"floor":40,"key":"Bottled Lightning"},{"floor":42,"key":"Art of War"},{"floor":42,"key":"Sundial"},{"floor":44,"key":"Pantograph"},{"floor":44,"key":"MawBank"},{"floor":45,"key":"Ice Cream"},{"floor":54,"key":"Cables"},{"floor":54,"key":"Symbiotic Virus"}],"event_choices":[{"cards_removed":["Strike_B"],"damage_healed":0,"gold_gain":0,"player_choice":"Purged","damage_taken":0,"max_hp_gain":0,"max_hp_loss":0,"event_name":"Purifier","floor":2,"gold_loss":0},{"damage_healed":0,"gold_gain":0,"player_choice":"Shed Blood","damage_taken":19,"max_hp_gain":5,"max_hp_loss":0,"event_name":"Forgotten Altar","floor":19,"gold_loss":0},{"damage_healed":0,"gold_gain":0,"player_choice":"Fought Bandits","damage_taken":0,"max_hp_gain":0,"max_hp_loss":0,"event_name":"Masked Bandits","floor":21,"gold_loss":0},{"damage_healed":0,"gold_gain":0,"cards_transformed":["Defend_B","Zap"],"player_choice":"Became Test Subject","damage_taken":0,"max_hp_gain":0,"max_hp_loss":0,"event_name":"Drug Dealer","floor":22,"gold_loss":0,"cards_obtained":["Heatsinks","Melter"]},{"damage_healed":0,"gold_gain":99,"player_choice":"Stole From Cult","damage_taken":0,"max_hp_gain":0,"max_hp_loss":0,"event_name":"Nest","floor":29,"gold_loss":0},{"cards_removed":["Thunder Strike"],"damage_healed":0,"gold_gain":0,"player_choice":"Offered Rare","damage_taken":0,"max_hp_gain":10,"max_hp_loss":0,"event_name":"Bonfire Elementals","floor":37,"gold_loss":0},{"damage_healed":0,"gold_gain":0,"player_choice":"Fight","damage_taken":0,"max_hp_gain":0,"max_hp_loss":0,"event_name":"Mysterious Sphere","floor":45,"gold_loss":0},{"damage_healed":0,"gold_gain":0,"player_choice":"Memory 2","damage_taken":5,"max_hp_gain":0,"max_hp_loss":0,"event_name":"SensoryStone","floor":46,"gold_loss":0}],"is_beta":false,"boss_relics":[{"not_picked":["Astrolabe","SacredBark"],"picked":"Snecko Eye"},{"not_picked":["Busted Crown","Philosopher\u0027s Stone"],"picked":"Black Star"}],"items_purged_floors":[7,53],"is_endless":false,"potions_floor_spawned":[3,10,12,16,21,30,31,36,38,48],"ascension_level":5}}