{"host":"p6x4b30m1ltzgl6z","time":1613004814,"event":{"mods":["2.2 Compatiblity","Act Like it!","BaseMod","Colored Powertips","Curses Come First","Defective Defect","Gensokyo","GifTheSpireLib","Halation","Hallownest","Infinite Spire","Marisa????????","Minty Spire (QoL Compilation)","Quick Restart","Rare Cards Sparkle","Reimu??????","Replay The Spire","StSLib","Stuff the Spire","The Bug Knight","The Servant 0.9.4","everything is the same but u backflip on backflip","slay the spire mod where everything is the same but ironclad has a cowboy hat"],"gold_per_floor":[113,58,58,77,92,92,92,108,108,108,122,72,72,404,404,404,404],"floor_reached":16,"language":"ENG","playtime":1063,"items_purged":[],"score":100,"play_id":"c0469910-f1fa-4f75-9eeb-204d3cf09462","local_time":"20210210185334","is_ascension_mode":false,"campfire_choices":[{"data":"GalacticHalo","floor":6,"key":"SMITH"},{"floor":15,"key":"REST"}],"circlet_count":0,"master_deck":["Strike_MRS","Strike_MRS","Strike_MRS","Strike_MRS","Defend_MRS","Defend_MRS","Defend_MRS","Defend_MRS","MasterSpark","UpSweep","NonDirectionalLaser","GalacticHalo+1","FairyDestructionRay","GalacticHalo+1","MagicAbsorber","EnergyFlow","Gensokyo:BlessingOfConstitution"],"relics":["MiniHakkero","NeowsBlessing","Pear","Matryoshka"],"acts_visited":["Gensokyo:Gensokyo"],"potions_floor_usage":[14,16],"damage_taken":[{"damage":0,"enemies":"Gensokyo:3_Fairies","floor":1,"turns":1},{"damage":0,"enemies":"Gensokyo:Python","floor":4,"turns":1},{"damage":0,"enemies":"Gensokyo:Gryphon","floor":5,"turns":1},{"damage":7,"enemies":"Gensokyo:3_Kodama","floor":8,"turns":6},{"damage":3,"enemies":"Gensokyo:CorruptedTreant","floor":11,"turns":5},{"damage":11,"enemies":"Gensokyo:Aya","floor":14,"turns":8},{"damage":87,"enemies":"Gensokyo:Kokoro","floor":16,"turns":13}],"seed_played":"5158944309994753347","potions_obtained":[{"floor":8,"key":"Languid Potion"},{"floor":11,"key":"Fire Potion"}],"is_trial":false,"path_per_floor":["M","COS","?","M","M","R","?","M","T","?","M","?","?","E","R","B"],"character_chosen":"MARISA","items_purchased":[],"campfire_rested":1,"item_purchase_floors":[],"current_hp_per_floor":[75,75,75,75,75,75,75,68,78,70,67,67,67,56,81,0,0],"gold":404,"neow_bonus":"THREE_ENEMY_KILL","is_daily":false,"chose_seed":false,"campfire_upgraded":1,"win_rate":0.0,"timestamp":1613004814,"path_taken":["M","COS","?","?","M","R","?","M","T","?","?","?","?","E","R","BOSS"],"items_purchased_type":[],"build_version":"2020-12-22","purchased_purges":0,"victory":false,"max_hp_per_floor":[75,75,75,75,75,75,75,75,85,85,85,85,85,85,85,85,85],"card_choices":[{"not_picked":["ShootingEcho","IllusionStar"],"picked":"NonDirectionalLaser","floor":1},{"not_picked":["Acceleration+1","UnstableBomb+1"],"picked":"GalacticHalo+1","floor":4},{"not_picked":["ShootingEcho","MachineGunSpark"],"picked":"FairyDestructionRay","floor":4},{"not_picked":["AsteroidBelt","PowerUp"],"picked":"GalacticHalo","floor":5},{"not_picked":["GasGiant","SuperPerseids"],"picked":"MagicAbsorber","floor":8},{"not_picked":["FairyDestructionRay","PowerUp"],"picked":"EnergyFlow","floor":11},{"not_picked":["ShootTheMoon","MeteoricShower","JA"],"picked":"SKIP","floor":14}],"player_experience":188816,"relics_obtained":[{"floor":9,"key":"Pear"},{"floor":14,"key":"Matryoshka"}],"event_choices":[],"is_beta":false,"boss_relics":[],"items_purged_floors":[],"is_endless":false,"potions_floor_spawned":[8,11],"killed_by":"Gensokyo:Kokoro","ascension_level":0}}