{"host":"x7xd4wkamhrqrrvw","time":1613005648,"event":{"mods":["AchievementEnabler","BaseMod","Minty Spire (QoL Compilation)","Relic Stats","StSLib"],"gold_per_floor":[20,20,39,53,53,53,88,100,139,151,182,207,234,266,278,379,391,428,440,353,377,302,302,346,366,366,400,419,438,338,356,356,452,452,470,470,345,360,63,63,129,129,129,160,179,179,179,179,179,179,179,179,28,61,61],"floor_reached":56,"language":"ENG","playtime":3530,"items_purged":["Strike_G","Strike_G","Strike_G","Strike_G"],"score":1930,"play_id":"2d21ba29-ca5e-44f6-8ae9-e0e7d75eb6c2","local_time":"20210210230728","is_ascension_mode":true,"campfire_choices":[{"data":"Apotheosis","floor":6.0,"key":"SMITH"},{"floor":8,"key":"REST"},{"floor":10,"key":"REST"},{"data":"Doppelganger","floor":15,"key":"SMITH"},{"data":"Malaise","floor":23,"key":"SMITH"},{"data":"Noxious Fumes","floor":32,"key":"SMITH"},{"floor":40,"key":"RECALL"},{"data":"Bullet Time","floor":42,"key":"SMITH"},{"data":"RitualDagger","floor":47,"key":"SMITH"},{"data":"Acrobatics","floor":49,"key":"SMITH"},{"data":"Neutralize","floor":52,"key":"SMITH"}],"circlet_count":0,"master_deck":["AscendersBane","Defend_G","Defend_G","Defend_G","Defend_G","Survivor","Neutralize+1","Apotheosis+1","Bouncing Flask","PiercingWail","Malaise+1","Doppelganger+1","Bullet Time+1","RitualDagger+1","Acrobatics+1","Noxious Fumes+1","Catalyst","PiercingWail"],"relics":["Ring of the Snake","Golden Idol","MawBank","Happy Flower","Runic Pyramid","Turnip","Singing Bowl","Eternal Feather","Coffee Dripper","Lee\u0027s Waffle","Lizard Tail","Potion Belt","Strawberry"],"acts_visited":["Exordium","TheCity","TheBeyond","TheEnding"],"potions_floor_usage":[7,11,12,14,24,29,41,54,55,55],"damage_taken":[{"damage":0.0,"enemies":"Small Slimes","floor":1.0,"turns":4.0},{"damage":4.0,"enemies":"Jaw Worm","floor":3.0,"turns":4.0},{"damage":0.0,"enemies":"2 Louse","floor":4.0,"turns":2.0},{"damage":29,"enemies":"3 Sentries","floor":7,"turns":8},{"damage":2,"enemies":"Blue Slaver","floor":11,"turns":4},{"damage":0,"enemies":"2 Fungi Beasts","floor":12,"turns":2},{"damage":0,"enemies":"Large Slime","floor":13,"turns":7},{"damage":0,"enemies":"Gremlin Gang","floor":14,"turns":5},{"damage":7,"enemies":"Hexaghost","floor":16,"turns":13},{"damage":1,"enemies":"Shell Parasite","floor":18,"turns":5},{"damage":0,"enemies":"Spheric Guardian","floor":21,"turns":8},{"damage":25,"enemies":"Slavers","floor":24,"turns":8},{"damage":1,"enemies":"Centurion and Healer","floor":25,"turns":6},{"damage":2,"enemies":"Book of Stabbing","floor":27,"turns":8},{"damage":3,"enemies":"Cultist and Chosen","floor":28,"turns":8},{"damage":0,"enemies":"3 Cultists","floor":29,"turns":7},{"damage":0,"enemies":"Chosen and Byrds","floor":31,"turns":8},{"damage":9,"enemies":"Champ","floor":33,"turns":11},{"damage":0,"enemies":"3 Shapes","floor":35,"turns":5},{"damage":0,"enemies":"3 Darklings","floor":38,"turns":6},{"damage":18,"enemies":"2 Orb Walkers","floor":41,"turns":5},{"damage":1,"enemies":"Giant Head","floor":44,"turns":10},{"damage":1,"enemies":"Sphere and 2 Shapes","floor":45,"turns":5},{"damage":26,"enemies":"Donu and Deca","floor":50,"turns":12},{"damage":59,"enemies":"Shield and Spear","floor":54,"turns":7},{"damage":45,"enemies":"The Heart","floor":55,"turns":10}],"seed_played":"-3520330488330374231","potions_obtained":[{"floor":4.0,"key":"Poison Potion"},{"floor":7,"key":"Swift Potion"},{"floor":11,"key":"Explosive Potion"},{"floor":13,"key":"SkillPotion"},{"floor":18,"key":"Fire Potion"},{"floor":24,"key":"Fruit Juice"},{"floor":27,"key":"Swift Potion"},{"floor":38,"key":"LiquidMemories"},{"floor":45,"key":"SpeedPotion"},{"floor":54,"key":"Weak Potion"}],"is_trial":false,"path_per_floor":["M","?","M","M","?","R","E","R","T","R","M","M","M","M","R","B",null,"M","?","$","M","?","R","E","M","T","E","M","M","$","M","R","B",null,"M","?","$","M","$","R","?","R","T","E","M","?","R","?","R","B",null,"R","$","E","B",null],"character_chosen":"THE_SILENT","items_purchased":["Acrobatics","Lee\u0027s Waffle","FairyPotion","SkillPotion"],"campfire_rested":2,"item_purchase_floors":[20,39,53,53],"current_hp_per_floor":[59,36,32,32,32,32,3,22,22,41,39,39,39,39,39,32,58,57,51,51,51,51,51,26,25,25,25,24,29,29,31,43,36,68,70,66,66,66,94,94,78,87,87,88,89,89,95,95,95,69,89,95,95,45,31],"gold":61,"neow_bonus":"RANDOM_COLORLESS_2","is_daily":false,"chose_seed":false,"campfire_upgraded":8,"win_rate":0.0,"timestamp":1613005648,"path_taken":["M","?","M","M","?","R","E","R","T","R","M","M","M","M","R","BOSS","M","?","$","M","?","R","E","M","T","E","M","M","$","M","R","BOSS","M","?","$","M","$","R","?","R","T","E","M","?","R","?","R","BOSS","R","$","E","BOSS"],"items_purchased_type":["Card","Relic","Potion","Potion"],"build_version":"2020-12-22","purchased_purges":4,"victory":true,"max_hp_per_floor":[66,66,66,66,66,66,66,66,66,66,66,66,66,66,66,66,66,66,66,66,66,66,66,66,66,66,68,70,75,75,77,77,79,79,81,87,87,87,94,94,96,96,96,98,100,95,95,95,95,95,95,95,95,104,104],"relic_stats":{"Lee\u0027s Waffle":28,"Lizard Tail":0,"Happy Flower":[53],"Singing Bowl":24,"counters":[26,178],"Golden Idol":180,"Eternal Feather":33,"Turnip":[6],"MawBank":156,"obtain_stats":[{"Potion Belt":44,"Lee\u0027s Waffle":39,"Happy Flower":9,"Singing Bowl":26,"Golden Idol":2,"Eternal Feather":27,"MawBank":7,"Lizard Tail":41,"Strawberry":54,"Turnip":24,"Coffee Dripper":34,"Ring of the Snake":0,"Runic Pyramid":17},{"Potion Belt":22,"Lee\u0027s Waffle":20,"Happy Flower":4,"Singing Bowl":13,"Golden Idol":1,"Eternal Feather":14,"MawBank":4,"Lizard Tail":21,"Strawberry":25,"Turnip":12,"Coffee Dripper":18,"Ring of the Snake":0,"Runic Pyramid":9},{"Potion Belt":144,"Lee\u0027s Waffle":129,"Happy Flower":18,"Singing Bowl":76,"Golden Idol":4,"Eternal Feather":84,"MawBank":18,"Lizard Tail":134,"Strawberry":168,"Turnip":70,"Coffee Dripper":118,"Ring of the Snake":0,"Runic Pyramid":49}],"Ring of the Snake":[52]},"card_choices":[{"not_picked":["Sadistic Nature","Magnetism"],"picked":"Apotheosis","floor":0.0},{"not_picked":["Poisoned Stab","Prepared"],"picked":"Bouncing Flask","floor":1.0},{"not_picked":["Accuracy","Acrobatics"],"picked":"PiercingWail","floor":3.0},{"not_picked":["Underhanded Strike","Acrobatics","Flying Knee"],"picked":"SKIP","floor":4.0},{"not_picked":["Prepared","Acrobatics"],"picked":"Malaise","floor":7},{"not_picked":["Dodge and Roll","Sucker Punch","Acrobatics"],"picked":"SKIP","floor":11},{"not_picked":["Underhanded Strike","Bane","Dodge and Roll"],"picked":"SKIP","floor":12},{"not_picked":["Endless Agony","Dagger Spray","Predator"],"picked":"SKIP","floor":13},{"not_picked":["Choke","Slice"],"picked":"Doppelganger","floor":14},{"not_picked":["Phantasmal Killer","Envenom"],"picked":"Bullet Time","floor":16},{"not_picked":["Dagger Throw","Expertise","Finisher"],"picked":"SKIP","floor":18},{"not_picked":["Terror","Accuracy","Sucker Punch"],"picked":"SKIP","floor":21},{"not_picked":["Sucker Punch+1","Dagger Throw"],"picked":"Noxious Fumes","floor":24},{"not_picked":["Flying Knee","Well Laid Plans","Blur"],"picked":"SKIP","floor":25},{"not_picked":["Cloak And Dagger","Blade Dance","Flying Knee"],"picked":"Singing Bowl","floor":27},{"not_picked":["Deadly Poison","Flying Knee+1","Envenom"],"picked":"Singing Bowl","floor":28},{"not_picked":["Deadly Poison","PiercingWail"],"picked":"Catalyst","floor":29},{"not_picked":["Poisoned Stab","Sucker Punch","Deadly Poison"],"picked":"Singing Bowl","floor":31},{"not_picked":["Malaise","Storm of Steel","After Image"],"picked":"Singing Bowl","floor":33},{"not_picked":["Underhanded Strike","Bane","Poisoned Stab"],"picked":"Singing Bowl","floor":35},{"not_picked":["Dramatic Entrance","Panacea","Mayhem"],"picked":"Singing Bowl","floor":36},{"not_picked":["Jack Of All Trades","The Bomb","Apotheosis"],"picked":"Singing Bowl","floor":36},{"not_picked":["Chrysalis","Flash of Steel","Trip"],"picked":"Singing Bowl","floor":36},{"not_picked":["Noxious Fumes","Eviscerate+1"],"picked":"PiercingWail","floor":38},{"not_picked":["Infinite Blades","Acrobatics","Dagger Spray"],"picked":"Singing Bowl","floor":41},{"not_picked":["Outmaneuver","Flying Knee+1","Skewer+1"],"picked":"Singing Bowl","floor":44},{"not_picked":["Dagger Spray+1","Prepared","Flying Knee+1"],"picked":"Singing Bowl","floor":45},{"not_picked":["Dash","Blade Dance+1","Finisher"],"picked":"Singing Bowl","floor":54}],"player_experience":451127,"relics_obtained":[{"floor":7,"key":"MawBank"},{"floor":9,"key":"Happy Flower"},{"floor":24,"key":"Turnip"},{"floor":26,"key":"Singing Bowl"},{"floor":27,"key":"Eternal Feather"},{"floor":41,"key":"Lizard Tail"},{"floor":44,"key":"Potion Belt"},{"floor":54,"key":"Strawberry"}],"event_choices":[{"damage_healed":0.0,"max_hp_gain":0.0,"max_hp_loss":0.0,"gold_gain":0.0,"event_name":"Golden Idol","player_choice":"Take Damage","floor":2.0,"gold_loss":0.0,"damage_taken":23.0,"relics_obtained":["Golden Idol"]},{"damage_healed":0.0,"max_hp_gain":0.0,"max_hp_loss":0.0,"gold_gain":0.0,"event_name":"Scrap Ooze","player_choice":"Fled","floor":5.0,"gold_loss":0.0,"damage_taken":0.0},{"damage_healed":0,"gold_gain":0,"player_choice":"Joined the Cult","damage_taken":6,"max_hp_gain":0,"max_hp_loss":0,"event_name":"Nest","floor":19,"gold_loss":0,"cards_obtained":["RitualDagger"]},{"cards_removed":["Strike_G"],"damage_healed":0,"gold_gain":0,"player_choice":"Gave Gold","damage_taken":0,"max_hp_gain":0,"max_hp_loss":0,"event_name":"Beggar","floor":22,"gold_loss":75},{"damage_healed":0,"gold_gain":0,"player_choice":"Memory 3","damage_taken":10,"max_hp_gain":0,"max_hp_loss":0,"event_name":"SensoryStone","floor":36,"gold_loss":0},{"damage_healed":0,"gold_gain":0,"player_choice":"Fight","damage_taken":0,"max_hp_gain":0,"max_hp_loss":0,"event_name":"Mysterious Sphere","floor":41,"gold_loss":0},{"damage_healed":0,"gold_gain":0,"player_choice":"Max HP","damage_taken":0,"max_hp_gain":0,"max_hp_loss":5,"event_name":"Winding Halls","floor":46,"gold_loss":0},{"cards_removed":["Defend_G"],"damage_healed":0,"gold_gain":0,"player_choice":"Offered Basic","damage_taken":0,"max_hp_gain":0,"max_hp_loss":0,"event_name":"Bonfire Elementals","floor":48,"gold_loss":0}],"is_beta":false,"boss_relics":[{"not_picked":["Pandora\u0027s Box","Runic Dome"],"picked":"Runic Pyramid"},{"not_picked":["Calling Bell","Ring of the Serpent"],"picked":"Coffee Dripper"}],"items_purged_floors":[20,30,37,39],"is_endless":false,"potions_floor_spawned":[4,7,11,13,18,24,27,38,45,54],"ascension_level":15}}