{"host":"gbgc43u9lfev3bcz","time":1613010438,"event":{"mods":["BaseMod","Better Note","Challenge The Spire","Colored Map","Downfall","Minty Spire (QoL Compilation)","StSLib"],"gold_per_floor":[112,112,112,128,36,36,67,83,83,83,83,117,127,143,143,221,221,238,238,238,253,303,333,333,363,363,398,398,411,411,426,426,501,501,519,148,173,187,32,32,43,74,74,87,87,121,61,73,73,73],"floor_reached":51,"language":"ENG","playtime":1973,"items_purged":["Strike_G+1"],"score":1480,"play_id":"fc8412a0-e67c-42f5-a37e-39cf96cef3c8","local_time":"20210210202718","is_ascension_mode":true,"campfire_choices":[{"data":"Riddle With Holes","floor":6.0,"key":"SMITH"},{"data":"Infinite Blades","floor":10.0,"key":"SMITH"},{"floor":15.0,"key":"REST"},{"data":"Cloak And Dagger","floor":24.0,"key":"SMITH"},{"data":"1","floor":28.0,"key":"LIFT"},{"data":"2","floor":30.0,"key":"LIFT"},{"data":"3","floor":32.0,"key":"LIFT"},{"data":"Storm of Steel","floor":40,"key":"SMITH"},{"data":"Accuracy","floor":49,"key":"SMITH"}],"circlet_count":0,"master_deck":["AscendersBane","Strike_G+1","Strike_G+1","Strike_G+1","Defend_G+1","Defend_G+1","Defend_G+1","Defend_G+1","Defend_G+1","Neutralize","Blade Dance","Infinite Blades+1","Poisoned Stab","Footwork","Dodge and Roll","Escape Plan+1","Crippling Poison","Adrenaline","Dash","Corpse Explosion+1","Backstab","Cloak And Dagger+1","Escape Plan","Storm of Steel+1","Backflip+1","Terror+1","Leg Sweep+1","Accuracy+1","Flash of Steel","Cloak And Dagger","Dash"],"relics":["Ring of the Snake","Ornamental Fan","Bottled Lightning","The Courier","Busted Crown","Du-Vu Doll","Oddly Smooth Stone","CaptainsWheel","Girya","Astrolabe","Thread and Needle","Bird Faced Urn","War Paint","Blue Candle","Mummified Hand","White Beast Statue","Snake Skull"],"acts_visited":["Exordium","TheCity","TheBeyond"],"potions_floor_usage":[48,50,50],"damage_taken":[{"damage":0.0,"enemies":"2 Louse","floor":1.0,"turns":3.0},{"damage":0.0,"enemies":"Cultist","floor":4.0,"turns":3.0},{"damage":21.0,"enemies":"Lagavulin","floor":7.0,"turns":9.0},{"damage":4.0,"enemies":"Jaw Worm","floor":8.0,"turns":4.0},{"damage":8.0,"enemies":"3 Sentries","floor":12.0,"turns":9.0},{"damage":4.0,"enemies":"2 Fungi Beasts","floor":13.0,"turns":2.0},{"damage":0.0,"enemies":"Exordium Wildlife","floor":14.0,"turns":3.0},{"damage":13.0,"enemies":"The Guardian","floor":16.0,"turns":13.0},{"damage":5.0,"enemies":"Shell Parasite","floor":18.0,"turns":5.0},{"damage":0.0,"enemies":"Spheric Guardian","floor":21.0,"turns":4.0},{"damage":7.0,"enemies":"Book of Stabbing","floor":23.0,"turns":6.0},{"damage":30.0,"enemies":"Slavers","floor":25.0,"turns":3.0},{"damage":4.0,"enemies":"Book of Stabbing","floor":27.0,"turns":6.0},{"damage":0.0,"enemies":"Snecko","floor":29.0,"turns":4.0},{"damage":2.0,"enemies":"Cultist and Chosen","floor":31.0,"turns":5.0},{"damage":3.0,"enemies":"Automaton","floor":33.0,"turns":9.0},{"damage":0.0,"enemies":"3 Darklings","floor":35.0,"turns":2.0},{"damage":0,"enemies":"Mind Bloom Boss Battle","floor":37,"turns":5},{"damage":0,"enemies":"Orb Walker","floor":38,"turns":3},{"damage":12,"enemies":"4 Shapes","floor":41,"turns":2},{"damage":0,"enemies":"Giant Head","floor":42,"turns":6},{"damage":0,"enemies":"Writhing Mass","floor":44,"turns":6},{"damage":21,"enemies":"Nemesis","floor":46,"turns":5},{"damage":0,"enemies":"Maw","floor":48,"turns":6},{"damage":11,"enemies":"Donu and Deca","floor":50,"turns":5}],"seed_played":"1145851744234761913","potions_obtained":[{"floor":12.0,"key":"CunningPotion"},{"floor":14.0,"key":"Energy Potion"},{"floor":16.0,"key":"Block Potion"},{"floor":25.0,"key":"Energy Potion"},{"floor":31.0,"key":"EntropicBrew"},{"floor":33.0,"key":"Strength Potion"},{"floor":42,"key":"LiquidMemories"},{"floor":48,"key":"EssenceOfSteel"}],"is_trial":false,"path_per_floor":["M","?","?","M","$","R","E","M","T","R","?","E","M","M","R","B",null,"M","?","?","M","?","E","R","E","T","E","R","M","R","M","R","B",null,"M","$","?","M","$","R","M","E","T","M","T","E","$","M","R","B",null],"character_chosen":"THE_SILENT","items_purchased":["Footwork","Dodge and Roll","Thread and Needle","Accuracy","Flash of Steel","War Paint","Cloak And Dagger"],"campfire_rested":1,"item_purchase_floors":[5,5,36,36,36,39,39],"current_hp_per_floor":[59,39,39,39,39,39,18,14,14,14,14,6,2,2,21,8,52,47,47,47,47,47,40,40,10,10,6,6,6,6,4,4,1,50,50,50,50,54,54,54,46,52,52,58,58,43,43,49,49,44],"gold":73,"neow_bonus":"THREE_CARDS","is_daily":false,"chose_seed":false,"campfire_upgraded":5,"win_rate":0.0,"timestamp":1613010438,"path_taken":["M","?","?","M","$","R","E","M","T","R","?","E","M","M","R","BOSS","M","?","?","M","?","E","R","E","T","E","R","M","R","M","R","BOSS","M","$","?","M","?","R","M","E","T","M","?","E","$","M","R","BOSS"],"items_purchased_type":["Card","Card","Relic","Card","Card","Relic","Card"],"build_version":"2020-12-22","purchased_purges":1,"victory":true,"max_hp_per_floor":[66,66,66,66,66,66,66,66,66,66,66,66,66,66,66,66,66,66,66,66,66,66,66,66,66,66,66,66,66,66,66,66,66,66,66,66,66,66,66,66,66,66,66,66,66,66,66,66,66,66],"card_choices":[{"not_picked":["Poisoned Stab","Dodge and Roll"],"picked":"Riddle With Holes","floor":0.0},{"not_picked":["Deflect","Quick Slash"],"picked":"Blade Dance","floor":1.0},{"not_picked":["Dodge and Roll","Setup"],"picked":"Poisoned Stab","floor":4.0},{"not_picked":["Deadly Poison","Calculated Gamble"],"picked":"Escape Plan","floor":7.0},{"not_picked":["Flying Knee","Poisoned Stab","Concentrate"],"picked":"SKIP","floor":8.0},{"not_picked":["Backflip","Poisoned Stab"],"picked":"Crippling Poison","floor":12.0},{"not_picked":["Dodge and Roll","Caltrops"],"picked":"Adrenaline","floor":13.0},{"not_picked":["Backflip","Acrobatics"],"picked":"Dash","floor":14.0},{"not_picked":["Grand Finale","Doppelganger"],"picked":"Corpse Explosion","floor":16.0},{"not_picked":[],"picked":"Backstab","floor":18.0},{"not_picked":["Reflex"],"picked":"SKIP","floor":21.0},{"not_picked":["Dagger Throw"],"picked":"SKIP","floor":23.0},{"not_picked":[],"picked":"Calculated Gamble","floor":25.0},{"not_picked":[],"picked":"Escape Plan","floor":27.0},{"not_picked":["Outmaneuver"],"picked":"SKIP","floor":29.0},{"not_picked":["Footwork"],"picked":"SKIP","floor":31.0},{"not_picked":[],"picked":"Storm of Steel","floor":33.0},{"not_picked":["Concentrate+1"],"picked":"SKIP","floor":35.0},{"not_picked":["Bane"],"picked":"SKIP","floor":38},{"not_picked":["Underhanded Strike+1"],"picked":"SKIP","floor":41},{"not_picked":["Grand Finale"],"picked":"SKIP","floor":42},{"not_picked":["Riddle With Holes"],"picked":"SKIP","floor":44},{"not_picked":["Prepared"],"picked":"SKIP","floor":46},{"not_picked":[],"picked":"Dash","floor":48}],"player_experience":575825,"relics_obtained":[{"floor":7.0,"key":"Ornamental Fan"},{"floor":9.0,"key":"Bottled Lightning"},{"floor":12.0,"key":"The Courier"},{"floor":23.0,"key":"Du-Vu Doll"},{"floor":25.0,"key":"Oddly Smooth Stone"},{"floor":26.0,"key":"CaptainsWheel"},{"floor":27.0,"key":"Girya"},{"floor":37,"key":"Bird Faced Urn"},{"floor":42,"key":"Blue Candle"},{"floor":43,"key":"Mummified Hand"},{"floor":45,"key":"White Beast Statue"},{"floor":46,"key":"Snake Skull"}],"event_choices":[{"damage_healed":0.0,"max_hp_gain":0.0,"max_hp_loss":0.0,"gold_gain":0.0,"event_name":"Shining Light","player_choice":"Entered Light","floor":2.0,"gold_loss":0.0,"damage_taken":20.0,"cards_upgraded":["Defend_G","Defend_G"]},{"damage_healed":0.0,"max_hp_gain":0.0,"max_hp_loss":0.0,"gold_gain":0.0,"cards_transformed":["Strike_G"],"event_name":"Living Wall","player_choice":"Change","floor":3.0,"gold_loss":0.0,"damage_taken":0.0,"cards_obtained":["Infinite Blades"]},{"damage_healed":0.0,"max_hp_gain":0.0,"max_hp_loss":0.0,"gold_gain":0.0,"event_name":"Match and Keep!","player_choice":"0 cards matched","floor":11.0,"gold_loss":0.0,"damage_taken":0.0,"cards_obtained":[]},{"damage_healed":0.0,"max_hp_gain":0.0,"max_hp_loss":0.0,"gold_gain":0.0,"event_name":"Back to Basics","player_choice":"Simplicity","floor":19.0,"gold_loss":0.0,"damage_taken":0.0,"cards_upgraded":["Strike_G","Strike_G","Strike_G","Strike_G","Defend_G","Defend_G","Defend_G"]},{"damage_healed":0.0,"max_hp_gain":0.0,"max_hp_loss":0.0,"gold_gain":0.0,"event_name":"The Library","player_choice":"Read","floor":20.0,"gold_loss":0.0,"damage_taken":0.0,"cards_obtained":["Cloak And Dagger"]},{"damage_healed":0.0,"max_hp_gain":0.0,"max_hp_loss":0.0,"gold_gain":50.0,"event_name":"Nest","player_choice":"Stole From Cult","floor":22.0,"gold_loss":0.0,"damage_taken":0.0},{"damage_healed":0,"gold_gain":0,"player_choice":"Fight","damage_taken":0,"max_hp_gain":0,"max_hp_loss":0,"event_name":"MindBloom","floor":37,"gold_loss":0}],"is_beta":false,"boss_relics":[{"not_picked":["Calling Bell","Runic Pyramid"],"picked":"Busted Crown"},{"not_picked":["Velvet Choker","bronze:MakeshiftBattery"],"picked":"Astrolabe"}],"items_purged_floors":[47],"is_endless":false,"potions_floor_spawned":[12,14,16,25,31,33,38,42,44,46,48],"ascension_level":17}}