{"host":"p7cjtxxrilhp4dw7","time":1613014450,"event":{"mods":["BaseMod","Block Reminder","Colored Map","Curses Come First","Highlight Path","Minty Spire (QoL Compilation)","Replay The Spire","StSLib"],"gold_per_floor":[119,119,129,129,155,155,190,190,266,266,281,152,171,189,189,289,289,305,321,81,99,99,99,118,152,152,152,180,193,100,11,11,107,107,124,141,153,203,220,220,238,263,287,316,165,198,217,227,227,227],"floor_reached":51,"language":"ENG","playtime":5042,"items_purged":["Pain"],"score":1760,"play_id":"44546837-2402-4da9-979a-f35056da82ce","local_time":"20210210203410","is_ascension_mode":true,"campfire_choices":[{"data":"Eruption","floor":6,"key":"SMITH"},{"data":"Vigilance","floor":10,"key":"SMITH"},{"floor":15,"key":"REST"},{"data":"DevaForm","floor":23,"key":"SMITH"},{"floor":27,"key":"REST"},{"floor":32,"key":"REST"},{"data":"Discovery","floor":40,"key":"SMITH"},{"data":"Ragnarok","floor":49,"key":"SMITH"}],"circlet_count":0,"master_deck":["Strike_P","Strike_P","Defend_P","Defend_P","Defend_P","Defend_P","Eruption+1","Vigilance+1","Consecrate","Sanctity","SashWhip","Replay:BluntJabs","CarveReality","Halt","DevaForm+1","CarveReality+1","FlyingSleeves","Discovery+1","ForeignInfluence+1","EmptyBody","JustLucky","TalkToTheHand+1","Bandage Up","Ragnarok+1","WindmillStrike+1","Wallop","ReachHeaven+1","WheelKick","Replay:Anticipation","Vigilance+1","EmptyBody","CutThroughFate+1","EmptyFist"],"relics":["PureWater","FaceOfCleric","Replay:Bottled Snecko","Pet Ghost","CloakClasp","WarpedTongs","Shuriken","Painkiller Herb","Strange Spoon","Bronze Scales","Question Card","Centennial Puzzle","Simple Rune","Empty Cage","Thread and Needle","Replay:Bottled Flurry","Bag of Preparation","Replay:Mystery Machine","DollysMirror","InkBottle"],"acts_visited":["Exordium","TheCity","TheBeyond"],"potions_floor_usage":[14,16,16,25,33,41,44,50],"damage_taken":[{"damage":0,"enemies":"Small Slimes","floor":1,"turns":4},{"damage":1,"enemies":"Cultist","floor":3,"turns":4},{"damage":0,"enemies":"Gremlin Nob","floor":7,"turns":2},{"damage":4,"enemies":"Jaw Worm","floor":11,"turns":3},{"damage":0,"enemies":"Large Slime","floor":13,"turns":2},{"damage":0,"enemies":"Lots of Slimes","floor":14,"turns":2},{"damage":7,"enemies":"Hexaghost","floor":16,"turns":6},{"damage":8,"enemies":"Shell Parasite","floor":18,"turns":6},{"damage":11,"enemies":"Spheric Guardian","floor":19,"turns":4},{"damage":1,"enemies":"Chosen and Byrds","floor":21,"turns":3},{"damage":15,"enemies":"Shelled Parasite and Fungi","floor":24,"turns":4},{"damage":0,"enemies":"Gremlin Leader","floor":25,"turns":4},{"damage":0,"enemies":"Replay:Snechameleon","floor":28,"turns":6},{"damage":0,"enemies":"Snecko","floor":29,"turns":4},{"damage":2,"enemies":"Pondfish","floor":33,"turns":9},{"damage":9,"enemies":"3 Shapes","floor":35,"turns":4},{"damage":0,"enemies":"Orb Walker","floor":36,"turns":2},{"damage":1,"enemies":"Sphere and 2 Shapes","floor":37,"turns":2},{"damage":27,"enemies":"Mind Bloom Boss Battle","floor":38,"turns":5},{"damage":0,"enemies":"Transient","floor":39,"turns":5},{"damage":0,"enemies":"4 Shapes","floor":41,"turns":3},{"damage":0,"enemies":"Reptomancer","floor":42,"turns":3},{"damage":0,"enemies":"Giant Head","floor":44,"turns":6},{"damage":0,"enemies":"R_Hoarder","floor":46,"turns":6},{"damage":0,"enemies":"Spire Growth","floor":47,"turns":3},{"damage":0,"enemies":"Maw","floor":48,"turns":5},{"damage":5,"enemies":"Time Eater","floor":50,"turns":7}],"seed_played":"-5777152782811884636","potions_obtained":[{"floor":7,"key":"Explosive Potion"},{"floor":11,"key":"SkillPotion"},{"floor":13,"key":"AttackPotion"},{"floor":21,"key":"GamblersBrew"},{"floor":25,"key":"Reflective Coating"},{"floor":29,"key":"SpeedPotion"},{"floor":33,"key":"Milkshake"},{"floor":39,"key":"Explosive Potion"},{"floor":41,"key":"Regen Potion"},{"floor":42,"key":"FearPotion"},{"floor":47,"key":"SkillPotion"}],"is_trial":false,"path_per_floor":["M","?","M","?","T","R","E","?","T","R","M","$","M","M","R","B",null,"?","?","T","?","T","T","?","E","T","T","E","?","T","?","T","B",null,"?","?","?","?","?","T","?","E","T","E","T","E","?","?","T","B",null],"character_chosen":"WATCHER","items_purchased":["Replay:BluntJabs","Strange Spoon","Discovery","Bandage Up","DollysMirror"],"campfire_rested":3,"item_purchase_floors":[12,20,20,30,45],"current_hp_per_floor":[72,72,72,60,60,60,61,61,61,61,58,58,59,60,84,78,83,76,66,66,66,66,66,52,53,53,80,81,82,82,82,92,91,93,91,95,95,73,78,78,83,88,88,93,93,98,99,104,104,104],"gold":227,"neow_bonus":"TEN_PERCENT_HP_BONUS","is_daily":false,"chose_seed":false,"campfire_upgraded":5,"win_rate":0.0,"timestamp":1613014450,"path_taken":["M","?","?","?","?","R","E","?","T","R","?","$","M","M","R","BOSS","?","?","T","?","T","T","?","E","T","T","E","?","T","?","T","BOSS","?","?","?","?","?","T","?","E","T","E","T","E","?","?","T","BOSS"],"items_purchased_type":["Card","Relic","Card","Card","Relic"],"build_version":"2020-12-22","purchased_purges":1,"victory":true,"max_hp_per_floor":[79,79,80,80,80,80,81,81,81,81,82,82,83,84,84,85,85,86,87,87,88,88,88,89,90,90,90,91,92,92,92,92,93,93,94,95,96,97,98,98,99,100,100,101,101,102,103,104,104,105],"card_choices":[{"not_picked":["Halt","BowlingBash"],"picked":"Consecrate","floor":1},{"not_picked":["BattleHymn","Worship","ReachHeaven"],"picked":"SKIP","floor":3},{"not_picked":["Tantrum","Halt"],"picked":"Sanctity","floor":7},{"not_picked":["Replay:ManipulateFuture","Prostrate"],"picked":"SashWhip","floor":11},{"not_picked":["LikeWater","Sanctity"],"picked":"CarveReality","floor":13},{"not_picked":["BowlingBash","CarveReality"],"picked":"Halt","floor":14},{"not_picked":["Scrawl","LessonLearned"],"picked":"DevaForm","floor":16},{"not_picked":["Replay:AtTheReady","WreathOfFlame"],"picked":"CarveReality+1","floor":18},{"not_picked":["BowlingBash+1","Halt"],"picked":"FlyingSleeves","floor":19},{"not_picked":["Replay:AllIn","Replay:ManipulateFuture"],"picked":"ForeignInfluence+1","floor":21},{"not_picked":["Prostrate","Vengeance"],"picked":"EmptyBody","floor":24},{"not_picked":["Protect","Replay:ManipulateFuture+1"],"picked":"JustLucky","floor":25},{"not_picked":["Crescendo","ReachHeaven","Prostrate"],"picked":"TalkToTheHand+1","floor":28},{"not_picked":["Weave","Replay:AtTheReady","PathToVictory+1","Replay:Battleflow"],"picked":"SKIP","floor":29},{"not_picked":["LessonLearned","Alpha","Vault"],"picked":"Ragnarok","floor":33},{"not_picked":["FlyingSleeves","Study","ClearTheMind+1"],"picked":"WindmillStrike+1","floor":35},{"not_picked":["Halt+1","SashWhip","Vengeance"],"picked":"Wallop","floor":36},{"not_picked":["PathToVictory","Replay:ManipulateFuture","Consecrate"],"picked":"ReachHeaven+1","floor":37},{"not_picked":["Adaptation","Replay:Battleflow","Vault","Sanctity"],"picked":"SKIP","floor":39},{"not_picked":["JustLucky+1","FlyingSleeves","ReachHeaven+1"],"picked":"WheelKick","floor":41},{"not_picked":["Devotion","Nirvana+1","BattleHymn+1","BowlingBash+1"],"picked":"SKIP","floor":42},{"not_picked":["Vengeance+1","Halt+1","Replay:BluntJabs"],"picked":"Replay:Anticipation","floor":44},{"not_picked":["PathToVictory","Sanctity","JustLucky+1"],"picked":"EmptyBody","floor":46},{"not_picked":["Replay:AtTheReady","JustLucky+1","ThirdEye+1"],"picked":"CutThroughFate+1","floor":47},{"not_picked":["Crescendo+1","Replay:BluntJabs+1","EmptyBody+1"],"picked":"EmptyFist","floor":48}],"player_experience":619811,"relics_obtained":[{"floor":5,"key":"Pet Ghost"},{"floor":7,"key":"CloakClasp"},{"floor":9,"key":"Shuriken"},{"floor":25,"key":"Bronze Scales"},{"floor":26,"key":"Question Card"},{"floor":28,"key":"Centennial Puzzle"},{"floor":38,"key":"Thread and Needle"},{"floor":42,"key":"Replay:Bottled Flurry"},{"floor":43,"key":"Bag of Preparation"},{"floor":44,"key":"Replay:Mystery Machine"},{"floor":46,"key":"InkBottle"}],"event_choices":[{"damage_healed":0,"gold_gain":0,"player_choice":"Trade","damage_taken":0,"relics_obtained":["FaceOfCleric"],"max_hp_gain":0,"max_hp_loss":0,"event_name":"FaceTrader","floor":2,"gold_loss":0},{"damage_healed":0,"gold_gain":0,"player_choice":"Success","damage_taken":12,"relics_obtained":["Replay:Bottled Snecko"],"max_hp_gain":0,"max_hp_loss":0,"event_name":"Scrap Ooze","floor":4,"gold_loss":0},{"damage_healed":0,"gold_gain":0,"player_choice":"Rummage","damage_taken":0,"relics_obtained":["WarpedTongs"],"max_hp_gain":0,"max_hp_loss":0,"event_name":"Accursed Blacksmith","floor":8,"gold_loss":0,"cards_obtained":["Pain"]},{"damage_healed":0,"gold_gain":0,"player_choice":"Paid Gold","damage_taken":0,"relics_obtained":["Simple Rune"],"max_hp_gain":0,"max_hp_loss":0,"event_name":"WeMeetAgain","floor":31,"gold_loss":89},{"damage_healed":0,"gold_gain":0,"player_choice":"Fight","damage_taken":0,"max_hp_gain":0,"max_hp_loss":0,"event_name":"MindBloom","floor":38,"gold_loss":0}],"is_beta":false,"boss_relics":[{"not_picked":["Replay:Drink Me","Replay:Ancient Bell"],"picked":"Painkiller Herb"},{"not_picked":["HolyWater","Astrolabe"],"picked":"Empty Cage"}],"items_purged_floors":[12],"is_endless":false,"potions_floor_spawned":[7,11,13,21,25,29,33,39,41,42,47],"ascension_level":9}}