{"host":"8is2j71l4wmybkoi","time":1613054009,"event":{"mods":["AchievementEnabler","BaseMod","Colored Map","Minty Spire (QoL Compilation)","Rare Cards Sparkle","StSLib","SuperFastMode"],"gold_per_floor":[114,39,56,68,68,68,102,102,102,102,136,61,86,111,123,135,135],"floor_reached":16,"language":"KOR","playtime":418,"items_purged":["Defend_B"],"score":336,"play_id":"34b54717-c619-4cd5-bf60-99e66de077c9","local_time":"20210211233329","is_ascension_mode":true,"campfire_choices":[{"data":"Zap","floor":6,"key":"SMITH"},{"data":"Dualcast","floor":8,"key":"SMITH"},{"floor":10,"key":"RECALL"},{"data":"Recycle","floor":15,"key":"SMITH"}],"circlet_count":0,"master_deck":["AscendersBane","Strike_B","Strike_B","Strike_B","Defend_B","Defend_B","Defend_B","Zap+1","Dualcast+1","Auto Shields","Sunder+1","Gash","Glacier","Sweeping Beam","Recycle+1","Fission","Hologram"],"relics":["Cracked Core","Singing Bowl","Anchor","Nunchaku","MawBank"],"acts_visited":["Exordium"],"potions_floor_usage":[7,11],"damage_taken":[{"damage":4,"enemies":"2 Louse","floor":1,"turns":2},{"damage":0,"enemies":"Jaw Worm","floor":3,"turns":3},{"damage":0,"enemies":"Cultist","floor":4,"turns":3},{"damage":0,"enemies":"3 Sentries","floor":7,"turns":6},{"damage":0,"enemies":"Gremlin Nob","floor":11,"turns":3},{"damage":30,"enemies":"Lagavulin","floor":13,"turns":5},{"damage":0,"enemies":"Gremlin Gang","floor":14,"turns":3},{"damage":34,"enemies":"Hexaghost","floor":16,"turns":11}],"seed_played":"4270716015321388123","potions_obtained":[{"floor":1,"key":"SkillPotion"},{"floor":4,"key":"DistilledChaos"},{"floor":11,"key":"Fire Potion"},{"floor":14,"key":"Ancient Potion"}],"is_trial":false,"path_per_floor":["M","?","M","M","?","R","E","R","T","R","E","$","E","M","R","B"],"character_chosen":"DEFECT","items_purchased":[],"campfire_rested":0,"item_purchase_floors":[],"current_hp_per_floor":[60,60,60,60,60,60,60,60,60,60,60,60,30,30,30,0,0],"gold":135,"neow_bonus":"THREE_CARDS","is_daily":false,"chose_seed":false,"campfire_upgraded":3,"win_rate":0.0,"timestamp":1613054009,"path_taken":["M","?","M","M","?","R","E","R","T","R","E","$","E","?","R","BOSS"],"items_purchased_type":[],"build_version":"2020-12-22","purchased_purges":1,"victory":false,"max_hp_per_floor":[71,71,71,71,71,71,71,71,71,71,71,71,71,71,71,71,71],"card_choices":[{"not_picked":["Go for the Eyes","Cold Snap"],"picked":"Auto Shields","floor":0},{"not_picked":["Static Discharge","Turbo"],"picked":"Sunder","floor":1},{"not_picked":["Scrape","Loop"],"picked":"Gash","floor":3},{"not_picked":["Compile Driver","Double Energy"],"picked":"Glacier","floor":4},{"not_picked":["Ball Lightning","Cold Snap"],"picked":"Sweeping Beam","floor":7},{"not_picked":["Streamline","BootSequence"],"picked":"Recycle","floor":11},{"not_picked":["Double Energy","Steam"],"picked":"Fission","floor":13},{"not_picked":["Conserve Battery","Storm"],"picked":"Hologram","floor":14}],"player_experience":1149477,"relics_obtained":[{"floor":7,"key":"Singing Bowl"},{"floor":9,"key":"Anchor"},{"floor":11,"key":"Nunchaku"},{"floor":13,"key":"MawBank"}],"event_choices":[{"cards_removed":["Strike_B"],"damage_healed":0,"gold_gain":0,"player_choice":"Card Removal","damage_taken":0,"max_hp_gain":0,"max_hp_loss":0,"event_name":"The Cleric","floor":2,"gold_loss":75},{"damage_healed":0,"gold_gain":0,"player_choice":"Upgraded","damage_taken":0,"max_hp_gain":0,"max_hp_loss":0,"event_name":"Upgrade Shrine","floor":5,"gold_loss":0,"cards_upgraded":["Sunder"]}],"is_beta":false,"boss_relics":[],"items_purged_floors":[12],"is_endless":false,"potions_floor_spawned":[1,4,11,14],"killed_by":"Hexaghost","ascension_level":20}}