{"host":"8qpl9oe08dw5eaib","time":1613019705,"event":{"mods":["Act Like it!","BaseMod","Colored Map","Downfall","Minty Spire (QoL Compilation)","StSLib"],"gold_per_floor":[99,113,113,124,134,149,172,172,185,198,198,209,309,143,158,262,262,262,273,288,304,314,344,344,344,344,344,344],"floor_reached":26,"language":"ENG","playtime":4413,"items_purged":["Guardian:Strike_Guardian"],"score":274,"play_id":"9867f021-6fd3-4195-9bfb-9c011a3bc38d","local_time":"20210211000145","is_ascension_mode":false,"campfire_choices":[{"data":"Guardian:TwinSlam","floor":1,"key":"SMITH"},{"data":"Guardian:PrismaticBeam","floor":8,"key":"SMITH"}],"circlet_count":0,"master_deck":["Guardian:Strike_Guardian","Guardian:Strike_Guardian","Guardian:Strike_Guardian","Guardian:Defend_Guardian","Guardian:Defend_Guardian","Guardian:Defend_Guardian","Guardian:Defend_Guardian","Guardian:CurlUp","Guardian:TwinSlam+1","Guardian:PrimingBeam","Guardian:PrismaticBeam+1","Guardian:PolyBeam","Guardian:AncientConstruct","Guardian:Reroute","CurseOfTheBell","CurseOfTheBell","Regret","Guardian:TemporalStrike","Guardian:Repulse","Guardian:BronzeArmor","Guardian:RevengeProtocol","Guardian:Gem_Purple","Guardian:Gem_Crimson","Guardian:DecasProtection","Guardian:CrystalBeam+1","Guardian:Gem_Crimson","Guardian:ShieldSpikes"],"relics":["Guardian:ModeShifter","Guardian:PickAxe","downfall:ExtraCursedBell","Happy Flower","White Beast Statue","Du-Vu Doll","Sozu","Nunchaku","TungstenRod"],"acts_visited":["Exordium","TheCity"],"potions_floor_usage":[5,6,10,11,16,16,23],"damage_taken":[{"damage":2,"enemies":"2 Louse","floor":2,"turns":4},{"damage":0,"enemies":"Cultist","floor":4,"turns":4},{"damage":1,"enemies":"Jaw Worm","floor":5,"turns":3},{"damage":2,"enemies":"3 Louse","floor":6,"turns":4},{"damage":19,"enemies":"Exordium Wildlife","floor":9,"turns":6},{"damage":3,"enemies":"Gremlin Gang","floor":10,"turns":4},{"damage":8,"enemies":"Gremlin Gang","floor":11,"turns":5},{"damage":4,"enemies":"2 Fungi Beasts","floor":12,"turns":4},{"damage":9,"enemies":"downfall:FleeingMerchant","floor":14,"turns":4},{"damage":2,"enemies":"Lots of Slimes","floor":15,"turns":3},{"damage":2,"enemies":"SI_SHIV_ARCHETYPE","floor":16,"turns":6},{"damage":12,"enemies":"Shell Parasite","floor":19,"turns":4},{"damage":2,"enemies":"Chosen","floor":20,"turns":3},{"damage":10,"enemies":"3 Cultists","floor":21,"turns":5},{"damage":16,"enemies":"Sentry and Sphere","floor":22,"turns":6},{"damage":27,"enemies":"Slavers","floor":23,"turns":6},{"damage":21,"enemies":"Snecko","floor":26,"turns":3}],"seed_played":"5013325990603175714","potions_obtained":[{"floor":2,"key":"SteroidPotion"},{"floor":3,"key":"Guardian:BlockOnCardUsePotion"},{"floor":3,"key":"Strength Potion"},{"floor":5,"key":"DistilledChaos"},{"floor":9,"key":"BlessingOfTheForge"},{"floor":14,"key":"SpeedPotion"},{"floor":15,"key":"Guardian:StasisDiscoveryPotion"},{"floor":16,"key":"champ:CounterPotion"}],"is_trial":false,"path_per_floor":["R","M","?","M","M","M","T","R","M","M","?","M","?","$","M","B",null,"R","M","M","M","M","E","T","?","M"],"character_chosen":"GUARDIAN","items_purchased":["Guardian:Repulse"],"campfire_rested":0,"item_purchase_floors":[14],"current_hp_per_floor":[88,86,86,86,85,83,83,83,64,61,53,49,49,40,38,36,88,88,76,74,64,48,21,21,21,0,0,0],"gold":344,"neow_bonus":"TEN_PERCENT_HP_BONUS","is_daily":false,"chose_seed":false,"campfire_upgraded":2,"win_rate":0.0,"timestamp":1613019705,"path_taken":["R","M","?","M","?","M","T","R","?","M","?","M","?","?","M","BOSS","R","M","M","M","?","E","T","?","M"],"items_purchased_type":["Card"],"build_version":"2020-12-22","purchased_purges":1,"victory":false,"max_hp_per_floor":[88,88,88,88,88,88,88,88,88,88,88,88,88,88,88,88,88,88,88,88,88,88,88,88,88,88,88,88],"card_choices":[{"not_picked":["Guardian:ShieldSpikes","Guardian:TemporalShield"],"picked":"Guardian:Gem_Cyan","floor":2},{"not_picked":["Guardian:PolyBeam","Guardian:Gem_White"],"picked":"Guardian:PrimingBeam","floor":4},{"not_picked":["Guardian:AncientConstruct","Guardian:Gem_Crimson"],"picked":"Guardian:PrismaticBeam","floor":5},{"not_picked":["Guardian:PiercingHide","Guardian:Reroute"],"picked":"Guardian:PolyBeam","floor":6},{"not_picked":["Guardian:Planning","Guardian:WalkerClaw"],"picked":"Guardian:AncientConstruct","floor":9},{"not_picked":["Guardian:TimeBomb","Guardian:Gem_Red"],"picked":"Guardian:Gem_Green","floor":10},{"not_picked":["Guardian:ChargeCore","Guardian:Harden"],"picked":"Guardian:Reroute","floor":12},{"not_picked":["Guardian:PrismaticBeam","Guardian:Gem_Green"],"picked":"Guardian:TemporalStrike","floor":14},{"not_picked":["Guardian:Planning","Guardian:ShieldSpikes"],"picked":"Guardian:BronzeArmor","floor":15},{"not_picked":["Guardian:HyperBeam_Guardian","Guardian:FastForward"],"picked":"Guardian:RevengeProtocol","floor":16},{"not_picked":["Guardian:Gem_Lightblue","Guardian:Incinerate+1"],"picked":"Guardian:DecasProtection","floor":19},{"not_picked":["Guardian:Reroute+1","Guardian:BodySlam"],"picked":"Guardian:CrystalBeam+1","floor":20},{"not_picked":["Guardian:TimeCapacitor","Guardian:RollAttack","Guardian:Reroute+1"],"picked":"SKIP","floor":21},{"not_picked":["Guardian:Gem_Cyan","Guardian:Planning+1"],"picked":"Guardian:Gem_Crimson","floor":22},{"not_picked":["Guardian:Harden","Guardian:Repulse+1"],"picked":"Guardian:ShieldSpikes","floor":23}],"player_experience":201825,"relics_obtained":[{"floor":13,"key":"Happy Flower"},{"floor":13,"key":"White Beast Statue"},{"floor":13,"key":"Du-Vu Doll"},{"floor":23,"key":"Nunchaku"},{"floor":24,"key":"TungstenRod"}],"event_choices":[{"damage_healed":0,"gold_gain":0,"player_choice":"Got Potions","damage_taken":0,"max_hp_gain":0,"max_hp_loss":0,"event_name":"Lab","floor":3,"gold_loss":0}],"is_beta":false,"boss_relics":[{"not_picked":["Busted Crown","Fusion Hammer"],"picked":"Sozu"}],"items_purged_floors":[14],"is_endless":false,"potions_floor_spawned":[2,5,9,14,15,16,19,20,21,22,23],"killed_by":"Snecko","ascension_level":0}}