{"host":"p4v0hquynnreu717","time":1613056524,"event":{"mods":["BaseMod","Better Vampires","DeckTracker","Googly Eyes","Minty Spire (QoL Compilation)","Quick Restart","StSLib","SuperFastMode"],"gold_per_floor":[116,116,116,133,53,53,85,101,101,101,116,116,41,65,65,155,155,180,180,180,180,193,193,108,108,154,154,79,92,92,106,106,185,185,197,213,213,228,238,238,270,270,297,312,345,388,450,450,450,480,480,480,84,119,119],"floor_reached":56,"language":"ZHS","playtime":2406,"items_purged":["Defend_P","Strike_P+1"],"score":2206,"play_id":"da20f2f1-37c4-4e56-952b-2bc153202d0f","local_time":"20210211231524","is_ascension_mode":true,"campfire_choices":[{"data":"Eruption","floor":6.0,"key":"SMITH"},{"floor":10.0,"key":"REST"},{"data":"Tantrum","floor":15.0,"key":"SMITH"},{"data":"InnerPeace","floor":23.0,"key":"SMITH"},{"data":"MentalFortress","floor":25.0,"key":"SMITH"},{"data":"SpiritShield","floor":27.0,"key":"SMITH"},{"data":"Vigilance","floor":30.0,"key":"SMITH"},{"floor":32.0,"key":"RECALL"},{"floor":40.0,"key":"REST"},{"floor":42.0,"key":"REST"},{"floor":49,"key":"REST"},{"floor":52,"key":"REST"}],"circlet_count":0,"master_deck":["AscendersBane","Strike_P+1","Strike_P+1","Eruption+1","Vigilance+1","Wireheading+1","SpiritShield+1","Evaluate+1","Tantrum+1","MentalFortress+1","InnerPeace+1","LessonLearned+1","Adaptation+1","Omniscience+1","Purity+1","ClearTheMind+1","Wish+1","MasterReality+1"],"relics":["PureWater","InkBottle","HornCleat","Frozen Egg 2","Bloody Idol","VioletLotus","Turnip","Omamori","Calling Bell","Strawberry","TeardropLocket","Bird Faced Urn","Meat on the Bone","Orichalcum","Medical Kit","Sundial"],"acts_visited":["Exordium","TheCity","TheBeyond","TheEnding"],"potions_floor_usage":[55,55],"damage_taken":[{"damage":2.0,"enemies":"2 Louse","floor":1.0,"turns":3.0},{"damage":3.0,"enemies":"Small Slimes","floor":4.0,"turns":6.0},{"damage":32.0,"enemies":"Lagavulin","floor":7.0,"turns":5.0},{"damage":7.0,"enemies":"Jaw Worm","floor":8.0,"turns":3.0},{"damage":0.0,"enemies":"Looter","floor":11.0,"turns":4.0},{"damage":0.0,"enemies":"2 Fungi Beasts","floor":14.0,"turns":2.0},{"damage":0.0,"enemies":"Slime Boss","floor":16.0,"turns":6.0},{"damage":0.0,"enemies":"Spheric Guardian","floor":18.0,"turns":3.0},{"damage":11.0,"enemies":"Shell Parasite","floor":22.0,"turns":9.0},{"damage":17.0,"enemies":"Sentry and Sphere","floor":29.0,"turns":7.0},{"damage":2.0,"enemies":"Shelled Parasite and Fungi","floor":31.0,"turns":5.0},{"damage":0.0,"enemies":"Collector","floor":33.0,"turns":7.0},{"damage":10.0,"enemies":"3 Shapes","floor":35.0,"turns":6.0},{"damage":16.0,"enemies":"Orb Walker","floor":36.0,"turns":2.0},{"damage":24.0,"enemies":"Transient","floor":38.0,"turns":5.0},{"damage":20.0,"enemies":"3 Darklings","floor":39.0,"turns":3.0},{"damage":1.0,"enemies":"Giant Head","floor":41.0,"turns":5.0},{"damage":5.0,"enemies":"Sphere and 2 Shapes","floor":44.0,"turns":2.0},{"damage":18.0,"enemies":"Reptomancer","floor":45.0,"turns":2.0},{"damage":0,"enemies":"Transient","floor":46,"turns":5},{"damage":0,"enemies":"Maw","floor":47,"turns":6},{"damage":14,"enemies":"Donu and Deca","floor":50,"turns":3},{"damage":0,"enemies":"Shield and Spear","floor":54,"turns":2},{"damage":34,"enemies":"The Heart","floor":55,"turns":5}],"seed_played":"-2473785438391572786","potions_obtained":[{"floor":7.0,"key":"ColorlessPotion"},{"floor":11.0,"key":"FearPotion"},{"floor":16.0,"key":"Fire Potion"},{"floor":22.0,"key":"Fruit Juice"},{"floor":29.0,"key":"Ambrosia"},{"floor":35.0,"key":"Fruit Juice"},{"floor":41.0,"key":"Fire Potion"},{"floor":45.0,"key":"PowerPotion"}],"is_trial":false,"path_per_floor":["M","?","?","M","$","R","E","M","T","R","M","?","?","M","R","B",null,"M","?","?","?","M","R","?","R","T","R","$","M","R","M","R","B",null,"M","M","?","M","M","R","E","R","T","M","E","M","M","?","R","B",null,"R","$","E","B",null],"character_chosen":"WATCHER","items_purchased":["Tantrum","Medical Kit","MasterReality+1"],"campfire_rested":5,"item_purchase_floors":[5,53,53],"current_hp_per_floor":[41,30,52,49,49,49,17,10,10,30,30,30,30,30,30,30,54,54,54,54,54,48,48,48,48,53,53,53,46,46,49,49,54,71,72,63,53,38,31,53,63,74,74,74,61,74,74,74,74,71,73,74,74,74,53],"gold":119,"neow_bonus":"TRANSFORM_TWO_CARDS","is_daily":false,"chose_seed":false,"campfire_upgraded":6,"win_rate":0.0,"timestamp":1613056524,"path_taken":["M","?","?","M","?","R","E","M","T","R","M","?","?","M","R","BOSS","M","?","?","?","?","R","?","R","T","R","$","M","R","M","R","BOSS","M","M","?","M","M","R","E","R","T","M","E","M","M","?","R","BOSS","R","$","E","BOSS"],"items_purchased_type":["Card","Relic","Card"],"build_version":"2020-12-22","purchased_purges":2,"victory":true,"max_hp_per_floor":[68,68,68,68,68,68,68,68,68,68,68,62,62,62,62,62,62,62,62,62,62,62,62,62,62,62,62,62,67,67,67,67,67,74,74,74,74,74,74,74,74,74,74,74,74,74,74,74,74,74,74,74,74,74,79],"card_choices":[{"not_picked":["Swivel","EmptyFist"],"picked":"Evaluate","floor":1.0},{"not_picked":["CutThroughFate","Pray","Protect"],"picked":"SKIP","floor":4.0},{"not_picked":["Prostrate","Evaluate","CrushJoints"],"picked":"SKIP","floor":7.0},{"not_picked":["Halt","EmptyMind"],"picked":"MentalFortress","floor":8.0},{"not_picked":["JustLucky","Protect","Prostrate"],"picked":"SKIP","floor":11.0},{"not_picked":["Protect","PathToVictory"],"picked":"InnerPeace","floor":14.0},{"not_picked":["DevaForm+1","Ragnarok"],"picked":"LessonLearned","floor":16.0},{"not_picked":["Weave","Evaluate","CrushJoints"],"picked":"SKIP","floor":18.0},{"not_picked":["SashWhip","BowlingBash","ThirdEye"],"picked":"SKIP","floor":22.0},{"not_picked":["CutThroughFate","LessonLearned"],"picked":"Adaptation+1","floor":29.0},{"not_picked":["EmptyBody","EmptyFist","SashWhip"],"picked":"SKIP","floor":31.0},{"not_picked":["Ragnarok","SpiritShield"],"picked":"Omniscience","floor":33.0},{"not_picked":["JustLucky+1","ThirdEye","Vengeance"],"picked":"SKIP","floor":35.0},{"not_picked":["Halt+1","Nirvana+1","EmptyFist"],"picked":"SKIP","floor":36.0},{"not_picked":["Dramatic Entrance","Mayhem+1"],"picked":"Purity","floor":37.0},{"not_picked":["Prostrate","EmptyBody+1","JustLucky"],"picked":"SKIP","floor":38.0},{"not_picked":["FollowUp","PathToVictory"],"picked":"ClearTheMind+1","floor":39.0},{"not_picked":["FlyingSleeves+1","Pray","Protect+1"],"picked":"SKIP","floor":41.0},{"not_picked":["Prostrate","Conclude","Wallop+1"],"picked":"SKIP","floor":44.0},{"not_picked":["SashWhip","PathToVictory"],"picked":"Wish","floor":45.0},{"not_picked":["ThirdEye+1","FlyingSleeves+1","FollowUp"],"picked":"SKIP","floor":46},{"not_picked":["SashWhip","FlurryOfBlows","Prostrate+1"],"picked":"SKIP","floor":47},{"not_picked":["InnerPeace","EmptyFist","SignatureMove"],"picked":"SKIP","floor":54}],"player_experience":846702,"relics_obtained":[{"floor":7.0,"key":"HornCleat"},{"floor":9.0,"key":"Frozen Egg 2"},{"floor":26.0,"key":"Omamori"},{"floor":34.0,"key":"Strawberry"},{"floor":34.0,"key":"TeardropLocket"},{"floor":34.0,"key":"Bird Faced Urn"},{"floor":41.0,"key":"Meat on the Bone"},{"floor":45.0,"key":"Orichalcum"},{"floor":54,"key":"Sundial"}],"event_choices":[{"damage_healed":0.0,"max_hp_gain":0.0,"max_hp_loss":0.0,"gold_gain":0.0,"event_name":"Scrap Ooze","player_choice":"Success","floor":2.0,"gold_loss":0.0,"damage_taken":11.0,"relics_obtained":["InkBottle"]},{"damage_healed":22.0,"max_hp_gain":0.0,"max_hp_loss":0.0,"gold_gain":0.0,"event_name":"Big Fish","player_choice":"Banana","floor":3.0,"gold_loss":0.0,"damage_taken":0.0},{"damage_healed":0.0,"max_hp_gain":0.0,"max_hp_loss":6.0,"gold_gain":0.0,"event_name":"Golden Idol","player_choice":"Lose Max HP","floor":12.0,"gold_loss":0.0,"damage_taken":0.0,"relics_obtained":["Golden Idol"]},{"cards_removed":["Defend_P"],"damage_healed":0.0,"max_hp_gain":0.0,"max_hp_loss":0.0,"gold_gain":0.0,"event_name":"The Cleric","player_choice":"Card Removal","floor":13.0,"gold_loss":75.0,"damage_taken":0.0},{"damage_healed":0.0,"max_hp_gain":0.0,"max_hp_loss":0.0,"gold_gain":0.0,"event_name":"Forgotten Altar","player_choice":"Gave Idol","floor":19.0,"relics_lost":["Golden Idol"],"gold_loss":0.0,"damage_taken":0.0,"relics_obtained":["Bloody Idol"]},{"damage_healed":0.0,"max_hp_gain":0.0,"max_hp_loss":0.0,"gold_gain":0.0,"event_name":"Vampires","player_choice":"Ignored","floor":20.0,"gold_loss":0.0,"damage_taken":0.0},{"cards_removed":["Strike_P"],"damage_healed":0.0,"max_hp_gain":0.0,"max_hp_loss":0.0,"gold_gain":0.0,"event_name":"Back to Basics","player_choice":"Elegance","floor":21.0,"gold_loss":0.0,"damage_taken":0.0},{"damage_healed":0.0,"max_hp_gain":0.0,"max_hp_loss":0.0,"gold_gain":0.0,"event_name":"Addict","player_choice":"Obtained Relic","floor":24.0,"gold_loss":85.0,"damage_taken":0.0,"relics_obtained":["Turnip"]},{"damage_healed":0.0,"max_hp_gain":0.0,"max_hp_loss":0.0,"gold_gain":0.0,"event_name":"SensoryStone","player_choice":"Memory 3","floor":37.0,"gold_loss":0.0,"damage_taken":10.0},{"damage_healed":0,"gold_gain":0,"player_choice":"Forge","damage_taken":0,"max_hp_gain":0,"max_hp_loss":0,"event_name":"Accursed Blacksmith","floor":48,"gold_loss":0,"cards_upgraded":["Wish"]}],"is_beta":false,"boss_relics":[{"not_picked":["Busted Crown","SacredBark"],"picked":"VioletLotus"},{"not_picked":["Velvet Choker","Coffee Dripper"],"picked":"Calling Bell"}],"items_purged_floors":[28,53],"is_endless":false,"potions_floor_spawned":[7,11,16,22,29,35,41,45,54],"ascension_level":15}}