{"host":"4c7oxphrh4ok8x7u","time":1613057963,"event":{"mods":["100% Spire Juice","2.2 Compatiblity","Act Like it!","Arknights","Aspiration","BaseMod","Beaked The Cultist","Better Skull","Better Vampires","BetterRewards","Bossed Relics","Challenge The Spire","Conjunction","Conspire","Custom Start","Dota2Spire","Downfall","Ekko","Evolution","Fiend Mod","Friendly Minions","FruityMod","GifTheSpireLib","Good Game Mod","Halation","Hermit","HololiveMod","Hubris","Hyrulean Relics","Jedi Mod","Jess\u0027s Bottle","Kratos Character Expansion","Minty Spire (QoL Compilation)","MostiFishMod","Permanent Neow","Poor People Problems","Prisma Mod","Quarter Circle Forward PUNCH!","RatMod","Reliquary","Replay The Spire","Robot Space Explorer","SCP261 Mod","Shade Mod","Slay the Relics Exporter","Small Relic Pack","Spicy Shops","Spikes Relics","Spires And Sneckos","StS++","StSLib","Stuff the Spire","The Animator","The Blue Laboratory","The Death Knight","The Edgeheg","The Exalted","The Fake Hero","The Marked","The Necromancer","The Servant 0.9.4","The Trickster","The Wild Card","TheVacant","TheWitcher","Wandering Minibosses","WarShipGirlsR/????R mod"],"gold_per_floor":[99,109,125,125,139,139,439,473,485,502,518,545,645,660,672,769,769,669,687,697,547,22,41,41,41,52,77,90,105,5,35,48,147,147,147,164,164,255,274,274,301,0,15,25,37,51,51,63,74,74],"floor_reached":51,"language":"RUS","playtime":2473,"items_purged":["Doubt"],"score":1161,"play_id":"db8b92fd-da8b-47b3-8eb5-3bac90f20e38","local_time":"20210211183923","is_ascension_mode":false,"campfire_choices":[{"floor":18,"key":"RECALL"},{"data":"BlessedFruit","floor":25,"key":"SMITH"},{"data":"Searing Blow+31","floor":30,"key":"SMITH"},{"floor":35,"key":"DIG"},{"data":"1","floor":40,"key":"LIFT"}],"circlet_count":0,"master_deck":["hexamod:SpectersWail+1","hexamod:SpectersWail+1","hexamod:SpectersWail+1","hexamod:GhostShield+1","hexamod:Defend+1","hexamod:Defend+1","hexamod:Defend+1","hexamod:Sear+1","hexamod:Float+1","MostiFishMod:DawningShadow+1","hexamod:SixthSeal","hexamod:UnlimitedPower+1","hexamod:InspiringFlames+1","hexamod:HauntingEcho+1","hexamod:GhostOfSpirePast+1","hexamod:EmpoweredFlame+1","hexamod:AdvancingGuard+1","hexamod:PhantomFireball+1","Dark Embrace+1","Searing Blow+50","hexamod:SixthSeal","hexamod:Incineration+1","hexamod:BacktrackSmack+1","hexamod:VolcanoVisage+1","hexamod:ChargedBarrage+1","hexamod:BurningTouch+1","BlessedFruit+1","BlessedFruit+1","hexamod:HexaLevel+1","hexamod:GhostOfSpirePresent+1","hexamod:FourthSeal"],"relics":["DaveBox","REME:ComplimentaryCards","FeatherPendant","m_DevilBlood","Replay:Rubber Ducky","Old Coin","reliquary:PrincelyHelmet","Happy Flower","Toy Ornithopter","wanderingMiniBosses:ThiefScarf","EVO:Axolotl","aspiration:RunicSpoon","downfall:HeartBlessingGreen","Guide Book","PreservedInsect","Medical Kit","StSpp:BrokenTotem","HeavenlyBonsai","Anchor","downfall:HeartBlessingRed","StoneCalendar","CosmicIsotope","Girya","Strange Spoon","StuffTheSpire:BottledEssence","Replay:Towering Pillar of Hats","relicPack:OneForAll"],"acts_visited":["Exordium","TheCity","TheBeyond"],"potions_floor_usage":[13,20,22],"damage_taken":[{"damage":3,"enemies":"conspire:RoseBush","floor":2,"turns":3},{"damage":3,"enemies":"Small Slimes","floor":3,"turns":3},{"damage":14,"enemies":"Jaw Worm","floor":5,"turns":5},{"damage":0,"enemies":"Replay:BlueRogue","floor":8,"turns":3},{"damage":0,"enemies":"Red Slaver","floor":9,"turns":2},{"damage":0,"enemies":"Exordium Wildlife","floor":10,"turns":2},{"damage":0,"enemies":"conspire:2 RoseBushes","floor":11,"turns":1},{"damage":0,"enemies":"3 Sentries","floor":12,"turns":4},{"damage":0,"enemies":"downfall:LadyInBlue","floor":13,"turns":7},{"damage":0,"enemies":"3 Louse","floor":14,"turns":2},{"damage":0,"enemies":"Gremlin Gang","floor":15,"turns":1},{"damage":0,"enemies":"WA_ARCHETYPE_RETAIN","floor":16,"turns":4},{"damage":0,"enemies":"conspire:FuzzyDice","floor":19,"turns":3},{"damage":0,"enemies":"Shelled Parasite and Fungi","floor":20,"turns":2},{"damage":8,"enemies":"downfall:FleeingMerchant","floor":22,"turns":4},{"damage":0,"enemies":"Snake Plant","floor":23,"turns":1},{"damage":0,"enemies":"Cultist and Chosen","floor":26,"turns":4},{"damage":0,"enemies":"Book of Stabbing","floor":27,"turns":3},{"damage":2,"enemies":"Centurion and Healer","floor":28,"turns":3},{"damage":0,"enemies":"Snake Plant","floor":29,"turns":2},{"damage":0,"enemies":"Replay:Snechameleon","floor":31,"turns":2},{"damage":0,"enemies":"conspire:HollyBat","floor":32,"turns":6},{"damage":0,"enemies":"DF_ARCHETYPE_CLAW","floor":33,"turns":4},{"damage":0,"enemies":"3 Darklings","floor":36,"turns":3},{"damage":0,"enemies":"downfall:FleeingMerchant","floor":38,"turns":1},{"damage":0,"enemies":"3 Shapes","floor":39,"turns":3},{"damage":0,"enemies":"3 Darklings","floor":43,"turns":1},{"damage":0,"enemies":"Writhing Mass","floor":44,"turns":2},{"damage":4,"enemies":"Sphere and 2 Shapes","floor":45,"turns":3},{"damage":0,"enemies":"Maw","floor":46,"turns":3},{"damage":0,"enemies":"Transient","floor":48,"turns":1},{"damage":0,"enemies":"Sphere and 2 Shapes","floor":49,"turns":3},{"damage":2,"enemies":"SI_POISON_ARCHETYPE","floor":50,"turns":2}],"seed_played":"-8917604489414504595","potions_obtained":[{"floor":2,"key":"BlessingOfTheForge"},{"floor":8,"key":"blueLaboratory:PyrophylliteBrew"},{"floor":12,"key":"AttackPotion"},{"floor":13,"key":"Fruit Juice"},{"floor":13,"key":"StSpp:ScatteredPotion"},{"floor":20,"key":"ColorlessPotion"},{"floor":23,"key":"Guardian:BlockOnCardUsePotion"}],"is_trial":false,"path_per_floor":["R","M","M","?","M","?","T","E","M","M","M","E","?","M","M","B",null,"R","M","M","?","$","M","T","R","M","E","M","M","R","E","M","B",null,"R","M","?","$","M","R","T","$","M","M","M","M","?","M","M","B",null],"character_chosen":"THE_SPIRIT","items_purchased":["Guide Book","PreservedInsect","Medical Kit","StSpp:BrokenTotem","Strange Spoon","StuffTheSpire:BottledEssence","Replay:Towering Pillar of Hats"],"campfire_rested":0,"item_purchase_floors":[22,22,22,22,38,38,42],"current_hp_per_floor":[49,46,43,43,31,28,28,34,40,42,46,52,60,62,64,66,70,70,70,75,85,85,85,85,85,93,101,113,121,121,129,137,145,145,145,153,153,157,169,169,169,169,173,185,193,193,193,193,197,201],"gold":74,"neow_bonus":"THREE_RARE_CARDS","is_daily":false,"chose_seed":false,"campfire_upgraded":2,"win_rate":0.0,"timestamp":1613057963,"path_taken":["R","M","M","?","M","?","T","E","M","M","M","E","?","?","M","BOSS","R","M","M","?","$","M","T","R","M","E","M","?","R","E","M","BOSS","R","M","?","$","M","R","T","$","M","M","M","M","?","M","M","BOSS"],"items_purchased_type":["Relic","Relic","Relic","Relic","Relic","Relic","Relic"],"build_version":"2020-12-22","purchased_purges":1,"victory":true,"max_hp_per_floor":[70,70,70,70,70,70,70,70,70,70,70,70,70,70,70,70,70,70,70,75,85,85,85,85,85,93,101,113,121,121,129,137,145,145,145,153,153,157,169,169,169,169,173,185,193,193,193,193,197,201],"card_choices":[{"not_picked":["hexamod:ParanormalForm","hexamod:WildfireWeapon"],"picked":"hexamod:SixthSeal","floor":0},{"not_picked":["hexamod:DynamicBlow","hexamod:NightmareGuise"],"picked":"hexamod:InspiringFlames","floor":2},{"not_picked":["hexamod:SpectersWail","hexamod:CatchUp"],"picked":"hexamod:HauntingEcho","floor":3},{"not_picked":["Defy Death","hexamod:RadiantFlame"],"picked":"hexamod:GhostOfSpirePast","floor":5},{"not_picked":["hexamod:SixthSeal","hexamod:GhostShield"],"picked":"hexamod:EmpoweredFlame","floor":8},{"not_picked":["hexamod:SpectersWail","hexamod:GhostShield"],"picked":"hexamod:AdvancingGuard","floor":9},{"not_picked":["hexamod:InspiringFlames","True Grit"],"picked":"hexamod:PhantomFireball","floor":10},{"not_picked":["hexamod:AdvancingGuard","True Grit"],"picked":"Dark Embrace","floor":11},{"not_picked":["hexamod:Firestarter","Defy Death"],"picked":"Searing Blow","floor":12},{"not_picked":["hexamod:Hexaguard","hexamod:GhostShield"],"picked":"hexamod:SixthSeal","floor":13},{"not_picked":["hexamod:HeatMetal","hexamod:ShieldOfDarkness"],"picked":"hexamod:Incineration","floor":14},{"not_picked":["hexamod:HauntingEcho","hexamod:Hexaguard"],"picked":"hexamod:BacktrackSmack","floor":15},{"not_picked":["hexamod:FifthSeal","hexamod:ParanormalForm"],"picked":"hexamod:VolcanoVisage","floor":16},{"not_picked":["hexamod:GhostShield+1","hexamod:InspiringFlames"],"picked":"hexamod:ChargedBarrage","floor":19},{"not_picked":["hexamod:GhostShield","hexamod:Hexaguard"],"picked":"hexamod:BurningTouch","floor":20},{"not_picked":["hexamod:PhantomFireball","hexamod:EmpoweredFlame","hexamod:Firestarter"],"picked":"SKIP","floor":22},{"not_picked":["hexamod:FlamesFromBeyond","hexamod:ShieldOfDarkness","hexamod:Again"],"picked":"SKIP","floor":23},{"not_picked":["hexamod:SoulSteal+1","hexamod:HeatMetal"],"picked":"hexamod:HexaLevel","floor":26},{"not_picked":["hexamod:Firestarter","hexamod:SkipABeat+1","hexamod:CatchUp"],"picked":"SKIP","floor":27},{"not_picked":["hexamod:FirstSeal","hexamod:InspiringFlames+1","hexamod:EmpoweredFlame"],"picked":"SKIP","floor":28},{"not_picked":["hexamod:FlamesFromBeyond+1","hexamod:SkipABeat+1","hexamod:SixthSeal"],"picked":"SKIP","floor":29},{"not_picked":["hexamod:FastForward","hexamod:SpectersWail","hexamod:Hexaguard"],"picked":"SKIP","floor":31},{"not_picked":["hexamod:AdvancingGuard","hexamod:ThirdSeal","hexamod:BurningTouch"],"picked":"SKIP","floor":32},{"not_picked":["hexamod:TimeWarp","hexamod:TurnItUp"],"picked":"hexamod:GhostOfSpirePresent","floor":33},{"not_picked":["hexamod:NightmareStrike","hexamod:FastForward+1","hexamod:GhostShield"],"picked":"SKIP","floor":36},{"not_picked":["hexamod:SkipABeat+1","hexamod:TurnItUp","hexamod:NightmareStrike"],"picked":"SKIP","floor":38},{"not_picked":["hexamod:GhostLash+1","hexamod:Rewind+1","hexamod:EmpoweredFlame+1"],"picked":"SKIP","floor":39},{"not_picked":["hexamod:BurningTouch+1","hexamod:Firestarter","hexamod:PhantomCloak"],"picked":"SKIP","floor":43},{"not_picked":["hexamod:BurningTouch","hexamod:NecessarySacrifice+1","hexamod:InspiringFlames"],"picked":"SKIP","floor":44},{"not_picked":["hexamod:SwordOfDarkness","hexamod:AdvancingGuard+1","hexamod:RecurringNightmare"],"picked":"SKIP","floor":45},{"not_picked":["hexamod:Hexaguard","hexamod:ShieldOfDarkness"],"picked":"hexamod:FourthSeal","floor":46},{"not_picked":["hexamod:ParanormalForm","hexamod:NightmareStrike","hexamod:AdvancingGuard+1"],"picked":"SKIP","floor":48},{"not_picked":["hexamod:StepThrough+1","hexamod:PhantomFireball+1","hexamod:SkipABeat+1"],"picked":"SKIP","floor":49}],"player_experience":940633,"relics_obtained":[{"floor":7,"key":"Old Coin"},{"floor":8,"key":"reliquary:PrincelyHelmet"},{"floor":12,"key":"Happy Flower"},{"floor":13,"key":"Toy Ornithopter"},{"floor":13,"key":"wanderingMiniBosses:ThiefScarf"},{"floor":13,"key":"EVO:Axolotl"},{"floor":24,"key":"HeavenlyBonsai"},{"floor":27,"key":"Anchor"},{"floor":31,"key":"StoneCalendar"},{"floor":35,"key":"Girya"}],"event_choices":[],"is_beta":false,"boss_relics":[{"not_picked":["StSpp:CrystalBall","NightmareShop"],"picked":"aspiration:RunicSpoon"},{"not_picked":["hubris:Stopwatch","hubris:Backtick"],"picked":"CosmicIsotope"}],"items_purged_floors":[22],"is_endless":false,"potions_floor_spawned":[2,8,12,15,16,19,20,23,28,29,32,36,39,43,44,46,48],"ascension_level":0}}