{"host":"hfxahm4y1ssattqc","time":1613010915,"event":{"mods":["2.2 Compatiblity","Act Like it!","Aspiration","BaseMod","Beaked The Cultist","Better Third Choice","Colored Map","Colored Powertips","Custom Start","Downfall","Googly Eyes","Halation","Hallownest","Hermit","Highlight Path","Infinite Spire","Mimic Mod","Minty Spire (QoL Compilation)","Reorder Act Four","Replay The Spire","Shop Mod","Spikes Relics","StSLib","The Bug Knight","The IronCluck","The Jungle","slay the spire mod where everything is the same but ironclad has a cowboy hat"],"gold_per_floor":[99,111,130,142,142,171,171,171,171,184,184,195,195,209,221,316,316,316,328,338,348,348,373,409,409,429,429,19,19,4,18,35,35,35,35],"floor_reached":33,"language":"ENG","playtime":1974,"items_purged":[],"score":251,"play_id":"0a2eb0da-0163-499b-9239-081d076627bd","local_time":"20210210183515","is_ascension_mode":false,"campfire_choices":[{"data":"champ:ShieldWall","floor":8,"key":"SMITH"},{"data":"sneckomod:TailWhip","floor":11,"key":"SMITH"},{"data":"sneckomod:MasterEye","floor":13,"key":"SMITH"},{"data":"sneckomod:TrashToTreasure","floor":25,"key":"SMITH"}],"circlet_count":0,"master_deck":["sneckomod:Strike","sneckomod:Strike","sneckomod:Defend","sneckomod:Defend","sneckomod:Defend","sneckomod:TailWhip+1","sneckomod:SnekBite","sneckomod:Unknown+1","champ:ShieldWall+1","sneckomod:IronFang","sneckomod:UnendingSupply+1","sneckomod:MasterEye+1","sneckomod:UnknownUncommonSkill","sneckomod:SnakeSap","sneckomod:SerpentIdol+1","sneckomod:TrashToTreasure+1","sneckomod:CheapStock+1","champ:HeavySlash+1","sneckomod:CheapStock"],"relics":["sneckomod:SneckoSoul","Bag of Preparation","Golden Egg","Garlic","SacredBark","GiantMaggot","Thread and Needle"],"acts_visited":["Exordium","TheCity"],"potions_floor_usage":[16,16],"damage_taken":[{"damage":3,"enemies":"Jaw Worm","floor":2,"turns":3},{"damage":6,"enemies":"2 Louse","floor":3,"turns":3},{"damage":1,"enemies":"Cultist","floor":4,"turns":4},{"damage":16,"enemies":"Lagavulin","floor":6,"turns":7},{"damage":9,"enemies":"Large Slime","floor":10,"turns":7},{"damage":4,"enemies":"Exordium Thugs","floor":12,"turns":5},{"damage":2,"enemies":"Red Slaver","floor":14,"turns":3},{"damage":2,"enemies":"Lots of Slimes","floor":15,"turns":4},{"damage":40,"enemies":"DF_ARCHETYPE_STREAMLINE","floor":16,"turns":6},{"damage":22,"enemies":"Spheric Guardian","floor":19,"turns":7},{"damage":6,"enemies":"Shelled Parasite and Fungi","floor":20,"turns":4},{"damage":0,"enemies":"Snecko","floor":21,"turns":4},{"damage":7,"enemies":"Snake Plant","floor":24,"turns":6},{"damage":8,"enemies":"Snake Plant","floor":26,"turns":4},{"damage":0,"enemies":"downfall:FleeingMerchant","floor":28,"turns":4},{"damage":0,"enemies":"downfall:FleeingMerchant","floor":30,"turns":4},{"damage":6,"enemies":"Chosen and Byrds","floor":31,"turns":7},{"damage":14,"enemies":"Snecko","floor":32,"turns":4},{"damage":49,"enemies":"WA_ARCHETYPE_CALM","floor":33,"turns":5}],"seed_played":"-1613724455214941107","potions_obtained":[{"floor":2,"key":"bronze:BurnAndBuffPotion"},{"floor":6,"key":"hexamod:SoulburnPotion"},{"floor":15,"key":"Strength Potion"},{"floor":16,"key":"champ:CounterPotion"},{"floor":19,"key":"Strength Potion"}],"is_trial":false,"path_per_floor":["R_BF","M","M","M","?","E","T","R","?","M","R","M","R","M","M","B",null,"R_BF","M","M","M","?","T","MIM","R","M","?","$","R","$","M","M","B"],"character_chosen":"THE_SNECKO","items_purchased":["Thread and Needle","sneckomod:CheapStock"],"campfire_rested":0,"item_purchase_floors":[28,28],"current_hp_per_floor":[99,96,90,89,82,66,66,66,66,57,57,53,53,51,49,9,99,99,84,78,78,78,78,71,71,63,63,63,63,63,57,48,0,0,0],"gold":35,"neow_bonus":"TEN_PERCENT_HP_BONUS","is_daily":false,"chose_seed":false,"campfire_upgraded":4,"win_rate":0.0,"timestamp":1613010915,"path_taken":["R_BF","M","M","M","?","E","T","R","?","M","R","M","R","?","M","BOSS","R_BF","M","M","M","?","?","MIM","R","?","?","$","R","$","?","M","BOSS"],"items_purchased_type":["Relic","Card"],"build_version":"2020-12-22","purchased_purges":0,"victory":false,"max_hp_per_floor":[99,99,99,99,99,99,99,99,99,99,99,99,99,99,99,99,99,99,99,99,99,99,99,99,99,99,99,99,99,99,99,99,99,99,99],"card_choices":[{"not_picked":["sneckomod:Unknown1Cost","sneckomod:UnknownWeak"],"picked":"sneckomod:IronFang","floor":2},{"not_picked":["sneckomod:ImprovisedGuard","sneckomod:IronFang","sneckomod:SnekBeam"],"picked":"SKIP","floor":3},{"not_picked":["sneckomod:UnknownDraw","sneckomod:WideSting","sneckomod:DiceCrush"],"picked":"SKIP","floor":4},{"not_picked":["sneckomod:SnekBeam","sneckomod:UnknownRareAttack"],"picked":"sneckomod:UnendingSupply","floor":6},{"not_picked":["sneckomod:UnknownX","sneckomod:RainOfDice","sneckomod:DiceBoulder"],"picked":"SKIP","floor":10},{"not_picked":["sneckomod:ImprovisedAttack","sneckomod:RainOfDice"],"picked":"sneckomod:MasterEye","floor":12},{"not_picked":["sneckomod:UnknownWeak","sneckomod:Unknown1Cost"],"picked":"sneckomod:UnknownUncommonSkill","floor":14},{"not_picked":["sneckomod:QuickMove","sneckomod:RainOfDice"],"picked":"sneckomod:SnakeSap","floor":15},{"not_picked":["sneckomod:SerpentMind","sneckomod:UnknownBoss"],"picked":"sneckomod:UnknownRareAttack","floor":16},{"not_picked":["sneckomod:UnknownClassTHE_CHAMP_GRAY","sneckomod:QuickBite+1"],"picked":"sneckomod:SerpentIdol+1","floor":19},{"not_picked":["sneckomod:SoulRoll+1","sneckomod:UnknownClassRED","sneckomod:QuickBite"],"picked":"SKIP","floor":20},{"not_picked":["sneckomod:DefensiveFlair","sneckomod:QuickMove","sneckomod:UnknownDraw+1"],"picked":"SKIP","floor":21},{"not_picked":["sneckomod:MasterEye","sneckomod:SoulRoll"],"picked":"sneckomod:TrashToTreasure","floor":24},{"not_picked":["sneckomod:SoulDraw+1","sneckomod:UnknownVulnerable","sneckomod:DefensiveFlair"],"picked":"SKIP","floor":26},{"not_picked":["sneckomod:UnknownCommonSkill+1","sneckomod:DangerNoodle","sneckomod:SoulDraw+1"],"picked":"SKIP","floor":28},{"not_picked":["sneckomod:UnknownVulnerable","sneckomod:UnknownExhaust+1","sneckomod:UnknownX"],"picked":"SKIP","floor":30},{"not_picked":["sneckomod:UnknownClassRED","sneckomod:UnknownX","sneckomod:SoulDraw"],"picked":"SKIP","floor":31},{"not_picked":["sneckomod:UnknownStrike","sneckomod:UnknownDraw"],"picked":"sneckomod:CheapStock","floor":32}],"player_experience":959068,"relics_obtained":[{"floor":6,"key":"Golden Egg"},{"floor":7,"key":"Garlic"},{"floor":24,"key":"GiantMaggot"}],"event_choices":[{"damage_healed":0,"gold_gain":0,"player_choice":"Relic ","damage_taken":7,"max_hp_gain":0,"max_hp_loss":0,"event_name":"betterThird:BetterScrap","floor":5,"gold_loss":0,"cards_obtained":["ReplayTheSpireMod:System Scan"]},{"damage_healed":0,"gold_gain":0,"player_choice":"Ignored","damage_taken":0,"max_hp_gain":0,"max_hp_loss":0,"event_name":"Ghosts","floor":22,"gold_loss":0}],"is_beta":false,"boss_relics":[{"not_picked":["ReplayTheSpireMod:DimensionalGlitch","Pandora\u0027s Box"],"picked":"SacredBark"}],"items_purged_floors":[],"is_endless":false,"potions_floor_spawned":[2,6,15,16,19,21],"killed_by":"WA_ARCHETYPE_CALM","ascension_level":0}}