{"host":"kg61lsvem4dxoat8","time":1613021012,"event":{"mods":["AchievementEnabler","BaseMod","Better Altar","Better Match","Better Sensory Stone","Better Skull","Block Reminder","Highlight Path","Minty Spire (QoL Compilation)","Quick Restart","Rare Cards Sparkle","Relic Sorter","Relic Stats","StSLib","Synergy Search","slay the spire mod where everything is the same but ironclad has a cowboy hat"],"gold_per_floor":[115,190,190,202,217,217,29,60,60,60,60,72,88,105,105,207,207,207,207],"floor_reached":18,"language":"ENG","playtime":432,"items_purged":["Strike_R"],"score":243,"play_id":"312d86d5-97c2-46f5-a128-9bee8c1f2654","local_time":"20210211132332","is_ascension_mode":true,"campfire_choices":[{"data":"Rampage","floor":6,"key":"SMITH"},{"floor":11,"key":"REST"},{"data":"Carnage","floor":15,"key":"SMITH"}],"circlet_count":0,"master_deck":["AscendersBane","Strike_R","Strike_R","Strike_R","Strike_R","Defend_R","Defend_R","Defend_R","Defend_R","Bash","Rampage+1","True Grit+1","Feel No Pain","Carnage+1","Barricade"],"relics":["Burning Blood","NeowsBlessing","Membership Card","Blue Candle","The Courier","Sozu"],"acts_visited":["Exordium","TheCity"],"potions_floor_usage":[3,14,14,16],"damage_taken":[{"damage":0,"enemies":"Jaw Worm","floor":1,"turns":1},{"damage":0,"enemies":"2 Louse","floor":4,"turns":1},{"damage":0,"enemies":"Cultist","floor":5,"turns":1},{"damage":41,"enemies":"Gremlin Nob","floor":8,"turns":5},{"damage":0,"enemies":"Blue Slaver","floor":12,"turns":4},{"damage":9,"enemies":"2 Fungi Beasts","floor":13,"turns":5},{"damage":0,"enemies":"Lots of Slimes","floor":14,"turns":1},{"damage":63,"enemies":"The Guardian","floor":16,"turns":9},{"damage":59,"enemies":"3 Byrds","floor":18,"turns":5}],"seed_played":"-2884687764083064679","potions_obtained":[{"floor":3,"key":"Fruit Juice"},{"floor":3,"key":"Explosive Potion"},{"floor":3,"key":"ElixirPotion"},{"floor":12,"key":"Explosive Potion"},{"floor":14,"key":"HeartOfIron"}],"is_trial":false,"path_per_floor":["M","?","?","M","M","R","$","E","T","?","R","M","M","M","R","B",null,"M"],"character_chosen":"IRONCLAD","items_purchased":["Membership Card"],"campfire_rested":1,"item_purchase_floors":[7],"current_hp_per_floor":[78,67,72,78,84,84,84,49,49,49,74,80,77,83,83,26,70,11,11],"gold":207,"neow_bonus":"THREE_ENEMY_KILL","is_daily":false,"chose_seed":false,"campfire_upgraded":2,"win_rate":0.0,"timestamp":1613021012,"path_taken":["M","?","?","M","?","R","$","E","T","?","R","M","M","M","R","BOSS","M"],"items_purchased_type":["Relic"],"build_version":"2020-12-22","purchased_purges":1,"victory":false,"max_hp_per_floor":[80,80,85,85,85,85,85,85,85,85,85,85,85,85,85,85,85,85,85],"relic_stats":{"Sozu":0,"counters":[9,32],"Blue Candle":[0],"obtain_stats":[{"Sozu":17,"NeowsBlessing":0,"Blue Candle":8,"The Courier":9,"Membership Card":7,"Burning Blood":0},{"Sozu":8,"NeowsBlessing":0,"Blue Candle":4,"The Courier":4,"Membership Card":3,"Burning Blood":0},{"Sozu":27,"NeowsBlessing":0,"Blue Candle":8,"The Courier":8,"Membership Card":3,"Burning Blood":0}],"Burning Blood":48},"card_choices":[{"not_picked":["Perfected Strike","Headbutt","Havoc"],"picked":"SKIP","floor":1},{"not_picked":["Shockwave","Anger"],"picked":"Rampage","floor":4},{"not_picked":["Perfected Strike","Clothesline","Iron Wave"],"picked":"SKIP","floor":5},{"not_picked":["Havoc","Armaments"],"picked":"True Grit","floor":8},{"not_picked":["Evolve","Headbutt"],"picked":"Feel No Pain","floor":12},{"not_picked":["Wild Strike","Headbutt"],"picked":"Carnage","floor":13},{"not_picked":["Double Tap","Wild Strike","Heavy Blade"],"picked":"SKIP","floor":14},{"not_picked":["Juggernaut","Demon Form"],"picked":"Barricade","floor":16}],"player_experience":1461585,"relics_obtained":[{"floor":8,"key":"Blue Candle"},{"floor":9,"key":"The Courier"}],"event_choices":[{"damage_healed":0,"gold_gain":75,"player_choice":"Gather Gold","damage_taken":11,"max_hp_gain":0,"max_hp_loss":0,"event_name":"World of Goop","floor":2,"gold_loss":0},{"damage_healed":0,"gold_gain":0,"player_choice":"Got Potions","damage_taken":0,"max_hp_gain":0,"max_hp_loss":0,"event_name":"Lab","floor":3,"gold_loss":0},{"damage_healed":0,"gold_gain":0,"player_choice":"Grow","damage_taken":0,"max_hp_gain":0,"max_hp_loss":0,"event_name":"Living Wall","floor":10,"gold_loss":0,"cards_upgraded":["True Grit"]}],"is_beta":false,"boss_relics":[{"not_picked":["SlaversCollar","Runic Dome"],"picked":"Sozu"}],"items_purged_floors":[7],"is_endless":false,"potions_floor_spawned":[12,14],"killed_by":"3 Byrds","ascension_level":10}}