{"host":"BaytaKuk","time":1613015371,"event":{"mods":["2.2 Compatiblity","BaseMod","Minty Spire (QoL Compilation)","Random Character Button","Rare Cards Sparkle","StSLib","SuperFastMode","Swap Starting Deck Mod","everything is the same but u backflip on backflip"],"gold_per_floor":[111,122,47,47,47,47,82,82,131,131,86,110,110,123,123,123,123],"floor_reached":16,"language":"ENG","playtime":308,"items_purged":["Strike_G"],"score":234,"play_id":"2e304c6f-edc3-4c91-b08a-2d502865b6ff","local_time":"20210210224931","is_ascension_mode":true,"campfire_choices":[{"data":"Predator","floor":6,"key":"SMITH"},{"data":"Neutralize","floor":10,"key":"SMITH"},{"data":"Footwork","floor":15,"key":"SMITH"}],"circlet_count":0,"master_deck":["AscendersBane","Strike_G","Strike_G","Strike_G","Strike_G","Defend_G","Defend_G","Defend_G","Defend_G","Defend_G","Survivor","Neutralize+1","Predator+1","PiercingWail","Dagger Spray","Footwork+1","Bullet Time"],"relics":["Ring of the Snake","NeowsBlessing","Golden Idol","PreservedInsect","Oddly Smooth Stone"],"acts_visited":["Exordium"],"potions_floor_usage":[],"damage_taken":[{"damage":0,"enemies":"2 Louse","floor":1,"turns":1},{"damage":0,"enemies":"Jaw Worm","floor":2,"turns":1},{"damage":0,"enemies":"3 Sentries","floor":7,"turns":2},{"damage":0,"enemies":"Small Slimes","floor":12,"turns":2},{"damage":0,"enemies":"3 Louse","floor":14,"turns":3},{"damage":43,"enemies":"The Guardian","floor":16,"turns":14}],"seed_played":"7959499571538599612","potions_obtained":[{"floor":2,"key":"Ancient Potion"},{"floor":7,"key":"SmokeBomb"}],"is_trial":false,"path_per_floor":["M","M","$","?","?","R","E","?","T","R","$","M","?","M","R","B"],"character_chosen":"THE_SILENT","items_purchased":["Footwork"],"campfire_rested":0,"item_purchase_floors":[11],"current_hp_per_floor":[59,59,59,33,33,33,33,38,38,38,38,38,38,38,38,0,0],"gold":123,"neow_bonus":"THREE_ENEMY_KILL","is_daily":false,"chose_seed":false,"campfire_upgraded":3,"win_rate":0.0,"timestamp":1613015371,"path_taken":["M","M","$","?","?","R","E","?","T","R","?","M","?","M","R","BOSS"],"items_purchased_type":["Card"],"build_version":"2020-12-18","purchased_purges":1,"victory":false,"max_hp_per_floor":[66,66,66,66,60,60,60,65,65,65,65,65,65,65,65,65,65],"card_choices":[{"not_picked":["Acrobatics","Underhanded Strike"],"picked":"Predator","floor":1},{"not_picked":["Cloak And Dagger","Sucker Punch"],"picked":"PiercingWail","floor":2},{"not_picked":["Choke","Finisher"],"picked":"Dagger Spray","floor":7},{"not_picked":["Outmaneuver","Poisoned Stab","Dagger Spray"],"picked":"SKIP","floor":12},{"not_picked":["Endless Agony","Poisoned Stab"],"picked":"Bullet Time","floor":14}],"player_experience":414458,"relics_obtained":[{"floor":7,"key":"PreservedInsect"},{"floor":9,"key":"Oddly Smooth Stone"}],"event_choices":[{"damage_healed":0,"gold_gain":0,"player_choice":"Fled","damage_taken":26,"max_hp_gain":0,"max_hp_loss":0,"event_name":"Scrap Ooze","floor":4,"gold_loss":0},{"damage_healed":0,"gold_gain":0,"player_choice":"Lose Max HP","damage_taken":0,"relics_obtained":["Golden Idol"],"max_hp_gain":0,"max_hp_loss":6,"event_name":"Golden Idol","floor":5,"gold_loss":0},{"damage_healed":0,"gold_gain":0,"player_choice":"Donut","damage_taken":0,"max_hp_gain":5,"max_hp_loss":0,"event_name":"Big Fish","floor":8,"gold_loss":0},{"damage_healed":0,"gold_gain":0,"player_choice":"Ignored","damage_taken":0,"max_hp_gain":0,"max_hp_loss":0,"event_name":"Liars Game","floor":13,"gold_loss":0}],"is_beta":true,"boss_relics":[],"items_purged_floors":[3],"is_endless":false,"potions_floor_spawned":[2,7],"killed_by":"The Guardian","ascension_level":18}}