{"host":"54jr43vd79817238","time":1613057855,"event":{"mods":["ATMod(阿瑾Mod)","Act Like it!","Arknights","Aspiration","BaseMod","CapriCore","Dota2Spire","Friendly Minions","Gensokyo","Hallownest","Hermit","HololiveMod","Jedi Mod","KomeijiMod","Lobotomy","LobotomyExtend","Marisa（F雨　魔理沙）","Minty Spire (QoL Compilation)","MostiFishMod","Quarter Circle Forward PUNCH!","Reliquary","Replay The Spire","Robot Space Explorer","RumiaBox-露米娅的神秘盒子","Spicy Shops","StSLib","TestMod","The Alterego","The Blackbeard","The Bug Knight","The Senshi","TheWitcher","Yakumo Yukari mod","Yuyuko","【遗物卡牌】REMEMod"],"gold_per_floor":[81,81,6,26,96,96,116,116,141,141,174,189,219,219,219,355,355,379,379,379,407,35,35,90,104,104,132,132,147,160,179,179,273,273,287,287,300,699,716,745,745,184,208,240,240,259,259,271,271,271,271,271,271,73,102,201],"floor_reached":57,"language":"ZHS","playtime":2993,"items_purged":["Hololive_Strike","Hololive_WatameHaatoCombinationOption"],"score":1795,"play_id":"6ba6ab3e-c5f4-4357-b00a-9bb7ba8a6509","local_time":"20210211233735","is_ascension_mode":true,"campfire_choices":[{"data":"Hololive_CallAkiRosenthal","floor":6,"key":"SMITH"},{"data":"Hololive_CallRoboco","floor":8,"key":"SMITH"},{"data":"Hololive_CallUsadaPekora","floor":10,"key":"SMITH"},{"floor":15,"key":"RECALL"},{"data":"Hololive_DDD","floor":23,"key":"SMITH"},{"data":"Hololive_CallHoshimachiSuisei","floor":28,"key":"SMITH"},{"data":"Hololive_CallYozoraMel","floor":32,"key":"SMITH"},{"data":"Hololive_CallTokinoSora","floor":41,"key":"SMITH"},{"data":"Hololive_CallOzoraSubaru","floor":45,"key":"SMITH"},{"data":"Hololive_CallSakuraMiko","floor":49,"key":"SMITH"},{"data":"Hololive_CallMinatoAqua","floor":53,"key":"SMITH"}],"circlet_count":0,"master_deck":["Hololive_Defend","Hololive_Defend","Hololive_CocoNews","Hololive_CallTsunomakiWatame","Hololive_CallMinatoAqua+1","Hololive_CallRoboco+1","Hololive_CallAkiRosenthal+1","Hololive_CallUsadaPekora+1","Hololive_FlyingPonyTail","Hololive_LuckPotion","Hololive_CallAkaiHaato","Hololive_CallOzoraSubaru+1","Hololive_CallYogiri","Hololive_CallSakuraMiko+1","Hololive_DDD+1","Hololive_CallMurasakiShion","Hololive_CallHoshimachiSuisei+1","Hololive_CallShiroganeNoel+1","Hololive_FlyingPonyTail+1","Hololive_CallAiraniIofifteen","Hololive_CallYozoraMel+1","Hololive_CallAyundaRisu","Hololive_CallShirakamiFubuki+1","Hololive_MaximGun","Hololive_CallNatsuiroMatsuri+1","Hololive_CallUruhaRushia","Hololive_CallRosalyn","Hololive_IdolExercise","Hololive_CallArtia+1","Hololive_CallOkamiMio+1","Hololive_CallTokinoSora+1","Hololive_CallShishiroBotan+1","Hololive_CallManoAloe+1","Hololive_CocoNews","Hololive_CallShiranuiFlare+1","Hololive_CocoNews","Hololive_CallNekomataOkayu+1","Hololive_CallAZKi+1"],"relics":["Hololive_TheStar","AT_ATBox","testmod-TestBox","REME_ComplimentaryCards","testmod-LifeArmor","GreenFoldingFan","SynthV:TestCard","Hallownest:DreamNailRelic","reliquary:BoilingFlask","Dota2Spire:EtherealBlade","xbg","Hallownest:WatcherSealRelic","Replay:Rubber Ducky","reliquary:RosewoodLute","testmod-Charity","Replay:Mystery Machine","reliquary:IridiumChain","HollowMod:PaleOreRelic","Hololive_ChaosS","alterego_mod:MasochisticConstitution","Dota2Spire:DivineRapier","Ginger","BargainBundle","Dream Catcher","testmod-OneHitWonder","Frozen Egg 2","Replay:Wax Seal","HandDrill","AT_TheCollector"],"acts_visited":["Hallownest:Greenpath","Hallownest:CityofTears","Hallownest:KingdomsEdge","TheEnding"],"potions_floor_usage":[12,16,24,56,56],"damage_taken":[{"damage":2,"enemies":"Hallownest:2_Baldur","floor":1,"turns":2},{"damage":2,"enemies":"Hallownest:monsterHuskWarrior","floor":4,"turns":3},{"damage":2,"enemies":"Hallownest:2_Tiktiks_and_1_Crawlid","floor":7,"turns":3},{"damage":2,"enemies":"Hallownest:eliteVengeflyKing","floor":11,"turns":4},{"damage":2,"enemies":"Hallownest:1_Ooma_and_2_Uuma","floor":12,"turns":4},{"damage":2,"enemies":"Hallownest:eliteCrystalGuardian","floor":13,"turns":4},{"damage":2,"enemies":"Hallownest:BossBrokenVessel","floor":16,"turns":6},{"damage":2,"enemies":"Hallownest:3_Youths","floor":18,"turns":3},{"damage":2,"enemies":"Hallownest:2_Mistakes","floor":21,"turns":4},{"damage":2,"enemies":"Hallownest:eliteWatcherKnight","floor":24,"turns":8},{"damage":2,"enemies":"Hallownest:Master_and_Novice","floor":25,"turns":3},{"damage":2,"enemies":"Hallownest:Nosk","floor":27,"turns":5},{"damage":2,"enemies":"Hallownest:2_Husk_Sentries","floor":29,"turns":4},{"damage":2,"enemies":"Hallownest:3_Mistakes","floor":30,"turns":5},{"damage":2,"enemies":"Hallownest:Warrior_and_Youth","floor":31,"turns":4},{"damage":2,"enemies":"Hallownest:BossMantisLord","floor":33,"turns":6},{"damage":2,"enemies":"Hallownest:3_Siblings","floor":35,"turns":7},{"damage":2,"enemies":"Hallownest:2_Littles","floor":37,"turns":3},{"damage":2,"enemies":"Hallownest:Xero_Hu_Marmu","floor":39,"turns":4},{"damage":2,"enemies":"Hallownest:eliteHiveKnight","floor":40,"turns":3},{"damage":2,"enemies":"Hallownest:eliteCollector","floor":44,"turns":5},{"damage":2,"enemies":"Hallownest:Shield_Sturdy","floor":46,"turns":3},{"damage":2,"enemies":"Hallownest:2_Wing_and_1_Kings","floor":48,"turns":4},{"damage":2,"enemies":"Hallownest:BossGreyPrinceZote","floor":50,"turns":4},{"damage":4,"enemies":"Shield and Spear","floor":55,"turns":6},{"damage":2,"enemies":"The Heart","floor":56,"turns":5}],"seed_played":"-5914425090526140665","potions_obtained":[{"floor":1,"key":"EssenceOfSteel"},{"floor":11,"key":"REME_GoldPotion"},{"floor":13,"key":"jedi:mysterypotion"},{"floor":18,"key":"REME_GoldPotion"},{"floor":25,"key":"Reflective Coating"},{"floor":33,"key":"Milkshake"},{"floor":46,"key":"SteroidPotion"}],"is_trial":false,"path_per_floor":["M","?","$","M","?","R","M","R","T","R","E","M","E","?","R","B",null,"M","?","?","M","$","R","E","M","T","E","R","M","M","M","R","B",null,"M","?","M","?","M","E","R","$","T","E","R","M","$","M","R","B",null,null,"R","$","E","B",null],"character_chosen":"Hololive_HololiveCharacter","items_purchased":["Replay:Rubber Ducky","reliquary:RosewoodLute","testmod-Charity","Ginger","BargainBundle","Dream Catcher","Replay:Wax Seal","HandDrill"],"campfire_rested":0,"item_purchase_floors":[22,22,22,42,42,42,54,54],"current_hp_per_floor":[35,35,35,35,35,35,35,35,35,35,35,35,35,35,35,35,35,35,35,35,35,35,35,102,109,109,110,110,111,112,113,113,163,163,203,203,208,209,211,213,213,213,214,216,216,218,218,220,220,221,221,221,221,221,224,226],"gold":201,"neow_bonus":"REMOVE_CARD","is_daily":false,"chose_seed":false,"campfire_upgraded":10,"win_rate":0.0,"timestamp":1613057855,"path_taken":["M","?","$","?","?","R","M","R","T","R","E","M","E","?","R","BOSS","M","?","?","?","$","R","E","M","T","E","R","M","M","M","R","BOSS","M","?","M","?","M","E","R","?","T","E","R","M","$","M","R","BOSS","R","$","E","BOSS"],"items_purchased_type":["Relic","Relic","Relic","Relic","Relic","Relic","Relic","Relic"],"build_version":"2020-12-22","purchased_purges":2,"victory":true,"max_hp_per_floor":[35,35,35,35,35,35,35,35,35,35,35,35,35,35,35,35,35,35,35,35,35,35,35,102,109,109,110,110,111,112,113,113,163,163,203,203,208,209,211,213,213,213,214,216,216,218,218,220,220,221,221,221,221,221,224,226],"card_choices":[{"not_picked":["Hololive_CallUsadaPekora","Hololive_Sequa","Hololive_CallAyundaRisu"],"picked":"Hololive_FlyingPonyTail","floor":1},{"not_picked":["Hololive_Drill","Hololive_CocoNews","Hololive_ILoveYou","Hololive_Psychosis","Hololive_Trident"],"picked":"Hololive_LuckPotion","floor":4},{"not_picked":["Hololive_LuckPotion","Hololive_Yoholoon","Hololive_Drill","Hololive_Spy","Hololive_CallAZKi"],"picked":"Hololive_CallAkaiHaato","floor":7},{"not_picked":["Hololive_FlyingPonyTail","Hololive_CallUruhaRushia","Hololive_Breathe","Hololive_RevenueBasedLive","Hololive_Trident"],"picked":"Hololive_CallOzoraSubaru","floor":11},{"not_picked":["Hololive_LuckPotion","Hololive_Breathe","Hololive_HighAtkLowDef","Hololive_OvertimeWork","Hololive_CocoNews"],"picked":"Hololive_CallYogiri","floor":12},{"not_picked":["Hololive_CallShiroganeNoel","Hololive_CocoNews","Hololive_CallNatsuiroMatsuri","Hololive_ILoveYou","Hololive_FlyingPonyTail"],"picked":"Hololive_CallSakuraMiko","floor":13},{"not_picked":["Hololive_OpenUp","Hololive_AWSL","Hololive_Recruit","Hololive_ScarfAndHalo","Hololive_Nanodesu"],"picked":"Hololive_DDD","floor":16},{"not_picked":["Hololive_CallYuzukiChoco","Hololive_CallAZKi+1","Hololive_StrengthChampion","Hololive_Trident+1","Hololive_HuntDinosaur"],"picked":"Hololive_CallMurasakiShion","floor":18},{"not_picked":["Hololive_FlyingPonyTail","Hololive_Rebound","Hololive_Sequa","Hololive_Breathe","Hololive_Nanodesu"],"picked":"Hololive_CallHoshimachiSuisei","floor":21},{"not_picked":["Hololive_FlyingPonyTail","Hololive_WolfAndLamb","Hololive_CallOzoraSubaru+1","Hololive_Sequa","Hololive_Breathe+1"],"picked":"Hololive_CallShiroganeNoel+1","floor":24},{"not_picked":["Hololive_CallHoshimachiSuisei+1","Hololive_Breathe","Hololive_HuntDinosaur+1","Hololive_Rebound","Hololive_Yoholoon"],"picked":"Hololive_FlyingPonyTail+1","floor":25},{"not_picked":["Hololive_CallUsadaPekora+1","Hololive_Psychosis","Hololive_Trident","Hololive_BringToTrial+1","Hololive_Breathe"],"picked":"Hololive_CallAiraniIofifteen","floor":27},{"not_picked":["Hololive_Breathe+1","Hololive_Teleport","Hololive_Rebound","Hololive_Psychosis","Hololive_CallSakuraMiko+1"],"picked":"Hololive_CallYozoraMel","floor":29},{"not_picked":["Hololive_CallMomosuzuNene","Hololive_Watashimo+1","Hololive_CallHoshimachiSuisei+1","Hololive_CallYogiri","Hololive_Nanodesu"],"picked":"Hololive_CallAyundaRisu","floor":30},{"not_picked":["Hololive_LuckPotion","Hololive_StrengthChampion","Hololive_CallNakiriAyame","Hololive_Sequa","Hololive_HuntDinosaur+1"],"picked":"Hololive_CallShirakamiFubuki+1","floor":31},{"not_picked":["Hololive_DiamondStrike","Hololive_Thief","Hololive_Rebirth","Hololive_WolfAndLamb","Hololive_AWSL"],"picked":"Hololive_MaximGun","floor":33},{"not_picked":["Hololive_StrengthChampion+1","Hololive_HuntDinosaur","Hololive_Trident","Hololive_CallRosalyn+1","Hololive_Breathe"],"picked":"Hololive_CallNatsuiroMatsuri+1","floor":35},{"not_picked":["Hololive_OvertimeWork","Hololive_HuntDinosaur","Hololive_StrengthChampion+1","Hololive_CocoNews+1","Hololive_LuckPotion+1","Hololive_DevilCharm+1"],"picked":"Hololive_CallUruhaRushia","floor":37},{"not_picked":["Hololive_CallAkaiHaato","Hololive_Rebound+1","Hololive_OvertimeWork+1","Hololive_Trident","Hololive_BringToTrial+1","Hololive_StrengthChampion+1"],"picked":"Hololive_CallRosalyn","floor":37},{"not_picked":["Hololive_FlyingPonyTail+1","Hololive_Psychosis","Hololive_StrengthChampion","Hololive_Sequa+1","Hololive_OvertimeWork+1","Hololive_Drill"],"picked":"Hololive_IdolExercise","floor":39},{"not_picked":["Hololive_CallShiroganeNoel","Hololive_HuntDinosaur+1","Hololive_Sequa","Hololive_FlyingPonyTail+1","Hololive_Trident","Hololive_Drill"],"picked":"Hololive_CallArtia+1","floor":39},{"not_picked":["Hololive_CallMomosuzuNene","Hololive_Sequa+1","Hololive_LuckPotion+1","Hololive_OvertimeWork+1","Hololive_AWSL","Hololive_CocoNews"],"picked":"Hololive_CallOkamiMio+1","floor":40},{"not_picked":["Hololive_CallAkiRosenthal","Hololive_HuntDinosaur","Hololive_CocoNews","Hololive_FlyingPonyTail+1","Hololive_Drill+1","Hololive_Psychosis+1"],"picked":"Hololive_CallTokinoSora","floor":40},{"not_picked":["Hololive_CandyCastle+1","Hololive_Breathe+1","Hololive_LuckPotion+1","Hololive_HuntDinosaur","Hololive_CocoNews+1","Hololive_Recruit"],"picked":"Hololive_CallShishiroBotan+1","floor":44},{"not_picked":["Hololive_OvertimeWork+1","Hololive_FlyingPonyTail","Hololive_Sequa+1","Hololive_Trident+1","Hololive_Nanodesu","Hololive_CallNatsuiroMatsuri+1"],"picked":"Hololive_CallManoAloe+1","floor":44},{"not_picked":["Hololive_RevenueBasedLive+1","Hololive_CallShirakamiFubuki+1","Hololive_SummonFox+1","Hololive_CallShiroganeNoel+1","Hololive_Breathe","Hololive_OvertimeWork+1"],"picked":"Hololive_CocoNews","floor":46},{"not_picked":["Hololive_Sequa+1","Hololive_Rebound+1","Hololive_CocoNews+1","Hololive_HuntDinosaur","Hololive_RevenueBasedLive+1","Hololive_StrengthChampion+1"],"picked":"Hololive_CallShiranuiFlare+1","floor":46},{"not_picked":["Hololive_CallHoshimachiSuisei+1","Hololive_CallShiroganeNoel+1","Hololive_CallAyundaRisu+1","Hololive_RevenueBasedLive+1","Hololive_Spy+1","Hololive_HuntDinosaur+1"],"picked":"Hololive_CocoNews","floor":48},{"not_picked":["Hololive_StrengthChampion","Hololive_CallShiroganeNoel+1","Hololive_CocoNews","Hololive_Teleport+1","Hololive_StarCraft","Hololive_Trident"],"picked":"Hololive_CallNekomataOkayu+1","floor":48},{"not_picked":["Hololive_Drill","Hololive_LuckPotion+1","Hololive_FlareMind","Hololive_CocoNews","Hololive_ManjiGathering+1"],"picked":"Hololive_CallAZKi+1","floor":55}],"player_experience":315053,"relics_obtained":[{"floor":1,"key":"SynthV:TestCard"},{"floor":11,"key":"reliquary:BoilingFlask"},{"floor":13,"key":"Dota2Spire:EtherealBlade"},{"floor":24,"key":"Replay:Mystery Machine"},{"floor":26,"key":"reliquary:IridiumChain"},{"floor":27,"key":"HollowMod:PaleOreRelic"},{"floor":40,"key":"Dota2Spire:DivineRapier"},{"floor":43,"key":"testmod-OneHitWonder"},{"floor":44,"key":"Frozen Egg 2"},{"floor":55,"key":"AT_TheCollector"}],"event_choices":[{"damage_healed":0,"gold_gain":0,"player_choice":"Swap Relic","damage_taken":0,"relics_obtained":["aspiration:Nostalgia"],"max_hp_gain":0,"max_hp_loss":0,"event_name":"给自己的盒子","floor":36,"relics_lost":["aspiration:Nostalgia"],"gold_loss":0},{"damage_healed":0,"gold_gain":400,"player_choice":"Sell","damage_taken":0,"max_hp_gain":0,"max_hp_loss":0,"event_name":"恩洛斯的盘子","floor":38,"relics_lost":["DaveBox"],"gold_loss":0}],"is_beta":false,"boss_relics":[{"not_picked":["reliquary:RedPaperclip","jedi:paperlyon"],"picked":"xbg"},{"not_picked":["aspiration:IroncladSkillbook","ChiXiaoBlade"],"picked":"Hololive_ChaosS"}],"items_purged_floors":[3,42],"is_endless":false,"potions_floor_spawned":[1,11,13,18,21,25,33,37,39,46,55],"ascension_level":1}}