{"host":"k7udt7atmcuzf6l0","time":1613051295,"event":{"mods":["AchievementEnabler","BaseMod","BetterRewards","Colored Map","Colored Powertips","Highlight Path","Minty Spire (QoL Compilation)","Quick Restart","Rare Cards Sparkle","Relic Stats","StSLib","UnlockEverythingMod"],"gold_per_floor":[360,380,39,39,52,77,77,93,93,93,93,111,138,158,158,261,261,275,120,140,154,154,154,154,154],"floor_reached":24,"language":"ZHS","playtime":637,"items_purged":[],"score":233,"play_id":"271a1df3-499f-4f31-a14f-b7a391c197f5","local_time":"20210211214815","is_ascension_mode":false,"campfire_choices":[{"data":"Cloak And Dagger","floor":7.0,"key":"SMITH"},{"data":"Finisher","floor":11.0,"key":"SMITH"},{"floor":15.0,"key":"REST"},{"data":"Storm of Steel","floor":23,"key":"SMITH"}],"circlet_count":0,"master_deck":["Strike_G","Strike_G","Strike_G","Strike_G","Strike_G","Defend_G","Defend_G","Defend_G","Defend_G","Survivor","Neutralize","Flying Knee","Noxious Fumes","Cloak And Dagger+1","Bane","Finisher+1","Cloak And Dagger","Deadly Poison","Poisoned Stab+1","Storm of Steel+1","Prepared+1","Finisher+1","Blade Dance"],"relics":["Ring of the Snake","Ninja Scroll","Tingsha","Darkstone Periapt","Molten Egg 2","Kunai","Philosopher\u0027s Stone","Orichalcum"],"acts_visited":["Exordium","TheCity"],"potions_floor_usage":[],"damage_taken":[{"damage":7.0,"enemies":"Cultist","floor":1.0,"turns":5.0},{"damage":3.0,"enemies":"Jaw Worm","floor":2.0,"turns":3.0},{"damage":0.0,"enemies":"Small Slimes","floor":5.0,"turns":3.0},{"damage":17.0,"enemies":"Gremlin Nob","floor":6.0,"turns":4.0},{"damage":9.0,"enemies":"Exordium Thugs","floor":8.0,"turns":3.0},{"damage":0.0,"enemies":"Exordium Wildlife","floor":12.0,"turns":1.0},{"damage":0.0,"enemies":"Lagavulin","floor":13.0,"turns":2.0},{"damage":0.0,"enemies":"Looter","floor":14.0,"turns":1.0},{"damage":28.0,"enemies":"Hexaghost","floor":16.0,"turns":7.0},{"damage":25,"enemies":"2 Thieves","floor":18,"turns":4},{"damage":2,"enemies":"Chosen","floor":20,"turns":2},{"damage":9,"enemies":"Snake Plant","floor":21,"turns":2},{"damage":32,"enemies":"Gremlin Leader","floor":24,"turns":3}],"seed_played":"-2988282203940845089","potions_obtained":[{"floor":2.0,"key":"PowerPotion"},{"floor":6.0,"key":"FearPotion"},{"floor":8.0,"key":"EntropicBrew"},{"floor":12.0,"key":"SteroidPotion"},{"floor":14.0,"key":"FearPotion"},{"floor":20,"key":"SpeedPotion"}],"is_trial":false,"path_per_floor":["M","M","$","T","M","E","R","M","T","?","R","M","E","M","R","B",null,"M","$","M","M","?","R","E"],"character_chosen":"THE_SILENT","items_purchased":["Ninja Scroll","Noxious Fumes","Cloak And Dagger","Orichalcum"],"campfire_rested":1,"item_purchase_floors":[3,3,3,19],"current_hp_per_floor":[56,53,53,53,53,36,36,27,27,27,27,27,27,27,45,17,63,38,38,36,27,27,27,0,0],"gold":154,"neow_bonus":"TWO_FIFTY_GOLD","is_daily":false,"chose_seed":false,"campfire_upgraded":3,"win_rate":0.0,"timestamp":1613051295,"path_taken":["M","M","$","?","?","E","R","M","T","?","R","M","E","M","R","BOSS","M","$","?","M","?","R","E"],"items_purchased_type":["Relic","Card","Card","Relic"],"build_version":"2020-12-22","purchased_purges":0,"victory":false,"max_hp_per_floor":[63,63,63,63,63,63,63,63,63,63,63,63,63,63,63,63,63,63,63,63,63,63,63,63,63],"relic_stats":{"Darkstone Periapt":0,"counters":[13,40],"Tingsha":[16],"Kunai":[18],"Orichalcum":[18],"obtain_stats":[{"Darkstone Periapt":6,"Ninja Scroll":3,"Tingsha":4,"Molten Egg 2":9,"Philosopher\u0027s Stone":17,"Kunai":13,"Orichalcum":19,"Ring of the Snake":0},{"Darkstone Periapt":4,"Ninja Scroll":2,"Tingsha":2,"Molten Egg 2":5,"Philosopher\u0027s Stone":9,"Kunai":7,"Orichalcum":10,"Ring of the Snake":0},{"Darkstone Periapt":15,"Ninja Scroll":8,"Tingsha":8,"Molten Egg 2":18,"Philosopher\u0027s Stone":29,"Kunai":21,"Orichalcum":33,"Ring of the Snake":0}],"Ring of the Snake":[26]},"card_choices":[{"not_picked":["Prepared","Skewer"],"picked":"Flying Knee","floor":1.0},{"not_picked":["Flying Knee","Sucker Punch","Backflip"],"picked":"SKIP","floor":2.0},{"not_picked":["Eviscerate","PiercingWail"],"picked":"Bane","floor":5.0},{"not_picked":["Deadly Poison","Predator"],"picked":"Finisher","floor":6.0},{"not_picked":["Predator","Dash","Endless Agony"],"picked":"SKIP","floor":8.0},{"not_picked":["Dagger Throw+1","Choke+1"],"picked":"Cloak And Dagger","floor":12.0},{"not_picked":["Heel Hook+1","Masterful Stab+1"],"picked":"Deadly Poison","floor":13.0},{"not_picked":["Backstab+1","Deflect"],"picked":"Poisoned Stab+1","floor":14.0},{"not_picked":["Envenom","Glass Knife+1"],"picked":"Storm of Steel","floor":16.0},{"not_picked":["Acrobatics","Skewer+1"],"picked":"Prepared+1","floor":18},{"not_picked":["Predator+1","Deflect"],"picked":"Finisher+1","floor":20},{"not_picked":["Deadly Poison","Bane+1"],"picked":"Blade Dance","floor":21}],"player_experience":101139,"relics_obtained":[{"floor":4.0,"key":"Tingsha"},{"floor":6.0,"key":"Darkstone Periapt"},{"floor":9.0,"key":"Molten Egg 2"},{"floor":13.0,"key":"Kunai"}],"event_choices":[{"cards_removed":["Defend_G"],"damage_healed":0.0,"max_hp_gain":0.0,"max_hp_loss":0.0,"gold_gain":0.0,"event_name":"Purifier","player_choice":"Purged","floor":10.0,"gold_loss":0.0,"damage_taken":0.0},{"damage_healed":0,"gold_gain":0,"player_choice":"Ignored","damage_taken":0,"max_hp_gain":0,"max_hp_loss":0,"event_name":"Vampires","floor":22,"gold_loss":0}],"is_beta":false,"boss_relics":[{"not_picked":["HoveringKite","Pandora\u0027s Box"],"picked":"Philosopher\u0027s Stone"}],"items_purged_floors":[],"is_endless":false,"potions_floor_spawned":[2,6,8,12,14,20],"killed_by":"Gremlin Leader","ascension_level":0}}