{"host":"uv5ws9rdk87e8i5k","time":1613069226,"event":{"mods":["AchievementEnabler","BaseMod","Colored Map","Minty Spire (QoL Compilation)","Permanent Neow","Quick Restart","StSLib","SuperFastMode","The Necromancer"],"gold_per_floor":[116,126,143,218,228,228,256,256,283,311,311,337,347,357,357,357,357],"floor_reached":16,"language":"ENG","playtime":827,"items_purged":[],"score":128,"play_id":"7c547fae-ae6d-47cb-9f7f-7378388bdb9f","local_time":"20210211124706","is_ascension_mode":true,"campfire_choices":[{"data":"Electrodynamics","floor":6,"key":"SMITH"},{"data":"Chaos","floor":15,"key":"SMITH"}],"circlet_count":0,"master_deck":["Strike_B","Strike_B","Strike_B","Defend_B","Defend_B","Defend_B","Defend_B","Zap","Dualcast","Electrodynamics+1","Chaos+1","Chaos","Glacier","Glacier","Reinforced Body","Blizzard","Coolheaded"],"relics":["Cracked Core","Anchor","PreservedInsect","Smiling Mask","Ornamental Fan"],"acts_visited":["Exordium"],"potions_floor_usage":[7,12,16],"damage_taken":[{"damage":7,"enemies":"Small Slimes","floor":1,"turns":3},{"damage":8,"enemies":"2 Louse","floor":2,"turns":3},{"damage":1,"enemies":"Cultist","floor":3,"turns":3},{"damage":1,"enemies":"2 Fungi Beasts","floor":5,"turns":3},{"damage":8,"enemies":"Lagavulin","floor":7,"turns":5},{"damage":5,"enemies":"Gremlin Nob","floor":10,"turns":3},{"damage":3,"enemies":"Lagavulin","floor":12,"turns":10},{"damage":0,"enemies":"Exordium Thugs","floor":13,"turns":3},{"damage":0,"enemies":"Exordium Wildlife","floor":14,"turns":4},{"damage":0,"enemies":"Hexaghost","floor":16,"turns":5}],"seed_played":"-7881760949850270128","potions_obtained":[{"floor":3,"key":"PowerPotion"},{"floor":5,"key":"PowerPotion"},{"floor":10,"key":"SpeedPotion"},{"floor":12,"key":"DuplicationPotion"},{"floor":14,"key":"GamblersBrew"}],"is_trial":false,"path_per_floor":["M","M","M","?","M","R","E","?","T","E","?","E","M","M","R","B"],"character_chosen":"DEFECT","items_purchased":[],"campfire_rested":0,"item_purchase_floors":[],"current_hp_per_floor":[47,39,38,27,26,26,18,43,43,38,38,35,35,35,35,35,35],"gold":357,"neow_bonus":"THREE_RARE_CARDS","is_daily":false,"chose_seed":false,"campfire_upgraded":2,"win_rate":0.0,"timestamp":1613069226,"path_taken":["M","M","M","?","M","R","E","?","T","E","?","E","M","?","R","BOSS"],"items_purchased_type":[],"build_version":"2020-12-22","purchased_purges":0,"victory":false,"max_hp_per_floor":[75,75,75,75,75,75,75,75,75,75,75,75,75,75,75,75,75],"card_choices":[{"not_picked":["Thunder Strike","Echo Form"],"picked":"Electrodynamics","floor":0},{"not_picked":["Ball Lightning","Capacitor"],"picked":"Chaos","floor":1},{"not_picked":["Cold Snap","Fusion"],"picked":"Chaos","floor":2},{"not_picked":["Ball Lightning","Leap"],"picked":"Glacier","floor":3},{"not_picked":["Tempest","Beam Cell","Static Discharge"],"picked":"SKIP","floor":5},{"not_picked":["Lockon","Reinforced Body"],"picked":"Glacier","floor":7},{"not_picked":["Go for the Eyes","All For One","Meteor Strike"],"picked":"SKIP","floor":10},{"not_picked":["Thunder Strike","Cold Snap"],"picked":"Blizzard","floor":12},{"not_picked":["Hologram","Steam Power"],"picked":"Coolheaded","floor":13},{"not_picked":["Lockon","Melter","Force Field"],"picked":"SKIP","floor":14}],"player_experience":147603,"relics_obtained":[{"floor":7,"key":"Anchor"},{"floor":9,"key":"PreservedInsect"},{"floor":10,"key":"Smiling Mask"},{"floor":12,"key":"Ornamental Fan"}],"event_choices":[{"damage_healed":0,"gold_gain":75,"player_choice":"Gather Gold","damage_taken":11,"max_hp_gain":0,"max_hp_loss":0,"event_name":"World of Goop","floor":4,"gold_loss":0},{"damage_healed":25,"gold_gain":0,"player_choice":"Banana","damage_taken":0,"max_hp_gain":0,"max_hp_loss":0,"event_name":"Big Fish","floor":8,"gold_loss":0},{"damage_healed":0,"gold_gain":0,"cards_transformed":["Strike_B"],"player_choice":"Transformed","damage_taken":0,"max_hp_gain":0,"max_hp_loss":0,"event_name":"Transmorgrifier","floor":11,"gold_loss":0,"cards_obtained":["Reinforced Body"]}],"is_beta":false,"boss_relics":[],"items_purged_floors":[],"is_endless":false,"potions_floor_spawned":[3,5,10,12,14],"killed_by":"Hexaghost","ascension_level":1}}