{"host":"J","time":1613068854,"event":{"mods":["BaseMod","Minty Spire (QoL Compilation)","Reliquary","StSLib","The Marked"],"gold_per_floor":[116,66,66,86,103,129,199,199,222,248,259,271,271,317,317,416,416,430,355,265,277,300,329,347,365,365,365,375,375,474,86,86,86,86],"floor_reached":33,"language":"ENG","playtime":1213,"items_purged":["theMarked:Strike"],"score":275,"play_id":"ad4b9134-f5f8-4d17-a04f-9e01ff2f54bb","local_time":"20210211194054","is_ascension_mode":false,"campfire_choices":[{"data":"theMarked:SoldierOfQuellstein","floor":8.0,"key":"SMITH"},{"data":"theMarked:ParalyzingBlade","floor":13.0,"key":"SMITH"},{"floor":15.0,"key":"REST"},{"floor":27.0,"key":"REST"},{"data":"theMarked:SelfDefenseTraining","floor":29.0,"key":"SMITH"},{"data":"theMarked:ElectricStrings","floor":32.0,"key":"SMITH"}],"circlet_count":0,"master_deck":["theMarked:Strike","theMarked:Defend+1","theMarked:Defend","theMarked:Defend","theMarked:Defend","theMarked:SoldierOfQuellstein+1","theMarked:ElectricStrings+1","theMarked:WardOff","theMarked:DispelDoubt+1","theMarked:ChainLightning","theMarked:Frustration","theMarked:ParalyzingBlade+1","theMarked:SelfDefenseTraining+1","theMarked:BindingBlade+1","theMarked:SwordAndMagic","theMarked:Opportunist","theMarked:WardOff","theMarked:Opportunist"],"relics":["theMarked:ArtifactOfAir","theMarked:DemonDagger","MealTicket","Smiling Mask","Mummified Hand","Art of War","theMarked:Eyepatch","reliquary:Boomerang","reliquary:Buckler","Ornamental Fan","reliquary:BallBearing"],"acts_visited":["Exordium","TheCity"],"potions_floor_usage":[33,33],"damage_taken":[{"damage":1.0,"enemies":"Jaw Worm","floor":1.0,"turns":3.0},{"damage":3.0,"enemies":"Small Slimes","floor":4.0,"turns":3.0},{"damage":0.0,"enemies":"2 Louse","floor":5.0,"turns":3.0},{"damage":29.0,"enemies":"Gremlin Nob","floor":6.0,"turns":5.0},{"damage":21.0,"enemies":"Lagavulin","floor":10.0,"turns":5.0},{"damage":0.0,"enemies":"Large Slime","floor":11.0,"turns":3.0},{"damage":0.0,"enemies":"Blue Slaver","floor":12.0,"turns":4.0},{"damage":16.0,"enemies":"The Guardian","floor":16.0,"turns":15.0},{"damage":2.0,"enemies":"Shell Parasite","floor":18.0,"turns":6.0},{"damage":5.0,"enemies":"Chosen","floor":21.0,"turns":4.0},{"damage":39.0,"enemies":"Book of Stabbing","floor":23.0,"turns":6.0},{"damage":0.0,"enemies":"Snecko","floor":24.0,"turns":4.0},{"damage":18.0,"enemies":"Snake Plant","floor":25.0,"turns":6.0},{"damage":5.0,"enemies":"Shelled Parasite and Fungi","floor":28.0,"turns":5.0},{"damage":42,"enemies":"Collector","floor":33,"turns":9}],"seed_played":"-3561971057582575863","potions_obtained":[{"floor":4.0,"key":"SpeedPotion"},{"floor":5.0,"key":"Fire Potion"},{"floor":10.0,"key":"Block Potion"},{"floor":11.0,"key":"theMarked:ChargePotion"},{"floor":21.0,"key":"Ancient Potion"},{"floor":23.0,"key":"DuplicationPotion"},{"floor":28.0,"key":"Energy Potion"}],"is_trial":false,"path_per_floor":["M","?","?","M","M","E","?","R","T","E","M","M","R","T","R","B",null,"M","?","?","M","T","E","M","M","T","R","M","R","?","$","R","B"],"character_chosen":"THE_DEFAULT","items_purchased":["theMarked:Opportunist","reliquary:BallBearing"],"campfire_rested":2,"item_purchase_floors":[31,31],"current_hp_per_floor":[69,69,69,66,66,37,37,37,37,16,16,16,16,16,37,21,70,68,68,68,63,63,24,24,6,6,27,22,22,22,37,37,0,0],"gold":86,"neow_bonus":"RANDOM_COMMON_RELIC","is_daily":false,"chose_seed":false,"campfire_upgraded":4,"win_rate":0.0,"timestamp":1613068854,"path_taken":["M","?","?","M","M","E","?","R","T","E","M","M","R","?","R","BOSS","M","?","?","?","?","E","M","M","T","R","M","R","?","$","R","BOSS"],"items_purchased_type":["Card","Relic"],"build_version":"2020-12-18","purchased_purges":1,"victory":false,"max_hp_per_floor":[70,70,70,70,70,70,70,70,70,70,70,70,70,70,70,70,70,70,70,70,70,70,70,70,70,70,70,70,70,70,70,70,70,70],"card_choices":[{"not_picked":["theMarked:HeightenedSenses","theMarked:KeepCalmAndFight"],"picked":"theMarked:ElectricStrings","floor":1.0},{"not_picked":["theMarked:AttractMetal","theMarked:Aftermath"],"picked":"theMarked:WardOff","floor":4.0},{"not_picked":["theMarked:WardOff","theMarked:Memento"],"picked":"theMarked:DispelDoubt","floor":5.0},{"not_picked":["theMarked:RepellingDischarge","theMarked:TakeCover"],"picked":"theMarked:ChainLightning","floor":6.0},{"not_picked":["theMarked:Aftermath","theMarked:EnhanceMovement"],"picked":"theMarked:Frustration","floor":10.0},{"not_picked":["theMarked:EmpowerWeapon","theMarked:ChainLightning"],"picked":"theMarked:ParalyzingBlade","floor":11.0},{"not_picked":["theMarked:Friction","theMarked:MysticalArsenal"],"picked":"theMarked:SelfDefenseTraining","floor":12.0},{"not_picked":["theMarked:EternalStudent","theMarked:ThrowWeapon"],"picked":"theMarked:BindingBlade","floor":16.0},{"not_picked":["theMarked:ChainLightning","theMarked:EmpowerWeapon+1"],"picked":"theMarked:SwordAndMagic","floor":18.0},{"not_picked":["theMarked:Polarize+1","theMarked:PowerFlow"],"picked":"theMarked:Opportunist","floor":21.0},{"not_picked":["theMarked:WastefulAttack+1","theMarked:Frustration","theMarked:GodGivenPower"],"picked":"SKIP","floor":23.0},{"not_picked":["theMarked:Frustration+1","theMarked:Memento","theMarked:ChainLightning"],"picked":"SKIP","floor":24.0},{"not_picked":["theMarked:WastefulAttack","theMarked:LightningStrikesTwice+1"],"picked":"theMarked:WardOff","floor":25.0},{"not_picked":["theMarked:Parkour+1","theMarked:Generate","theMarked:TakeCover+1"],"picked":"SKIP","floor":28.0}],"player_experience":1244516,"relics_obtained":[{"floor":6.0,"key":"MealTicket"},{"floor":9.0,"key":"Smiling Mask"},{"floor":10.0,"key":"Mummified Hand"},{"floor":14.0,"key":"Art of War"},{"floor":22.0,"key":"reliquary:Boomerang"},{"floor":23.0,"key":"reliquary:Buckler"},{"floor":26.0,"key":"Ornamental Fan"}],"event_choices":[{"cards_removed":["theMarked:Strike"],"damage_healed":0.0,"max_hp_gain":0.0,"max_hp_loss":0.0,"gold_gain":0.0,"event_name":"The Cleric","player_choice":"Card Removal","floor":2.0,"gold_loss":50.0,"damage_taken":0.0},{"damage_healed":0.0,"max_hp_gain":0.0,"max_hp_loss":0.0,"gold_gain":0.0,"event_name":"Shining Light","player_choice":"Ignored","floor":3.0,"gold_loss":0.0,"damage_taken":0.0},{"damage_healed":0.0,"max_hp_gain":0.0,"max_hp_loss":0.0,"gold_gain":70.0,"event_name":"Golden Wing","player_choice":"Gained Gold","floor":7.0,"gold_loss":0.0,"damage_taken":0.0},{"cards_removed":["theMarked:Strike"],"damage_healed":0.0,"max_hp_gain":0.0,"max_hp_loss":0.0,"gold_gain":0.0,"event_name":"Beggar","player_choice":"Gave Gold","floor":19.0,"gold_loss":75.0,"damage_taken":0.0},{"cards_removed":["theMarked:Strike"],"damage_healed":0.0,"max_hp_gain":0.0,"max_hp_loss":0.0,"gold_gain":0.0,"event_name":"Designer","player_choice":"Upgrade and Remove","floor":20.0,"gold_loss":90.0,"damage_taken":0.0,"cards_upgraded":["theMarked:Defend"]},{"damage_healed":0.0,"max_hp_gain":0.0,"max_hp_loss":0.0,"gold_gain":99.0,"event_name":"Nest","player_choice":"Stole From Cult","floor":30.0,"gold_loss":0.0,"damage_taken":0.0}],"is_beta":true,"boss_relics":[{"not_picked":["Ectoplasm","Coffee Dripper"],"picked":"theMarked:Eyepatch"}],"items_purged_floors":[31],"is_endless":false,"potions_floor_spawned":[4,5,10,11,21,23,28],"killed_by":"Collector","ascension_level":0}}