{"host":"rn4c402gwd40h2z6","time":1613053160,"event":{"mods":["A Penny For Your Troubles","Act Like it!","Arknights","Ascension Unlocker","Aspiration","Astrologer","BaseMod","CapriCore","Card Forge","Challenge The Spire","Crowbot","DNKmod","Data Control","Friendly Minions","Good Game Mod","Hallownest","Hermit","HornydragonMod","Infinite Spire","Mad Scientist","Marisa（F雨　魔理沙）","Mimic Mod","Minty Spire (QoL Compilation)","Monster B Gone","Pale of the Ancients","Permanent Neow","Quick Restart","Random Character Button","Remilia（蕾米莉亚）","Robot Space Explorer","RumiaBox-露米娅的神秘盒子","SOS（斯巴达之子）","Slay the StarCraft II Mod","Spicy Shops","StSLib","The Blackbeard","The Bug Knight","The Cursed","The Dragon Tamer","The Forsaken","The Gatherer","The Hierophant","The Invoker Mod","The IronCluck","The Mystic","The Poker Player","The Runesmith","The Servant 0.9.4","The Showman","TheWitcherMod","Waifu the Spire","Warlord Emblem","[Fun]BeWhatYouAte","[LAZYMAN]RSMod","noobMod","slay the spire mod where everything is the same but ironclad has a cowboy hat","【功能Mod】混沌之环修复补丁","【功能Mod】精心准备","【遗物Mod】死灵法师NEW"],"gold_per_floor":[115,115,115,40,60,60,72,107,107,118,136,143,29,29,29,64,64,50,68,0,0,19,19,19,19,42,57,76,94,105,105,105,206,206,220,25,25,25,44,44,44,60,98,118,118,153,168,180,180,180,180,195,195,95,95,113,113,161,161,161],"floor_reached":61,"language":"ZHS","playtime":8044,"items_purged":["DTMod:Strike","DTMod:TagTeam+1","Regret","Pain"],"score":1669,"play_id":"436362ba-c998-400d-9ca3-15ad3765703a","local_time":"20210211221920","is_ascension_mode":true,"metric_token":3799,"campfire_choices":[{"data":"DTMod:DoubleHit","floor":6,"key":"SMITH"},{"floor":15,"key":"RECALL"},{"data":"ForecastOfChange","floor":23,"key":"SMITH"},{"data":"infinitespire:SevenWalls","floor":32,"key":"SMITH"},{"data":"DTMod:Dissolve","floor":40,"key":"SMITH"},{"data":"DTMod:ShieldDrain","floor":45,"key":"SMITH"},{"data":"DTMod:SwitchingTactic","floor":49,"key":"SMITH"},{"data":"DTMod:TargetDefense","floor":55,"key":"SMITH"},{"floor":57,"key":"REST"}],"dtmod_dragon_data":[45,50,2,2,4,4],"circlet_count":0,"master_deck":["DTMod:DoubleHit+1","DTMod:TargetDefense","DTMod:TargetDefense","DTMod:TargetDefense+1","DTMod:SwitchingTactic+1","ForecastOfChange+1","DTMod:QuickFly+1","dwlrmod:ChillingDream","DTMod:ShieldDrain+1","dwlrmod:ColdlightOracle+1","DTMod:Dissolve+1","DTMod:LastStand+1","dwlrmod:TheLastStand+1","DTMod:Observe+1","DTMod:Dissolve+1","DTMod:Shift+1","DTMod:BizarreTactic+1","DTMod:MagicField+1","infinitespire:SevenWalls+1","CurseOfTheBell","Parasite","DTMod:FlameSlash+1","Hallownest:curseDreamersLament","DTMod:RunningTactic+1","infinitespire:FutureSight+1","Pain","Mistake","Injury","Writhe","Clumsy"],"relics":["DTMod:PactStone","Hammer of Thor","Seething Fire","Anvil of the Gods","REME:ComplimentaryCards","ice","aspiration:Nostalgia","infinitespire:DarkRift","dwlrmod:ProjectRecorder","Baka2","Pear","Toxic Egg 2","The Courier","HollowMod:PaleOreRelic","Astrolabe","Anvil of the Gods","infinitespire:Lucky Rock","Calling Bell","DTMod:BasicTextbook","GodSword4","aspiration:AnachronicSnailShell","Akabeko","MoreBug","DTMod:SolidMemories","paleoftheancients:Timepiece","paleoftheancients:KeyRelic","Mercury Hourglass","CultistMask","paleoftheancients:SoulOfTheWokeBloke","Strawberry"],"acts_visited":["Exordium","TheCity","Hallownest:KingdomsEdge","paleoftheancients:PaleOfTheAncients"],"potions_floor_usage":[],"damage_taken":[{"damage":0,"enemies":"2 Louse","floor":1,"turns":3},{"damage":13,"enemies":"Cultist","floor":2,"turns":2},{"damage":0,"enemies":"Small Slimes","floor":5,"turns":2},{"damage":0,"enemies":"3 Louse","floor":7,"turns":2},{"damage":0,"enemies":"Lagavulin","floor":8,"turns":3},{"damage":0,"enemies":"Looter","floor":10,"turns":1},{"damage":0,"enemies":"Red Slaver","floor":11,"turns":2},{"damage":0,"enemies":"Gremlin Nob","floor":12,"turns":3},{"damage":23,"enemies":"Hexaghost","floor":16,"turns":7},{"damage":9,"enemies":"2 Thieves","floor":18,"turns":4},{"damage":4,"enemies":"3 Byrds","floor":19,"turns":2},{"damage":10,"enemies":"Cultist and Chosen","floor":22,"turns":4},{"damage":0,"enemies":"Sentry and Sphere","floor":27,"turns":3},{"damage":0,"enemies":"Shelled Parasite and Fungi","floor":28,"turns":3},{"damage":0,"enemies":"Snake Plant","floor":29,"turns":2},{"damage":0,"enemies":"Centurion and Healer","floor":30,"turns":2},{"damage":17,"enemies":"Automaton","floor":33,"turns":8},{"damage":0,"enemies":"Hallownest:3_Siblings","floor":35,"turns":5},{"damage":0,"enemies":"Hallownest:Shield_Heavy","floor":39,"turns":2},{"damage":0,"enemies":"Hallownest:monsterPrimalAspid","floor":42,"turns":2},{"damage":0,"enemies":"Hallownest:2_Great","floor":43,"turns":6},{"damage":0,"enemies":"Hallownest:2_Great","floor":44,"turns":1},{"damage":1,"enemies":"Hallownest:2_Great","floor":46,"turns":8},{"damage":0,"enemies":"Hallownest:2_Soldiers_and_1_Guardian","floor":47,"turns":2},{"damage":16,"enemies":"Hallownest:Slobbering_and_Violent","floor":48,"turns":6},{"damage":6,"enemies":"Hallownest:Radiance","floor":50,"turns":9},{"damage":265,"enemies":"Hallownest:Radiance","floor":51,"turns":13},{"damage":0,"enemies":"Hallownest:Radiance","floor":52,"turns":6},{"damage":0,"enemies":"Hallownest:Radiance","floor":56,"turns":4},{"damage":2,"enemies":"paleoftheancients:N","floor":60,"turns":4}],"seed_played":"-6618464830232672352","potions_obtained":[{"floor":5,"key":"SpeedPotion"},{"floor":10,"key":"Fire Potion"}],"is_trial":false,"path_per_floor":["M","M","?","$","M","R","M","E","T","M","M","E","$","?","R","B",null,"M","M","?","?","M","R","?","$","T","M","M","M","M","AVR","R","B",null,"M","$","?","?","M","R","?","M","MIM","M","R","E","M","M","R","B","M","M","?","$","R","M","R","T","?","B",null],"character_chosen":"THE_DT","items_purchased":["HollowMod:PaleOreRelic","Akabeko"],"campfire_rested":1,"item_purchase_floors":[13,36],"current_hp_per_floor":[45,41,41,41,41,41,54,54,54,54,54,54,54,47,47,27,58,49,45,45,45,35,35,35,35,35,45,45,45,51,51,51,34,64,64,64,64,64,64,64,64,64,64,64,64,64,64,48,48,64,96,111,84,84,84,111,111,118,118,131],"gold":161,"neow_bonus":"NOSTALGIA","is_daily":false,"chose_seed":false,"campfire_upgraded":7,"win_rate":0.0,"timestamp":1613053160,"path_taken":["M","M","?","?","M","R","M","E","T","M","?","E","$","?","R","BOSS","M","M","?","?","?","R","?","$","T","M","?","M","M","AVR","R","BOSS","M","$","?","?","?","R","?","?","MIM","M","R","E","M","M","R","BOSS","M","M","?","$","R","M","R","T","?","BOSS"],"items_purchased_type":["Relic","Relic"],"build_version":"2020-12-22","purchased_purges":4,"victory":true,"max_hp_per_floor":[45,45,45,45,45,45,55,55,55,55,55,55,55,55,55,58,58,58,58,58,58,58,58,58,58,58,58,58,58,64,64,64,64,64,64,64,64,64,64,64,64,64,64,64,64,64,64,64,64,64,96,111,111,111,111,111,111,118,118,131],"card_choices":[{"not_picked":["DTMod:Cover","DTMod:CrossStep"],"picked":"DTMod:QuickFly","floor":1},{"not_picked":["dwlrmod:Awakening","dwlrmod:FearFromDeep"],"picked":"dwlrmod:ChillingDream","floor":2},{"not_picked":["DTMod:HeatWave","DTMod:Feint"],"picked":"DTMod:ShieldDrain","floor":2},{"not_picked":["DTMod:Training","DTMod:Punisher","DTMod:CleansingStrike"],"picked":"SKIP","floor":5},{"not_picked":["DTMod:Training","DTMod:Punisher","DTMod:CleansingStrike"],"picked":"SKIP","floor":5},{"not_picked":["dwlrmod:Botchling","dwlrmod:EvilShackles"],"picked":"dwlrmod:ColdlightOracle","floor":7},{"not_picked":["DTMod:HeatWave","DTMod:Astonish"],"picked":"DTMod:Dissolve","floor":7},{"not_picked":["DTMod:Training+1","DTMod:DragonDance"],"picked":"DTMod:LastStand+1","floor":8},{"not_picked":["dwlrmod:SpreadingPlague","dwlrmod:IllusoryFlash"],"picked":"dwlrmod:TheLastStand","floor":10},{"not_picked":["DTMod:Threaten+1","DTMod:Punisher"],"picked":"DTMod:Observe+1","floor":10},{"not_picked":["DTMod:ResonanceForm","DTMod:Weaken+1"],"picked":"DTMod:MagicField+1","floor":11},{"not_picked":["DTMod:Feint","DTMod:HeatWave","DTMod:Punisher"],"picked":"SKIP","floor":12},{"not_picked":["DTMod:BreakAttack","DTMod:Hide+1"],"picked":"DTMod:BizarreTactic+1","floor":18},{"not_picked":["dwlrmod:Coldwraith","dwlrmod:IllusoryFlash","dwlrmod:ChillingDream"],"picked":"dwlrmod:MurozondTheInfinite","floor":19},{"not_picked":["DTMod:TagTeam+1","DTMod:Punisher+1","DTMod:BreakAttack"],"picked":"SKIP","floor":19},{"not_picked":["DTMod:Observe+1","DTMod:SneakAttack+1","DTMod:TauntingStrike"],"picked":"SKIP","floor":22},{"not_picked":["DTMod:BreakAttack+1","DTMod:BlazingStrike"],"picked":"DTMod:MagicField+1","floor":27},{"not_picked":["DTMod:CalculatedDefense","DTMod:TagTeam+1","DTMod:QuickFly"],"picked":"SKIP","floor":28},{"not_picked":["DTMod:ForkedFire","DTMod:MagicField+1","DTMod:BuildUp"],"picked":"SKIP","floor":29},{"not_picked":["DTMod:FlameSlash","DTMod:MasterPlan+1","DTMod:StunTrap+1"],"picked":"SKIP","floor":30},{"not_picked":["DTMod:HeatWave+1","DTMod:StarRain","DTMod:MasterPlan+1"],"picked":"SKIP","floor":35},{"not_picked":["DTMod:Threaten+1","DTMod:Adaptation+1"],"picked":"DTMod:FlameSlash+1","floor":39},{"not_picked":["DTMod:CalculatedDefense+1","DTMod:Haste+1"],"picked":"DTMod:RunningTactic+1","floor":42},{"not_picked":["DTMod:DeepFocus+1","DTMod:BuildUp"],"picked":"DTMod:BurningForce+1","floor":43},{"not_picked":["DTMod:Punisher","DTMod:Coolant+1","DTMod:PurifyingFlame+1"],"picked":"SKIP","floor":44},{"not_picked":["DTMod:Punisher+1","DTMod:Hide+1","DTMod:ForkedFire+1"],"picked":"SKIP","floor":46},{"not_picked":["DTMod:LastStand+1","DTMod:Coolant+1","DTMod:BlazingStrike"],"picked":"SKIP","floor":47},{"not_picked":["DTMod:LastStand+1","DTMod:Coolant+1","DTMod:BlazingStrike"],"picked":"SKIP","floor":47},{"not_picked":["DTMod:Training+1","DTMod:Weaken+1","DTMod:BizarreTactic+1"],"picked":"SKIP","floor":48},{"not_picked":["DTMod:Training+1","DTMod:SneakAttack+1","DTMod:CleansingStrike"],"picked":"SKIP","floor":52},{"not_picked":["infinitespire:NeuralNetwork","infinitespire:Starlight"],"picked":"infinitespire:FutureSight","floor":53},{"not_picked":["DTMod:Astonish+1","DTMod:MasterPlan+1","DTMod:ShieldDrain"],"picked":"SKIP","floor":56}],"player_experience":90568,"relics_obtained":[{"floor":1,"key":"Baka"},{"floor":1,"key":"dwlrmod:ProjectRecorder"},{"floor":2,"key":"Baka2"},{"floor":7,"key":"Pear"},{"floor":8,"key":"Toxic Egg 2"},{"floor":12,"key":"The Courier"},{"floor":22,"key":"Anvil of the Gods"},{"floor":26,"key":"infinitespire:Lucky Rock"},{"floor":34,"key":"DTMod:BasicTextbook"},{"floor":34,"key":"GodSword4"},{"floor":34,"key":"aspiration:AnachronicSnailShell"},{"floor":43,"key":"MoreBug"},{"floor":46,"key":"DTMod:SolidMemories"},{"floor":52,"key":"paleoftheancients:SoulOfTheWokeBloke"},{"floor":56,"key":"paleoftheancients:SoulOfTheShrineMaiden"},{"floor":58,"key":"Strawberry"}],"event_choices":[{"damage_healed":0,"gold_gain":0,"player_choice":"Upgraded","damage_taken":0,"max_hp_gain":0,"max_hp_loss":0,"event_name":"Upgrade Shrine","floor":3,"gold_loss":0,"cards_upgraded":["DTMod:QuickFly"]},{"cards_removed":["DTMod:TargetDefense"],"damage_healed":0,"gold_gain":0,"player_choice":"Card Removal","damage_taken":7,"max_hp_gain":0,"max_hp_loss":0,"event_name":"Golden Wing","floor":14,"gold_loss":0},{"damage_healed":0,"gold_gain":0,"player_choice":"Paid Fearfully","damage_taken":0,"max_hp_gain":0,"max_hp_loss":0,"event_name":"Masked Bandits","floor":20,"gold_loss":68},{"damage_healed":0,"gold_gain":0,"player_choice":"Upgraded","damage_taken":0,"max_hp_gain":0,"max_hp_loss":0,"event_name":"Upgrade Shrine","floor":21,"gold_loss":0,"cards_upgraded":["dwlrmod:ColdlightOracle"]},{"damage_healed":0,"gold_gain":0,"player_choice":"0 cards matched","damage_taken":0,"max_hp_gain":0,"max_hp_loss":0,"event_name":"Match and Keep!","floor":24,"gold_loss":0,"cards_obtained":[]}],"is_beta":false,"boss_relics":[{"not_picked":["aspiration:WatcherSkillbook","Cursed Key"],"picked":"Astrolabe"},{"not_picked":["Sozu","aspiration:MarisaSkillbook"],"picked":"Calling Bell"}],"items_purged_floors":[4,31,36,54],"is_endless":false,"potions_floor_spawned":[5,10,16,18,29,30,33,35,42,44,56],"ascension_level":1}}