{"host":"f5n4tidiz2n5sooh","time":1613022068,"event":{"mods":["BaseMod","Colored Map","Minty Spire (QoL Compilation)","Relic Stats","StSLib"],"gold_per_floor":[109,124,43,59,78,78,110,123,123,140,140,165,165,165,165,165,165],"floor_reached":16,"language":"ENG","playtime":608,"items_purged":[],"score":274,"play_id":"58d682f2-835a-4a3e-a573-63adedea9dff","local_time":"20210210234108","is_ascension_mode":true,"campfire_choices":[{"data":"Go for the Eyes","floor":6,"key":"SMITH"},{"data":"Buffer","floor":11,"key":"SMITH"},{"data":"Genetic Algorithm","floor":13,"key":"SMITH"},{"floor":15,"key":"REST"}],"circlet_count":0,"master_deck":["AscendersBane","Strike_B","Strike_B","Strike_B","Defend_B","Defend_B","Defend_B","Defend_B","Zap","Dualcast","Go for the Eyes+1","Gash","Cold Snap","Gash","Buffer+1","Genetic Algorithm+1"],"relics":["Cracked Core","Mummified Hand","Singing Bowl","White Beast Statue","Meat on the Bone"],"acts_visited":["Exordium"],"potions_floor_usage":[5,7,12,16],"damage_taken":[{"damage":9,"enemies":"Small Slimes","floor":1,"turns":3},{"damage":1,"enemies":"Cultist","floor":2,"turns":3},{"damage":4,"enemies":"Jaw Worm","floor":4,"turns":3},{"damage":0,"enemies":"Red Slaver","floor":5,"turns":4},{"damage":35,"enemies":"3 Sentries","floor":7,"turns":9},{"damage":5,"enemies":"Exordium Wildlife","floor":8,"turns":2},{"damage":0,"enemies":"Looter","floor":10,"turns":3},{"damage":0,"enemies":"Lagavulin","floor":12,"turns":6},{"damage":48,"enemies":"Slime Boss","floor":16,"turns":10}],"seed_played":"-438507904547920262","potions_obtained":[{"floor":2,"key":"Swift Potion"},{"floor":4,"key":"EssenceOfSteel"},{"floor":10,"key":"FocusPotion"},{"floor":12,"key":"SpeedPotion"}],"is_trial":false,"path_per_floor":["M","M","?","M","M","R","E","M","T","M","R","E","R","?","R","B"],"character_chosen":"DEFECT","items_purchased":[],"campfire_rested":1,"item_purchase_floors":[],"current_hp_per_floor":[62,61,61,57,57,57,22,19,19,21,21,21,21,21,45,0,0],"gold":165,"neow_bonus":"TEN_PERCENT_HP_BONUS","is_daily":false,"chose_seed":false,"campfire_upgraded":3,"win_rate":0.0,"timestamp":1613022068,"path_taken":["M","M","?","M","M","R","E","?","T","M","R","E","R","?","R","BOSS"],"items_purchased_type":[],"build_version":"2020-12-22","purchased_purges":0,"victory":false,"max_hp_per_floor":[78,78,78,78,78,78,78,80,80,82,82,82,82,82,82,82,82],"relic_stats":{"Singing Bowl":4,"counters":[9,43],"Mummified Hand":[3],"obtain_stats":[{"Singing Bowl":7,"Mummified Hand":3,"Cracked Core":0,"White Beast Statue":9,"Meat on the Bone":12},{"Singing Bowl":5,"Mummified Hand":2,"Cracked Core":0,"White Beast Statue":6,"Meat on the Bone":8},{"Singing Bowl":22,"Mummified Hand":6,"Cracked Core":0,"White Beast Statue":24,"Meat on the Bone":33}],"Meat on the Bone":0},"card_choices":[{"not_picked":["Hello World","Reinforced Body"],"picked":"Go for the Eyes","floor":1},{"not_picked":["Stack","Hello World"],"picked":"Gash","floor":2},{"not_picked":["Turbo","Redo"],"picked":"Cold Snap","floor":4},{"not_picked":["Leap","Stack"],"picked":"Gash","floor":5},{"not_picked":["Scrape","Amplify"],"picked":"Buffer","floor":7},{"not_picked":["Beam Cell","Force Field","Capacitor"],"picked":"Singing Bowl","floor":8},{"not_picked":["Sunder","Undo","Beam Cell"],"picked":"Singing Bowl","floor":10},{"not_picked":["Beam Cell","Steam Power"],"picked":"Genetic Algorithm","floor":12}],"player_experience":2046207,"relics_obtained":[{"floor":7,"key":"Singing Bowl"},{"floor":9,"key":"White Beast Statue"},{"floor":12,"key":"Meat on the Bone"}],"event_choices":[{"damage_healed":0,"gold_gain":0,"player_choice":"Paid Gold","damage_taken":0,"relics_obtained":["Mummified Hand"],"max_hp_gain":0,"max_hp_loss":0,"event_name":"WeMeetAgain","floor":3,"gold_loss":81},{"cards_removed":["Strike_B"],"damage_healed":0,"gold_gain":0,"player_choice":"Offered Basic","damage_taken":0,"max_hp_gain":0,"max_hp_loss":0,"event_name":"Bonfire Elementals","floor":14,"gold_loss":0}],"is_beta":false,"boss_relics":[],"items_purged_floors":[],"is_endless":false,"potions_floor_spawned":[2,4,10,12],"killed_by":"Slime Boss","ascension_level":20}}