{"host":"ppdttumzem9g74zu","time":1613080459,"event":{"mods":["2.2 Compatiblity","AchievementEnabler","BaseMod","Better Note","Block Reminder","Colored Powertips","Downfall","Googly Eyes","Hubris","Infinite Spire","Lobotomy","LobotomyExtend","Minty Spire (QoL Compilation)","Rare Cards Sparkle","Replay The Spire","StSLib","The Cursed"],"gold_per_floor":[199,199,213,226,226,326,326,326,340,340,440,440,440,440,440,440,440,440,440,440,440],"floor_reached":20,"language":"ENG","playtime":602,"items_purged":[],"score":137,"play_id":"47f7551f-9c03-4786-919e-6b58a7311634","local_time":"20210211185419","is_ascension_mode":false,"campfire_choices":[{"data":"champ:Execute","floor":3,"key":"SMITH"},{"data":"champ:Taunt","floor":8,"key":"SMITH"},{"floor":13,"key":"REST"},{"floor":18,"key":"REST"}],"circlet_count":0,"master_deck":["champ:Strike","champ:Strike","champ:Strike","champ:Strike","champ:Defend","champ:Defend","champ:Defend","champ:Defend","champ:Execute+1","champ:Taunt+1","infinitespire:SevenWalls+1"],"relics":["champ:ChampionCrown","LetterFromLob","hubris:CuriousFeather","infinitespire:FocusingShard","BranchBurnRelic","hubris:Potato","HonorFeather"],"acts_visited":["Exordium","TheBeyond","TheBeyond"],"potions_floor_usage":[],"damage_taken":[{"damage":0,"enemies":"3 Shapes","floor":4,"turns":1},{"damage":0,"enemies":"3 Darklings","floor":5,"turns":1},{"damage":0,"enemies":"2 Orb Walkers","floor":6,"turns":1},{"damage":0,"enemies":"Writhing Mass","floor":10,"turns":1},{"damage":0,"enemies":"Transient","floor":11,"turns":1},{"damage":0,"enemies":"infinitespire:Three Voidlings","floor":12,"turns":1},{"damage":0,"enemies":"Nightmare_Alpha","floor":12,"turns":1},{"damage":0,"enemies":"Orb Walker","floor":14,"turns":1},{"damage":0,"enemies":"3 Darklings","floor":15,"turns":1},{"damage":0,"enemies":"2 Orb Walkers","floor":16,"turns":1},{"damage":0,"enemies":"2 Orb Walkers","floor":20,"turns":1}],"seed_played":"7877792427632550541","potions_obtained":[],"is_trial":false,"path_per_floor":["R","R","M","M","?","?","R","T","M","M","?","R","M","M","?","?","R","T","?"],"character_chosen":"THE_CHAMP","items_purchased":[],"campfire_rested":2,"item_purchase_floors":[],"current_hp_per_floor":[90,90,90,90,90,90,90,90,90,90,90,90,90,90,90,90,90,90,0,0,0],"gold":440,"neow_bonus":"HUNDRED_GOLD","is_daily":false,"chose_seed":false,"campfire_upgraded":2,"win_rate":0.0,"timestamp":1613080459,"path_taken":["R","R","M","M","?","?","R","T","?","M","?","R","M","M","?","?","R","T","?"],"items_purchased_type":[],"build_version":"2020-12-22","purchased_purges":0,"victory":false,"max_hp_per_floor":[90,90,90,90,90,90,90,90,90,90,90,90,90,90,90,90,90,90,90,90,90],"card_choices":[{"not_picked":["champ:Backstep","champ:GutPunch+1","champ:FaceSlap+1"],"picked":"SKIP","floor":4},{"not_picked":["champ:EnragedBash+1","champ:FancyFootwork","champ:Parry+1"],"picked":"SKIP","floor":5},{"not_picked":["champ:RisingSlash","champ:FanOfKnives","champ:ArenaPreparation+1"],"picked":"SKIP","floor":10},{"not_picked":["champ:TornadoPunch+1","champ:BerserkersShout+1","champ:PreemptiveStrike+1"],"picked":"SKIP","floor":11},{"not_picked":["infinitespire:TheBestDefense","infinitespire:FutureSight"],"picked":"infinitespire:SevenWalls","floor":12},{"not_picked":["champ:SetATrap+1","champ:AdrenalArmor","champ:CalledShot+1"],"picked":"SKIP","floor":14},{"not_picked":["champ:DefensiveShout","champ:CrownThrow+1","champ:FlashCut"],"picked":"SKIP","floor":15}],"player_experience":147379,"relics_obtained":[{"floor":4,"key":"LetterFromLob"},{"floor":6,"key":"hubris:CuriousFeather"},{"floor":9,"key":"infinitespire:FocusingShard"},{"floor":12,"key":"Dead Branch"},{"floor":16,"key":"hubris:Potato"}],"event_choices":[{"damage_healed":0,"gold_gain":0,"player_choice":"Fight","damage_taken":0,"max_hp_gain":0,"max_hp_loss":0,"event_name":"Mysterious Sphere","floor":6,"gold_loss":0},{"damage_healed":0,"gold_gain":0,"player_choice":"Fight","damage_taken":0,"max_hp_gain":0,"max_hp_loss":0,"event_name":"Mysterious Sphere","floor":16,"gold_loss":0}],"is_beta":false,"boss_relics":[],"items_purged_floors":[],"is_endless":true,"potions_floor_spawned":[4,11,12,20],"killed_by":"2 Orb Walkers","ascension_level":0}}