{"host":"5inz41fcnifmg6v2","time":1613027829,"event":{"mods":["BaseMod","Downfall","Minty Spire (QoL Compilation)","Reliquary","Replay The Spire","StSLib"],"gold_per_floor":[119,294,294,369,1,36,36,36,110,148,172,213,213,257,257,386,386,407,438,438,463,478,478,514,514,514,538,538,538,552,592,592,715,715,730,730,19,39,132,132,163,163,163,163,176,53,116,157,157,157,157,157,29,60,60],"floor_reached":56,"language":"ZHS","playtime":4638,"items_purged":["Doubt","Overencumbered"],"score":1387,"play_id":"b861ba95-8de1-4b7a-9ecf-deb353925941","local_time":"20210211151709","is_ascension_mode":true,"campfire_choices":[{"floor":7,"key":"REST"},{"floor":13,"key":"REST"},{"floor":15,"key":"REST"},{"floor":23,"key":"RECALL"},{"floor":25,"key":"REST"},{"floor":28,"key":"REST"},{"floor":32,"key":"REST"},{"floor":40,"key":"REST"},{"floor":42,"key":"REST"},{"floor":49,"key":"REST"},{"floor":52,"key":"REST"}],"circlet_count":0,"master_deck":["Defend_R","Defend_R","Defend_R","Defend_R","Bash","Sword Boomerang","Ghostly Armor","Shrug It Off","Dropkick","Combust","Double Tap","Twin Strike+1","Entrench+1","Life Link+1","Rage","Dual Wield+1","Cleave","Slimebound:Tackle+1","Slimebound:Tackle+1","Slimebound:Tackle+1","Sword Boomerang","ReplayTheSpireMod:Muscle Training","Demon Form","ReplayTheSpireMod:LeadingStrike","ReplayTheSpireMod:Trickstab","Headbutt","Impervious","Berserk","Replay:Undeath\u0027s Touch","ReplayTheSpireMod:Muscle Training+1","Shockwave+1","Pummel+1","Limit Break+1","ReplayTheSpireMod:Corrosion Curse+1","Double Tap","Inflame","Inflame","Demonic Infusion"],"relics":["Burning Blood","Golden Idol","ReplayTheSpireMod:TigerMarble","reliquary:Knoch","Ginger","Pantograph","Eternal Feather","Kunai","Bronze Scales","Fusion Hammer","Red Mask","Anchor","Mango","Red Skull","Replay:Ancient Bell","reliquary:PorcupineQuills","Darkstone Periapt","CaptainsWheel","WarpedTongs","BargainBundle","Shuriken","King of Hearts","Nunchaku","reliquary:SharkskinSheath","Champion Belt","Bird Faced Urn","Ice Cream"],"acts_visited":["Exordium","TheCity","TheBeyond","TheEnding"],"potions_floor_usage":[6,19,24,33,33,41,55,55],"damage_taken":[{"damage":5,"enemies":"Cultist","floor":1,"turns":4},{"damage":39,"enemies":"Lagavulin","floor":6,"turns":6},{"damage":18,"enemies":"Gremlin Nob","floor":10,"turns":5},{"damage":0,"enemies":"2 Louse","floor":11,"turns":3},{"damage":35,"enemies":"3 Sentries","floor":12,"turns":10},{"damage":40,"enemies":"Lagavulin","floor":14,"turns":9},{"damage":27,"enemies":"Slime Boss","floor":16,"turns":9},{"damage":12,"enemies":"2 Thieves","floor":18,"turns":3},{"damage":21,"enemies":"Masked Bandits","floor":19,"turns":5},{"damage":18,"enemies":"3 Byrds","floor":21,"turns":3},{"damage":10,"enemies":"Shelled Parasite and Fungi","floor":22,"turns":4},{"damage":50,"enemies":"Gremlin Leader","floor":24,"turns":5},{"damage":21,"enemies":"Snecko","floor":27,"turns":5},{"damage":13,"enemies":"Snake Plant","floor":30,"turns":2},{"damage":21,"enemies":"Book of Stabbing","floor":31,"turns":4},{"damage":43,"enemies":"Champ","floor":33,"turns":7},{"damage":4,"enemies":"Orb Walker","floor":35,"turns":3},{"damage":17,"enemies":"3 Shapes","floor":38,"turns":4},{"damage":19,"enemies":"Nemesis","floor":41,"turns":13},{"damage":7,"enemies":"Maw","floor":45,"turns":5},{"damage":40,"enemies":"Mind Bloom Boss Battle","floor":47,"turns":2},{"damage":48,"enemies":"Reptomancer","floor":48,"turns":4},{"damage":89,"enemies":"Awakened One","floor":50,"turns":7},{"damage":41,"enemies":"Shield and Spear","floor":54,"turns":6},{"damage":156,"enemies":"The Heart","floor":55,"turns":8}],"seed_played":"-2340970044992220246","potions_obtained":[{"floor":1,"key":"BlessingOfTheForge"},{"floor":10,"key":"SmokeBomb"},{"floor":14,"key":"Weak Potion"},{"floor":16,"key":"ElixirPotion"},{"floor":18,"key":"SteroidPotion"},{"floor":24,"key":"Slimebound:ThreeZeroPotion"},{"floor":31,"key":"Ancient Potion"},{"floor":35,"key":"FairyPotion"}],"is_trial":false,"path_per_floor":["M","?","?","?","$","E","R","$","T","E","M","E","R","E","R","B",null,"M","?","?","M","M","R","E","R","T","M","R","?","M","E","R","B",null,"M","?","$","M","?","R","E","R","T","?","M","$","?","E","R","B",null,"R","$","E","B",null],"character_chosen":"IRONCLAD","items_purchased":["ReplayTheSpireMod:TigerMarble","reliquary:Knoch","BargainBundle","SteroidPotion","BloodPotion","Shuriken","King of Hearts","ReplayTheSpireMod:Trickstab","Headbutt","Impervious","Berserk","PowerPotion","Limit Break+1","Inflame","Regen Potion"],"campfire_rested":10,"item_purchase_floors":[5,5,37,37,37,37,37,37,37,37,37,37,46,53,53],"current_hp_per_floor":[88,88,66,55,55,22,48,48,48,36,42,13,48,14,49,53,88,82,67,67,55,51,63,19,57,71,56,98,98,91,76,102,65,120,120,126,126,115,65,120,107,126,126,126,125,125,92,50,108,54,129,129,129,102,22],"gold":60,"neow_bonus":"TEN_PERCENT_HP_BONUS","is_daily":false,"chose_seed":false,"campfire_upgraded":0,"win_rate":0.0,"timestamp":1613027829,"path_taken":["M","?","?","?","$","E","R","$","T","E","M","E","R","E","R","BOSS","M","?","?","M","?","R","E","R","T","M","R","?","M","E","R","BOSS","M","?","$","?","?","R","E","R","T","?","?","$","?","E","R","BOSS","R","$","E","BOSS"],"items_purchased_type":["Relic","Relic","Relic","Potion","Potion","Relic","Relic","Card","Card","Card","Card","Potion","Card","Card","Potion"],"build_version":"2020-12-22","purchased_purges":2,"victory":true,"max_hp_per_floor":[88,88,88,88,88,88,88,88,88,88,88,88,88,88,88,88,88,88,88,88,88,88,88,88,88,102,102,102,102,102,102,102,102,120,120,126,126,126,126,126,126,126,126,126,126,126,126,126,126,129,129,129,129,129,129],"card_choices":[{"not_picked":["True Grit","Blood for Blood"],"picked":"Sword Boomerang","floor":1},{"not_picked":["Run Through","Defy Death"],"picked":"Ghostly Armor","floor":6},{"not_picked":["True Grit","Feel No Pain"],"picked":"Heavy Blade","floor":10},{"not_picked":["Defy Death","Replay:Undeath\u0027s Touch"],"picked":"Shrug It Off","floor":11},{"not_picked":["Clash","Run Through"],"picked":"Dropkick","floor":12},{"not_picked":["Hemogenesis","Body Slam"],"picked":"Combust","floor":14},{"not_picked":["Demonic Infusion","Exhume"],"picked":"Double Tap","floor":16},{"not_picked":["Headbutt","Second Wind"],"picked":"Twin Strike+1","floor":18},{"not_picked":["Body Slam","Cleave+1"],"picked":"Entrench+1","floor":19},{"not_picked":["Warcry+1","Rampage"],"picked":"Life Link+1","floor":21},{"not_picked":["ReplayTheSpireMod:Corrosion Curse","Thunderclap"],"picked":"Rage","floor":22},{"not_picked":["Dark Embrace","Perfected Strike"],"picked":"Dual Wield+1","floor":24},{"not_picked":["True Grit","ReplayTheSpireMod:Limb From Limb"],"picked":"Cleave","floor":27},{"not_picked":["Evolve","Heavy Blade"],"picked":"Sword Boomerang","floor":30},{"not_picked":["Intimidate+1","Headbutt+1"],"picked":"ReplayTheSpireMod:Muscle Training","floor":31},{"not_picked":["Immolate","Brutality"],"picked":"Demon Form","floor":33},{"not_picked":["Delirium","ReplayTheSpireMod:Faulty Equipment"],"picked":"Overencumbered","floor":34},{"not_picked":["Replay:Hysterical Blindness","ReplayTheSpireMod:Doomed"],"picked":"ReplayTheSpireMod:Restless Dread","floor":34},{"not_picked":["downfall:Bewildered","Injury"],"picked":"Looming Evil","floor":34},{"not_picked":["Wild Strike","Dark Embrace+1"],"picked":"ReplayTheSpireMod:LeadingStrike","floor":35},{"not_picked":["Disarm","Power Through"],"picked":"Replay:Undeath\u0027s Touch","floor":38},{"not_picked":["Life Link+1","Flex+1"],"picked":"ReplayTheSpireMod:Muscle Training+1","floor":39},{"not_picked":["Carnage+1","Cleave"],"picked":"Shockwave+1","floor":41},{"not_picked":["Sword Boomerang","Anger"],"picked":"Pummel+1","floor":45},{"not_picked":["Heavy Blade","Power Through"],"picked":"ReplayTheSpireMod:Corrosion Curse+1","floor":47},{"not_picked":["Pommel Strike","True Grit+1"],"picked":"Double Tap","floor":48},{"not_picked":["Sever Soul","Warcry"],"picked":"Demonic Infusion","floor":54}],"player_experience":72789,"relics_obtained":[{"floor":6,"key":"Ginger"},{"floor":9,"key":"Pantograph"},{"floor":10,"key":"Eternal Feather"},{"floor":12,"key":"Kunai"},{"floor":14,"key":"Bronze Scales"},{"floor":19,"key":"Red Mask"},{"floor":24,"key":"Anchor"},{"floor":26,"key":"Mango"},{"floor":31,"key":"Red Skull"},{"floor":39,"key":"Nunchaku"},{"floor":41,"key":"reliquary:SharkskinSheath"},{"floor":47,"key":"Champion Belt"},{"floor":48,"key":"Bird Faced Urn"},{"floor":54,"key":"Ice Cream"}],"event_choices":[{"damage_healed":0,"gold_gain":175,"player_choice":"AGREE","damage_taken":0,"max_hp_gain":0,"max_hp_loss":0,"event_name":"Liars Game","floor":2,"gold_loss":0,"cards_obtained":["Doubt"]},{"damage_healed":0,"gold_gain":0,"player_choice":"Take Damage","damage_taken":22,"relics_obtained":["Golden Idol"],"max_hp_gain":0,"max_hp_loss":0,"event_name":"Golden Idol","floor":3,"gold_loss":0},{"damage_healed":0,"gold_gain":75,"player_choice":"Gather Gold","damage_taken":11,"max_hp_gain":0,"max_hp_loss":0,"event_name":"World of Goop","floor":4,"gold_loss":0},{"damage_healed":0,"gold_gain":0,"player_choice":"Fought Bandits","damage_taken":0,"max_hp_gain":0,"max_hp_loss":0,"event_name":"Masked Bandits","floor":19,"gold_loss":0},{"cards_removed":["Heavy Blade"],"damage_healed":0,"gold_gain":0,"player_choice":"Purged","damage_taken":0,"max_hp_gain":0,"max_hp_loss":0,"event_name":"Purifier","floor":20,"gold_loss":0},{"damage_healed":0,"gold_gain":0,"player_choice":"Rummage","damage_taken":0,"relics_obtained":["WarpedTongs"],"max_hp_gain":0,"max_hp_loss":0,"event_name":"Accursed Blacksmith","floor":36,"gold_loss":0,"cards_obtained":["Pain"]},{"cards_removed":["Pain","Looming Evil","ReplayTheSpireMod:Restless Dread"],"damage_healed":0,"gold_gain":0,"player_choice":"Removed Curses","damage_taken":0,"max_hp_gain":0,"max_hp_loss":0,"event_name":"Fountain of Cleansing","floor":44,"gold_loss":0},{"damage_healed":0,"gold_gain":0,"player_choice":"Fight","damage_taken":0,"max_hp_gain":0,"max_hp_loss":0,"event_name":"MindBloom","floor":47,"gold_loss":0}],"is_beta":false,"boss_relics":[{"not_picked":["Coffee Dripper","Runic Cube"],"picked":"Fusion Hammer"},{"not_picked":["Snecko Eye","Kintsugi"],"picked":"Replay:Ancient Bell"},{"not_picked":["Bag of Marbles","reliquary:Boomerang"],"picked":"reliquary:PorcupineQuills"},{"not_picked":["reliquary:JackalopeAntler","ReplayTheSpireMod:Shallot"],"picked":"Darkstone Periapt"},{"not_picked":["reliquary:OuijaBoard","Another Sword"],"picked":"CaptainsWheel"}],"items_purged_floors":[5,37],"is_endless":false,"potions_floor_spawned":[1,10,14,16,18,24,31,35,38,54],"ascension_level":1}}