{"host":"9l1knhxfturzliqa","time":1613020055,"event":{"mods":["AchievementEnabler","BaseMod","Colored Map","Colored Powertips","DeckTracker","Highlight Path","Keyboard Shortcuts","Minty Spire (QoL Compilation)","Random Character Button"],"gold_per_floor":[118,118,68,243,243,275,35,35,113,131,151,151,169,188,188,291,291,310,291,309,309,7,7,21,39,111,111,126,156,175,188,188,285,285,301,315,334,353,364,395,406,406,429,457,469,501,514,530,530,530],"floor_reached":51,"language":"KOR","playtime":7780,"items_purged":[],"score":1229,"play_id":"d0c4ab6c-8d19-4355-bd0b-1f874ffc22f8","local_time":"20210211140735","is_ascension_mode":true,"campfire_choices":[{"floor":8.0,"key":"REST"},{"data":"Scrape","floor":15.0,"key":"SMITH"},{"data":"Buffer","floor":23.0,"key":"SMITH"},{"data":"Double Energy","floor":27.0,"key":"SMITH"},{"data":"Zap","floor":32.0,"key":"SMITH"},{"data":"Creative AI","floor":42.0,"key":"SMITH"},{"data":"Echo Form","floor":49,"key":"SMITH"}],"circlet_count":0,"master_deck":["AscendersBane","Zap+1","Dualcast","Buffer+1","Beam Cell","Scrape+1","Turbo","Hologram","Cold Snap","Go for the Eyes","Echo Form+1","Redo","Hologram","Reboot","Leap","Steam Power","Melter","Undo","Scrape","Rebound","Chill","Double Energy+1","Stack+1","Skim+1","Cold Snap+1","Hologram","Sunder","Machine Learning","Echo Form+1","Amplify+1","Darkness+1","Skim","Stack+1","Beam Cell","Streamline","Go for the Eyes+1","Creative AI+1","Leap+1","Barrage+1","Sweeping Beam+1","Reboot+1","Hologram+1","Core Surge"],"relics":["Cracked Core","Gambling Chip","Kunai","Toy Ornithopter","Bottled Flame","Matryoshka","Pandora\u0027s Box","Nloth\u0027s Gift","Nunchaku","White Beast Statue","HornCleat","Mummified Hand","Astrolabe","Toxic Egg 2","Regal Pillow","Bottled Lightning","Gremlin Horn"],"acts_visited":["Exordium","TheCity","TheBeyond"],"potions_floor_usage":[48,50,50,50],"damage_taken":[{"damage":4.0,"enemies":"Cultist","floor":1.0,"turns":3.0},{"damage":36.0,"enemies":"3 Sentries","floor":6.0,"turns":10.0},{"damage":7.0,"enemies":"Jaw Worm","floor":10.0,"turns":3.0},{"damage":4.0,"enemies":"2 Louse","floor":11.0,"turns":3.0},{"damage":0.0,"enemies":"Large Slime","floor":13.0,"turns":5.0},{"damage":0.0,"enemies":"2 Fungi Beasts","floor":14.0,"turns":3.0},{"damage":23.0,"enemies":"The Guardian","floor":16.0,"turns":15.0},{"damage":0.0,"enemies":"Spheric Guardian","floor":18.0,"turns":2.0},{"damage":9.0,"enemies":"2 Thieves","floor":19.0,"turns":4.0},{"damage":4.0,"enemies":"Chosen and Byrds","floor":20.0,"turns":6.0},{"damage":0.0,"enemies":"Centurion and Healer","floor":24.0,"turns":7.0},{"damage":1.0,"enemies":"Sentry and Sphere","floor":25.0,"turns":5.0},{"damage":0.0,"enemies":"Snecko","floor":28.0,"turns":5.0},{"damage":5.0,"enemies":"Book of Stabbing","floor":29.0,"turns":6.0},{"damage":0.0,"enemies":"Cultist and Chosen","floor":30.0,"turns":6.0},{"damage":0.0,"enemies":"Centurion and Healer","floor":31.0,"turns":5.0},{"damage":10.0,"enemies":"Champ","floor":33.0,"turns":14.0},{"damage":0.0,"enemies":"3 Shapes","floor":35.0,"turns":6.0},{"damage":0.0,"enemies":"Orb Walker","floor":36.0,"turns":4.0},{"damage":0.0,"enemies":"Maw","floor":37.0,"turns":6.0},{"damage":0.0,"enemies":"Sphere and 2 Shapes","floor":38.0,"turns":4.0},{"damage":18.0,"enemies":"Jaw Worm Horde","floor":39.0,"turns":4.0},{"damage":13.0,"enemies":"Reptomancer","floor":40.0,"turns":6.0},{"damage":4.0,"enemies":"Spire Growth","floor":41.0,"turns":4.0},{"damage":26.0,"enemies":"Giant Head","floor":44.0,"turns":8.0},{"damage":0.0,"enemies":"Maw","floor":45.0,"turns":6.0},{"damage":0.0,"enemies":"Reptomancer","floor":46.0,"turns":7.0},{"damage":4.0,"enemies":"4 Shapes","floor":47.0,"turns":5.0},{"damage":0,"enemies":"Transient","floor":48,"turns":5},{"damage":91,"enemies":"Time Eater","floor":50,"turns":10}],"seed_played":"-7664849718010573756","potions_obtained":[{"floor":10.0,"key":"DistilledChaos"},{"floor":11.0,"key":"Swift Potion"},{"floor":13.0,"key":"Dexterity Potion"},{"floor":19.0,"key":"FearPotion"},{"floor":24.0,"key":"Weak Potion"},{"floor":28.0,"key":"SneckoOil"},{"floor":29.0,"key":"EssenceOfDarkness"},{"floor":30.0,"key":"Fruit Juice"},{"floor":31.0,"key":"LiquidBronze"},{"floor":33.0,"key":"SkillPotion"},{"floor":35.0,"key":"ColorlessPotion"},{"floor":37.0,"key":"GamblersBrew"},{"floor":39.0,"key":"ColorlessPotion"},{"floor":40.0,"key":"Fruit Juice"},{"floor":41.0,"key":"Regen Potion"},{"floor":44.0,"key":"Explosive Potion"},{"floor":45.0,"key":"Explosive Potion"},{"floor":46.0,"key":"Regen Potion"},{"floor":47.0,"key":"Strength Potion"},{"floor":48,"key":"AttackPotion"}],"is_trial":false,"path_per_floor":["M","?","?","?","?","E","$","R","T","M","M","T","M","M","R","B",null,"M","M","M","?","$","R","M","M","T","R","M","E","M","M","R","B",null,"M","M","M","M","M","E","M","R","T","E","M","E","M","M","R","B",null],"character_chosen":"DEFECT","items_purchased":["Beam Cell","Scrape","Toy Ornithopter","Nunchaku","Chill","Regen Potion"],"campfire_rested":1,"item_purchase_floors":[7,7,7,22,22,22],"current_hp_per_floor":[64,61,61,61,54,18,18,40,40,33,29,29,29,34,34,16,60,60,51,47,47,47,47,67,66,66,66,71,70,80,80,80,70,78,78,78,78,78,62,59,55,55,55,54,54,64,60,80,80,4],"gold":530,"neow_bonus":"ONE_RARE_RELIC","is_daily":false,"chose_seed":false,"campfire_upgraded":6,"win_rate":0.0,"timestamp":1613020055,"path_taken":["M","?","?","?","?","E","$","R","T","M","M","?","M","M","R","BOSS","M","M","M","?","$","R","M","M","T","R","M","E","M","M","R","BOSS","M","M","M","?","M","E","M","R","T","E","M","E","M","M","R","BOSS"],"items_purchased_type":["Card","Card","Relic","Relic","Card","Potion"],"build_version":"2020-12-22","purchased_purges":0,"victory":true,"max_hp_per_floor":[75,75,75,75,75,75,75,75,75,75,75,75,75,75,75,75,75,75,75,75,75,75,75,75,75,75,75,75,75,80,80,80,80,80,80,80,80,80,80,85,85,85,85,85,85,85,85,85,85,85],"card_choices":[{"not_picked":["Coolheaded","Compile Driver"],"picked":"Cold Snap","floor":1.0},{"not_picked":["Ball Lightning","Fusion"],"picked":"Buffer","floor":6.0},{"not_picked":["Scrape","Tempest"],"picked":"Turbo","floor":10.0},{"not_picked":["Compile Driver","Leap"],"picked":"Hologram","floor":11.0},{"not_picked":["Barrage","Fission"],"picked":"Cold Snap","floor":13.0},{"not_picked":["Sweeping Beam","Leap"],"picked":"Go for the Eyes","floor":14.0},{"not_picked":["Buffer","Machine Learning"],"picked":"Echo Form","floor":16.0},{"not_picked":["Blizzard","Ball Lightning"],"picked":"Undo","floor":18.0},{"not_picked":["Turbo","Ball Lightning"],"picked":"Scrape","floor":19.0},{"not_picked":["Barrage","Leap"],"picked":"Rebound","floor":20.0},{"not_picked":["Cold Snap+1","Hologram+1"],"picked":"Double Energy","floor":24.0},{"not_picked":["Fission","Recycle"],"picked":"Stack+1","floor":25.0},{"not_picked":["Conserve Battery","Rebound"],"picked":"Skim+1","floor":28.0},{"not_picked":["Storm","Redo"],"picked":"Cold Snap+1","floor":29.0},{"not_picked":["Storm","Barrage+1"],"picked":"Hologram","floor":30.0},{"not_picked":["Hyperbeam","Auto Shields"],"picked":"Sunder","floor":31.0},{"not_picked":["Amplify","Hyperbeam"],"picked":"Machine Learning","floor":33.0},{"not_picked":["Tempest","Cold Snap+1"],"picked":"Skim","floor":35.0},{"not_picked":["Leap+1","Go for the Eyes+1"],"picked":"Stack+1","floor":36.0},{"not_picked":["Auto Shields+1","Barrage+1"],"picked":"Beam Cell","floor":37.0},{"not_picked":["Compile Driver","Redo+1"],"picked":"Streamline","floor":38.0},{"not_picked":["Biased Cognition","Coolheaded"],"picked":"Go for the Eyes+1","floor":39.0},{"not_picked":["Darkness+1","Loop+1"],"picked":"Creative AI","floor":40.0},{"not_picked":["Hello World","Cold Snap+1"],"picked":"Leap+1","floor":41.0},{"not_picked":["Biased Cognition","Reprogram+1"],"picked":"Barrage+1","floor":44.0},{"not_picked":["Fusion+1","Barrage"],"picked":"Sweeping Beam+1","floor":45.0},{"not_picked":["Undo+1","Echo Form"],"picked":"Reboot+1","floor":46.0},{"not_picked":["Reprogram+1","Lockon"],"picked":"Hologram+1","floor":47.0},{"not_picked":["Double Energy+1","Conserve Battery+1"],"picked":"Core Surge","floor":48}],"player_experience":662740,"relics_obtained":[{"floor":6.0,"key":"Omamori"},{"floor":9.0,"key":"Bottled Flame"},{"floor":12.0,"key":"Matryoshka"},{"floor":26.0,"key":"White Beast Statue"},{"floor":26.0,"key":"HornCleat"},{"floor":29.0,"key":"Mummified Hand"},{"floor":40.0,"key":"Toxic Egg 2"},{"floor":43.0,"key":"Regal Pillow"},{"floor":44.0,"key":"Bottled Lightning"},{"floor":46.0,"key":"Gremlin Horn"}],"event_choices":[{"damage_healed":0.0,"max_hp_gain":0.0,"max_hp_loss":0.0,"gold_gain":0.0,"event_name":"Scrap Ooze","player_choice":"Success","floor":2.0,"gold_loss":0.0,"damage_taken":3.0,"relics_obtained":["Kunai"]},{"cards_removed":["Pain"],"damage_healed":0.0,"max_hp_gain":0.0,"max_hp_loss":0.0,"gold_gain":0.0,"event_name":"The Cleric","player_choice":"Card Removal","floor":3.0,"gold_loss":50.0,"damage_taken":0.0},{"damage_healed":0.0,"max_hp_gain":0.0,"max_hp_loss":0.0,"gold_gain":175.0,"event_name":"Liars Game","player_choice":"AGREE","floor":4.0,"gold_loss":0.0,"damage_taken":0.0,"cards_obtained":["Doubt"]},{"cards_removed":["Doubt"],"damage_healed":0.0,"max_hp_gain":0.0,"max_hp_loss":0.0,"gold_gain":0.0,"event_name":"Golden Wing","player_choice":"Card Removal","floor":5.0,"gold_loss":0.0,"damage_taken":7.0},{"damage_healed":0.0,"max_hp_gain":0.0,"max_hp_loss":0.0,"gold_gain":0.0,"event_name":"N\u0027loth","player_choice":"Traded Relic","floor":21.0,"relics_lost":["Omamori"],"gold_loss":0.0,"damage_taken":0.0,"relics_obtained":["Nloth\u0027s Gift"]}],"is_beta":false,"boss_relics":[{"not_picked":["SacredBark","Ectoplasm"],"picked":"Pandora\u0027s Box"},{"not_picked":["Tiny House","Runic Dome"],"picked":"Astrolabe"}],"items_purged_floors":[],"is_endless":false,"potions_floor_spawned":[10,11,13,19,24,28,29,30,31,33,35,36,37,38,39,40,41,44,45,46,47,48],"ascension_level":10}}