{"host":"q5gyi9x7ayauaq2y","time":1613057658,"event":{"mods":["AchievementEnabler","BaseMod","BetterRewards","Colored Map","Colored Powertips","Downfall","GifTheSpireLib","Hero for Fun","Minty Spire (QoL Compilation)","Permanent Neow","Replay The Spire","StSLib","The Bug Knight","The Construct","The Cursed","The Hierophant"],"gold_per_floor":[99,99,99,99,149,183,207,207,252,252,4,27,27,51,65,169,169,69,82,19,42,62,66,66,66],"floor_reached":23,"language":"ENG","playtime":1886,"items_purged":["Delirium"],"score":322,"play_id":"60d450a5-1450-4796-8fed-aeb6c3801c51","local_time":"20210211153418","is_ascension_mode":false,"campfire_choices":[{"floor":1,"key":"DIG"},{"data":"hexamod:SoulSteal","floor":13,"key":"SMITH"},{"data":"hexamod:SearingWound","floor":18,"key":"SMITH"}],"circlet_count":0,"master_deck":["hexamod:Strike","hexamod:Strike","hexamod:Strike+1","hexamod:Strike+1","hexamod:Defend","hexamod:Defend+1","hexamod:Defend","hexamod:Sear","hexamod:Float","hexamod:Again+1","hexamod:HeatMetal+1","hexamod:PhantomFireball+1","TheCursedMod:Dregs","hexamod:PhantomCloak","hexamod:SoulSteal+1","hexamod:ChargedBarrage","hexamod:SixthSeal","hexamod:FlamesFromBeyond","hexamod:SearingWound+1","hexamod:HeatMetal","hexamod:PhantomCloak","hexamod:SearingWound"],"relics":["hexamod:SpiritBrand","downfall:HeartsMalice","TungstenRod","Ring of Greed","The Courier","Replay:Bandana","Ring of Fangs","Orichalcum","Boot","ReplayTheSpireMod:Lightbulb","PreservedInsect","Omamori","SlaversCollar","downfall:HeartBlessingGreen"],"acts_visited":["Exordium","TheCity"],"potions_floor_usage":[15,16,19,23],"damage_taken":[{"damage":0,"enemies":"Small Slimes","floor":3,"turns":1},{"damage":0,"enemies":"3 Sentries","floor":6,"turns":1},{"damage":0,"enemies":"2 Louse","floor":8,"turns":1},{"damage":3,"enemies":"HollowMod:MossKnight","floor":9,"turns":10},{"damage":0,"enemies":"downfall:FleeingMerchant","floor":11,"turns":4},{"damage":0,"enemies":"Jaw Worm","floor":12,"turns":4},{"damage":5,"enemies":"Large Slime","floor":14,"turns":6},{"damage":28,"enemies":"Exordium Thugs","floor":15,"turns":8},{"damage":19,"enemies":"SI_SHIV_ARCHETYPE","floor":16,"turns":9},{"damage":0,"enemies":"3 Byrds","floor":19,"turns":3},{"damage":4,"enemies":"downfall:FleeingMerchant","floor":20,"turns":4},{"damage":43,"enemies":"Shelled Parasite and Fungi","floor":21,"turns":6},{"damage":21,"enemies":"Cultist and Chosen","floor":22,"turns":6},{"damage":6,"enemies":"Snecko","floor":23,"turns":3}],"seed_played":"-2263497103353693358","potions_obtained":[{"floor":6,"key":"champ:CounterPotion"},{"floor":12,"key":"Ancient Potion"},{"floor":14,"key":"Block Potion"},{"floor":16,"key":"LiquidBronze"},{"floor":22,"key":"ColorlessPotion"}],"is_trial":false,"path_per_floor":["R_BF","?","M","?","?","E","T","M","E","?","$","M","R","M","M","B",null,"R_BF","M","$","M","M","M"],"character_chosen":"THE_SPIRIT","items_purchased":["PreservedInsect","Omamori"],"campfire_rested":0,"item_purchase_floors":[11,11],"current_hp_per_floor":[70,70,70,70,70,70,70,70,67,67,67,67,67,62,34,15,70,70,70,66,23,2,0,0,0],"gold":66,"neow_bonus":"THREE_ENEMY_KILL","is_daily":false,"chose_seed":false,"campfire_upgraded":2,"win_rate":0.0,"timestamp":1613057658,"path_taken":["R_BF","?","M","?","?","E","T","?","E","?","$","M","R","M","M","BOSS","R_BF","M","$","M","M","M"],"items_purchased_type":["Relic","Relic"],"build_version":"2020-12-22","purchased_purges":1,"victory":false,"max_hp_per_floor":[70,70,70,70,70,70,70,70,70,70,70,70,70,70,70,70,70,70,70,70,70,70,70,70,70],"card_choices":[{"not_picked":["hexamod:RecurringNightmare","hexamod:InspiringFlames"],"picked":"hexamod:Again","floor":3},{"not_picked":["hexamod:Firestarter","hexamod:NightmareGuise"],"picked":"hexamod:HeatMetal","floor":6},{"not_picked":["hexamod:FastForward","hexamod:PhantomCloak"],"picked":"hexamod:PhantomFireball","floor":8},{"not_picked":["hexamod:Firestarter","hexamod:PhantomFireball"],"picked":"hexamod:PhantomCloak","floor":9},{"not_picked":["hexamod:BacktrackSmack","hexamod:EtherealExpedition"],"picked":"hexamod:SoulSteal","floor":11},{"not_picked":["hexamod:NecessarySacrifice","hexamod:SwordOfDarkness"],"picked":"hexamod:ChargedBarrage","floor":12},{"not_picked":["hexamod:FastForward","hexamod:HeatShield"],"picked":"hexamod:SixthSeal","floor":14},{"not_picked":["hexamod:FastForward","hexamod:ShieldOfDarkness"],"picked":"hexamod:FlamesFromBeyond","floor":15},{"not_picked":["hexamod:ForkedFlame","hexamod:SixthSeal"],"picked":"hexamod:SearingWound","floor":16},{"not_picked":["hexamod:GhostShield","hexamod:HauntingEcho"],"picked":"hexamod:HeatMetal","floor":19},{"not_picked":["hexamod:NecessarySacrifice+1","hexamod:NightmareGuise+1","hexamod:SecondSeal"],"picked":"SKIP","floor":20},{"not_picked":["hexamod:HauntingEcho","hexamod:SpectralAdrenaline+1"],"picked":"hexamod:PhantomCloak","floor":21},{"not_picked":["hexamod:ShieldOfDarkness+1","hexamod:Firestarter"],"picked":"hexamod:SearingWound","floor":22}],"player_experience":165159,"relics_obtained":[{"floor":1,"key":"TungstenRod"},{"floor":5,"key":"Ring of Greed"},{"floor":5,"key":"The Courier"},{"floor":5,"key":"Replay:Bandana"},{"floor":5,"key":"Ring of Fangs"},{"floor":6,"key":"Orichalcum"},{"floor":7,"key":"Boot"},{"floor":9,"key":"ReplayTheSpireMod:Lightbulb"}],"event_choices":[{"cards_removed":["hexamod:Defend"],"damage_healed":0,"gold_gain":0,"player_choice":"Card Removal","damage_taken":0,"max_hp_gain":0,"max_hp_loss":0,"event_name":"The Cleric","floor":2,"gold_loss":0}],"is_beta":false,"boss_relics":[{"not_picked":["Runic Dome","Cursed Key"],"picked":"SlaversCollar"}],"items_purged_floors":[20],"is_endless":false,"potions_floor_spawned":[6,12,14,16,22],"killed_by":"Snecko","ascension_level":0}}