{"host":"duy7hn61njv7ibc3","time":1613049857,"event":{"mods":["2.2 Compatiblity","AchievementEnabler","BaseMod","Colored Powertips","Faster Ascension Climbing","GifTheSpireLib","Minty Spire (QoL Compilation)","Permanent Neow","Quick Restart","Relic Filter","Remove Card Discount Mod","StSLib","Stuff the Spire","Uncapped"],"gold_per_floor":[117,1488,742,755,770,803,803],"floor_reached":6,"language":"ENG","playtime":237,"items_purged":["Eruption","Strike_P","Defend_P","Strike_P","Defend_P"],"score":96,"play_id":"87664cb5-d0d7-418a-99ea-e44683726596","local_time":"20210211152417","is_ascension_mode":false,"campfire_choices":[],"circlet_count":0,"master_deck":["Strike_P","Defend_P+1","Defend_P","Vigilance+1","Tantrum","Pray","DevaForm","Pray"],"relics":["PureWater","NeowsBlessing","Matryoshka","Frozen Eye","Boot","OrangePellets","War Paint","StuffTheSpire:CocoNut","StuffTheSpire:Rhapsscallions"],"acts_visited":["Exordium"],"potions_floor_usage":[],"damage_taken":[{"damage":0.0,"enemies":"Cultist","floor":1.0,"turns":1.0},{"damage":0.0,"enemies":"Small Slimes","floor":4.0,"turns":2.0},{"damage":0.0,"enemies":"2 Louse","floor":5.0,"turns":2.0},{"damage":59,"enemies":"3 Sentries","floor":6,"turns":5}],"seed_played":"-2226943995368737536","potions_obtained":[{"floor":1.0,"key":"Regen Potion"},{"floor":5.0,"key":"BottledMiracle"}],"is_trial":false,"path_per_floor":["M","$","$","M","M","E"],"character_chosen":"WATCHER","items_purchased":["Pray","Matryoshka","Frozen Eye","Boot","DevaForm","OrangePellets","War Paint","StuffTheSpire:CocoNut","Pray"],"campfire_rested":0,"item_purchase_floors":[2,2,2,2,3,3,3,3,3],"current_hp_per_floor":[72,72,79,79,79,27,27],"gold":803,"neow_bonus":"THREE_ENEMY_KILL","is_daily":false,"chose_seed":false,"campfire_upgraded":0,"win_rate":0.0,"timestamp":1613049857,"path_taken":["M","$","?","M","?","E"],"items_purchased_type":["Card","Relic","Relic","Relic","Card","Relic","Relic","Relic","Card"],"build_version":"2020-12-22","purchased_purges":5,"victory":false,"max_hp_per_floor":[72,72,79,79,79,86,86],"card_choices":[{"not_picked":["PathToVictory","FlyingSleeves"],"picked":"Tantrum","floor":1.0},{"not_picked":["ClearTheMind","EmptyBody","Evaluate"],"picked":"SKIP","floor":4.0},{"not_picked":["Meditate","SashWhip","Fasting2"],"picked":"SKIP","floor":5.0},{"not_picked":["CrushJoints","ThirdEye","PathToVictory"],"picked":"SKIP","floor":6}],"player_experience":48437,"relics_obtained":[{"floor":6,"key":"StuffTheSpire:Rhapsscallions"}],"event_choices":[],"is_beta":false,"boss_relics":[],"items_purged_floors":[2,2,2,2,2],"is_endless":false,"potions_floor_spawned":[1,5],"killed_by":"3 Sentries","ascension_level":0}}