{"host":"1bzbl1adcbkdzqlf","time":1613075809,"event":{"mods":["BaseMod","Minty Spire (QoL Compilation)","Slay the Relics Exporter"],"gold_per_floor":[214,233,233,83,98,128,140,140,213,275,288,65,84,114,114,188,188,207,225,225,301,301,330,343,370,396,413,78,91,110,110,110,187,187,205,205,130,130,146,480,480,515,561,593,616,638,683,77,77,77],"floor_reached":51,"language":"ENG","playtime":5969,"items_purged":["Strike_R","Strike_R"],"score":1477,"play_id":"92a940f0-f586-4bb4-8c22-5bec8b6ba79f","local_time":"20210211143649","is_ascension_mode":true,"campfire_choices":[{"floor":8,"key":"REST"},{"data":"Uppercut","floor":15,"key":"SMITH"},{"data":"Flame Barrier","floor":32,"key":"SMITH"},{"data":"Heavy Blade","floor":49,"key":"SMITH"}],"circlet_count":0,"master_deck":["AscendersBane","Strike_R","Defend_R","Defend_R","Defend_R","Defend_R","Bash","Clothesline","Flame Barrier+1","Thunderclap","Intimidate","Carnage","Shrug It Off","Uppercut+1","Corruption","Necronomicurse","Decay","Hemokinesis","Disarm","Armaments","Injury","Battle Trance","Inflame","Inflame","RitualDagger","Fiend Fire","Ghostly Armor+1","Dark Shackles","Sadistic Nature","Spot Weakness","Demon Form","Heavy Blade+1","Regret","Parasite","Twin Strike","Flame Barrier","Feel No Pain+1","Battle Trance","Pummel+1","Dropkick+1"],"relics":["Burning Blood","Du-Vu Doll","Bag of Preparation","Boot","Singing Bowl","MealTicket","Lee\u0027s Waffle","Pantograph","Cursed Key","Necronomicon","Meat on the Bone","Anchor","Oddly Smooth Stone","Lantern","Shuriken","Coffee Dripper","Old Coin","PreservedInsect","MawBank","Lizard Tail","Molten Egg 2","Strange Spoon"],"acts_visited":["Exordium","TheCity","TheBeyond"],"potions_floor_usage":[6,10,16,16,19,25,33,44,44,46,50,50],"damage_taken":[{"damage":7,"enemies":"2 Louse","floor":1,"turns":4},{"damage":0,"enemies":"Small Slimes","floor":2,"turns":3},{"damage":8,"enemies":"Jaw Worm","floor":5,"turns":5},{"damage":35,"enemies":"Lagavulin","floor":6,"turns":6},{"damage":16,"enemies":"3 Louse","floor":7,"turns":4},{"damage":12,"enemies":"Gremlin Nob","floor":10,"turns":4},{"damage":26,"enemies":"Exordium Thugs","floor":11,"turns":5},{"damage":11,"enemies":"Blue Slaver","floor":13,"turns":4},{"damage":20,"enemies":"Gremlin Nob","floor":14,"turns":4},{"damage":0,"enemies":"Slime Boss","floor":16,"turns":4},{"damage":0,"enemies":"Chosen","floor":18,"turns":4},{"damage":8,"enemies":"3 Byrds","floor":19,"turns":4},{"damage":36,"enemies":"Slavers","floor":23,"turns":4},{"damage":7,"enemies":"Shelled Parasite and Fungi","floor":24,"turns":4},{"damage":23,"enemies":"Gremlin Leader","floor":25,"turns":5},{"damage":9,"enemies":"Centurion and Healer","floor":27,"turns":4},{"damage":8,"enemies":"Sentry and Sphere","floor":29,"turns":4},{"damage":0,"enemies":"Snake Plant","floor":30,"turns":2},{"damage":47,"enemies":"Collector","floor":33,"turns":4},{"damage":22,"enemies":"3 Darklings","floor":35,"turns":5},{"damage":13,"enemies":"3 Shapes","floor":39,"turns":2},{"damage":8,"enemies":"Reptomancer","floor":40,"turns":2},{"damage":29,"enemies":"Giant Head","floor":42,"turns":6},{"damage":9,"enemies":"Writhing Mass","floor":44,"turns":5},{"damage":17,"enemies":"Sphere and 2 Shapes","floor":45,"turns":4},{"damage":2,"enemies":"Jaw Worm Horde","floor":46,"turns":2},{"damage":10,"enemies":"Nemesis","floor":47,"turns":3},{"damage":64,"enemies":"Time Eater","floor":50,"turns":8}],"seed_played":"8211177121129555906","potions_obtained":[{"floor":1,"key":"SteroidPotion"},{"floor":7,"key":"Block Potion"},{"floor":11,"key":"Weak Potion"},{"floor":13,"key":"SteroidPotion"},{"floor":14,"key":"AttackPotion"},{"floor":18,"key":"Weak Potion"},{"floor":19,"key":"Strength Potion"},{"floor":24,"key":"Regen Potion"},{"floor":40,"key":"Ancient Potion"},{"floor":42,"key":"Block Potion"},{"floor":44,"key":"Block Potion"},{"floor":45,"key":"AttackPotion"},{"floor":46,"key":"ElixirPotion"}],"is_trial":false,"path_per_floor":["M","M","?","$","M","E","M","R","T","?","M","$","M","E","R","B",null,"M","M","?","T","?","E","M","E","T","M","$","M","M","?","R","B",null,"M","?","$","?","M","E","?","E","T","M","M","M","E","$","R","B",null],"character_chosen":"IRONCLAD","items_purchased":["Bag of Preparation","Lee\u0027s Waffle","Carnage","Shuriken","Inflame","Molten Egg 2","Strange Spoon","Pummel+1","Dropkick+1"],"campfire_rested":1,"item_purchase_floors":[4,12,12,28,28,48,48,48,48],"current_hp_per_floor":[71,77,65,65,63,34,24,48,48,44,26,91,86,72,72,91,91,93,93,77,77,77,59,58,57,57,66,81,79,87,81,81,58,89,73,73,88,80,73,71,71,60,60,57,58,62,58,73,73,52],"gold":77,"neow_bonus":"HUNDRED_GOLD","is_daily":false,"chose_seed":false,"campfire_upgraded":3,"win_rate":0.0,"timestamp":1613075809,"path_taken":["M","M","?","$","M","E","M","R","T","?","M","$","M","E","R","BOSS","M","M","?","?","?","E","M","E","T","M","$","M","?","?","R","BOSS","M","?","$","?","M","E","?","E","T","M","?","M","E","$","R","BOSS"],"items_purchased_type":["Relic","Relic","Card","Relic","Card","Relic","Relic","Card","Card"],"build_version":"2020-12-22","purchased_purges":2,"victory":true,"max_hp_per_floor":[80,80,80,80,80,80,80,80,80,82,84,91,91,91,91,91,91,93,95,95,95,95,95,95,97,97,97,97,97,99,99,99,99,99,99,99,99,101,101,101,101,101,101,101,101,101,101,101,101,101],"card_choices":[{"not_picked":["Hemokinesis","Body Slam"],"picked":"Clothesline","floor":1},{"not_picked":["Uppercut","Sever Soul"],"picked":"Flame Barrier","floor":2},{"not_picked":["Body Slam","Warcry","Clothesline"],"picked":"SKIP","floor":5},{"not_picked":["True Grit","Twin Strike"],"picked":"Thunderclap","floor":6},{"not_picked":["Perfected Strike","Wild Strike"],"picked":"Intimidate","floor":7},{"not_picked":["Flame Barrier","Rupture","Intimidate"],"picked":"Singing Bowl","floor":10},{"not_picked":["Fiend Fire","Thunderclap","Metallicize"],"picked":"Singing Bowl","floor":11},{"not_picked":["Clash","Sword Boomerang"],"picked":"Shrug It Off","floor":13},{"not_picked":["Wild Strike","Clothesline"],"picked":"Uppercut","floor":14},{"not_picked":["Exhume","Brutality"],"picked":"Corruption","floor":16},{"not_picked":["Hemokinesis","Fire Breathing","Searing Blow"],"picked":"Singing Bowl","floor":18},{"not_picked":["Body Slam","Thunderclap","Iron Wave"],"picked":"Singing Bowl","floor":19},{"not_picked":["Dropkick","Infernal Blade"],"picked":"Disarm","floor":23},{"not_picked":["Whirlwind","Hemokinesis"],"picked":"Armaments","floor":24},{"not_picked":["Berserk","Carnage","Warcry"],"picked":"Singing Bowl","floor":25},{"not_picked":["Uppercut","True Grit"],"picked":"Battle Trance","floor":27},{"not_picked":["Anger","Combust"],"picked":"Inflame","floor":29},{"not_picked":["Warcry","Rage","Armaments"],"picked":"Singing Bowl","floor":30},{"not_picked":["Berserk","Juggernaut"],"picked":"Fiend Fire","floor":33},{"not_picked":["Uppercut","Shrug It Off+1"],"picked":"Ghostly Armor+1","floor":35},{"not_picked":["Swift Strike","Sadistic Nature"],"picked":"Dark Shackles","floor":38},{"not_picked":["Deep Breath","Panache"],"picked":"Sadistic Nature","floor":38},{"not_picked":["PanicButton","Finesse","Sadistic Nature"],"picked":"Singing Bowl","floor":38},{"not_picked":["Perfected Strike","Shrug It Off+1"],"picked":"Spot Weakness","floor":39},{"not_picked":["Thunderclap","True Grit"],"picked":"Demon Form","floor":40},{"not_picked":["Ghostly Armor","Iron Wave"],"picked":"Heavy Blade","floor":42},{"not_picked":["Clothesline","Cleave"],"picked":"Twin Strike","floor":44},{"not_picked":["Armaments","Body Slam"],"picked":"Flame Barrier","floor":45},{"not_picked":["Combust","Rage"],"picked":"Feel No Pain+1","floor":46},{"not_picked":["Inflame","Bludgeon"],"picked":"Battle Trance","floor":47}],"player_experience":436793,"relics_obtained":[{"floor":6,"key":"Boot"},{"floor":9,"key":"Singing Bowl"},{"floor":14,"key":"Pantograph"},{"floor":20,"key":"Necronomicon"},{"floor":21,"key":"Meat on the Bone"},{"floor":23,"key":"Anchor"},{"floor":25,"key":"Oddly Smooth Stone"},{"floor":26,"key":"Lantern"},{"floor":40,"key":"Old Coin"},{"floor":42,"key":"PreservedInsect"},{"floor":43,"key":"MawBank"},{"floor":47,"key":"Lizard Tail"}],"event_choices":[{"damage_healed":0,"gold_gain":0,"player_choice":"Success","damage_taken":12,"relics_obtained":["Du-Vu Doll"],"max_hp_gain":0,"max_hp_loss":0,"event_name":"Scrap Ooze","floor":3,"gold_loss":0},{"damage_healed":0,"gold_gain":30,"player_choice":"Searched \u00273\u0027 times","damage_taken":0,"relics_obtained":["MealTicket"],"max_hp_gain":0,"max_hp_loss":0,"event_name":"Dead Adventurer","floor":10,"gold_loss":0},{"damage_healed":0,"gold_gain":0,"player_choice":"Obtained Book","damage_taken":16,"max_hp_gain":0,"max_hp_loss":0,"event_name":"Cursed Tome","floor":20,"gold_loss":0},{"damage_healed":0,"gold_gain":0,"cards_transformed":["Strike_R"],"player_choice":"Transformed","damage_taken":0,"max_hp_gain":0,"max_hp_loss":0,"event_name":"Transmorgrifier","floor":22,"gold_loss":0,"cards_obtained":["Hemokinesis"]},{"damage_healed":0,"gold_gain":0,"player_choice":"Joined the Cult","damage_taken":6,"max_hp_gain":0,"max_hp_loss":0,"event_name":"Nest","floor":31,"gold_loss":0,"cards_obtained":["RitualDagger"]},{"cards_removed":["Strike_R"],"damage_healed":0,"gold_gain":0,"player_choice":"Removed Attack","damage_taken":0,"max_hp_gain":0,"max_hp_loss":0,"event_name":"Falling","floor":36,"gold_loss":0},{"damage_healed":0,"gold_gain":0,"player_choice":"Memory 3","damage_taken":10,"max_hp_gain":0,"max_hp_loss":0,"event_name":"SensoryStone","floor":38,"gold_loss":0},{"damage_healed":0,"gold_gain":0,"player_choice":"Ignored","damage_taken":0,"max_hp_gain":0,"max_hp_loss":0,"event_name":"Tomb of Lord Red Mask","floor":41,"gold_loss":0}],"is_beta":false,"boss_relics":[{"not_picked":["Tiny House","Runic Dome"],"picked":"Cursed Key"},{"not_picked":["Snecko Eye","Astrolabe"],"picked":"Coffee Dripper"}],"items_purged_floors":[37,48],"is_endless":false,"potions_floor_spawned":[1,7,11,13,14,18,19,24,40,42,44,45,46],"ascension_level":13}}