{"host":"qswkx8hggytna0kc","time":1613035884,"event":{"mods":["Aspiration","BaseMod","BetterRewards","Colored Map","Colored Powertips","Highlight Path","Hubris","Mimic Mod","Minty Spire (QoL Compilation)","MostiFishMod","Quick Restart","Replay The Spire","StSLib","SuperFastMode"],"gold_per_floor":[109,109,126,215,230,262,262,295,295,295,328,97,127,137,137,216,216,234,248,248,264,283,313,313,342,342,342,342,352,369,404,404,481,481,492,68,82,82,96,128,141,171,201,101,129,144,144,156,156,156,156,156,456,491,491],"floor_reached":56,"language":"ZHS","playtime":1579,"items_purged":["Strike_R","Strike_R"],"score":2441,"play_id":"14dc089e-f91c-4281-bc84-db34a3e9d3d6","local_time":"20210211173124","is_ascension_mode":true,"campfire_choices":[{"data":"hubris:CleavingFinish","floor":7,"key":"SMITH"},{"data":"ReplayTheSpireMod:LeadingStrike","floor":10,"key":"SMITH"},{"floor":15,"key":"REST"},{"data":"MostiFishMod:GrandStart","floor":24,"key":"SMITH"},{"floor":28,"key":"RECALL"},{"data":"MostiFishMod:FireWorks","floor":47,"key":"SMITH"},{"data":"MostiFishMod:ChineseTea","floor":52,"key":"SMITH"}],"circlet_count":0,"master_deck":["AscendersBane","Defend_R","Defend_R","Defend_R","Defend_R","Good Instincts","Anger","Pot Of Greed+1","Pot Of Greed","Rampage","Clash","hubris:CleavingFinish+1","ReplayTheSpireMod:LeadingStrike+1","Replay:Undeath\u0027s Touch","Replay:Undeath\u0027s Touch","MostiFishMod:ChineseTea+1","Clash","MostiFishMod:GrandStart+1","Calculated Gamble","Backstab","Pot Of Greed","Shrug It Off","MostiFishMod:NewArrival","Thunderclap+1","Offering+1","MostiFishMod:Chiaki","Seeing Red+1","MostiFishMod:FireWorks+1","Havoc+1","Havoc+1","Anger+1","Pot Of Greed","ReplayTheSpireMod:Strike From Hell","ReplayTheSpireMod:Strike From Hell+1","Cleave+1","Sentinel","Eclipse","Pummel"],"relics":["Burning Blood","DaveBox","SentryEyes","SynthV:TestCard","Grinning Jar","hubris:OldNail","Ancient Tea Set","Centennial Puzzle","hubris:IronBody","hubris:TenFootPole","Red Skull","Boot","ChewingGum","ReplayTheSpireMod:Lightbulb","Pen Nib","Replay:Bottled Flurry","aspiration:ChemicalBlood","Bag of Marbles","Dream Catcher","aspiration:Lifesprig","SynthV:C4","hubris:NiceRug","Toy Ornithopter","aspiration:HiddenCompartment","Technique","aspiration:HummingbirdHeart"],"acts_visited":["Exordium","TheCity","TheBeyond","TheEnding"],"potions_floor_usage":[19,23,46,50,55,55,55,55,55,55,55],"damage_taken":[{"damage":0,"enemies":"2 Louse","floor":1,"turns":1},{"damage":7,"enemies":"Small Slimes","floor":3,"turns":2},{"damage":0,"enemies":"Jaw Worm","floor":5,"turns":2},{"damage":13,"enemies":"Gremlin Nob","floor":6,"turns":3},{"damage":21,"enemies":"Replay:BlueRogue","floor":8,"turns":4},{"damage":0,"enemies":"3 Sentries","floor":11,"turns":3},{"damage":8,"enemies":"Replay:BlueRogue","floor":13,"turns":2},{"damage":0,"enemies":"Lots of Slimes","floor":14,"turns":2},{"damage":25,"enemies":"Hexaghost","floor":16,"turns":6},{"damage":7,"enemies":"Chosen","floor":18,"turns":3},{"damage":0,"enemies":"Spheric Guardian","floor":19,"turns":3},{"damage":10,"enemies":"Shelled Parasite and Fungi","floor":21,"turns":2},{"damage":32,"enemies":"Snake Plant","floor":22,"turns":3},{"damage":15,"enemies":"Slavers","floor":23,"turns":3},{"damage":0,"enemies":"Gremlin Leader","floor":25,"turns":2},{"damage":0,"enemies":"Cultist and Chosen","floor":29,"turns":1},{"damage":0,"enemies":"Chosen and Byrds","floor":30,"turns":1},{"damage":4,"enemies":"Book of Stabbing","floor":31,"turns":2},{"damage":22,"enemies":"Collector","floor":33,"turns":3},{"damage":8,"enemies":"3 Shapes","floor":35,"turns":1},{"damage":0,"enemies":"Orb Walker","floor":37,"turns":1},{"damage":10,"enemies":"Transient","floor":39,"turns":5},{"damage":10,"enemies":"Reptomancer","floor":40,"turns":1},{"damage":10,"enemies":"Maw","floor":41,"turns":4},{"damage":4,"enemies":"R_Hoarder","floor":42,"turns":4},{"damage":4,"enemies":"3 Darklings","floor":43,"turns":3},{"damage":23,"enemies":"Giant Head","floor":45,"turns":2},{"damage":0,"enemies":"3 Darklings","floor":46,"turns":1},{"damage":0,"enemies":"Writhing Mass","floor":48,"turns":1},{"damage":31,"enemies":"Awakened One","floor":50,"turns":3},{"damage":0,"enemies":"hubris:Merchant","floor":53,"turns":2},{"damage":0,"enemies":"Shield and Spear","floor":54,"turns":1},{"damage":128,"enemies":"The Heart","floor":55,"turns":6}],"seed_played":"-6439192375276764025","potions_obtained":[{"floor":5,"key":"Swift Potion"},{"floor":8,"key":"SkillPotion"},{"floor":16,"key":"BloodPotion"},{"floor":19,"key":"Block Potion"},{"floor":23,"key":"Swift Potion"},{"floor":45,"key":"Regen Potion"},{"floor":46,"key":"Fire Potion"},{"floor":50,"key":"Toxic Potion"},{"floor":55,"key":"BlessingOfTheForge"},{"floor":55,"key":"PowerPotion"}],"is_trial":false,"path_per_floor":["M","?","M","?","M","E","R","E","T","R","E","$","E","M","R","B",null,"M","M","?","M","M","E","R","E","T","?","R","M","M","E","R_BF","B",null,"M","$","M","?","M","E","M","E","MIM","NS","E","M","R","M","R_BF","B",null,"R","$","E","B",null],"character_chosen":"IRONCLAD","items_purchased":["Red Skull","Bag of Marbles","MostiFishMod:FireWorks","Havoc+1"],"campfire_rested":1,"item_purchase_floors":[12,36,36,36],"current_hp_per_floor":[74,69,68,44,50,43,43,28,28,28,34,34,32,38,60,41,67,73,75,75,75,49,47,47,53,53,53,53,59,65,74,74,65,73,71,71,75,75,75,71,71,73,75,75,65,71,71,75,75,57,71,71,75,75,10],"gold":491,"neow_bonus":"RANDOM_COLORLESS","is_daily":false,"chose_seed":false,"campfire_upgraded":5,"win_rate":0.0,"timestamp":1613035884,"path_taken":["M","?","M","?","M","E","R","E","T","R","E","$","E","M","R","BOSS","M","M","?","?","M","E","R","E","T","?","R","M","M","E","R_BF","BOSS","M","?","M","?","M","E","M","E","MIM","NS","E","?","R","M","R_BF","BOSS","R","$","E","BOSS"],"items_purchased_type":["Relic","Relic","Card","Card"],"build_version":"2020-12-22","purchased_purges":2,"victory":true,"max_hp_per_floor":[75,75,75,75,75,75,75,75,75,75,75,75,75,75,75,75,75,75,75,75,75,75,75,75,75,75,75,75,75,75,75,75,75,75,75,75,75,75,75,75,75,75,75,75,75,75,75,75,75,75,75,75,75,75,75],"card_choices":[{"not_picked":["ReplayTheSpireMod:Private Reserves","Replay:Sssssssssstrike"],"picked":"Good Instincts","floor":0},{"not_picked":["Armaments","Havoc"],"picked":"Anger","floor":1},{"not_picked":["Life Link","Cleave","Blood for Blood","ReplayReversal","Wild Strike"],"picked":"SKIP","floor":3},{"not_picked":["Hemokinesis","ReplayTheSpireMod:Stacked","hubris:ReadiedAction","ReplayTheSpireMod:Strike From Hell"],"picked":"Rampage","floor":4},{"not_picked":["Inflame","Sword Boomerang","Life Link","Clothesline"],"picked":"Demonic Infusion","floor":4},{"not_picked":["MostiFishMod:#F4004","True Grit","Armaments","Dark Embrace"],"picked":"Clash","floor":5},{"not_picked":["Fire Breathing","Headbutt","ReplayTheSpireMod:Stacked","Clash"],"picked":"hubris:CleavingFinish","floor":6},{"not_picked":["Barricade","Headbutt","Fire Breathing","Pommel Strike"],"picked":"ReplayTheSpireMod:LeadingStrike","floor":8},{"not_picked":["Spot Weakness","Iron Wave","ReplayTheSpireMod:Limb From Limb","Clothesline","Carnage"],"picked":"SKIP","floor":11},{"not_picked":["Pummel","Clothesline","Second Wind","Sword Boomerang"],"picked":"Replay:Undeath\u0027s Touch","floor":13},{"not_picked":["Abandon","Pommel Strike","Flame Barrier","Heavy Blade"],"picked":"Replay:Undeath\u0027s Touch","floor":14},{"not_picked":["Demon Form","Offering","MostiFishMod:DoubleSword","MostiFishMod:KnuckleDown"],"picked":"MostiFishMod:ChineseTea","floor":16},{"not_picked":["Dual Wield","Headbutt","Thunderclap","ReplayTheSpireMod:Corrosion Curse","Wild Strike"],"picked":"SKIP","floor":18},{"not_picked":["Wild Strike","hubris:ReadiedAction","Whirlwind","True Grit"],"picked":"Clash","floor":19},{"not_picked":["Life Link","Combust","Pommel Strike","True Grit","Disarm"],"picked":"SKIP","floor":21},{"not_picked":["ReplayReversal","Armaments","True Grit","ReplayTheSpireMod:Muscle Training"],"picked":"Shrug It Off","floor":22},{"not_picked":["MostiFishMod:404NotFound","Clothesline","Disarm","Bloodletting","Life Link"],"picked":"SKIP","floor":23},{"not_picked":["Infernal Blade","Pummel","Pommel Strike","Evolve"],"picked":"MostiFishMod:NewArrival","floor":25},{"not_picked":["Run Through","Warcry","Flex","Combust","Pommel Strike"],"picked":"SKIP","floor":29},{"not_picked":["Armaments","Rampage","hubris:CleavingFinish","Run Through"],"picked":"Thunderclap+1","floor":30},{"not_picked":["Warcry","Iron Wave","Flex","Cleave"],"picked":"Reckless Charge+1","floor":31},{"not_picked":["Impervious","MostiFishMod:CullingBlade","Demon Form","Offering"],"picked":"MostiFishMod:Chiaki","floor":33},{"not_picked":["Shrug It Off","Headbutt","Wild Strike","Thunderclap"],"picked":"Seeing Red+1","floor":35},{"not_picked":["Power Through","Thunderclap","Heavy Blade","Warcry+1"],"picked":"Havoc+1","floor":37},{"not_picked":["MostiFishMod:ChineseTea","Shrug It Off","Body Slam+1","Reckless Charge"],"picked":"Anger+1","floor":39},{"not_picked":["True Grit+1","Twin Strike","Infernal Blade","Dual Wield+1","Armaments"],"picked":"SKIP","floor":40},{"not_picked":["Perfected Strike","Dropkick","MostiFishMod:BrandingRite","hubris:ReadiedAction"],"picked":"ReplayTheSpireMod:Strike From Hell","floor":41},{"not_picked":["Shrug It Off","hubris:StunningStrike","Searing Blow","Wild Strike"],"picked":"ReplayTheSpireMod:Strike From Hell+1","floor":42},{"not_picked":["True Grit","Twin Strike+1","hubris:ReadiedAction","ReplayTheSpireMod:LeadingStrike"],"picked":"Reckless Charge+1","floor":43},{"not_picked":["Searing Blow","Barricade","Havoc","Rampage+1","Flex"],"picked":"SKIP","floor":45},{"not_picked":["Warcry","Havoc","Wild Strike","ReplayTheSpireMod:Corrosion Curse"],"picked":"Cleave+1","floor":46},{"not_picked":["Iron Wave","MostiFishMod:CullingBlade","ReplayTheSpireMod:LeadingStrike","Shrug It Off"],"picked":"Sentinel","floor":48},{"not_picked":["Body Slam"],"picked":"SKIP","floor":53},{"not_picked":["Thunderclap"],"picked":"SKIP","floor":53},{"not_picked":["Ghostly Armor"],"picked":"SKIP","floor":53},{"not_picked":["hubris:ReadiedAction"],"picked":"SKIP","floor":53},{"not_picked":["Life Link"],"picked":"SKIP","floor":53},{"not_picked":["Replay:BasicMightCard"],"picked":"SKIP","floor":53},{"not_picked":["Apotheosis"],"picked":"SKIP","floor":53},{"not_picked":["Entrench","hubris:ReadiedAction","Headbutt","Wild Strike"],"picked":"Pummel","floor":54}],"player_experience":398899,"relics_obtained":[{"floor":1,"key":"SynthV:TestCard"},{"floor":4,"key":"hubris:OldNail"},{"floor":6,"key":"Ancient Tea Set"},{"floor":8,"key":"Centennial Puzzle"},{"floor":9,"key":"hubris:IronBody"},{"floor":11,"key":"hubris:TenFootPole"},{"floor":13,"key":"Boot"},{"floor":23,"key":"ReplayTheSpireMod:Lightbulb"},{"floor":25,"key":"Pen Nib"},{"floor":26,"key":"Replay:Bottled Flurry"},{"floor":31,"key":"aspiration:ChemicalBlood"},{"floor":40,"key":"Dream Catcher"},{"floor":42,"key":"aspiration:Lifesprig"},{"floor":45,"key":"SynthV:C4"},{"floor":53,"key":"Toy Ornithopter"},{"floor":53,"key":"aspiration:HiddenCompartment"},{"floor":53,"key":"Technique"},{"floor":54,"key":"aspiration:HummingbirdHeart"}],"event_choices":[{"damage_healed":0,"gold_gain":0,"player_choice":"Success","damage_taken":5,"relics_obtained":["Grinning Jar"],"max_hp_gain":0,"max_hp_loss":0,"event_name":"Scrap Ooze","floor":2,"gold_loss":0},{"cards_removed":["Strike_R"],"damage_healed":0,"gold_gain":0,"player_choice":"Purged","damage_taken":0,"max_hp_gain":0,"max_hp_loss":0,"event_name":"Purifier","floor":27,"gold_loss":0},{"damage_healed":0,"gold_gain":0,"player_choice":"1 cards matched","damage_taken":0,"max_hp_gain":0,"max_hp_loss":0,"event_name":"Match and Keep!","floor":49,"gold_loss":0,"cards_obtained":["Eclipse"]}],"is_beta":false,"boss_relics":[{"not_picked":["Ectoplasm","aspiration:WatcherSkillbook"],"picked":"ChewingGum"},{"not_picked":[]}],"items_purged_floors":[12,36],"is_endless":false,"potions_floor_spawned":[5,8,11,13,16,18,19,23,25,37,41,45,46],"ascension_level":15}}