{"host":"tpad8qsc9e0g0pa5","time":1613034586,"event":{"mods":["BaseMod","Downfall","Minty Spire (QoL Compilation)","Quick Restart","StSLib"],"gold_per_floor":[99,115,115,130,130,140,140,140,140,160,160,160,187,207,224,329,329,229,239,254,68,68,68,117,127,23,37,55,55,55,71,87,188,188,188,205,48,58,68,80,80,80,0,18,18,18,30,49,62,62,62,62],"floor_reached":50,"language":"ZHS","playtime":14923,"items_purged":[],"score":477,"play_id":"f9ca2c08-7ef2-4731-b599-fcb522ec10ed","local_time":"20210211170946","is_ascension_mode":false,"campfire_choices":[{"data":"champ:Taunt","floor":1.0,"key":"SMITH"},{"data":"champ:DefensiveShout","floor":8.0,"key":"SMITH"},{"data":"champ:StanceDance","floor":11.0,"key":"SMITH"},{"data":"champ:ShieldThrow","floor":18.0,"key":"SMITH"},{"floor":30,"key":"REST"},{"data":"Apotheosis","floor":35,"key":"SMITH"},{"floor":42,"key":"REST"},{"floor":45,"key":"DIG"}],"circlet_count":0,"master_deck":["champ:Strike+1","champ:Strike+1","champ:Defend","champ:Defend","champ:Defend","champ:Execute","champ:Taunt+1","champ:StanceDance+1","champ:Taunt+1","champ:BringItOn","champ:DefensiveShout+1","champ:AdrenalArmor","champ:FalseCounter","champ:BladeFlurry","champ:ShieldThrow+1","Apotheosis+1","champ:SkillfulDodge","Impatience","champ:Backstep+1","champ:CrownThrow","champ:HoldFirm","champ:ShieldWall+1","champ:Shatter","champ:UltimateStance","champ:ShieldSlam","Secret Technique","champ:CalledShot","champ:FanOfKnives+1"],"relics":["champ:ChampionCrown","Vajra","Whetstone","Omamori","Dream Catcher","Busted Crown","downfall:HeartBlessingGreen","Ancient Tea Set","Nilry\u0027s Codex","Runic Pyramid","Shovel","Lantern","Molten Egg 2"],"acts_visited":["Exordium","TheCity","TheBeyond"],"potions_floor_usage":[25,32,39,43,50,50],"damage_taken":[{"damage":10.0,"enemies":"Small Slimes","floor":2.0,"turns":3.0},{"damage":15.0,"enemies":"Cultist","floor":4.0,"turns":3.0},{"damage":0.0,"enemies":"2 Louse","floor":6.0,"turns":2.0},{"damage":25.0,"enemies":"Exordium Thugs","floor":10.0,"turns":3.0},{"damage":47.0,"enemies":"Lagavulin","floor":13.0,"turns":6.0},{"damage":20.0,"enemies":"Exordium Wildlife","floor":14.0,"turns":3.0},{"damage":35.0,"enemies":"Large Slime","floor":15.0,"turns":4.0},{"damage":73.0,"enemies":"SI_SHIV_ARCHETYPE","floor":16.0,"turns":9.0},{"damage":10.0,"enemies":"Chosen","floor":19.0,"turns":3.0},{"damage":15,"enemies":"Spheric Guardian","floor":20,"turns":3},{"damage":25,"enemies":"downfall:FleeingMerchant","floor":21,"turns":4},{"damage":21,"enemies":"Cultist and Chosen","floor":25,"turns":5},{"damage":15,"enemies":"downfall:FleeingMerchant","floor":26,"turns":4},{"damage":21,"enemies":"3 Cultists","floor":27,"turns":6},{"damage":26,"enemies":"Snecko","floor":28,"turns":4},{"damage":0,"enemies":"Chosen and Byrds","floor":31,"turns":4},{"damage":44,"enemies":"Sentry and Sphere","floor":32,"turns":6},{"damage":62,"enemies":"DF_ARCHETYPE_CLAW","floor":33,"turns":9},{"damage":43,"enemies":"3 Shapes","floor":36,"turns":3},{"damage":25,"enemies":"downfall:FleeingMerchant","floor":37,"turns":4},{"damage":20,"enemies":"Orb Walker","floor":38,"turns":3},{"damage":36,"enemies":"Sphere and 2 Shapes","floor":39,"turns":6},{"damage":41,"enemies":"3 Darklings","floor":40,"turns":4},{"damage":20,"enemies":"downfall:FleeingMerchant","floor":43,"turns":2},{"damage":30,"enemies":"Maw","floor":44,"turns":5},{"damage":20,"enemies":"Jaw Worm Horde","floor":47,"turns":5},{"damage":49,"enemies":"Sphere and 2 Shapes","floor":48,"turns":5},{"damage":38,"enemies":"Spire Growth","floor":49,"turns":5},{"damage":79,"enemies":"IC_BLOCK_ARCHETYPE","floor":50,"turns":4}],"seed_played":"-2976150408779850577","potions_obtained":[{"floor":2.0,"key":"Ancient Potion"},{"floor":4.0,"key":"Dexterity Potion"},{"floor":13.0,"key":"Guardian:BlockOnCardUsePotion"},{"floor":31,"key":"Fire Potion"},{"floor":38,"key":"PowerPotion"},{"floor":39,"key":"Ancient Potion"},{"floor":47,"key":"SpeedPotion"}],"is_trial":false,"path_per_floor":["R","M","?","M","?","M","T","R","?","M","R","T","E","M","M","B",null,"R","M","M","$","?","?","T","M","$","M","M","?","R","M","M","B",null,"R","M","$","M","M","M","T","R","?","M","R","?","M","M","M","B"],"character_chosen":"THE_CHAMP","items_purchased":["Apotheosis","Impatience","champ:UltimateStance","Secret Technique","Lantern","champ:CalledShot"],"campfire_rested":2,"item_purchase_floors":[21,26,37,43,43,43],"current_hp_per_floor":[99,99,99,99,99,99,99,99,99,99,99,99,87,87,87,59,99,99,99,99,99,99,99,99,93,93,87,81,65,94,94,90,43,99,99,66,66,66,40,29,29,58,58,58,58,109,109,60,37,0,0,0],"gold":62,"neow_bonus":"TEN_PERCENT_HP_BONUS","is_daily":false,"chose_seed":false,"campfire_upgraded":5,"win_rate":0.0,"timestamp":1613034586,"path_taken":["R","M","?","?","?","M","T","R","?","?","R","?","E","M","M","BOSS","R","M","M","$","?","?","T","?","$","M","M","?","R","M","M","BOSS","R","M","$","M","M","M","T","R","?","M","R","?","?","M","M","BOSS"],"items_purchased_type":["Card","Card","Card","Card","Relic","Card"],"build_version":"2020-12-22","purchased_purges":0,"victory":false,"max_hp_per_floor":[99,99,99,99,99,99,99,99,99,99,99,99,99,99,99,99,99,99,99,99,99,99,99,99,99,99,99,99,99,99,99,99,99,99,99,99,99,99,99,99,99,99,99,99,99,109,109,109,109,109,109,109],"card_choices":[{"not_picked":["champ:Parry","champ:HeartStrike"],"picked":"champ:StanceDance","floor":2.0},{"not_picked":["champ:PreciseThrust","champ:PerfectedStrike"],"picked":"champ:BringItOn","floor":4.0},{"not_picked":["champ:CalledShot","champ:CrownThrow"],"picked":"champ:DefensiveShout","floor":6.0},{"not_picked":["champ:Circumvent","champ:HeartStrike"],"picked":"champ:AdrenalArmor","floor":10.0},{"not_picked":["champ:Circumvent","champ:TornadoPunch"],"picked":"champ:FalseCounter","floor":13.0},{"not_picked":["champ:StanceDance","champ:Haymaker"],"picked":"champ:Devastate","floor":14.0},{"not_picked":["champ:DefensiveShout","champ:FlashCut"],"picked":"champ:BladeFlurry","floor":15.0},{"not_picked":["champ:SwordThrow","champ:HeavySlash"],"picked":"champ:ShieldThrow","floor":16.0},{"not_picked":["champ:EnragedBash"],"picked":"SKIP","floor":19.0},{"not_picked":["champ:PreciseThrust"],"picked":"SKIP","floor":20},{"not_picked":["champ:FocusedDefense+1"],"picked":"SKIP","floor":21},{"not_picked":["champ:CrookedStrike"],"picked":"SKIP","floor":25},{"not_picked":["champ:FocusedDefense+1"],"picked":"SKIP","floor":26},{"not_picked":["champ:FocusedBerserking+1"],"picked":"SKIP","floor":27},{"not_picked":["champ:DefensiveShout+1"],"picked":"SKIP","floor":28},{"not_picked":[],"picked":"champ:Backstep+1","floor":31},{"not_picked":[],"picked":"champ:CrownThrow","floor":32},{"not_picked":[],"picked":"champ:HoldFirm","floor":33},{"not_picked":[],"picked":"champ:ShieldWall+1","floor":36},{"not_picked":[],"picked":"champ:Shatter","floor":37},{"not_picked":["champ:FanOfKnives"],"picked":"SKIP","floor":38},{"not_picked":["champ:BladeFlurry"],"picked":"SKIP","floor":39},{"not_picked":[],"picked":"champ:ShieldSlam","floor":40},{"not_picked":["champ:DefensiveShout"],"picked":"SKIP","floor":43},{"not_picked":["champ:SetATrap"],"picked":"SKIP","floor":44},{"not_picked":[],"picked":"champ:FanOfKnives+1","floor":47},{"not_picked":["champ:TornadoPunch+1"],"picked":"SKIP","floor":48},{"not_picked":["champ:FanOfKnives+1"],"picked":"SKIP","floor":49}],"player_experience":302051,"relics_obtained":[{"floor":7.0,"key":"Whetstone"},{"floor":12.0,"key":"Omamori"},{"floor":13.0,"key":"Dream Catcher"},{"floor":24,"key":"Ancient Tea Set"},{"floor":29,"key":"Nilry\u0027s Codex"},{"floor":41,"key":"Shovel"},{"floor":45,"key":"Molten Egg 2"}],"event_choices":[{"cards_removed":["champ:Devastate"],"damage_healed":41,"gold_gain":0,"player_choice":"Offered Rare","damage_taken":0,"max_hp_gain":10,"max_hp_loss":0,"event_name":"Bonfire Elementals","floor":46,"gold_loss":0}],"is_beta":false,"boss_relics":[{"not_picked":["Black Star","Fusion Hammer"],"picked":"Busted Crown"},{"not_picked":["Cursed Key","Runic Dome"],"picked":"Runic Pyramid"}],"items_purged_floors":[],"is_endless":false,"potions_floor_spawned":[2,4,13,19,20,31,38,39,40,47],"killed_by":"IC_BLOCK_ARCHETYPE","ascension_level":0}}