{"host":"jpcy2bclvs7juczu","time":1613008331,"event":{"mods":["Alarm Clock","BaseMod","Bestiary","Block Reminder","Colored Map","Colored Powertips","Current Relic Mod","Curses Come First","Dark Map","Filter the Spire","Minty Spire (QoL Compilation)","Quick Restart","RNG Fix","Relic Stats","Slay the Relics Exporter","Smile Girya","StSLib","everything is the same but u backflip on backflip","ojb\u0027s Better Paths Mod","ojb\u0027s Info Mod","slay the spire mod where everything is the same but ironclad has a cowboy hat"],"gold_per_floor":[110,110,131,144,167,167,92,133,133,168,183,183,219,53,53,152,152,171,171,190,3,27,27,27],"floor_reached":23,"language":"ENG","playtime":1529,"items_purged":[],"score":522,"play_id":"5e2b0b35-3992-45e3-b05e-a2c37f6edef8","local_time":"20210210205211","is_ascension_mode":true,"campfire_choices":[{"data":"Hemokinesis","floor":6,"key":"SMITH"},{"data":"Blood for Blood","floor":12,"key":"SMITH"},{"data":"Bash","floor":15,"key":"SMITH"}],"circlet_count":0,"master_deck":["AscendersBane","Strike_R","Strike_R","Strike_R","Strike_R","Defend_R","Defend_R","Defend_R","Defend_R","Bash+1","Transmutation","Hemokinesis+1","Blood for Blood+1","Power Through","Feel No Pain","Body Slam","Dark Embrace","Shockwave","Immolate","Havoc","Second Wind","Burning Pact","Inflame"],"relics":["Burning Blood","Golden Idol","Dead Branch","White Beast Statue","Pen Nib","Charon\u0027s Ashes","OrangePellets","SacredBark","Membership Card"],"acts_visited":["Exordium","TheCity"],"potions_floor_usage":[8,11,16,16,18,20,22,23],"damage_taken":[{"damage":18,"enemies":"Small Slimes","floor":1,"turns":7},{"damage":2,"enemies":"Cultist","floor":3,"turns":3},{"damage":16,"enemies":"2 Louse","floor":4,"turns":3},{"damage":2,"enemies":"2 Fungi Beasts","floor":5,"turns":5},{"damage":16,"enemies":"Gremlin Nob","floor":8,"turns":3},{"damage":21,"enemies":"3 Sentries","floor":10,"turns":6},{"damage":12,"enemies":"3 Louse","floor":11,"turns":6},{"damage":19,"enemies":"Lagavulin","floor":13,"turns":5},{"damage":4,"enemies":"Slime Boss","floor":16,"turns":8},{"damage":40,"enemies":"3 Byrds","floor":18,"turns":4},{"damage":32,"enemies":"2 Thieves","floor":20,"turns":4},{"damage":2,"enemies":"Centurion and Healer","floor":22,"turns":6},{"damage":33,"enemies":"Book of Stabbing","floor":23,"turns":4}],"seed_played":"-2944973312145915240","potions_obtained":[{"floor":3,"key":"Fire Potion"},{"floor":10,"key":"Regen Potion"},{"floor":11,"key":"Swift Potion"},{"floor":13,"key":"AttackPotion"},{"floor":16,"key":"ElixirPotion"},{"floor":18,"key":"BloodPotion"},{"floor":20,"key":"FearPotion"},{"floor":22,"key":"GamblersBrew"}],"is_trial":false,"path_per_floor":["M","?","M","M","M","R","?","E","T","E","M","R","E","$","R","B",null,"M","?","M","$","M","E"],"character_chosen":"IRONCLAD","items_purchased":["OrangePellets","Membership Card","Inflame"],"campfire_rested":0,"item_purchase_floors":[14,21,21],"current_hp_per_floor":[56,56,60,50,54,54,54,44,44,29,38,38,25,25,25,27,53,19,19,17,17,21,0,0],"gold":27,"neow_bonus":"RANDOM_COLORLESS_2","is_daily":false,"chose_seed":false,"campfire_upgraded":3,"win_rate":0.0,"timestamp":1613008331,"path_taken":["M","?","M","M","M","R","?","E","T","E","M","R","E","$","R","BOSS","M","?","M","$","M","E"],"items_purchased_type":["Relic","Relic","Card"],"build_version":"2020-12-22","purchased_purges":0,"victory":false,"max_hp_per_floor":[68,62,62,62,62,62,62,62,62,62,62,62,62,62,62,62,62,62,62,62,62,62,62,62],"relic_stats":{"OrangePellets":[0],"counters":[13,64],"Golden Idol":70,"Dead Branch":[53],"Pen Nib":[4],"Charon\u0027s Ashes":[135],"obtain_stats":[{"OrangePellets":14,"Golden Idol":2,"Dead Branch":8,"SacredBark":17,"Pen Nib":10,"Charon\u0027s Ashes":13,"Membership Card":21,"Burning Blood":0,"White Beast Statue":9},{"OrangePellets":8,"Golden Idol":1,"Dead Branch":5,"SacredBark":9,"Pen Nib":6,"Charon\u0027s Ashes":8,"Membership Card":11,"Burning Blood":0,"White Beast Statue":5},{"OrangePellets":38,"Golden Idol":7,"Dead Branch":21,"SacredBark":46,"Pen Nib":27,"Charon\u0027s Ashes":38,"Membership Card":54,"Burning Blood":0,"White Beast Statue":21}],"Burning Blood":72},"card_choices":[{"not_picked":["Magnetism","Chrysalis"],"picked":"Transmutation","floor":0},{"not_picked":["Thunderclap","Sword Boomerang"],"picked":"Hemokinesis","floor":1},{"not_picked":["Shrug It Off","Entrench"],"picked":"Blood for Blood","floor":3},{"not_picked":["Inflame","Iron Wave"],"picked":"Power Through","floor":4},{"not_picked":["Twin Strike","Armaments"],"picked":"Feel No Pain","floor":5},{"not_picked":["Metallicize","Thunderclap"],"picked":"Body Slam","floor":8},{"not_picked":["Brutality","Anger"],"picked":"Dark Embrace","floor":10},{"not_picked":["Ghostly Armor","Perfected Strike"],"picked":"Shockwave","floor":11},{"not_picked":["Headbutt","Inflame","Thunderclap"],"picked":"SKIP","floor":13},{"not_picked":["Berserk","Brutality"],"picked":"Immolate","floor":16},{"not_picked":["Clash","Iron Wave"],"picked":"Havoc","floor":18},{"not_picked":["Armaments","Flex"],"picked":"Burning Pact","floor":20},{"not_picked":["Blood for Blood","Iron Wave","Cleave"],"picked":"SKIP","floor":22},{"not_picked":["Blood for Blood","Iron Wave","Cleave"],"picked":"SKIP","floor":22},{"not_picked":["Blood for Blood","Iron Wave","Cleave"],"picked":"SKIP","floor":22}],"player_experience":1612725,"relics_obtained":[{"floor":8,"key":"Dead Branch"},{"floor":9,"key":"White Beast Statue"},{"floor":10,"key":"Pen Nib"},{"floor":13,"key":"Charon\u0027s Ashes"}],"event_choices":[{"damage_healed":0,"gold_gain":0,"player_choice":"Lose Max HP","damage_taken":0,"relics_obtained":["Golden Idol"],"max_hp_gain":0,"max_hp_loss":6,"event_name":"Golden Idol","floor":2,"gold_loss":0},{"cards_removed":["Strike_R"],"damage_healed":0,"gold_gain":0,"player_choice":"Card Removal","damage_taken":0,"max_hp_gain":0,"max_hp_loss":0,"event_name":"The Cleric","floor":7,"gold_loss":75},{"damage_healed":0,"gold_gain":0,"player_choice":"Read","damage_taken":0,"max_hp_gain":0,"max_hp_loss":0,"event_name":"The Library","floor":19,"gold_loss":0,"cards_obtained":["Second Wind"]}],"is_beta":false,"boss_relics":[{"not_picked":["Busted Crown","Snecko Eye"],"picked":"SacredBark"}],"items_purged_floors":[],"is_endless":false,"potions_floor_spawned":[3,10,11,13,16,18,20,22],"killed_by":"Book of Stabbing","ascension_level":20}}