{"host":"qgvpd00zvzorrg7j","time":1613085794,"event":{"mods":["BaseMod","Colored Map","Downfall","Minty Spire (QoL Compilation)","Quick Restart","StSLib"],"gold_per_floor":[99,113,132,148,58,58,85,85,235,255,140,140,140,159,169,169,169,169],"floor_reached":16,"language":"ENG","playtime":614,"items_purged":["Pain","downfall:Icky"],"score":97,"play_id":"c3ebeef7-a630-4017-a663-a0384f984cc2","local_time":"20210211182314","is_ascension_mode":true,"campfire_choices":[{"data":"bronze:Goto","floor":1,"key":"SMITH"},{"data":"bronze:Allocate","floor":12,"key":"SMITH"}],"circlet_count":0,"master_deck":["bronze:Strike","bronze:Strike","bronze:Strike","bronze:Strike","bronze:Defend","bronze:Defend","bronze:Defend","bronze:Defend","bronze:Replicate","bronze:Goto+1","bronze:Branch","bronze:FollowUp","bronze:Repair","bronze:Boost","bronze:Allocate+1"],"relics":["bronze:BronzeCore","Calipers","downfall:BrokenWingStatue","Juzu Bracelet","CultistMask"],"acts_visited":["Exordium"],"potions_floor_usage":[15,16,16],"damage_taken":[{"damage":14,"enemies":"Cultist","floor":2,"turns":5},{"damage":2,"enemies":"2 Louse","floor":3,"turns":2},{"damage":18,"enemies":"Jaw Worm","floor":4,"turns":3},{"damage":9,"enemies":"downfall:FleeingMerchant","floor":5,"turns":4},{"damage":1,"enemies":"3 Louse","floor":10,"turns":3},{"damage":0,"enemies":"downfall:FleeingMerchant","floor":11,"turns":4},{"damage":6,"enemies":"Red Slaver","floor":14,"turns":6},{"damage":3,"enemies":"Lots of Slimes","floor":15,"turns":5},{"damage":55,"enemies":"IC_STATUS_ARCHETYPE","floor":16,"turns":10}],"seed_played":"-7719478973693160632","potions_obtained":[{"floor":2,"key":"DistilledChaos"},{"floor":3,"key":"Fire Potion"},{"floor":14,"key":"ColorlessPotion"},{"floor":15,"key":"SmokeBomb"}],"is_trial":false,"path_per_floor":["R","M","M","M","$","?","T","?","?","M","$","R","?","M","M","B"],"character_chosen":"THE_AUTOMATON","items_purchased":[],"campfire_rested":0,"item_purchase_floors":[],"current_hp_per_floor":[70,56,54,36,27,27,27,27,27,33,40,40,40,41,45,0,0,0],"gold":169,"neow_bonus":"ONE_RARE_RELIC","is_daily":false,"chose_seed":false,"campfire_upgraded":2,"win_rate":0.0,"timestamp":1613085794,"path_taken":["R","M","?","M","$","?","T","?","?","M","$","R","?","M","M","BOSS"],"items_purchased_type":[],"build_version":"2020-12-22","purchased_purges":2,"victory":false,"max_hp_per_floor":[70,70,70,70,70,70,70,70,70,70,70,70,70,70,70,70,70,70],"card_choices":[{"not_picked":["bronze:MaxOutput","bronze:Repulsor"],"picked":"bronze:Branch","floor":2},{"not_picked":["bronze:Frontload","bronze:Turbo"],"picked":"bronze:FollowUp","floor":3},{"not_picked":["bronze:FineTuning","bronze:OilSpill","bronze:BuggyMess"],"picked":"SKIP","floor":4},{"not_picked":["bronze:Invalidate","bronze:OilSpill"],"picked":"bronze:Repair","floor":5},{"not_picked":["bronze:CloningBeam","bronze:Shield"],"picked":"bronze:Boost","floor":10},{"not_picked":["bronze:NullPointer","bronze:DarkDash"],"picked":"bronze:Allocate","floor":11},{"not_picked":["bronze:Overheat","bronze:WildBeam","bronze:CutThrough"],"picked":"SKIP","floor":14},{"not_picked":["bronze:Separator","bronze:Invalidate","bronze:WildBeam"],"picked":"SKIP","floor":15}],"player_experience":633927,"relics_obtained":[{"floor":7,"key":"Juzu Bracelet"}],"event_choices":[{"damage_healed":0,"gold_gain":0,"player_choice":"Trade","damage_taken":0,"relics_obtained":["CultistMask"],"max_hp_gain":0,"max_hp_loss":0,"event_name":"FaceTrader","floor":8,"gold_loss":0}],"is_beta":false,"boss_relics":[],"items_purged_floors":[5,11],"is_endless":false,"potions_floor_spawned":[2,3,14,15],"killed_by":"IC_STATUS_ARCHETYPE","ascension_level":1}}