{"host":"qm4rv4rkpk76sbxu","time":1613077519,"event":{"mods":["BaseMod","Bestiary","Block Reminder","DeckTracker","Filter the Spire","Keyboard Shortcuts","Minty Spire (QoL Compilation)","MonsterHotkey","Quick Restart","Random Character Button","Relic Stats","Slay-I","StSLib","Unceasing Turn Reminder","ojb\u0027s Better Paths Mod","ojb\u0027s Info Mod"],"gold_per_floor":[111,286,286,297,23,58,68,68,68,68,112,15,35,78,78,198,198,211,211,226,29,44,44,85,85,161,197,222,222,246,277,277,397,397,411,411,411,216,240,273,30,64,110,110,110,153,153,35,35,35,35,35,10,46,46],"floor_reached":56,"language":"ENG","playtime":12437,"items_purged":["Doubt","Strike_G"],"score":1796,"play_id":"f93af2f5-2351-4c78-a6c8-82ec2558b8d3","local_time":"20210211220519","is_ascension_mode":true,"campfire_choices":[{"data":"Dagger Spray","floor":8.0,"key":"SMITH"},{"data":"Noxious Fumes","floor":15.0,"key":"SMITH"},{"data":"Catalyst","floor":23.0,"key":"SMITH"},{"data":"Footwork","floor":25.0,"key":"SMITH"},{"data":"Neutralize","floor":29.0,"key":"SMITH"},{"data":"Leg Sweep","floor":32.0,"key":"SMITH"},{"data":"Madness","floor":44.0,"key":"SMITH"},{"data":"Burst","floor":47.0,"key":"SMITH"},{"floor":49.0,"key":"RECALL"},{"data":"Footwork","floor":52.0,"key":"SMITH"}],"circlet_count":0,"master_deck":["Strike_G","Strike_G","Strike_G","Defend_G","Defend_G","Defend_G+1","Defend_G","Defend_G","Survivor+1","Neutralize+1","Dash","Dagger Spray+1","Noxious Fumes+1","Die Die Die+1","Slice+1","Footwork+1","Unload+1","CurseOfTheBell","Crippling Poison+1","All Out Attack+1","Bouncing Flask+1","Catalyst+1","Dash+1","Poisoned Stab+1","Acrobatics+1","Leg Sweep+1","Adrenaline","Madness","Madness+1","Catalyst+1","Backflip+1","Dark Shackles","Dramatic Entrance+1","Burst+1","Footwork+1","Backflip","Adrenaline"],"relics":["Ring of the Snake","NeowsBlessing","Lantern","War Paint","Molten Egg 2","Golden Idol","Lizard Tail","Ninja Scroll","Calling Bell","Snake Skull","HornCleat","Unceasing Top","Oddly Smooth Stone","Orrery","Potion Belt","Darkstone Periapt","Tiny Chest","Blue Candle","Philosopher\u0027s Stone","Membership Card","PreservedInsect","Ancient Tea Set","White Beast Statue","DollysMirror","FossilizedHelix","MealTicket","Bronze Scales","Thread and Needle"],"acts_visited":["Exordium","TheCity","TheBeyond","TheEnding"],"potions_floor_usage":[55,55,55,55],"damage_taken":[{"damage":0.0,"enemies":"Small Slimes","floor":1.0,"turns":1.0},{"damage":0.0,"enemies":"Cultist","floor":4.0,"turns":1.0},{"damage":0.0,"enemies":"3 Sentries","floor":6.0,"turns":1.0},{"damage":0.0,"enemies":"2 Louse","floor":7.0,"turns":3.0},{"damage":16.0,"enemies":"Gremlin Nob","floor":11.0,"turns":4.0},{"damage":0.0,"enemies":"Lots of Slimes","floor":13.0,"turns":3.0},{"damage":0.0,"enemies":"3 Sentries","floor":14.0,"turns":4.0},{"damage":8.0,"enemies":"Hexaghost","floor":16.0,"turns":8.0},{"damage":2.0,"enemies":"Shell Parasite","floor":18.0,"turns":4.0},{"damage":3.0,"enemies":"Spheric Guardian","floor":20.0,"turns":4.0},{"damage":1.0,"enemies":"Snecko","floor":22.0,"turns":4.0},{"damage":3.0,"enemies":"Gremlin Leader","floor":24.0,"turns":3.0},{"damage":11.0,"enemies":"Book of Stabbing","floor":27.0,"turns":4.0},{"damage":0.0,"enemies":"3 Cultists","floor":28.0,"turns":2.0},{"damage":1.0,"enemies":"Snake Plant","floor":30.0,"turns":4.0},{"damage":0.0,"enemies":"Slavers","floor":31.0,"turns":3.0},{"damage":37.0,"enemies":"Champ","floor":33.0,"turns":7.0},{"damage":0.0,"enemies":"Orb Walker","floor":35.0,"turns":3.0},{"damage":0.0,"enemies":"Nemesis","floor":40.0,"turns":1.0},{"damage":0.0,"enemies":"Reptomancer","floor":42.0,"turns":2.0},{"damage":0.0,"enemies":"Giant Head","floor":46.0,"turns":4.0},{"damage":0.0,"enemies":"Time Eater","floor":50.0,"turns":6.0},{"damage":8.0,"enemies":"Shield and Spear","floor":54.0,"turns":3.0},{"damage":56,"enemies":"The Heart","floor":55,"turns":7}],"seed_played":"-6188600981860658832","potions_obtained":[{"floor":7.0,"key":"LiquidBronze"},{"floor":13.0,"key":"LiquidBronze"},{"floor":14.0,"key":"Energy Potion"},{"floor":20.0,"key":"Fire Potion"},{"floor":30.0,"key":"DuplicationPotion"},{"floor":33.0,"key":"Ancient Potion"},{"floor":35.0,"key":"Poison Potion"},{"floor":42.0,"key":"Swift Potion"},{"floor":46.0,"key":"Weak Potion"},{"floor":54.0,"key":"SpeedPotion"}],"is_trial":false,"path_per_floor":["M","?","?","M","$","E","M","R","T","?","E","$","M","E","R","B",null,"M","?","M","$","M","R","E","R","T","E","M","R","M","E","R","B",null,"M","?","?","$","T","E","$","E","T","R","?","E","R","$","R","B",null,"R","$","E","B",null],"character_chosen":"THE_SILENT","items_purchased":["Lantern","Strength Potion","AttackPotion","SpeedPotion","Orrery","BlessingOfTheForge","Membership Card","SteroidPotion","FearPotion","White Beast Statue","DollysMirror","Bronze Scales","Footwork","Backflip","AttackPotion"],"campfire_rested":0,"item_purchase_floors":[5,5,12,12,21,21,38,38,38,41,41,48,48,48,53],"current_hp_per_floor":[70,70,70,70,70,70,70,70,70,65,49,49,49,49,49,41,65,63,63,60,60,59,59,56,56,56,45,45,45,44,44,44,7,65,65,65,57,57,57,57,57,57,57,57,47,47,47,62,62,62,65,65,65,57,1],"gold":46,"neow_bonus":"THREE_ENEMY_KILL","is_daily":false,"chose_seed":false,"campfire_upgraded":9,"win_rate":0.0,"timestamp":1613077519,"path_taken":["M","?","?","?","$","E","M","R","T","?","E","$","M","E","R","BOSS","M","?","M","$","M","R","E","R","T","E","?","R","M","E","R","BOSS","M","?","?","$","?","E","$","E","T","R","?","E","R","$","R","BOSS","R","$","E","BOSS"],"items_purchased_type":["Relic","Potion","Potion","Potion","Relic","Potion","Relic","Potion","Potion","Relic","Relic","Relic","Card","Card","Potion"],"build_version":"2020-12-22","purchased_purges":2,"victory":true,"max_hp_per_floor":[70,70,70,70,70,70,70,70,70,65,65,65,65,65,65,65,65,65,65,65,65,65,65,65,65,65,65,65,65,65,65,65,65,65,65,65,65,65,65,65,65,65,65,65,65,65,65,65,65,65,65,65,65,65,65],"relic_stats":{"Darkstone Periapt":0,"counters":[24,86],"Golden Idol":194,"Blue Candle":[1],"Snake Skull":[105],"PreservedInsect":300,"War Paint":["Survivor","Defend_G"],"Lizard Tail":0,"Bronze Scales":[123],"Tiny Chest":1,"MealTicket":15,"obtain_stats":[{"Darkstone Periapt":26,"Lantern":5,"Snake Skull":17,"Ancient Tea Set":40,"Lizard Tail":11,"HornCleat":17,"Ninja Scroll":14,"DollysMirror":41,"Tiny Chest":27,"Philosopher\u0027s Stone":34,"MealTicket":46,"Ring of the Snake":0,"Potion Belt":24,"NeowsBlessing":0,"Golden Idol":10,"Blue Candle":31,"Oddly Smooth Stone":19,"Thread and Needle":54,"PreservedInsect":39,"War Paint":6,"White Beast Statue":41,"Calling Bell":17,"Bronze Scales":48,"Orrery":21,"Molten Egg 2":9,"Membership Card":38,"Unceasing Top":17,"FossilizedHelix":42},{"Darkstone Periapt":12,"Lantern":2,"Snake Skull":8,"Ancient Tea Set":19,"Lizard Tail":5,"HornCleat":8,"Ninja Scroll":7,"DollysMirror":19,"Tiny Chest":13,"Philosopher\u0027s Stone":17,"MealTicket":21,"Ring of the Snake":0,"Potion Belt":12,"NeowsBlessing":0,"Golden Idol":4,"Blue Candle":16,"Oddly Smooth Stone":9,"Thread and Needle":23,"PreservedInsect":18,"War Paint":3,"White Beast Statue":19,"Calling Bell":8,"Bronze Scales":21,"Orrery":10,"Molten Egg 2":4,"Membership Card":18,"Unceasing Top":8,"FossilizedHelix":20},{"Darkstone Periapt":40,"Lantern":2,"Snake Skull":25,"Ancient Tea Set":64,"Lizard Tail":10,"HornCleat":25,"Ninja Scroll":17,"DollysMirror":64,"Tiny Chest":44,"Philosopher\u0027s Stone":60,"MealTicket":70,"Ring of the Snake":0,"Potion Belt":40,"NeowsBlessing":0,"Golden Idol":6,"Blue Candle":53,"Oddly Smooth Stone":29,"Thread and Needle":79,"PreservedInsect":63,"War Paint":3,"White Beast Statue":64,"Calling Bell":25,"Bronze Scales":70,"Orrery":33,"Molten Egg 2":6,"Membership Card":63,"Unceasing Top":25,"FossilizedHelix":66}],"Unceasing Top":[21],"Ring of the Snake":[48]},"card_choices":[{"not_picked":["Slice","Bane"],"picked":"Dash","floor":1.0},{"not_picked":["Escape Plan","Slice"],"picked":"Dagger Spray","floor":4.0},{"not_picked":["Deadly Poison","Dodge and Roll","PiercingWail"],"picked":"SKIP","floor":6.0},{"not_picked":["Outmaneuver","Quick Slash"],"picked":"Noxious Fumes","floor":7.0},{"not_picked":["Slice+1","Prepared"],"picked":"Die Die Die+1","floor":11.0},{"not_picked":["Deadly Poison","Acrobatics"],"picked":"Slice+1","floor":13.0},{"not_picked":["Calculated Gamble","Blade Dance"],"picked":"Footwork","floor":14.0},{"not_picked":["Grand Finale+1","Storm of Steel"],"picked":"Unload+1","floor":16.0},{"not_picked":["Deadly Poison+1","Tactician+1"],"picked":"Crippling Poison+1","floor":18.0},{"not_picked":["Riddle With Holes+1","Heel Hook+1"],"picked":"All Out Attack+1","floor":20.0},{"not_picked":["Bane+1","Doppelganger"],"picked":"Bouncing Flask+1","floor":21.0},{"not_picked":["Dagger Spray+1","PiercingWail"],"picked":"Catalyst","floor":21.0},{"not_picked":["Dagger Throw+1","Quick Slash+1"],"picked":"Dash+1","floor":21.0},{"not_picked":["PiercingWail+1","Acrobatics"],"picked":"Poisoned Stab+1","floor":21.0},{"not_picked":["Poisoned Stab+1","Skewer+1"],"picked":"Acrobatics+1","floor":22.0},{"not_picked":["Dagger Spray+1","Sucker Punch+1","Bane+1"],"picked":"SKIP","floor":24.0},{"not_picked":["Envenom","Acrobatics","Expertise+1"],"picked":"SKIP","floor":27.0},{"not_picked":["Dagger Spray+1","Infinite Blades+1","Flying Knee+1"],"picked":"SKIP","floor":28.0},{"not_picked":["Predator+1","Dagger Throw+1"],"picked":"Leg Sweep","floor":30.0},{"not_picked":["Storm of Steel","Heel Hook+1","Riddle With Holes+1"],"picked":"SKIP","floor":31.0},{"not_picked":["Corpse Explosion","Envenom"],"picked":"Adrenaline","floor":33.0},{"not_picked":["Blade Dance+1","Bane+1","Poisoned Stab+1"],"picked":"SKIP","floor":35.0},{"not_picked":["Poisoned Stab+1","Dagger Spray+1","Slice+1"],"picked":"SKIP","floor":40.0},{"not_picked":["Prepared","Deadly Poison"],"picked":"Backflip+1","floor":42.0},{"not_picked":["Jack Of All Trades","Panacea"],"picked":"Dark Shackles","floor":45.0},{"not_picked":["Jack Of All Trades","Impatience"],"picked":"Dramatic Entrance+1","floor":45.0},{"not_picked":["Noxious Fumes+1","PiercingWail"],"picked":"Burst","floor":46.0},{"not_picked":["Terror","Dagger Throw+1"],"picked":"Adrenaline","floor":54.0}],"player_experience":1530892,"relics_obtained":[{"floor":6.0,"key":"War Paint"},{"floor":9.0,"key":"Molten Egg 2"},{"floor":11.0,"key":"Lizard Tail"},{"floor":14.0,"key":"Ninja Scroll"},{"floor":17.0,"key":"Snake Skull"},{"floor":17.0,"key":"HornCleat"},{"floor":17.0,"key":"Unceasing Top"},{"floor":24.0,"key":"Potion Belt"},{"floor":26.0,"key":"Darkstone Periapt"},{"floor":27.0,"key":"Tiny Chest"},{"floor":31.0,"key":"Blue Candle"},{"floor":39.0,"key":"PreservedInsect"},{"floor":40.0,"key":"Ancient Tea Set"},{"floor":42.0,"key":"FossilizedHelix"},{"floor":46.0,"key":"MealTicket"},{"floor":54.0,"key":"Thread and Needle"}],"event_choices":[{"damage_healed":0.0,"max_hp_gain":0.0,"max_hp_loss":0.0,"gold_gain":175.0,"event_name":"Liars Game","player_choice":"AGREE","floor":2.0,"gold_loss":0.0,"damage_taken":0.0,"cards_obtained":["Doubt"]},{"damage_healed":0.0,"max_hp_gain":0.0,"max_hp_loss":0.0,"gold_gain":0.0,"event_name":"NoteForYourself","player_choice":"Ignored","floor":3.0,"gold_loss":0.0,"damage_taken":0.0},{"damage_healed":0.0,"max_hp_gain":0.0,"max_hp_loss":5.0,"gold_gain":0.0,"event_name":"Golden Idol","player_choice":"Lose Max HP","floor":10.0,"gold_loss":0.0,"damage_taken":0.0,"relics_obtained":["Golden Idol"]},{"damage_healed":0.0,"max_hp_gain":0.0,"max_hp_loss":0.0,"gold_gain":0.0,"event_name":"WeMeetAgain","player_choice":"Gave Potion","floor":19.0,"gold_loss":0.0,"damage_taken":0.0,"relics_obtained":["Oddly Smooth Stone"]},{"cards_removed":["Strike_G"],"damage_healed":0.0,"max_hp_gain":0.0,"max_hp_loss":0.0,"gold_gain":0.0,"event_name":"Falling","player_choice":"Removed Attack","floor":36.0,"gold_loss":0.0,"damage_taken":0.0},{"damage_healed":0.0,"max_hp_gain":0.0,"max_hp_loss":0.0,"gold_gain":0.0,"event_name":"Winding Halls","player_choice":"Embrace Madness","floor":37.0,"gold_loss":0.0,"damage_taken":8.0,"cards_obtained":["Madness","Madness"]},{"damage_healed":0.0,"max_hp_gain":0.0,"max_hp_loss":0.0,"gold_gain":0.0,"event_name":"SensoryStone","player_choice":"Memory 3","floor":45.0,"gold_loss":0.0,"damage_taken":10.0}],"is_beta":false,"boss_relics":[{"not_picked":["Pandora\u0027s Box","WristBlade"],"picked":"Calling Bell"},{"not_picked":["Ring of the Serpent","Sozu"],"picked":"Philosopher\u0027s Stone"}],"items_purged_floors":[5,41],"is_endless":false,"potions_floor_spawned":[7,13,14,20,22,30,33,35,42,46,54],"ascension_level":4}}