{"host":"9kesdg97wkrx2bva","time":1613030671,"event":{"mods":["AchievementEnabler","BaseMod","Colored Map","GifTheSpireLib","Infinite Spire","Minty Spire (QoL Compilation)","Replay The Spire","StSLib"],"gold_per_floor":[119,119,176,226,236,236,256,256,327,327,341,359,374,387,387,460,560,577,577,502,522,522,552,570,570,646,646,646],"floor_reached":27,"language":"ENG","playtime":1128,"items_purged":["Strike_G","Strike_G"],"score":405,"play_id":"fb541d99-689d-4722-ba98-62ff2cecd052","local_time":"20210211020431","is_ascension_mode":true,"campfire_choices":[{"floor":6,"key":"REST"},{"data":"ReplayTheSpireMod:Scrap Shanks","floor":8,"key":"SMITH"},{"data":"Survivor","floor":10,"key":"SMITH"},{"floor":15,"key":"REST"}],"circlet_count":0,"master_deck":["AscendersBane","Strike_G","Strike_G","Strike_G","Defend_G","Defend_G","Defend_G","Defend_G","Survivor+1","Neutralize","ReplayTheSpireMod:Scrap Shanks+1","Underhanded Strike","Sneak Up+1","Acrobatics","Backflip","All Out Attack","Dagger Throw","Deadly Poison","Prepared","Underhanded Strike","Backstab","Venomology","Tools of the Trade","Catalyst","After Image","ReplayTheSpireMod:Scrap Shanks+1"],"relics":["Ring of the Snake","InkBottle","Replay:Wanted Poster","Nloth\u0027s Gift","Blood Vial","DollysMirror","Golden Egg"],"acts_visited":["Exordium","TheCity"],"potions_floor_usage":[13,14,16,18,21,21,21,23,24,27],"damage_taken":[{"damage":4,"enemies":"Small Slimes","floor":1,"turns":6},{"damage":1,"enemies":"Jaw Worm","floor":5,"turns":4},{"damage":0,"enemies":"Cultist","floor":7,"turns":3},{"damage":20,"enemies":"Exordium Thugs","floor":11,"turns":6},{"damage":4,"enemies":"Blue Slaver","floor":12,"turns":4},{"damage":11,"enemies":"Gremlin Gang","floor":13,"turns":4},{"damage":0,"enemies":"3 Louse","floor":14,"turns":3},{"damage":29,"enemies":"Fading Forest","floor":16,"turns":11},{"damage":17,"enemies":"3 Byrds","floor":18,"turns":7},{"damage":6,"enemies":"2 Thieves","floor":21,"turns":3},{"damage":13,"enemies":"Slavers","floor":23,"turns":7},{"damage":19,"enemies":"Shelled Parasite and Fungi","floor":24,"turns":5},{"damage":15,"enemies":"Snake Plant","floor":27,"turns":2}],"seed_played":"7369087646335054420","potions_obtained":[{"floor":1,"key":"PowerPotion"},{"floor":3,"key":"PowerPotion"},{"floor":13,"key":"infinitespire:BlackPotion"},{"floor":16,"key":"SteroidPotion"},{"floor":18,"key":"DuplicationPotion"},{"floor":23,"key":"Energy Potion"}],"is_trial":false,"path_per_floor":["M","?","?","?","M","R","M","R","T","R","M","M","M","M","R","B",null,"M","?","$","M","?","E","M","AVR","T","M"],"character_chosen":"THE_SILENT","items_purchased":[],"campfire_rested":2,"item_purchase_floors":[],"current_hp_per_floor":[55,55,34,34,33,52,52,52,52,52,32,28,17,17,36,7,51,49,49,49,43,43,30,13,13,13,0,0],"gold":646,"neow_bonus":"THREE_CARDS","is_daily":false,"chose_seed":false,"campfire_upgraded":2,"win_rate":0.0,"timestamp":1613030671,"path_taken":["M","?","?","?","M","R","M","R","T","R","M","M","M","M","R","BOSS","M","?","?","M","?","E","?","AVR","T","M"],"items_purchased_type":[],"build_version":"2020-12-22","purchased_purges":2,"victory":false,"max_hp_per_floor":[66,66,66,66,66,66,66,66,66,66,66,66,66,66,66,66,66,66,66,66,66,66,66,66,66,66,66,66],"card_choices":[{"not_picked":["Distraction","Cloak And Dagger"],"picked":"ReplayTheSpireMod:Scrap Shanks","floor":0},{"not_picked":["ReplayTheSpireMod:Tripwire","Cloak And Dagger"],"picked":"Underhanded Strike","floor":1},{"not_picked":["Poisoned Stab","Dodge and Roll"],"picked":"Acrobatics","floor":3},{"not_picked":["Fluid Movement","Hidden Blade"],"picked":"Backflip","floor":3},{"not_picked":["ReplayTheSpireMod:Exploit Weakness","ReplayTheSpireMod:Necrosis"],"picked":"All Out Attack","floor":5},{"not_picked":["Crippling Poison","Blade Dance"],"picked":"Dagger Throw","floor":6},{"not_picked":["Cloak And Dagger","Bane"],"picked":"Deadly Poison","floor":7},{"not_picked":["Eviscerate","Replay:Poison Smokescreen"],"picked":"Prepared","floor":11},{"not_picked":["Well Laid Plans","Cloak And Dagger","Bane"],"picked":"SKIP","floor":12},{"not_picked":["Dagger Throw","Blade Dance"],"picked":"Underhanded Strike","floor":13},{"not_picked":["ReplayTheSpireMod:Exploit Weakness","Draining Mist"],"picked":"Backstab","floor":14},{"not_picked":["Phantasmal Killer","ReplayTheSpireMod:Necrosis"],"picked":"Venomology","floor":16},{"not_picked":["Dodge and Roll","Quick Slash","Backflip"],"picked":"SKIP","floor":18},{"not_picked":["Flying Knee","Distraction","Deflect+1"],"picked":"SKIP","floor":21},{"not_picked":["Tools of the Trade","Slice"],"picked":"Catalyst","floor":23},{"not_picked":["Blade Dance","Flying Knee"],"picked":"After Image","floor":24}],"player_experience":1029363,"relics_obtained":[{"floor":3,"key":"Dream Catcher"},{"floor":9,"key":"InkBottle"},{"floor":23,"key":"Blood Vial"},{"floor":26,"key":"Golden Egg"}],"event_choices":[{"damage_healed":0,"gold_gain":50,"player_choice":"Pray","damage_taken":0,"max_hp_gain":0,"max_hp_loss":0,"event_name":"Golden Shrine","floor":4,"gold_loss":0},{"damage_healed":0,"gold_gain":0,"player_choice":"1 cards matched","damage_taken":0,"max_hp_gain":0,"max_hp_loss":0,"event_name":"Match and Keep!","floor":19,"gold_loss":0,"cards_obtained":["Tools of the Trade"]},{"damage_healed":0,"gold_gain":0,"player_choice":"Traded Relic","damage_taken":0,"relics_obtained":["Nloth\u0027s Gift"],"max_hp_gain":0,"max_hp_loss":0,"event_name":"N\u0027loth","floor":22,"relics_lost":["Dream Catcher"],"gold_loss":0}],"is_beta":false,"boss_relics":[{"not_picked":["Tiny House","Ectoplasm"],"picked":"Replay:Wanted Poster"}],"items_purged_floors":[20,25],"is_endless":false,"potions_floor_spawned":[1,5,13,16,18,23],"killed_by":"Snake Plant","ascension_level":16}}