{"host":"syozzdlzcqop4jia","time":1613079698,"event":{"mods":["AchievementEnabler","BaseMod","Colored Map","Colored Powertips","Minty Spire (QoL Compilation)","Quick Restart"],"gold_per_floor":[118,118,131,145,145,186,186,42,42,42,42,57,57,71,71,200,200,221,221,221],"floor_reached":19,"language":"ENG","playtime":1151,"items_purged":[],"score":167,"play_id":"7cc989aa-bef4-4c78-8e34-1e7fb452e6de","local_time":"20210211224138","is_ascension_mode":false,"campfire_choices":[{"floor":11,"key":"RECALL"},{"floor":13,"key":"REST"},{"floor":15,"key":"REST"}],"circlet_count":0,"master_deck":["Strike_B","Strike_B","Strike_B","Strike_B","Defend_B","Defend_B","Defend_B","Zap","Dualcast","Redo","Glacier","Capacitor","Rip and Tear","Conserve Battery","Buffer","Defragment"],"relics":["Cracked Core","Vajra","Golden Idol","Pocketwatch","Orichalcum","Runic Pyramid"],"acts_visited":["Exordium","TheCity"],"potions_floor_usage":[],"damage_taken":[{"damage":1,"enemies":"Cultist","floor":1,"turns":3},{"damage":0,"enemies":"2 Louse","floor":3,"turns":3},{"damage":7,"enemies":"Small Slimes","floor":4,"turns":2},{"damage":31,"enemies":"Lagavulin","floor":6,"turns":8},{"damage":5,"enemies":"Looter","floor":12,"turns":4},{"damage":9,"enemies":"Lots of Slimes","floor":14,"turns":3},{"damage":15,"enemies":"Slime Boss","floor":16,"turns":12},{"damage":0,"enemies":"Chosen","floor":18,"turns":6},{"damage":11,"enemies":"3 Byrds","floor":19,"turns":2}],"seed_played":"8827352069784451013","potions_obtained":[{"floor":3,"key":"LiquidBronze"},{"floor":4,"key":"BlessingOfTheForge"},{"floor":12,"key":"PowerPotion"}],"is_trial":false,"path_per_floor":["M","?","M","M","?","E","?","$","T","?","R","M","R","M","R","B",null,"M","M"],"character_chosen":"DEFECT","items_purchased":["Orichalcum"],"campfire_rested":2,"item_purchase_floors":[8],"current_hp_per_floor":[74,56,56,49,54,23,23,23,23,23,23,18,42,33,57,42,80,80,69,69],"gold":221,"neow_bonus":"RANDOM_COMMON_RELIC","is_daily":false,"chose_seed":false,"campfire_upgraded":0,"win_rate":0.0,"timestamp":1613079698,"path_taken":["M","?","M","M","?","E","?","$","T","?","R","?","R","M","R","BOSS","M","M"],"items_purchased_type":["Relic"],"build_version":"2020-12-22","purchased_purges":0,"victory":false,"max_hp_per_floor":[75,75,75,75,80,80,80,80,80,80,80,80,80,80,80,80,80,80,80,80],"card_choices":[{"not_picked":["Leap","Stack"],"picked":"Redo","floor":1},{"not_picked":["Aggregate","Gash","Coolheaded"],"picked":"SKIP","floor":3},{"not_picked":["Gash","Stack"],"picked":"Glacier","floor":4},{"not_picked":["Turbo","Steam"],"picked":"Capacitor","floor":6},{"not_picked":["Machine Learning","Beam Cell"],"picked":"Rip and Tear","floor":12},{"not_picked":["Rebound","Reinforced Body"],"picked":"Conserve Battery","floor":14},{"not_picked":["Multi-Cast","Fission"],"picked":"Buffer","floor":16},{"not_picked":["FTL","Hello World"],"picked":"Defragment","floor":18}],"player_experience":690454,"relics_obtained":[{"floor":6,"key":"Pocketwatch"}],"event_choices":[{"damage_healed":0,"gold_gain":0,"player_choice":"Take Damage","damage_taken":18,"relics_obtained":["Golden Idol"],"max_hp_gain":0,"max_hp_loss":0,"event_name":"Golden Idol","floor":2,"gold_loss":0},{"damage_healed":0,"gold_gain":0,"player_choice":"Donut","damage_taken":0,"max_hp_gain":5,"max_hp_loss":0,"event_name":"Big Fish","floor":5,"gold_loss":0},{"damage_healed":0,"gold_gain":0,"player_choice":"Ignored","damage_taken":0,"max_hp_gain":0,"max_hp_loss":0,"event_name":"Liars Game","floor":7,"gold_loss":0},{"cards_removed":["Defend_B"],"damage_healed":0,"gold_gain":0,"player_choice":"Purged","damage_taken":0,"max_hp_gain":0,"max_hp_loss":0,"event_name":"Purifier","floor":10,"gold_loss":0}],"is_beta":false,"boss_relics":[{"not_picked":["Runic Dome","Astrolabe"],"picked":"Runic Pyramid"}],"items_purged_floors":[],"is_endless":false,"potions_floor_spawned":[3,4,12],"killed_by":"3 Byrds","ascension_level":0}}