{"host":"z3qs3l37sjzyczji","time":1613012380,"event":{"mods":["AchievementEnabler","BaseMod","Colored Map","Colored Powertips","Keyboard Shortcuts","Minty Spire (QoL Compilation)","Relic Stats","SuperFastMode"],"gold_per_floor":[114,39,55,71,87,116,116,116,196,196,229,239,266,266,266,368,368,388,388,405,405,425,457,457,457,457],"floor_reached":25,"language":"ENG","playtime":1364,"items_purged":["Strike_R"],"score":387,"play_id":"c6a56481-4443-490d-b647-7e7fb0e3505f","local_time":"20210211025940","is_ascension_mode":true,"campfire_choices":[{"data":"Bash","floor":7,"key":"SMITH"},{"floor":10,"key":"REST"},{"data":"Rage","floor":15,"key":"SMITH"},{"data":"Offering","floor":24,"key":"SMITH"}],"circlet_count":0,"master_deck":["AscendersBane","Defend_R","Defend_R","Defend_R","Defend_R","Bash+1","Clothesline","Inflame","Shrug It Off","Pommel Strike","Limit Break","Twin Strike","Rage+1","Offering+1","Heavy Blade","Bite","Bite","Bite","Bite","Bite","Whirlwind"],"relics":["Burning Blood","Gambling Chip","Ornamental Fan","Omamori","Oddly Smooth Stone","Philosopher\u0027s Stone","Singing Bowl"],"acts_visited":["Exordium","TheCity"],"potions_floor_usage":[6,13,16,16,23],"damage_taken":[{"damage":13.0,"enemies":"Jaw Worm","floor":1.0,"turns":6.0},{"damage":0.0,"enemies":"2 Louse","floor":3.0,"turns":2.0},{"damage":10.0,"enemies":"Small Slimes","floor":4.0,"turns":3.0},{"damage":17.0,"enemies":"3 Louse","floor":5.0,"turns":5.0},{"damage":41,"enemies":"3 Sentries","floor":6,"turns":11},{"damage":9,"enemies":"Gremlin Nob","floor":11,"turns":4},{"damage":8,"enemies":"Blue Slaver","floor":12,"turns":5},{"damage":12,"enemies":"3 Sentries","floor":13,"turns":8},{"damage":23,"enemies":"Hexaghost","floor":16,"turns":13},{"damage":21,"enemies":"2 Thieves","floor":18,"turns":4},{"damage":10,"enemies":"Shell Parasite","floor":20,"turns":4},{"damage":22,"enemies":"Sentry and Sphere","floor":22,"turns":4},{"damage":75,"enemies":"Book of Stabbing","floor":23,"turns":6},{"damage":39,"enemies":"Slavers","floor":25,"turns":2}],"seed_played":"1232343242352518870","potions_obtained":[{"floor":4.0,"key":"BlessingOfTheForge"},{"floor":5.0,"key":"SpeedPotion"},{"floor":11,"key":"DistilledChaos"},{"floor":13,"key":"Dexterity Potion"},{"floor":20,"key":"FairyPotion"},{"floor":22,"key":"BloodPotion"}],"is_trial":false,"path_per_floor":["M","$","M","M","M","E","R","?","T","R","E","M","E","?","R","B",null,"M","?","M","?","M","E","R","E"],"character_chosen":"IRONCLAD","items_purchased":[],"campfire_rested":1,"item_purchase_floors":[],"current_hp_per_floor":[73,73,79,75,64,29,29,29,29,55,52,50,44,49,49,32,78,63,63,65,54,48,33,33,0,0],"gold":457,"neow_bonus":"TEN_PERCENT_HP_BONUS","is_daily":false,"chose_seed":false,"campfire_upgraded":3,"win_rate":0.0,"timestamp":1613012380,"path_taken":["M","$","M","M","M","E","R","?","T","R","E","M","E","?","R","BOSS","M","?","M","?","M","E","R","E"],"items_purchased_type":[],"build_version":"2020-12-22","purchased_purges":1,"victory":false,"max_hp_per_floor":[88,88,88,88,88,88,88,88,88,88,88,88,88,93,93,93,93,93,65,65,70,70,72,72,72,72],"relic_stats":{"Singing Bowl":2,"counters":[14,77],"Ornamental Fan":[36],"Gambling Chip":[17],"obtain_stats":[{"Singing Bowl":23,"Ornamental Fan":9,"Gambling Chip":6,"Oddly Smooth Stone":13,"Philosopher\u0027s Stone":17,"Omamori":11,"Burning Blood":0},{"Singing Bowl":13,"Ornamental Fan":5,"Gambling Chip":5,"Oddly Smooth Stone":8,"Philosopher\u0027s Stone":9,"Omamori":6,"Burning Blood":0},{"Singing Bowl":75,"Ornamental Fan":27,"Gambling Chip":27,"Oddly Smooth Stone":44,"Philosopher\u0027s Stone":57,"Omamori":31,"Burning Blood":0}],"Burning Blood":76},"card_choices":[{"not_picked":["Pommel Strike","Body Slam"],"picked":"Clothesline","floor":1.0},{"not_picked":["Twin Strike","Dual Wield"],"picked":"Inflame","floor":3.0},{"not_picked":["Feel No Pain","Havoc","Entrench"],"picked":"SKIP","floor":4.0},{"not_picked":["Armaments","Sword Boomerang"],"picked":"Shrug It Off","floor":5.0},{"not_picked":["Intimidate","Power Through"],"picked":"Pommel Strike","floor":6},{"not_picked":["Bloodletting","Rupture"],"picked":"Limit Break","floor":11},{"not_picked":["Rampage","Clash"],"picked":"Twin Strike","floor":12},{"not_picked":["Twin Strike","Uppercut"],"picked":"Rage","floor":13},{"not_picked":["Bludgeon","Berserk"],"picked":"Offering","floor":16},{"not_picked":["Sever Soul","Perfected Strike"],"picked":"Heavy Blade","floor":18},{"not_picked":["Carnage+1","Flex","Armaments"],"picked":"SKIP","floor":20},{"not_picked":["Metallicize","Armaments+1"],"picked":"Whirlwind","floor":22},{"not_picked":["Perfected Strike","Burning Pact","Iron Wave"],"picked":"Singing Bowl","floor":23}],"player_experience":58313,"relics_obtained":[{"floor":6,"key":"Gambling Chip"},{"floor":9,"key":"Ornamental Fan"},{"floor":11,"key":"Omamori"},{"floor":13,"key":"Oddly Smooth Stone"},{"floor":23,"key":"Singing Bowl"}],"event_choices":[{"damage_healed":0,"gold_gain":0,"player_choice":"Ignored","damage_taken":0,"max_hp_gain":0,"max_hp_loss":0,"event_name":"Liars Game","floor":8,"gold_loss":0},{"damage_healed":0,"gold_gain":0,"player_choice":"Donut","damage_taken":0,"max_hp_gain":5,"max_hp_loss":0,"event_name":"Big Fish","floor":14,"gold_loss":0},{"damage_healed":0,"gold_gain":0,"player_choice":"Became a vampire","damage_taken":0,"max_hp_gain":0,"max_hp_loss":28,"event_name":"Vampires","floor":19,"gold_loss":0,"cards_obtained":["Bite","Bite","Bite","Bite","Bite"]},{"damage_healed":0,"gold_gain":0,"player_choice":"Shed Blood","damage_taken":16,"max_hp_gain":5,"max_hp_loss":0,"event_name":"Forgotten Altar","floor":21,"gold_loss":0}],"is_beta":false,"boss_relics":[{"not_picked":["Runic Cube","Snecko Eye"],"picked":"Philosopher\u0027s Stone"}],"items_purged_floors":[2],"is_endless":false,"potions_floor_spawned":[4,5,11,13,20,22],"killed_by":"Slavers","ascension_level":10}}