{"host":"vyjryxuuuxkt43k4","time":1613040890,"event":{"mods":["AchievementEnabler","BaseMod","Colored Map","DeckTracker","Keyboard Shortcuts","Minty Spire (QoL Compilation)","Permanent Neow","Quick Restart","StSLib","SuperFastMode","everything is the same but u backflip on backflip"],"gold_per_floor":[110,110,3,16,16,16,40,40,40,40,59,59,72,88,88,164,164,182,232,245,263,263,294,309,309,309,154,154,168,168,179,179,253,253,265,265,280,137,149,149,168,168,168,188,203,229,229,249,249,249,249,249,249,10,35,35],"floor_reached":57,"language":"KOR","playtime":5337,"items_purged":["Tools of the Trade","Deep Breath+1"],"score":2946,"play_id":"8fb35383-e98e-455e-8ad9-a2f396ab07aa","local_time":"20210211195450","is_ascension_mode":true,"campfire_choices":[{"data":"Deep Breath","floor":6.0,"key":"SMITH"},{"floor":8.0,"key":"REST"},{"data":"Flying Knee","floor":10.0,"key":"SMITH"},{"data":"Eviscerate","floor":12.0,"key":"SMITH"},{"data":"After Image","floor":15.0,"key":"SMITH"},{"data":"Concentrate","floor":25.0,"key":"SMITH"},{"data":"Prepared","floor":28.0,"key":"SMITH"},{"data":"Adrenaline","floor":30.0,"key":"SMITH"},{"data":"Venomology","floor":32.0,"key":"SMITH"},{"data":"Wraith Form v2","floor":40.0,"key":"SMITH"},{"data":"Reflex","floor":42.0,"key":"SMITH"},{"floor":49.0,"key":"RECALL"},{"data":"Panacea","floor":53.0,"key":"SMITH"}],"circlet_count":0,"master_deck":["AscendersBane","Survivor","Neutralize+1","Flying Knee+1","Eviscerate+1","Quick Slash","After Image+1","Adrenaline+1","Grand Finale","Backflip","Concentrate+1","Grand Finale","Corpse Explosion","After Image","Prepared+1","Venomology+1","Heel Hook","Burst","Wraith Form v2+1","Well Laid Plans+1","Purity","Panacea+1","Reflex+1","Footwork","Reflex"],"relics":["Ring of the Snake","Snake Skull","Boot","Pandora\u0027s Box","Vajra","InkBottle","HoveringKite","Kunai","Gambling Chip"],"acts_visited":["Exordium","TheCity","TheBeyond","TheEnding"],"potions_floor_usage":[56,56],"damage_taken":[{"damage":0.0,"enemies":"Small Slimes","floor":1.0,"turns":4.0},{"damage":14.0,"enemies":"Jaw Worm","floor":4.0,"turns":10.0},{"damage":0.0,"enemies":"Cultist","floor":11.0,"turns":4.0},{"damage":0.0,"enemies":"Looter","floor":13.0,"turns":3.0},{"damage":7.0,"enemies":"Gremlin Gang","floor":14.0,"turns":3.0},{"damage":37.0,"enemies":"The Guardian","floor":16.0,"turns":17.0},{"damage":7.0,"enemies":"3 Byrds","floor":18.0,"turns":4.0},{"damage":0.0,"enemies":"Chosen","floor":20.0,"turns":4.0},{"damage":8.0,"enemies":"3 Cultists","floor":21.0,"turns":3.0},{"damage":0.0,"enemies":"Gremlin Leader","floor":23.0,"turns":4.0},{"damage":1.0,"enemies":"Snake Plant","floor":24.0,"turns":3.0},{"damage":5.0,"enemies":"Shelled Parasite and Fungi","floor":29.0,"turns":3.0},{"damage":0.0,"enemies":"3 Cultists","floor":31.0,"turns":1.0},{"damage":0.0,"enemies":"Collector","floor":33.0,"turns":3.0},{"damage":0.0,"enemies":"Orb Walker","floor":35.0,"turns":2.0},{"damage":12.0,"enemies":"3 Shapes","floor":37.0,"turns":3.0},{"damage":5.0,"enemies":"Writhing Mass","floor":39.0,"turns":5.0},{"damage":3.0,"enemies":"Transient","floor":41.0,"turns":6.0},{"damage":0.0,"enemies":"Jaw Worm Horde","floor":44.0,"turns":2.0},{"damage":0.0,"enemies":"3 Darklings","floor":45.0,"turns":1.0},{"damage":0.0,"enemies":"Nemesis","floor":46.0,"turns":5.0},{"damage":0.0,"enemies":"Writhing Mass","floor":47.0,"turns":1.0},{"damage":0.0,"enemies":"Transient","floor":48.0,"turns":6.0},{"damage":24.0,"enemies":"Time Eater","floor":50.0,"turns":11.0},{"damage":0.0,"enemies":"Awakened One","floor":51.0,"turns":5.0},{"damage":0.0,"enemies":"Shield and Spear","floor":55.0,"turns":5.0},{"damage":48,"enemies":"The Heart","floor":56,"turns":8}],"seed_played":"-829023904591769703","potions_obtained":[{"floor":1.0,"key":"Poison Potion"},{"floor":4.0,"key":"AttackPotion"},{"floor":16.0,"key":"Ancient Potion"},{"floor":21.0,"key":"Block Potion"},{"floor":24.0,"key":"DistilledChaos"},{"floor":29.0,"key":"Block Potion"},{"floor":31.0,"key":"Weak Potion"},{"floor":33.0,"key":"AttackPotion"},{"floor":41.0,"key":"Weak Potion"},{"floor":46.0,"key":"Poison Potion"}],"is_trial":false,"path_per_floor":["M","?","$","M","?","R","T","R","T","R","M","R","M","M","R","B",null,"M","?","M","M","?","E","M","R","T","$","R","M","R","M","R","B",null,"M","?","M","$","M","R","M","R","T","M","M","E","M","M","R","B","B",null,"R","$","E","B",null],"character_chosen":"THE_SILENT","items_purchased":["Deep Breath","GamblersBrew","Reflex","Footwork","Reflex","Ancient Potion"],"campfire_rested":1,"item_purchase_floors":[3,27,38,54,54,54],"current_hp_per_floor":[59,64,64,50,29,29,29,50,50,50,50,50,50,43,43,6,55,48,48,48,40,40,40,39,39,39,39,39,34,34,34,34,34,62,62,52,40,40,35,35,32,32,32,32,32,32,32,32,32,8,8,55,55,55,55,7],"gold":35,"neow_bonus":"UPGRADE_CARD","is_daily":false,"chose_seed":false,"campfire_upgraded":11,"win_rate":0.0,"timestamp":1613040890,"path_taken":["M","?","$","M","?","R","?","R","T","R","M","R","?","M","R","BOSS","M","?","M","M","?","E","M","R","T","?","R","M","R","?","R","BOSS","M","?","M","$","M","R","M","R","T","M","M","E","M","M","R","BOSS","BOSS","R","$","E","BOSS"],"items_purchased_type":["Card","Potion","Card","Card","Card","Potion"],"build_version":"2020-12-22","purchased_purges":2,"victory":true,"max_hp_per_floor":[66,71,71,71,71,71,71,71,71,71,71,71,71,71,71,71,71,71,71,71,71,71,71,71,71,71,71,71,71,71,71,71,71,71,71,71,71,71,71,71,71,71,71,71,71,71,71,71,71,71,71,71,71,71,71,71],"card_choices":[{"not_picked":["Finisher","Blur","Dodge and Roll"],"picked":"SKIP","floor":1.0},{"not_picked":["PiercingWail","Terror"],"picked":"Flying Knee","floor":4.0},{"not_picked":["Underhanded Strike","Dodge and Roll"],"picked":"Eviscerate","floor":11.0},{"not_picked":["Bane","Poisoned Stab"],"picked":"Quick Slash","floor":13.0},{"not_picked":["Deflect","Flying Knee"],"picked":"After Image","floor":14.0},{"not_picked":["After Image","Night Terror"],"picked":"Adrenaline","floor":16.0},{"not_picked":["Slice","Sucker Punch","Quick Slash+1"],"picked":"SKIP","floor":18.0},{"not_picked":["Sucker Punch","Bane","Quick Slash"],"picked":"SKIP","floor":20.0},{"not_picked":["Distraction","Deflect"],"picked":"Burst","floor":21.0},{"not_picked":["Deflect","Prepared","Leg Sweep"],"picked":"SKIP","floor":23.0},{"not_picked":["Sucker Punch","Distraction+1","Endless Agony"],"picked":"SKIP","floor":24.0},{"not_picked":["Unload","Deflect","Prepared"],"picked":"SKIP","floor":29.0},{"not_picked":["Cloak And Dagger+1","Crippling Poison","Backstab"],"picked":"SKIP","floor":31.0},{"not_picked":["Bullet Time","Malaise"],"picked":"Wraith Form v2","floor":33.0},{"not_picked":["Dagger Throw","Dagger Spray+1"],"picked":"Well Laid Plans+1","floor":35.0},{"not_picked":["Bandage Up","Trip"],"picked":"Purity","floor":36.0},{"not_picked":["PanicButton","Trip"],"picked":"Panacea","floor":36.0},{"not_picked":["Quick Slash","Finisher","Cloak And Dagger"],"picked":"SKIP","floor":37.0},{"not_picked":["Cloak And Dagger+1","Distraction","Crippling Poison"],"picked":"SKIP","floor":39.0},{"not_picked":["Well Laid Plans","Dodge and Roll","Prepared"],"picked":"SKIP","floor":41.0},{"not_picked":["Well Laid Plans","Dodge and Roll","Prepared"],"picked":"SKIP","floor":41.0},{"not_picked":["Terror","Flying Knee+1","Cloak And Dagger+1"],"picked":"SKIP","floor":44.0},{"not_picked":["PiercingWail","Dodge and Roll","Quick Slash"],"picked":"SKIP","floor":45.0},{"not_picked":["Backstab","Accuracy","Underhanded Strike"],"picked":"SKIP","floor":46.0},{"not_picked":["All Out Attack","Underhanded Strike","Bane"],"picked":"SKIP","floor":48.0},{"not_picked":["Phantasmal Killer","Storm of Steel","Underhanded Strike"],"picked":"SKIP","floor":55.0}],"player_experience":933142,"relics_obtained":[{"floor":7.0,"key":"Snake Skull"},{"floor":9.0,"key":"Boot"},{"floor":23.0,"key":"Vajra"},{"floor":26.0,"key":"InkBottle"},{"floor":46.0,"key":"Kunai"},{"floor":55.0,"key":"Gambling Chip"}],"event_choices":[{"damage_healed":0.0,"max_hp_gain":5.0,"max_hp_loss":0.0,"gold_gain":0.0,"event_name":"Big Fish","player_choice":"Donut","floor":2.0,"gold_loss":0.0,"damage_taken":0.0},{"damage_healed":0.0,"max_hp_gain":0.0,"max_hp_loss":0.0,"gold_gain":0.0,"event_name":"Shining Light","player_choice":"Entered Light","floor":5.0,"gold_loss":0.0,"damage_taken":21.0,"cards_upgraded":["Strike_G","Strike_G"]},{"damage_healed":0.0,"max_hp_gain":0.0,"max_hp_loss":0.0,"gold_gain":50.0,"event_name":"Nest","player_choice":"Stole From Cult","floor":19.0,"gold_loss":0.0,"damage_taken":0.0},{"damage_healed":0.0,"max_hp_gain":0.0,"max_hp_loss":0.0,"gold_gain":0.0,"event_name":"The Mausoleum","player_choice":"Ignored","floor":22.0,"gold_loss":0.0,"damage_taken":0.0},{"damage_healed":0.0,"max_hp_gain":0.0,"max_hp_loss":0.0,"gold_gain":0.0,"event_name":"SensoryStone","player_choice":"Memory 3","floor":36.0,"gold_loss":0.0,"damage_taken":10.0}],"is_beta":false,"boss_relics":[{"not_picked":["SlaversCollar","Calling Bell"],"picked":"Pandora\u0027s Box"},{"not_picked":["Sozu","Ring of the Serpent"],"picked":"HoveringKite"}],"items_purged_floors":[27,38],"is_endless":false,"potions_floor_spawned":[1,4,16,21,24,29,31,33,35,41,46,47],"ascension_level":20}}