{"host":"vyjryxuuuxkt43k4","time":1613007260,"event":{"mods":["AchievementEnabler","BaseMod","Colored Map","DeckTracker","Keyboard Shortcuts","Minty Spire (QoL Compilation)","Permanent Neow","Quick Restart","StSLib","SuperFastMode","everything is the same but u backflip on backflip"],"gold_per_floor":[114,132,152,152,163,163,176,176,203,203,44,44,59,134,134,224,224,244,244,0,24,24,24],"floor_reached":22,"language":"KOR","playtime":1268,"items_purged":["Strike_G"],"score":352,"play_id":"91f21973-6c09-459d-8388-500af228c057","local_time":"20210211103420","is_ascension_mode":true,"campfire_choices":[{"data":"Predator","floor":6,"key":"SMITH"},{"data":"Prepared","floor":8,"key":"SMITH"},{"data":"Backflip","floor":15,"key":"SMITH"}],"circlet_count":0,"master_deck":["AscendersBane","Strike_G","Strike_G","Strike_G","Defend_G","Defend_G","Defend_G","Defend_G","Survivor","Neutralize","Concentrate+1","Predator+1","Prepared+1","Dagger Throw","Backflip+1","Well Laid Plans","Malaise","A Thousand Cuts","Leg Sweep","Grand Finale"],"relics":["Ring of the Snake","Centennial Puzzle","Golden Idol","Snecko Eye","Enchiridion","Membership Card"],"acts_visited":["Exordium","TheCity"],"potions_floor_usage":[13,16,21,22,22],"damage_taken":[{"damage":0,"enemies":"Small Slimes","floor":1,"turns":6},{"damage":6,"enemies":"Cultist","floor":2,"turns":5},{"damage":0,"enemies":"2 Louse","floor":3,"turns":3},{"damage":11,"enemies":"Exordium Wildlife","floor":5,"turns":4},{"damage":3,"enemies":"Looter","floor":7,"turns":3},{"damage":4,"enemies":"3 Louse","floor":13,"turns":3},{"damage":6,"enemies":"The Guardian","floor":16,"turns":11},{"damage":14,"enemies":"3 Byrds","floor":18,"turns":6},{"damage":2,"enemies":"Shell Parasite","floor":21,"turns":5},{"damage":24,"enemies":"Chosen and Byrds","floor":22,"turns":3}],"seed_played":"1066895975048463743","potions_obtained":[{"floor":2,"key":"Explosive Potion"},{"floor":7,"key":"DuplicationPotion"},{"floor":16,"key":"Weak Potion"},{"floor":21,"key":"DuplicationPotion"}],"is_trial":false,"path_per_floor":["M","M","M","?","M","R","M","R","T","?","$","?","M","?","R","B",null,"M","?","$","M","M"],"character_chosen":"THE_SILENT","items_purchased":["Well Laid Plans","Membership Card","Grand Finale","PowerPotion"],"campfire_rested":0,"item_purchase_floors":[11,20,20,20],"current_hp_per_floor":[59,53,53,53,42,42,39,39,39,39,39,44,40,29,29,23,50,36,15,15,13,0,0],"gold":24,"neow_bonus":"REMOVE_TWO","is_daily":false,"chose_seed":false,"campfire_upgraded":3,"win_rate":0.0,"timestamp":1613007260,"path_taken":["M","M","M","?","?","R","M","R","T","?","$","?","M","?","R","BOSS","M","?","$","M","M"],"items_purchased_type":["Card","Relic","Card","Potion"],"build_version":"2020-12-22","purchased_purges":1,"victory":false,"max_hp_per_floor":[60,60,60,60,60,60,60,60,60,54,54,59,59,59,59,59,59,59,59,59,59,59,59],"card_choices":[{"not_picked":["Dagger Throw","Prepared"],"picked":"Concentrate","floor":1},{"not_picked":["Underhanded Strike","Cloak And Dagger"],"picked":"Predator","floor":2},{"not_picked":["Slice","Dodge and Roll"],"picked":"Prepared","floor":3},{"not_picked":["Flechettes","Backstab"],"picked":"Dagger Throw","floor":5},{"not_picked":["Sucker Punch","Cloak And Dagger"],"picked":"Backflip","floor":7},{"not_picked":["PiercingWail","Flying Knee"],"picked":"Malaise","floor":13},{"not_picked":["Night Terror","Doppelganger"],"picked":"A Thousand Cuts","floor":16},{"not_picked":["Masterful Stab","Blade Dance"],"picked":"Leg Sweep","floor":18},{"not_picked":["Caltrops","Leg Sweep","Infinite Blades"],"picked":"SKIP","floor":21}],"player_experience":912898,"relics_obtained":[{"floor":9,"key":"Centennial Puzzle"},{"floor":19,"key":"Enchiridion"}],"event_choices":[{"damage_healed":0,"gold_gain":0,"player_choice":"Upgraded","damage_taken":0,"max_hp_gain":0,"max_hp_loss":0,"event_name":"Upgrade Shrine","floor":4,"gold_loss":0,"cards_upgraded":["Concentrate"]},{"damage_healed":0,"gold_gain":0,"player_choice":"Lose Max HP","damage_taken":0,"relics_obtained":["Golden Idol"],"max_hp_gain":0,"max_hp_loss":6,"event_name":"Golden Idol","floor":10,"gold_loss":0},{"damage_healed":0,"gold_gain":0,"player_choice":"Donut","damage_taken":0,"max_hp_gain":5,"max_hp_loss":0,"event_name":"Big Fish","floor":12,"gold_loss":0},{"damage_healed":0,"gold_gain":75,"player_choice":"Gather Gold","damage_taken":11,"max_hp_gain":0,"max_hp_loss":0,"event_name":"World of Goop","floor":14,"gold_loss":0},{"damage_healed":0,"gold_gain":0,"player_choice":"Obtained Book","damage_taken":21,"max_hp_gain":0,"max_hp_loss":0,"event_name":"Cursed Tome","floor":19,"gold_loss":0}],"is_beta":false,"boss_relics":[{"not_picked":["WristBlade","Ring of the Serpent"],"picked":"Snecko Eye"}],"items_purged_floors":[11],"is_endless":false,"potions_floor_spawned":[2,7,16,21],"killed_by":"Chosen and Byrds","ascension_level":20}}