{"host":"c6u7e77myxvw4d0m","time":1613035558,"event":{"mods":["AchievementEnabler","BaseMod","Bestiary","Colored Map","Colored Powertips","Minty Spire (QoL Compilation)","Rare Cards Sparkle","Relic Stats","everything is the same but u backflip on backflip"],"gold_per_floor":[365,380,3,23,23,23,98,117,117,37,49,78,98,115,115,186,186,206,131,145,156,1,1,21,21,44,15,15,33,33,50,50,125,125,142,161,181,199,217,217,233,268,268,21,21,21,21,44,44,44,44],"floor_reached":52,"language":"ENG","playtime":5917,"items_purged":["Strike_G"],"score":1855,"play_id":"857fc4b3-6202-4760-8182-7cd0ae57aa0b","local_time":"20210211112558","is_ascension_mode":true,"campfire_choices":[{"data":"Cloak And Dagger","floor":6.0,"key":"SMITH"},{"floor":15.0,"key":"REST"},{"data":"After Image","floor":23.0,"key":"SMITH"},{"floor":32,"key":"REST"},{"data":"Cloak And Dagger","floor":40,"key":"SMITH"},{"floor":45,"key":"REST"},{"data":"Blade Dance","floor":47,"key":"SMITH"},{"floor":49,"key":"REST"}],"circlet_count":0,"master_deck":["AscendersBane","Strike_G","Defend_G","Defend_G","Defend_G","Defend_G","Defend_G","Survivor","Neutralize","Eviscerate","Endless Agony","Cloak And Dagger+1","Dagger Spray","Crippling Poison","Infinite Blades","Backflip","Quick Slash","Endless Agony","Deflect","Calculated Gamble","After Image+1","Noxious Fumes","Cloak And Dagger+1","Footwork","Well Laid Plans+1","Blade Dance+1","Dash","Sucker Punch","Dodge and Roll+1","Writhe","Prepared","After Image","Accuracy+1","Acrobatics+1","Calculated Gamble+1","Endless Agony","Dodge and Roll","Cloak And Dagger"],"relics":["Ring of the Snake","Kunai","Mercury Hourglass","Matryoshka","WristBlade","Bag of Preparation","Vajra","Tingsha","Philosopher\u0027s Stone","Pen Nib","The Courier","CeramicFish","Shuriken"],"acts_visited":["Exordium","TheCity","TheBeyond"],"potions_floor_usage":[33,33,42,48,51],"damage_taken":[{"damage":6.0,"enemies":"Jaw Worm","floor":1.0,"turns":6.0},{"damage":5.0,"enemies":"2 Louse","floor":2.0,"turns":2.0},{"damage":0.0,"enemies":"Small Slimes","floor":4.0,"turns":4.0},{"damage":2.0,"enemies":"Exordium Wildlife","floor":8.0,"turns":4.0},{"damage":0.0,"enemies":"Large Slime","floor":11.0,"turns":4.0},{"damage":22.0,"enemies":"Lagavulin","floor":12.0,"turns":7.0},{"damage":0.0,"enemies":"3 Louse","floor":13.0,"turns":3.0},{"damage":0.0,"enemies":"Lots of Slimes","floor":14.0,"turns":2.0},{"damage":3.0,"enemies":"Hexaghost","floor":16.0,"turns":11.0},{"damage":0.0,"enemies":"Chosen","floor":18.0,"turns":4.0},{"damage":3.0,"enemies":"Spheric Guardian","floor":20.0,"turns":4.0},{"damage":27.0,"enemies":"Shelled Parasite and Fungi","floor":21.0,"turns":5.0},{"damage":22.0,"enemies":"Chosen and Byrds","floor":24.0,"turns":7.0},{"damage":0.0,"enemies":"Snake Plant","floor":29.0,"turns":4.0},{"damage":0,"enemies":"Centurion and Healer","floor":31,"turns":3},{"damage":11,"enemies":"Champ","floor":33,"turns":15},{"damage":1,"enemies":"Orb Walker","floor":35,"turns":3},{"damage":8,"enemies":"3 Darklings","floor":36,"turns":4},{"damage":6,"enemies":"Sphere and 2 Shapes","floor":37,"turns":5},{"damage":6,"enemies":"Writhing Mass","floor":38,"turns":7},{"damage":0,"enemies":"Maw","floor":39,"turns":6},{"damage":19,"enemies":"Spire Growth","floor":41,"turns":4},{"damage":0,"enemies":"Nemesis","floor":42,"turns":7},{"damage":0,"enemies":"Writhing Mass","floor":48,"turns":8},{"damage":27,"enemies":"Awakened One","floor":50,"turns":12},{"damage":0,"enemies":"Donu and Deca","floor":51,"turns":7}],"seed_played":"5239945151096073206","potions_obtained":[{"floor":2.0,"key":"Swift Potion"},{"floor":12.0,"key":"ColorlessPotion"},{"floor":13.0,"key":"CunningPotion"},{"floor":21.0,"key":"Ancient Potion"},{"floor":24.0,"key":"Block Potion"},{"floor":31,"key":"Swift Potion"},{"floor":37,"key":"FearPotion"},{"floor":39,"key":"GhostInAJar"},{"floor":42,"key":"AttackPotion"},{"floor":48,"key":"PowerPotion"}],"is_trial":false,"path_per_floor":["M","M","$","M","?","R","?","M","T","$","M","E","M","M","R","B",null,"M","?","M","M","$","R","M","?","T","$","?","M","?","M","R","B",null,"M","M","M","M","M","R","M","E","T","$","R","?","R","M","R","B","B",null],"character_chosen":"THE_SILENT","items_purchased":["Kunai","Cloak And Dagger","Dagger Spray","Backflip","Fire Potion","Footwork","Blade Dance","Shuriken","Dodge and Roll"],"campfire_rested":4,"item_purchase_floors":[3,3,3,10,10,22,27,44,44],"current_hp_per_floor":[53,48,48,48,41,41,30,28,28,28,28,6,6,6,25,22,55,55,55,52,25,25,25,3,3,3,3,3,3,3,3,22,11,52,51,43,37,31,31,31,12,12,12,12,31,31,31,31,50,23,23],"gold":44,"neow_bonus":"TWO_FIFTY_GOLD","is_daily":false,"chose_seed":false,"campfire_upgraded":4,"win_rate":0.0,"timestamp":1613035558,"path_taken":["M","M","$","M","?","R","?","M","T","$","M","E","M","M","R","BOSS","M","?","M","M","$","R","M","?","T","?","?","M","?","M","R","BOSS","M","M","M","M","M","R","M","E","T","$","R","?","R","M","R","BOSS","BOSS"],"items_purchased_type":["Relic","Card","Card","Card","Potion","Card","Card","Relic","Card"],"build_version":"2020-12-22","purchased_purges":1,"victory":true,"max_hp_per_floor":[66,66,66,66,66,66,66,66,66,66,66,66,66,66,66,66,66,66,66,66,66,66,66,66,66,66,66,66,66,66,66,66,66,66,66,66,66,66,66,66,66,66,66,66,66,66,66,66,66,66,66],"relic_stats":{"counters":[26,146],"Shuriken":[25],"CeramicFish":18,"Tingsha":[184],"Pen Nib":[9],"Bag of Preparation":[27],"Kunai":[104],"obtain_stats":[{"CeramicFish":43,"Vajra":26,"Tingsha":30,"Pen Nib":42,"The Courier":43,"Bag of Preparation":26,"Mercury Hourglass":9,"Matryoshka":12,"WristBlade":17,"Shuriken":44,"Philosopher\u0027s Stone":34,"Kunai":3,"Ring of the Snake":0},{"CeramicFish":23,"Vajra":13,"Tingsha":14,"Pen Nib":23,"The Courier":23,"Bag of Preparation":13,"Mercury Hourglass":4,"Matryoshka":6,"WristBlade":9,"Shuriken":23,"Philosopher\u0027s Stone":16,"Kunai":2,"Ring of the Snake":0},{"CeramicFish":119,"Vajra":61,"Tingsha":65,"Pen Nib":119,"The Courier":119,"Bag of Preparation":61,"Mercury Hourglass":16,"Matryoshka":27,"WristBlade":42,"Shuriken":119,"Philosopher\u0027s Stone":83,"Kunai":8,"Ring of the Snake":0}],"Ring of the Snake":[52],"Mercury Hourglass":[394]},"card_choices":[{"not_picked":["Slice","Underhanded Strike"],"picked":"Eviscerate","floor":1.0},{"not_picked":["Sucker Punch","Riddle With Holes"],"picked":"Endless Agony","floor":2.0},{"not_picked":["PiercingWail","Deadly Poison"],"picked":"Crippling Poison","floor":4.0},{"not_picked":["Catalyst","Bane"],"picked":"Infinite Blades","floor":8.0},{"not_picked":["Slice","Flying Knee"],"picked":"Quick Slash","floor":11.0},{"not_picked":["Reflex","Distraction"],"picked":"Endless Agony","floor":12.0},{"not_picked":["Skewer","Sucker Punch"],"picked":"Deflect","floor":13.0},{"not_picked":["Deadly Poison","Endless Agony"],"picked":"Calculated Gamble","floor":14.0},{"not_picked":["Malaise","Bullet Time"],"picked":"After Image","floor":16.0},{"not_picked":["Flying Knee","Dagger Spray","Acrobatics"],"picked":"SKIP","floor":18.0},{"not_picked":["Skewer","Dash"],"picked":"Noxious Fumes","floor":20.0},{"not_picked":["Dagger Throw","Sucker Punch"],"picked":"Cloak And Dagger","floor":21.0},{"not_picked":["Dagger Throw","Poisoned Stab"],"picked":"Well Laid Plans+1","floor":24.0},{"not_picked":["Masterful Stab","Poisoned Stab"],"picked":"Dodge and Roll+1","floor":29.0},{"not_picked":["Concentrate","Backflip"],"picked":"Prepared","floor":31},{"not_picked":["Storm of Steel","Die Die Die"],"picked":"After Image","floor":33},{"not_picked":["Cloak And Dagger","Riddle With Holes"],"picked":"Accuracy+1","floor":35},{"not_picked":["Sucker Punch+1","Quick Slash+1","Expertise+1"],"picked":"SKIP","floor":36},{"not_picked":["Slice","Tactician"],"picked":"Acrobatics+1","floor":37},{"not_picked":["Infinite Blades","Setup","Skewer+1"],"picked":"SKIP","floor":38},{"not_picked":["PiercingWail","Dagger Spray"],"picked":"Calculated Gamble+1","floor":39},{"not_picked":["Reflex","Heel Hook+1","All Out Attack"],"picked":"SKIP","floor":41},{"not_picked":["Heel Hook+1","Slice"],"picked":"Endless Agony","floor":42},{"not_picked":["Blade Dance","Flying Knee"],"picked":"Cloak And Dagger","floor":48}],"player_experience":781065,"relics_obtained":[{"floor":9.0,"key":"Mercury Hourglass"},{"floor":12.0,"key":"Matryoshka"},{"floor":26.0,"key":"Bag of Preparation"},{"floor":26.0,"key":"Vajra"},{"floor":42,"key":"Pen Nib"},{"floor":43,"key":"The Courier"},{"floor":43,"key":"CeramicFish"}],"event_choices":[{"cards_removed":["Normality"],"damage_healed":0.0,"max_hp_gain":0.0,"max_hp_loss":0.0,"gold_gain":0.0,"event_name":"Golden Wing","player_choice":"Card Removal","floor":5.0,"gold_loss":0.0,"damage_taken":7.0},{"damage_healed":0.0,"max_hp_gain":0.0,"max_hp_loss":0.0,"gold_gain":75.0,"event_name":"World of Goop","player_choice":"Gather Gold","floor":7.0,"gold_loss":0.0,"damage_taken":11.0},{"cards_removed":["Strike_G"],"damage_healed":0.0,"max_hp_gain":0.0,"max_hp_loss":0.0,"gold_gain":0.0,"event_name":"Beggar","player_choice":"Gave Gold","floor":19.0,"gold_loss":75.0,"damage_taken":0.0},{"damage_healed":0.0,"max_hp_gain":0.0,"max_hp_loss":0.0,"gold_gain":0.0,"event_name":"Ghosts","player_choice":"Ignored","floor":25.0,"gold_loss":0.0,"damage_taken":0.0},{"damage_healed":0.0,"max_hp_gain":0.0,"max_hp_loss":0.0,"gold_gain":0.0,"cards_transformed":["Strike_G","Strike_G"],"event_name":"Drug Dealer","player_choice":"Became Test Subject","floor":28.0,"gold_loss":0.0,"damage_taken":0.0,"cards_obtained":["Dash","Sucker Punch"]},{"damage_healed":0.0,"max_hp_gain":0.0,"max_hp_loss":0.0,"gold_gain":0.0,"event_name":"The Mausoleum","player_choice":"Opened","floor":30.0,"gold_loss":0.0,"damage_taken":0.0,"relics_obtained":["Tingsha"],"cards_obtained":["Writhe"]},{"damage_healed":0,"gold_gain":0,"player_choice":"Ignored","damage_taken":0,"max_hp_gain":0,"max_hp_loss":0,"event_name":"SecretPortal","floor":46,"gold_loss":0}],"is_beta":false,"boss_relics":[{"not_picked":["Cursed Key","Coffee Dripper"],"picked":"WristBlade"},{"not_picked":["Runic Pyramid","Pandora\u0027s Box"],"picked":"Philosopher\u0027s Stone"}],"items_purged_floors":[22],"is_endless":false,"potions_floor_spawned":[2,12,13,21,24,31,37,39,42,48],"ascension_level":20}}