{"host":"yans4pr1zf0lm9bx","time":1613049331,"event":{"mods":["AchievementEnabler","BaseMod","Minty Spire (QoL Compilation)","Replay The Spire","StSLib","SuperFastMode","slay the spire mod where everything is the same but ironclad has a cowboy hat"],"gold_per_floor":[119,69,69,88,105,105,139,139,211,244,244,264,275,450,450,450,450],"floor_reached":16,"language":"ENG","playtime":786,"items_purged":[],"score":182,"play_id":"7d3527d2-9cbc-4fb3-9baf-3888a92828fb","local_time":"20210211081531","is_ascension_mode":true,"campfire_choices":[{"data":"Zap","floor":6,"key":"SMITH"},{"data":"Pot Of Greed","floor":8,"key":"SMITH"},{"data":"Pot Of Greed","floor":11,"key":"SMITH"},{"data":"Tempest","floor":15,"key":"SMITH"}],"circlet_count":0,"master_deck":["Strike_B","Strike_B","Strike_B","Defend_B","Defend_B","Defend_B","Defend_B","Zap+1","Dualcast","CurseOfTheBell","Pot Of Greed+1","Tempest+1","Pot Of Greed+1","Heatsinks","Heatsinks","Panic Button","Leap","Coolheaded","Coolheaded","Doubt"],"relics":["Calling Bell","Replay:Ringing Soul","Incense Burner","Grinning Jar","Smiling Mask","Carrot","Garlic"],"acts_visited":["Exordium"],"potions_floor_usage":[16],"damage_taken":[{"damage":4,"enemies":"Jaw Worm","floor":1,"turns":6},{"damage":9,"enemies":"Small Slimes","floor":4,"turns":4},{"damage":0,"enemies":"2 Louse","floor":5,"turns":3},{"damage":26,"enemies":"Replay:BlueRogue","floor":7,"turns":7},{"damage":21,"enemies":"3 Sentries","floor":10,"turns":8},{"damage":2,"enemies":"Looter","floor":12,"turns":3},{"damage":1,"enemies":"Red Slaver","floor":13,"turns":6},{"damage":46,"enemies":"The Guardian","floor":16,"turns":16}],"seed_played":"6836487393079037491","potions_obtained":[{"floor":5,"key":"FocusPotion"},{"floor":7,"key":"SpeedPotion"},{"floor":10,"key":"Dexterity Potion"},{"floor":13,"key":"Elixir"}],"is_trial":false,"path_per_floor":["M","?","?","M","M","R","E","R","T","E","R","M","M","?","R","B"],"character_chosen":"DEFECT","items_purchased":[],"campfire_rested":0,"item_purchase_floors":[],"current_hp_per_floor":[77,77,82,76,79,79,56,56,56,38,38,39,41,44,44,0,0],"gold":450,"neow_bonus":"BOSS_RELIC","is_daily":false,"chose_seed":false,"campfire_upgraded":4,"win_rate":0.0,"timestamp":1613049331,"path_taken":["M","?","?","M","?","R","E","R","T","E","R","M","M","?","R","BOSS"],"items_purchased_type":[],"build_version":"2020-12-22","purchased_purges":0,"victory":false,"max_hp_per_floor":[81,81,86,89,92,92,95,95,95,98,98,101,104,107,107,107,107],"card_choices":[{"not_picked":["BootSequence","Force Field"],"picked":"Tempest","floor":1},{"not_picked":["Beam Cell","Multi-Cast"],"picked":"Heatsinks","floor":4},{"not_picked":["Auto Shields","ReplayTheSpireMod:Reroute Power"],"picked":"Heatsinks","floor":5},{"not_picked":["FTL","Hyperbeam"],"picked":"Panic Button","floor":7},{"not_picked":["Rip and Tear","Turbo"],"picked":"Leap","floor":10},{"not_picked":["Gash","Rebound"],"picked":"Coolheaded","floor":12},{"not_picked":["ReplayTheSpireMod:Calculation Training","Turbo"],"picked":"Coolheaded","floor":13}],"player_experience":274990,"relics_obtained":[{"floor":0,"key":"Replay:Ringing Soul"},{"floor":0,"key":"Incense Burner"},{"floor":0,"key":"Grinning Jar"},{"floor":7,"key":"Smiling Mask"},{"floor":9,"key":"Carrot"},{"floor":10,"key":"Garlic"}],"event_choices":[{"cards_removed":["Strike_B"],"damage_healed":0,"gold_gain":0,"player_choice":"Card Removal","damage_taken":0,"max_hp_gain":0,"max_hp_loss":0,"event_name":"The Cleric","floor":2,"gold_loss":50},{"damage_healed":0,"gold_gain":0,"player_choice":"Donut","damage_taken":0,"max_hp_gain":5,"max_hp_loss":0,"event_name":"Big Fish","floor":3,"gold_loss":0},{"damage_healed":0,"gold_gain":175,"player_choice":"AGREE","damage_taken":0,"max_hp_gain":0,"max_hp_loss":0,"event_name":"Liars Game","floor":14,"gold_loss":0,"cards_obtained":["Doubt"]}],"is_beta":false,"boss_relics":[],"items_purged_floors":[],"is_endless":false,"potions_floor_spawned":[5,7,10,13],"killed_by":"The Guardian","ascension_level":4}}