{"host":"04hh9gplt9wkfmr1","time":1613061851,"event":{"mods":["AchievementEnabler","BaseMod","Colored Map","KOR Keyword Fix","Minty Spire (QoL Compilation)","Rare Cards Sparkle","SuperFastMode"],"gold_per_floor":[117,132,132,150,164,164,205,205,205,224,243,284,284,302,302,421,421,435,435,435,435,49,89,89,125,125,125,125,159,177,191,191,310,310,334,334,334],"floor_reached":36,"language":"KOR","playtime":1601,"items_purged":["Shame"],"score":506,"play_id":"9352090a-70b9-4529-942f-38a8144499e5","local_time":"20210212014411","is_ascension_mode":true,"campfire_choices":[{"data":"Devotion","floor":6.0,"key":"SMITH"},{"floor":8.0,"key":"REST"},{"floor":13.0,"key":"REST"},{"floor":15.0,"key":"REST"},{"data":"Apotheosis","floor":24.0,"key":"SMITH"},{"data":"DevaForm","floor":27.0,"key":"SMITH"},{"data":"Worship","floor":32.0,"key":"SMITH"}],"circlet_count":0,"master_deck":["Strike_P+1","Strike_P+1","Strike_P+1","Strike_P+1","Defend_P+1","Defend_P+1","Defend_P+1","Defend_P+1","Eruption","Vigilance","Devotion+1","DevaForm+1","WindmillStrike","FlyingSleeves","BattleHymn","Prostrate","Establishment","Apotheosis+1","Worship+1","Fasting2+1","Prostrate","Blasphemy"],"relics":["PureWater","Golden Idol","Mercury Hourglass","White Beast Statue","HornCleat","SacredBark","Eternal Feather","Omamori","Bag of Preparation","Dream Catcher","Meat on the Bone","WarpedTongs","Art of War","SlaversCollar"],"acts_visited":["Exordium","TheCity","TheBeyond"],"potions_floor_usage":[],"damage_taken":[{"damage":0.0,"enemies":"Cultist","floor":1.0,"turns":2.0},{"damage":9.0,"enemies":"2 Louse","floor":2.0,"turns":4.0},{"damage":0.0,"enemies":"Jaw Worm","floor":4.0,"turns":3.0},{"damage":8.0,"enemies":"Looter","floor":5.0,"turns":5.0},{"damage":16.0,"enemies":"Lagavulin","floor":7.0,"turns":7.0},{"damage":2.0,"enemies":"Red Slaver","floor":10.0,"turns":5.0},{"damage":12.0,"enemies":"Large Slime","floor":11.0,"turns":6.0},{"damage":22.0,"enemies":"Gremlin Nob","floor":12.0,"turns":4.0},{"damage":5.0,"enemies":"Looter","floor":14.0,"turns":4.0},{"damage":13.0,"enemies":"Hexaghost","floor":16.0,"turns":7.0},{"damage":3.0,"enemies":"3 Byrds","floor":18.0,"turns":3.0},{"damage":33.0,"enemies":"Gremlin Leader","floor":23.0,"turns":4.0},{"damage":0.0,"enemies":"Slavers","floor":25.0,"turns":4.0},{"damage":28.0,"enemies":"Gremlin Leader","floor":29.0,"turns":6.0},{"damage":4.0,"enemies":"2 Thieves","floor":30.0,"turns":3.0},{"damage":2.0,"enemies":"Centurion and Healer","floor":31.0,"turns":4.0},{"damage":41.0,"enemies":"Collector","floor":33.0,"turns":4.0},{"damage":5.0,"enemies":"3 Darklings","floor":35.0,"turns":4.0},{"damage":100001,"enemies":"3 Shapes","floor":36,"turns":3}],"seed_played":"-6199136293211233442","potions_obtained":[{"floor":4.0,"key":"SkillPotion"},{"floor":5.0,"key":"Strength Potion"},{"floor":10.0,"key":"SpeedPotion"},{"floor":11.0,"key":"PowerPotion"},{"floor":12.0,"key":"ColorlessPotion"},{"floor":14.0,"key":"AttackPotion"},{"floor":16.0,"key":"PowerPotion"},{"floor":18.0,"key":"FearPotion"},{"floor":23.0,"key":"Fire Potion"},{"floor":25.0,"key":"Explosive Potion"},{"floor":29.0,"key":"ColorlessPotion"},{"floor":30.0,"key":"StancePotion"},{"floor":31.0,"key":"Regen Potion"},{"floor":33.0,"key":"DistilledChaos"},{"floor":35.0,"key":"Weak Potion"}],"is_trial":false,"path_per_floor":["M","M","?","M","M","R","E","R","T","M","M","E","R","M","R","B",null,"M","?","T","?","$","E","R","E","T","R","?","E","M","M","R","B",null,"M","M"],"character_chosen":"WATCHER","items_purchased":["Apotheosis","Omamori"],"campfire_rested":3,"item_purchase_floors":[22,22],"current_hp_per_floor":[72,63,45,45,37,37,21,42,42,40,28,6,27,22,43,30,72,69,69,69,69,69,36,45,45,45,57,57,41,37,47,59,30,72,67,0,0],"gold":334,"neow_bonus":"THREE_RARE_CARDS","is_daily":false,"chose_seed":false,"campfire_upgraded":4,"win_rate":0.0,"timestamp":1613061851,"path_taken":["M","?","?","M","M","R","E","R","T","M","M","E","R","M","R","BOSS","M","?","?","?","$","E","R","E","T","R","?","E","?","M","R","BOSS","M","M"],"items_purchased_type":["Card","Relic"],"build_version":"2020-12-22","purchased_purges":1,"victory":false,"max_hp_per_floor":[72,72,72,72,72,72,72,72,72,72,72,72,72,72,72,72,72,72,72,72,72,72,72,72,72,72,72,72,72,72,72,72,72,72,72,72,72],"card_choices":[{"not_picked":["Vault","Judgement"],"picked":"Devotion","floor":0.0},{"not_picked":["CutThroughFate","SashWhip","ThirdEye"],"picked":"SKIP","floor":1.0},{"not_picked":["Protect","FearNoEvil","FollowUp"],"picked":"SKIP","floor":2.0},{"not_picked":["Halt","FlurryOfBlows","SashWhip"],"picked":"SKIP","floor":4.0},{"not_picked":["Study","JustLucky"],"picked":"DevaForm","floor":5.0},{"not_picked":["EmptyFist","JustLucky"],"picked":"WindmillStrike","floor":7.0},{"not_picked":["Protect","JustLucky"],"picked":"FlyingSleeves","floor":10.0},{"not_picked":["Study","JustLucky"],"picked":"BattleHymn","floor":11.0},{"not_picked":["Halt","SashWhip","Consecrate"],"picked":"SKIP","floor":12.0},{"not_picked":["EmptyFist","Vengeance"],"picked":"Prostrate","floor":14.0},{"not_picked":["Vault","DevaForm"],"picked":"Establishment","floor":16.0},{"not_picked":["ForeignInfluence+1","Nirvana","Adaptation+1"],"picked":"SKIP","floor":18.0},{"not_picked":["SandsOfTime","Consecrate"],"picked":"Worship","floor":23.0},{"not_picked":["Adaptation+1","Halt"],"picked":"Fasting2+1","floor":25.0},{"not_picked":["Collect","CrushJoints"],"picked":"Prostrate","floor":29.0},{"not_picked":["Tantrum","TalkToTheHand","LikeWater"],"picked":"SKIP","floor":30.0},{"not_picked":["BowlingBash+1","Consecrate+1","Wallop+1"],"picked":"SKIP","floor":31.0},{"not_picked":["Alpha","Scrawl"],"picked":"Blasphemy","floor":33.0},{"not_picked":["Consecrate+1","MentalFortress","Halt+1"],"picked":"SKIP","floor":35.0}],"player_experience":146321,"relics_obtained":[{"floor":7.0,"key":"Mercury Hourglass"},{"floor":9.0,"key":"White Beast Statue"},{"floor":12.0,"key":"HornCleat"},{"floor":20.0,"key":"Eternal Feather"},{"floor":23.0,"key":"Bag of Preparation"},{"floor":25.0,"key":"Dream Catcher"},{"floor":26.0,"key":"Meat on the Bone"},{"floor":29.0,"key":"Art of War"}],"event_choices":[{"damage_healed":0.0,"max_hp_gain":0.0,"max_hp_loss":0.0,"gold_gain":0.0,"event_name":"Golden Idol","player_choice":"Take Damage","floor":3.0,"gold_loss":0.0,"damage_taken":18.0,"relics_obtained":["Golden Idol"]},{"damage_healed":0.0,"max_hp_gain":0.0,"max_hp_loss":0.0,"gold_gain":0.0,"event_name":"Back to Basics","player_choice":"Simplicity","floor":19.0,"gold_loss":0.0,"damage_taken":0.0,"cards_upgraded":["Strike_P","Strike_P","Strike_P","Strike_P","Defend_P","Defend_P","Defend_P","Defend_P"]},{"damage_healed":0.0,"max_hp_gain":0.0,"max_hp_loss":0.0,"gold_gain":0.0,"event_name":"Cursed Tome","player_choice":"Ignored","floor":21.0,"gold_loss":0.0,"damage_taken":0.0},{"damage_healed":0.0,"max_hp_gain":0.0,"max_hp_loss":0.0,"gold_gain":0.0,"event_name":"Accursed Blacksmith","player_choice":"Rummage","floor":28.0,"gold_loss":0.0,"damage_taken":0.0,"relics_obtained":["WarpedTongs"],"cards_obtained":["Pain"]}],"is_beta":false,"boss_relics":[{"not_picked":["Coffee Dripper","Astrolabe"],"picked":"SacredBark"},{"not_picked":["Runic Pyramid","Snecko Eye"],"picked":"SlaversCollar"}],"items_purged_floors":[22],"is_endless":false,"potions_floor_spawned":[4,5,10,11,12,14,16,18,23,25,29,30,31,33,35],"killed_by":"3 Shapes","ascension_level":1}}