{"host":"dvpvhz1t6etneyb3","time":1613065499,"event":{"mods":["AchievementEnabler","BaseMod","Colored Map","Highlight Path","Minty Spire (QoL Compilation)","Permanent Neow","Quick Restart"],"gold_per_floor":[116,36,52,52,62,96,96,131,131,131,131,159,159,170,170,244,244,256,10,15,15,15,15,15],"floor_reached":23,"language":"ENG","playtime":848,"items_purged":["Strike_B"],"score":414,"play_id":"9a91fa46-2c5f-49a4-bfe5-8f07aca508dc","local_time":"20210211124459","is_ascension_mode":true,"campfire_choices":[{"floor":7.0,"key":"REST"},{"floor":10.0,"key":"REST"},{"floor":13.0,"key":"REST"},{"data":"Recycle","floor":15.0,"key":"SMITH"}],"circlet_count":0,"master_deck":["AscendersBane","Strike_B","Strike_B","Strike_B","Defend_B","Defend_B","Defend_B","Defend_B","Zap+1","Dualcast","Cold Snap","Static Discharge","Genetic Algorithm","Compile Driver","Recycle+1","Rainbow","Conserve Battery","Seek","Defragment","Sunder","Genetic Algorithm"],"relics":["FrozenCore","Ice Cream","Bottled Lightning","Singing Bowl","Mercury Hourglass"],"acts_visited":["Exordium","TheCity"],"potions_floor_usage":[],"damage_taken":[{"damage":1.0,"enemies":"Cultist","floor":1.0,"turns":4.0},{"damage":17.0,"enemies":"Jaw Worm","floor":3.0,"turns":3.0},{"damage":0.0,"enemies":"2 Louse","floor":5.0,"turns":4.0},{"damage":37.0,"enemies":"Gremlin Nob","floor":6.0,"turns":4.0},{"damage":19.0,"enemies":"Lagavulin","floor":8.0,"turns":7.0},{"damage":22.0,"enemies":"3 Sentries","floor":12.0,"turns":7.0},{"damage":5.0,"enemies":"2 Fungi Beasts","floor":14.0,"turns":3.0},{"damage":22.0,"enemies":"The Guardian","floor":16.0,"turns":11.0},{"damage":7.0,"enemies":"Spheric Guardian","floor":18.0,"turns":4.0},{"damage":10.0,"enemies":"2 Thieves","floor":20.0,"turns":5.0},{"damage":30,"enemies":"Book of Stabbing","floor":23,"turns":4}],"seed_played":"-1709303970994885675","potions_obtained":[{"floor":3.0,"key":"CultistPotion"},{"floor":12.0,"key":"Weak Potion"},{"floor":20.0,"key":"Fire Potion"}],"is_trial":false,"path_per_floor":["M","$","M","?","M","E","R","E","T","R","?","E","R","M","R","B",null,"M","$","M","?","?","E"],"character_chosen":"DEFECT","items_purchased":["Static Discharge","Defragment","Block Potion","Sunder"],"campfire_rested":3,"item_purchase_floors":[2,19,19,19],"current_hp_per_floor":[63,63,46,46,46,9,30,11,11,32,37,17,40,35,35,13,62,57,57,47,24,24,0,0],"gold":15,"neow_bonus":"UPGRADE_CARD","is_daily":false,"chose_seed":false,"campfire_upgraded":1,"win_rate":0.0,"timestamp":1613065499,"path_taken":["M","?","M","?","M","E","R","E","T","R","?","E","R","M","R","BOSS","M","$","M","?","?","E"],"items_purchased_type":["Card","Card","Potion","Card"],"build_version":"2020-12-22","purchased_purges":1,"victory":false,"max_hp_per_floor":[71,71,71,71,71,71,71,71,71,71,76,78,78,78,78,78,78,80,80,80,85,85,85,85],"card_choices":[{"not_picked":["Conserve Battery","Gash"],"picked":"Cold Snap","floor":1.0},{"not_picked":["Barrage","Go for the Eyes"],"picked":"Genetic Algorithm","floor":3.0},{"not_picked":["Chill","Genetic Algorithm"],"picked":"Compile Driver","floor":5.0},{"not_picked":["Leap","Gash"],"picked":"Recycle","floor":6.0},{"not_picked":["Scrape","Sunder"],"picked":"Rainbow","floor":8.0},{"not_picked":["Beam Cell","Barrage","Go for the Eyes"],"picked":"Singing Bowl","floor":12.0},{"not_picked":["Redo","Cold Snap"],"picked":"Conserve Battery","floor":14.0},{"not_picked":["Hyperbeam","Rainbow"],"picked":"Seek","floor":16.0},{"not_picked":["Stack","Lockon+1","Compile Driver"],"picked":"Singing Bowl","floor":18.0},{"not_picked":["Stack","Coolheaded"],"picked":"Genetic Algorithm","floor":20.0}],"player_experience":2189150,"relics_obtained":[{"floor":6.0,"key":"Ice Cream"},{"floor":8.0,"key":"Bottled Lightning"},{"floor":9.0,"key":"Singing Bowl"},{"floor":12.0,"key":"Mercury Hourglass"}],"event_choices":[{"damage_healed":0.0,"max_hp_gain":0.0,"max_hp_loss":0.0,"gold_gain":0.0,"event_name":"Shining Light","player_choice":"Ignored","floor":4.0,"gold_loss":0.0,"damage_taken":0.0},{"damage_healed":0.0,"max_hp_gain":5.0,"max_hp_loss":0.0,"gold_gain":0.0,"event_name":"Big Fish","player_choice":"Donut","floor":11.0,"gold_loss":0.0,"damage_taken":0.0},{"damage_healed":0.0,"max_hp_gain":5.0,"max_hp_loss":0.0,"gold_gain":0.0,"event_name":"Forgotten Altar","player_choice":"Shed Blood","floor":21.0,"gold_loss":0.0,"damage_taken":28.0}],"is_beta":false,"boss_relics":[{"not_picked":["Fusion Hammer","Tiny House"],"picked":"FrozenCore"}],"items_purged_floors":[19],"is_endless":false,"potions_floor_spawned":[3,12,20],"killed_by":"Book of Stabbing","ascension_level":20}}