{"host":"cykg0g4pphyxjwkn","time":1613087675,"event":{"mods":["AchievementEnabler","BaseMod","Bestiary","Colored Map","Colored Powertips","Highlight Path","Minty Spire (QoL Compilation)","Relic Stats","SuperFastMode"],"gold_per_floor":[116,128,128,228,240,240,268,284,334,334,348,348,348,45,45,140,140,151,151,167,190,115,115,148,148,148],"floor_reached":25,"language":"ENG","playtime":891,"items_purged":["Strike_R"],"score":219,"play_id":"ae79a696-eb71-4364-867f-2aae6bcadfca","local_time":"20210211185435","is_ascension_mode":false,"campfire_choices":[{"data":"Juggernaut","floor":6,"key":"SMITH"},{"data":"Armaments","floor":10,"key":"SMITH"},{"data":"Power Through","floor":13,"key":"SMITH"},{"data":"Body Slam","floor":15,"key":"SMITH"},{"data":"Barricade","floor":23,"key":"SMITH"}],"circlet_count":0,"master_deck":["Strike_R+1","Strike_R+1","Strike_R+1","Defend_R+1","Defend_R+1","Defend_R+1","Defend_R+1","Bash","Juggernaut+1","Armaments+1","Clothesline","Body Slam+1","Power Through+1","Cleave","Barricade+1","Burning Pact","Dual Wield","Pommel Strike+1"],"relics":["Burning Blood","Pantograph","Omamori","Smiling Mask","Kunai","Molten Egg 2","Philosopher\u0027s Stone","Strawberry","Incense Burner"],"acts_visited":["Exordium","TheCity"],"potions_floor_usage":[25],"damage_taken":[{"damage":8,"enemies":"Cultist","floor":1,"turns":5},{"damage":11,"enemies":"Jaw Worm","floor":2,"turns":4},{"damage":9,"enemies":"Small Slimes","floor":5,"turns":4},{"damage":15,"enemies":"Lagavulin","floor":7,"turns":8},{"damage":20,"enemies":"Exordium Thugs","floor":8,"turns":4},{"damage":5,"enemies":"Looter","floor":11,"turns":3},{"damage":35,"enemies":"Hexaghost","floor":16,"turns":15},{"damage":7,"enemies":"3 Byrds","floor":18,"turns":5},{"damage":3,"enemies":"Shell Parasite","floor":20,"turns":4},{"damage":48,"enemies":"Gremlin Leader","floor":24,"turns":9},{"damage":57,"enemies":"Chosen and Byrds","floor":25,"turns":4}],"seed_played":"551204395784368481","potions_obtained":[{"floor":1,"key":"DuplicationPotion"},{"floor":7,"key":"ElixirPotion"},{"floor":11,"key":"Strength Potion"},{"floor":18,"key":"Regen Potion"}],"is_trial":false,"path_per_floor":["M","M","?","?","M","R","E","M","T","R","M","T","R","$","R","B",null,"M","?","M","T","?","R","E","M"],"character_chosen":"IRONCLAD","items_purchased":["Molten Egg 2"],"campfire_rested":0,"item_purchase_floors":[14],"current_hp_per_floor":[54,49,46,46,43,43,34,20,20,20,21,21,21,21,21,17,80,79,79,80,87,87,87,45,0,0],"gold":148,"neow_bonus":"THREE_RARE_CARDS","is_daily":false,"chose_seed":false,"campfire_upgraded":5,"win_rate":0.0,"timestamp":1613087675,"path_taken":["M","M","?","?","M","R","E","?","T","R","M","?","R","?","R","BOSS","M","?","M","?","?","R","E","M"],"items_purchased_type":["Relic"],"build_version":"2020-12-22","purchased_purges":1,"victory":false,"max_hp_per_floor":[80,80,80,80,80,80,80,80,80,80,80,80,80,80,80,80,80,80,80,80,87,87,87,87,87,87],"relic_stats":{"counters":[11,65],"Pantograph":25,"Kunai":[5],"Smiling Mask":25,"obtain_stats":[{"Pantograph":3,"Strawberry":21,"Molten Egg 2":14,"Philosopher\u0027s Stone":17,"Omamori":7,"Incense Burner":24,"Kunai":12,"Smiling Mask":9,"Burning Blood":0},{"Pantograph":2,"Strawberry":9,"Molten Egg 2":6,"Philosopher\u0027s Stone":7,"Omamori":4,"Incense Burner":10,"Kunai":6,"Smiling Mask":5,"Burning Blood":0},{"Pantograph":9,"Strawberry":52,"Molten Egg 2":28,"Philosopher\u0027s Stone":43,"Omamori":21,"Incense Burner":61,"Kunai":28,"Smiling Mask":25,"Burning Blood":0}],"Burning Blood":58},"card_choices":[{"not_picked":["Fiend Fire","Offering"],"picked":"Juggernaut","floor":0},{"not_picked":["Sever Soul","Twin Strike"],"picked":"Armaments","floor":1},{"not_picked":["Combust","Carnage"],"picked":"Clothesline","floor":2},{"not_picked":["Reckless Charge","Clothesline","Feel No Pain"],"picked":"SKIP","floor":5},{"not_picked":["Whirlwind","Clash"],"picked":"Body Slam","floor":7},{"not_picked":["Warcry","Flex"],"picked":"Power Through","floor":8},{"not_picked":["True Grit","Limit Break"],"picked":"Cleave","floor":11},{"not_picked":["Double Tap","Berserk"],"picked":"Barricade","floor":16},{"not_picked":["Spot Weakness","Seeing Red+1"],"picked":"Burning Pact","floor":18},{"not_picked":["Armaments","Hemokinesis+1"],"picked":"Dual Wield","floor":20},{"not_picked":["Double Tap","Twin Strike+1"],"picked":"Pommel Strike+1","floor":24}],"player_experience":39015,"relics_obtained":[{"floor":7,"key":"Omamori"},{"floor":9,"key":"Smiling Mask"},{"floor":12,"key":"Kunai"},{"floor":21,"key":"Strawberry"},{"floor":24,"key":"Incense Burner"}],"event_choices":[{"damage_healed":0,"gold_gain":0,"player_choice":"Success","damage_taken":3,"relics_obtained":["Pantograph"],"max_hp_gain":0,"max_hp_loss":0,"event_name":"Scrap Ooze","floor":3,"gold_loss":0},{"damage_healed":0,"gold_gain":100,"player_choice":"Gold","damage_taken":0,"max_hp_gain":0,"max_hp_loss":0,"event_name":"Wheel of Change","floor":4,"gold_loss":0},{"damage_healed":0,"gold_gain":0,"player_choice":"Simplicity","damage_taken":0,"max_hp_gain":0,"max_hp_loss":0,"event_name":"Back to Basics","floor":19,"gold_loss":0,"cards_upgraded":["Strike_R","Strike_R","Strike_R","Strike_R","Defend_R","Defend_R","Defend_R","Defend_R"]},{"cards_removed":["Strike_R"],"damage_healed":0,"gold_gain":0,"player_choice":"Gave Gold","damage_taken":0,"max_hp_gain":0,"max_hp_loss":0,"event_name":"Beggar","floor":22,"gold_loss":75}],"is_beta":false,"boss_relics":[{"not_picked":["Calling Bell","Runic Pyramid"],"picked":"Philosopher\u0027s Stone"}],"items_purged_floors":[14],"is_endless":false,"potions_floor_spawned":[1,7,11,18],"killed_by":"Chosen and Byrds","ascension_level":0}}