{"host":"yplejd20ey2t49en","time":1613040619,"event":{"mods":["BaseMod","Colored Powertips","Highlight Path","Minty Spire (QoL Compilation)","Relic Stats"],"gold_per_floor":[210,135,35,51,5,31,47,47,47,82,82,98,98,116,116,217,217,228,228,242,262,282,310,310,344,344,354,354,379,395,408,408,513,513,533,553,602,615,615,648,648,658,685,713,713,730,730,235,235,235,235,235,36,68,68],"floor_reached":56,"language":"ENG","playtime":3814,"items_purged":["Strike_R","Strike_R","Strike_R"],"score":1851,"play_id":"2dadd683-5a39-4b6a-a017-55489d231e0c","local_time":"20210211125019","is_ascension_mode":true,"campfire_choices":[{"data":"Bash","floor":8.0,"key":"SMITH"},{"data":"Barricade","floor":11.0,"key":"SMITH"},{"data":"Fire Breathing","floor":13.0,"key":"SMITH"},{"data":"Power Through","floor":15.0,"key":"SMITH"},{"data":"Juggernaut","floor":24.0,"key":"SMITH"},{"data":"Clothesline","floor":28.0,"key":"SMITH"},{"data":"Pommel Strike","floor":32.0,"key":"SMITH"},{"floor":41.0,"key":"RECALL"},{"floor":45.0,"key":"REST"},{"floor":49.0,"key":"REST"},{"data":"Second Wind","floor":52.0,"key":"SMITH"}],"circlet_count":0,"master_deck":["Strike_R","Defend_R","Defend_R","Defend_R","Defend_R","Bash+1","Cleave","Pommel Strike+1","Shrug It Off+1","Fire Breathing+1","Shrug It Off","Barricade+1","Power Through+1","Juggernaut+1","Clothesline+1","Reaper","Disarm+1","Exhume+1","Warcry+1","Metallicize+1","Fiend Fire","Feel No Pain+1","Shrug It Off+1","True Grit+1","Second Wind+1","Flame Barrier+1","Seeing Red+1"],"relics":["Burning Blood","Pocketwatch","TungstenRod","Juzu Bracelet","Velvet Choker","HornCleat","Pear","War Paint","Torii","Runic Cube","Gambling Chip","Question Card","Bag of Preparation","Orichalcum","Anchor","TheAbacus","OrangePellets","Nunchaku"],"acts_visited":["Exordium","TheCity","TheBeyond","TheEnding"],"potions_floor_usage":[55,55,55],"damage_taken":[{"damage":1.0,"enemies":"Cultist","floor":1.0,"turns":4.0},{"damage":7.0,"enemies":"Small Slimes","floor":4.0,"turns":3.0},{"damage":38.0,"enemies":"Gremlin Nob","floor":6.0,"turns":5.0},{"damage":5.0,"enemies":"2 Louse","floor":7.0,"turns":2.0},{"damage":35.0,"enemies":"Lagavulin","floor":10.0,"turns":9.0},{"damage":0.0,"enemies":"Blue Slaver","floor":12.0,"turns":7.0},{"damage":4.0,"enemies":"2 Fungi Beasts","floor":14.0,"turns":3.0},{"damage":0.0,"enemies":"Hexaghost","floor":16.0,"turns":9.0},{"damage":7.0,"enemies":"Shell Parasite","floor":18.0,"turns":6.0},{"damage":0.0,"enemies":"3 Byrds","floor":20.0,"turns":3.0},{"damage":0.0,"enemies":"Centurion and Healer","floor":21.0,"turns":7.0},{"damage":0.0,"enemies":"Snecko","floor":22.0,"turns":5.0},{"damage":19.0,"enemies":"Slavers","floor":23.0,"turns":4.0},{"damage":0.0,"enemies":"Book of Stabbing","floor":25.0,"turns":7.0},{"damage":0.0,"enemies":"Sentry and Sphere","floor":27.0,"turns":6.0},{"damage":8.0,"enemies":"Gremlin Leader","floor":29.0,"turns":8.0},{"damage":12.0,"enemies":"Snake Plant","floor":30.0,"turns":7.0},{"damage":14.0,"enemies":"Centurion and Healer","floor":31.0,"turns":7.0},{"damage":32.0,"enemies":"Automaton","floor":33.0,"turns":11.0},{"damage":6.0,"enemies":"Orb Walker","floor":35.0,"turns":6.0},{"damage":8.0,"enemies":"3 Darklings","floor":36.0,"turns":5.0},{"damage":45.0,"enemies":"2 Orb Walkers","floor":37.0,"turns":5.0},{"damage":21.0,"enemies":"Transient","floor":38.0,"turns":5.0},{"damage":0.0,"enemies":"Nemesis","floor":40.0,"turns":9.0},{"damage":0.0,"enemies":"Spire Growth","floor":42.0,"turns":7.0},{"damage":56.0,"enemies":"Reptomancer","floor":44.0,"turns":7.0},{"damage":0.0,"enemies":"Sphere and 2 Shapes","floor":46.0,"turns":3.0},{"damage":0.0,"enemies":"Donu and Deca","floor":50.0,"turns":9.0},{"damage":47.0,"enemies":"Shield and Spear","floor":54.0,"turns":8.0},{"damage":26,"enemies":"The Heart","floor":55,"turns":13}],"seed_played":"7588493550800514480","potions_obtained":[{"floor":4.0,"key":"EntropicBrew"},{"floor":7.0,"key":"BloodPotion"},{"floor":10.0,"key":"LiquidBronze"},{"floor":20.0,"key":"Explosive Potion"},{"floor":22.0,"key":"EssenceOfSteel"},{"floor":25.0,"key":"Fire Potion"},{"floor":29.0,"key":"PowerPotion"},{"floor":44.0,"key":"Fire Potion"}],"is_trial":false,"path_per_floor":["M","$","$","M","$","E","M","R","T","E","R","M","R","M","R","B",null,"M","T","M","M","M","E","R","E","T","M","R","E","M","M","R","B",null,"M","M","?","M","?","E","R","M","T","E","R","M","?","$","R","B",null,"R","$","E","B",null],"character_chosen":"IRONCLAD","items_purchased":["Shrug It Off","Anchor","LiquidMemories","TheAbacus","OrangePellets","BlessingOfTheForge"],"campfire_rested":2,"item_purchase_floors":[5,48,48,48,53,53],"current_hp_per_floor":[77,77,77,76,76,60,61,61,61,48,48,54,54,56,56,62,76,75,75,80,80,80,79,79,89,89,90,90,90,90,90,90,64,84,88,90,59,44,44,54,54,68,68,25,52,58,58,58,85,90,90,90,90,49,33],"gold":68,"neow_bonus":"HUNDRED_GOLD","is_daily":false,"chose_seed":false,"campfire_upgraded":8,"win_rate":0.0,"timestamp":1613040619,"path_taken":["M","?","$","?","?","E","M","R","T","E","R","M","R","M","R","BOSS","M","?","M","M","M","E","R","E","T","M","R","E","M","M","R","BOSS","M","M","?","M","?","E","R","M","T","E","R","M","?","$","R","BOSS","R","$","E","BOSS"],"items_purchased_type":["Card","Relic","Potion","Relic","Relic","Potion"],"build_version":"2020-12-22","purchased_purges":3,"victory":true,"max_hp_per_floor":[80,80,80,80,80,80,80,80,80,80,80,80,80,80,80,80,80,80,80,80,80,80,90,90,90,90,90,90,90,90,90,90,90,90,90,90,90,90,90,90,90,90,90,90,90,90,90,90,90,90,90,90,90,90,90],"relic_stats":{"Torii":4,"counters":[30,190],"Juzu Bracelet":2,"Bag of Preparation":[10],"War Paint":["Shrug It Off","Exhume"],"Orichalcum":[6],"Question Card":4,"Burning Blood":149,"OrangePellets":[1],"Nunchaku":[0],"TheAbacus":[72],"Gambling Chip":[37],"obtain_stats":[{"Pear":23,"Torii":29,"Velvet Choker":17,"Juzu Bracelet":10,"Bag of Preparation":43,"War Paint":25,"Orichalcum":44,"Question Card":40,"Burning Blood":0,"OrangePellets":53,"Anchor":48,"Nunchaku":54,"HornCleat":19,"TheAbacus":48,"Gambling Chip":37,"TungstenRod":9,"Pocketwatch":6,"Runic Cube":34},{"Pear":13,"Torii":16,"Velvet Choker":8,"Juzu Bracelet":5,"Bag of Preparation":25,"War Paint":14,"Orichalcum":26,"Question Card":24,"Burning Blood":0,"OrangePellets":28,"Anchor":27,"Nunchaku":29,"HornCleat":9,"TheAbacus":27,"Gambling Chip":22,"TungstenRod":4,"Pocketwatch":3,"Runic Cube":19},{"Pear":67,"Torii":88,"Velvet Choker":42,"Juzu Bracelet":23,"Bag of Preparation":150,"War Paint":74,"Orichalcum":157,"Question Card":143,"Burning Blood":0,"OrangePellets":169,"Anchor":160,"Nunchaku":177,"HornCleat":48,"TheAbacus":160,"Gambling Chip":129,"TungstenRod":14,"Pocketwatch":12,"Runic Cube":113}],"TungstenRod":40,"Pocketwatch":[379],"Runic Cube":[19]},"card_choices":[{"not_picked":["Thunderclap","Wild Strike"],"picked":"Cleave","floor":1.0},{"not_picked":["Heavy Blade","Anger"],"picked":"Pommel Strike","floor":4.0},{"not_picked":["Dual Wield","True Grit"],"picked":"Fire Breathing","floor":6.0},{"not_picked":["Iron Wave","Sever Soul"],"picked":"Shrug It Off","floor":7.0},{"not_picked":["Armaments","Headbutt"],"picked":"Barricade","floor":10.0},{"not_picked":["Anger","Body Slam","Clash"],"picked":"SKIP","floor":12.0},{"not_picked":["Anger","Body Slam","Clash"],"picked":"SKIP","floor":12.0},{"not_picked":["Sword Boomerang","Cleave"],"picked":"Power Through","floor":14.0},{"not_picked":["Double Tap","Reaper"],"picked":"Juggernaut","floor":16.0},{"not_picked":["Armaments+1","Thunderclap"],"picked":"Clothesline","floor":18.0},{"not_picked":["Clash+1","Armaments+1"],"picked":"Reaper","floor":20.0},{"not_picked":["Twin Strike+1","Whirlwind","Pummel"],"picked":"SKIP","floor":21.0},{"not_picked":["Pummel","Pommel Strike","Thunderclap+1"],"picked":"SKIP","floor":22.0},{"not_picked":["Clash","True Grit"],"picked":"Disarm+1","floor":23.0},{"not_picked":["Uppercut","Anger+1"],"picked":"Exhume","floor":25.0},{"not_picked":["Rupture","Dropkick+1","Clash"],"picked":"SKIP","floor":27.0},{"not_picked":["Headbutt","Havoc"],"picked":"Warcry+1","floor":29.0},{"not_picked":["Carnage+1","Cleave","Combust+1"],"picked":"SKIP","floor":30.0},{"not_picked":["True Grit","Body Slam"],"picked":"Metallicize+1","floor":31.0},{"not_picked":["Juggernaut","Immolate"],"picked":"Fiend Fire","floor":33.0},{"not_picked":["Iron Wave+1","Bloodletting+1"],"picked":"Feel No Pain+1","floor":35.0},{"not_picked":["Wild Strike+1","Flex"],"picked":"Shrug It Off+1","floor":36.0},{"not_picked":["Sever Soul+1","Iron Wave+1"],"picked":"True Grit+1","floor":38.0},{"not_picked":["Berserk","Hemokinesis","Thunderclap"],"picked":"SKIP","floor":40.0},{"not_picked":["Body Slam","Whirlwind","Spot Weakness","Anger+1"],"picked":"SKIP","floor":42.0},{"not_picked":["Demon Form","Thunderclap","Hemokinesis+1"],"picked":"Second Wind","floor":44.0},{"not_picked":["Rage+1","Iron Wave+1","Power Through"],"picked":"Flame Barrier+1","floor":46.0},{"not_picked":["Perfected Strike+1","Warcry","Thunderclap"],"picked":"Seeing Red+1","floor":54.0}],"player_experience":710233,"relics_obtained":[{"floor":6.0,"key":"Pocketwatch"},{"floor":9.0,"key":"TungstenRod"},{"floor":10.0,"key":"Juzu Bracelet"},{"floor":19.0,"key":"HornCleat"},{"floor":23.0,"key":"Pear"},{"floor":25.0,"key":"War Paint"},{"floor":29.0,"key":"Torii"},{"floor":37.0,"key":"Gambling Chip"},{"floor":40.0,"key":"Question Card"},{"floor":43.0,"key":"Bag of Preparation"},{"floor":44.0,"key":"Orichalcum"},{"floor":54.0,"key":"Nunchaku"}],"event_choices":[{"damage_healed":0.0,"max_hp_gain":0.0,"max_hp_loss":0.0,"gold_gain":0.0,"event_name":"Mysterious Sphere","player_choice":"Fight","floor":37.0,"gold_loss":0.0,"damage_taken":0.0},{"damage_healed":0.0,"max_hp_gain":0.0,"max_hp_loss":0.0,"gold_gain":0.0,"event_name":"Match and Keep!","player_choice":"0 cards matched","floor":39.0,"gold_loss":0.0,"damage_taken":0.0,"cards_obtained":[]},{"cards_removed":["Strike_R"],"damage_healed":0.0,"max_hp_gain":0.0,"max_hp_loss":0.0,"gold_gain":0.0,"event_name":"Wheel of Change","player_choice":"Card Removal","floor":47.0,"gold_loss":0.0,"damage_taken":0.0}],"is_beta":false,"boss_relics":[{"not_picked":["Calling Bell","Runic Dome"],"picked":"Velvet Choker"},{"not_picked":["Coffee Dripper","Tiny House"],"picked":"Runic Cube"}],"items_purged_floors":[2,3,48],"is_endless":false,"potions_floor_spawned":[4,7,10,20,22,25,29,35,44],"ascension_level":9}}