{"host":"kfd0jpqqxt101ydt","time":1613083629,"event":{"mods":["BaseMod","Downfall","Googly Eyes","Highlight Path","Minty Spire (QoL Compilation)","StSLib"],"gold_per_floor":[99,110,125,125,136,136,136,168,194,194,194,194],"floor_reached":10,"language":"ENG","playtime":187,"items_purged":[],"score":76,"play_id":"f96f1cee-00ec-4fd7-824e-e796465f86fc","local_time":"20210212004709","is_ascension_mode":true,"campfire_choices":[{"data":"Slimebound:CorrosiveSpit","floor":1,"key":"SMITH"}],"circlet_count":0,"master_deck":["Slimebound:Tackle","Slimebound:Defend_Slimebound","Slimebound:Defend_Slimebound","Slimebound:Defend_Slimebound","Slimebound:Defend_Slimebound","Slimebound:Split","Slimebound:CorrosiveSpit+1","Slimebound:Chomp","Slimebound:ComboTackle","Slimebound:DouseInSlime","Slimebound:PressTheAttack","Injury","Slimebound:ViciousTackle","Slimebound:HauntingLick","Slimebound:LeechLife","Slimebound:ServeAndProtect"],"relics":["Slimebound:AbsorbEndCombat","Pen Nib","PreservedInsect","Eternal Feather","Odd Mushroom"],"acts_visited":["Exordium"],"potions_floor_usage":[],"damage_taken":[{"damage":10,"enemies":"Jaw Worm","floor":2,"turns":4},{"damage":3,"enemies":"Cultist","floor":3,"turns":3},{"damage":16,"enemies":"Small Slimes","floor":5,"turns":2},{"damage":6,"enemies":"Gremlin Nob","floor":8,"turns":2},{"damage":30,"enemies":"The Mushroom Lair","floor":9,"turns":3},{"damage":28,"enemies":"3 Sentries","floor":10,"turns":3}],"seed_played":"4234742081722144304","potions_obtained":[{"floor":3,"key":"SpeedPotion"},{"floor":9,"key":"SteroidPotion"}],"is_trial":false,"path_per_floor":["R","M","M","?","M","?","T","E","?","E"],"character_chosen":"SLIMEBOUND","items_purchased":[],"campfire_rested":0,"item_purchase_floors":[],"current_hp_per_floor":[65,59,58,58,44,49,49,47,21,0,0,0],"gold":194,"neow_bonus":"RANDOM_COMMON_RELIC","is_daily":false,"chose_seed":false,"campfire_upgraded":1,"win_rate":0.0,"timestamp":1613083629,"path_taken":["R","M","M","?","?","?","T","E","?","E"],"items_purchased_type":[],"build_version":"2020-12-22","purchased_purges":0,"victory":false,"max_hp_per_floor":[65,65,65,65,65,70,70,70,70,70,70,70],"card_choices":[{"not_picked":["Slimebound:Prepare","Slimebound:GoopSpray"],"picked":"Slimebound:Chomp","floor":2},{"not_picked":["Slimebound:SlimeSpikes","Slimebound:Dissolve"],"picked":"Slimebound:ComboTackle","floor":3},{"not_picked":["Slimebound:FinishingTackle","Slimebound:SplitLeeching"],"picked":"Slimebound:HauntingLick","floor":5},{"not_picked":["Slimebound:SamplingLick","Slimebound:LeadByExample"],"picked":"Slimebound:LeechLife","floor":8},{"not_picked":["Slimebound:SplitLeeching","Slimebound:PressTheAttack"],"picked":"Slimebound:ServeAndProtect","floor":9}],"player_experience":34626,"relics_obtained":[{"floor":7,"key":"PreservedInsect"},{"floor":8,"key":"Eternal Feather"},{"floor":9,"key":"Odd Mushroom"}],"event_choices":[{"damage_healed":0,"gold_gain":0,"player_choice":"Donut","damage_taken":0,"max_hp_gain":5,"max_hp_loss":0,"event_name":"Big Fish","floor":6,"gold_loss":0},{"damage_healed":0,"gold_gain":0,"player_choice":"Fought Mushrooms","damage_taken":0,"max_hp_gain":0,"max_hp_loss":0,"event_name":"Mushrooms","floor":9,"gold_loss":0}],"is_beta":false,"boss_relics":[],"items_purged_floors":[],"is_endless":false,"potions_floor_spawned":[3,9],"killed_by":"3 Sentries","ascension_level":3}}