{"host":"mnpd8gh7cwxsn5kh","time":1613042297,"event":{"mods":["BaseMod","Bestiary","Block Reminder","Colored Map","Colored Powertips","Highlight Path","Minty Spire (QoL Compilation)","Relic Sorter","Relic Stats"],"gold_per_floor":[115,115,134,144,319,346,14,44,44,58,92,104,104,54,54,127,127,137,150,4,4,4,34,34,34,34],"floor_reached":25,"language":"ENG","playtime":2506,"items_purged":["Doubt"],"score":394,"play_id":"04983f30-6160-4a08-adeb-85e852efc625","local_time":"20210211121817","is_ascension_mode":true,"campfire_choices":[{"floor":13,"key":"REST"},{"floor":15,"key":"REST"},{"floor":24,"key":"REST"}],"circlet_count":0,"master_deck":["AscendersBane","Defend_P","Defend_P","Defend_P","Defend_P","Eruption","Vigilance","ReachHeaven","Meditate","Wireheading","CutThroughFate","Conclude","ThirdEye","SashWhip+1","WindmillStrike+1","Protect","Judgement","EmptyFist+1","CutThroughFate+1","LessonLearned+1","Sanctity+1"],"relics":["Fusion Hammer","Tiny Chest","Molten Egg 2","Meat on the Bone","Blood Vial","Bag of Marbles","Empty Cage","Nilry\u0027s Codex","The Courier"],"acts_visited":["Exordium","TheCity"],"potions_floor_usage":[6,16,23],"damage_taken":[{"damage":2,"enemies":"Jaw Worm","floor":1,"turns":4},{"damage":0,"enemies":"Small Slimes","floor":3,"turns":3},{"damage":0,"enemies":"2 Louse","floor":4,"turns":2},{"damage":28,"enemies":"Gremlin Nob","floor":6,"turns":4},{"damage":17,"enemies":"Lagavulin","floor":8,"turns":6},{"damage":2,"enemies":"Large Slime","floor":10,"turns":3},{"damage":5,"enemies":"3 Sentries","floor":11,"turns":5},{"damage":0,"enemies":"3 Louse","floor":12,"turns":1},{"damage":21,"enemies":"Hexaghost","floor":16,"turns":7},{"damage":6,"enemies":"3 Byrds","floor":18,"turns":4},{"damage":0,"enemies":"Spheric Guardian","floor":19,"turns":3},{"damage":53,"enemies":"Book of Stabbing","floor":23,"turns":8},{"damage":49,"enemies":"Gremlin Leader","floor":25,"turns":8}],"seed_played":"2793127875567079392","potions_obtained":[{"floor":4,"key":"DuplicationPotion"},{"floor":10,"key":"FairyPotion"},{"floor":11,"key":"Block Potion"},{"floor":19,"key":"Dexterity Potion"}],"is_trial":false,"path_per_floor":["M","?","M","M","?","E","$","E","T","M","E","M","R","?","R","B",null,"M","M","$","?","?","E","R","E"],"character_chosen":"WATCHER","items_purchased":["Molten Egg 2","LessonLearned+1"],"campfire_rested":3,"item_purchase_floors":[7,20],"current_hp_per_floor":[63,63,63,63,63,35,35,18,18,30,39,41,62,62,72,51,67,63,65,65,49,36,20,43,0,0],"gold":34,"neow_bonus":"BOSS_RELIC","is_daily":false,"chose_seed":false,"campfire_upgraded":0,"win_rate":0.0,"timestamp":1613042297,"path_taken":["M","?","M","M","?","E","$","E","T","M","E","M","R","?","R","BOSS","M","M","$","?","?","E","R","E"],"items_purchased_type":["Relic","Card"],"build_version":"2020-12-22","purchased_purges":1,"victory":false,"max_hp_per_floor":[72,72,72,72,72,72,72,72,72,72,72,72,72,72,72,72,72,72,72,72,72,77,77,77,77,77],"relic_stats":{"Blood Vial":14,"counters":[13,58],"Tiny Chest":0,"obtain_stats":[{"Blood Vial":9,"Nilry\u0027s Codex":21,"Tiny Chest":6,"Molten Egg 2":7,"Fusion Hammer":0,"The Courier":23,"Bag of Marbles":11,"PureWater":0,"Empty Cage":17,"Meat on the Bone":8},{"Blood Vial":5,"Nilry\u0027s Codex":11,"Tiny Chest":4,"Molten Egg 2":4,"Fusion Hammer":0,"The Courier":12,"Bag of Marbles":7,"PureWater":0,"Empty Cage":9,"Meat on the Bone":5},{"Blood Vial":19,"Nilry\u0027s Codex":42,"Tiny Chest":13,"Molten Egg 2":13,"Fusion Hammer":0,"The Courier":50,"Bag of Marbles":27,"PureWater":0,"Empty Cage":35,"Meat on the Bone":19}],"Meat on the Bone":36},"card_choices":[{"not_picked":["Consecrate","CutThroughFate"],"picked":"ReachHeaven","floor":1},{"not_picked":["Pray","BattleHymn"],"picked":"Wireheading","floor":3},{"not_picked":["ReachHeaven","CarveReality"],"picked":"CutThroughFate","floor":4},{"not_picked":["Crescendo","Halt"],"picked":"Conclude","floor":6},{"not_picked":["FlyingSleeves+1","MasterReality"],"picked":"ThirdEye","floor":8},{"not_picked":["EmptyBody","PathToVictory"],"picked":"SashWhip+1","floor":10},{"not_picked":["ThirdEye","Indignation"],"picked":"WindmillStrike+1","floor":11},{"not_picked":["FlurryOfBlows+1","Swivel"],"picked":"Protect","floor":12},{"not_picked":["Devotion","Brilliance+1"],"picked":"Judgement","floor":16},{"not_picked":["Consecrate+1","FollowUp+1"],"picked":"EmptyFist+1","floor":18},{"not_picked":["Protect","JustLucky+1"],"picked":"CutThroughFate+1","floor":19},{"not_picked":["Consecrate+1","LessonLearned+1"],"picked":"Sanctity+1","floor":23}],"player_experience":443436,"relics_obtained":[{"floor":6,"key":"Tiny Chest"},{"floor":8,"key":"Meat on the Bone"},{"floor":9,"key":"Blood Vial"},{"floor":11,"key":"Bag of Marbles"},{"floor":21,"key":"Nilry\u0027s Codex"},{"floor":23,"key":"The Courier"}],"event_choices":[{"damage_healed":0,"gold_gain":0,"cards_transformed":["Strike_P"],"player_choice":"Change","damage_taken":0,"max_hp_gain":0,"max_hp_loss":0,"event_name":"Living Wall","floor":2,"gold_loss":0,"cards_obtained":["Meditate"]},{"damage_healed":0,"gold_gain":175,"player_choice":"AGREE","damage_taken":0,"max_hp_gain":0,"max_hp_loss":0,"event_name":"Liars Game","floor":5,"gold_loss":0,"cards_obtained":["Doubt"]},{"cards_removed":["Strike_P"],"damage_healed":0,"gold_gain":0,"player_choice":"Card Removal","damage_taken":0,"max_hp_gain":0,"max_hp_loss":0,"event_name":"The Cleric","floor":14,"gold_loss":50},{"damage_healed":0,"gold_gain":0,"player_choice":"Obtained Book","damage_taken":16,"max_hp_gain":0,"max_hp_loss":0,"event_name":"Cursed Tome","floor":21,"gold_loss":0},{"damage_healed":0,"gold_gain":0,"player_choice":"Shed Blood","damage_taken":18,"max_hp_gain":5,"max_hp_loss":0,"event_name":"Forgotten Altar","floor":22,"gold_loss":0}],"is_beta":false,"boss_relics":[{"not_picked":["Tiny House","Busted Crown"],"picked":"Empty Cage"}],"items_purged_floors":[7],"is_endless":false,"potions_floor_spawned":[4,10,11,12,19],"killed_by":"Gremlin Leader","ascension_level":13}}