{"host":"l15sdf2mmi0nobpi","time":1613014786,"event":{"mods":["ATMod(°¢èªMod)","BaseMod","Highlight Path","Minty Spire (QoL Compilation)","Quick Restart","StSLib","The Runesmith","The Senshi","¡¾¹¦ÄÜMod¡¿Neow½±Àø"],"gold_per_floor":[16,16,34,51,66,66,77,112,112,146,146,179,197,216,216,320,320,331,344,344,227,242,242,270,270,270,283,283,309,327,362,362,459,459,478,79,79,93,0,32,32,190,238,289,364,364,400,170,170,220,220,220,116,195,220],"floor_reached":56,"language":"ZHS","playtime":4557,"items_purged":["Runesmith:Strike_RS","Runesmith:Strike_RS","Runesmith:Strike_RS","Runesmith:Strike_RS"],"score":1981,"play_id":"bd16453f-18f9-40e2-9144-1a25716cd5d6","local_time":"20210211113946","is_ascension_mode":true,"campfire_choices":[{"data":"AT_MachinaRedman","floor":6.0,"key":"SMITH"},{"data":"Runesmith:UnlimitedPower","floor":11.0,"key":"SMITH"},{"data":"Runesmith:CreatorForm","floor":15.0,"key":"SMITH"},{"floor":23,"key":"REST"},{"data":"Runesmith:OneForEveryone","floor":28,"key":"SMITH"},{"floor":32,"key":"DIG"},{"floor":41,"key":"DIG"},{"floor":49,"key":"RECALL"},{"floor":52,"key":"DIG"}],"circlet_count":0,"master_deck":["Runesmith:Defend_RS","Runesmith:Defend_RS","Runesmith:Defend_RS","Runesmith:Defend_RS","Runesmith:CraftFirestone","Runesmith:Fortify","AT_MachinaRedman+1","Runesmith:GoWithTheFlow","Runesmith:Firewall","Runesmith:CreatorForm+1","Runesmith:EnergizedChisel","Runesmith:BackupBattery","Runesmith:UnlimitedPower+1","Runesmith:CraftMagma","Runesmith:LightningRod","Runesmith:Repurpose","Runesmith:GoWithTheFlow","Runesmith:Repurpose","Runesmith:OneForEveryone+1","Runesmith:PoweredAnvil","Runesmith:Terraform","Runesmith:Reinforce+1","Ghostly","Ghostly","Ghostly","Ghostly","Ghostly","Runesmith:MetallurgicalResearch","Madness","Madness","Apotheosis","Runesmith:Permafrost","Runesmith:LithiumIon"],"relics":["Runesmith:BrokenRuby","AT_ATBox","Vajra","The Courier","Ornamental Fan","AT_GuinsooRageblade","Runic Pyramid","Enchiridion","Boot","Mercury Hourglass","Smiling Mask","Shovel","Unceasing Top","Fusion Hammer","Bag of Preparation","Ice Cream","Red Mask","AT_ChloranthyRing","AT_MibuBalloonWealth","StrikeDummy","AT_EbonyIvory","Gambling Chip","Strange Spoon","Runesmith:Nanobots","Turnip"],"acts_visited":["Exordium","TheCity","TheBeyond","TheEnding"],"potions_floor_usage":[19,31,31,35,54,54,54,54,54],"damage_taken":[{"damage":0.0,"enemies":"2 Louse","floor":1.0,"turns":3.0},{"damage":0.0,"enemies":"Cultist","floor":3.0,"turns":4.0},{"damage":0.0,"enemies":"Jaw Worm","floor":4.0,"turns":2.0},{"damage":1.0,"enemies":"3 Louse","floor":5.0,"turns":3.0},{"damage":0.0,"enemies":"Exordium Wildlife","floor":7.0,"turns":3.0},{"damage":0.0,"enemies":"3 Sentries","floor":8.0,"turns":6.0},{"damage":9.0,"enemies":"Gremlin Nob","floor":10.0,"turns":4.0},{"damage":3.0,"enemies":"Lagavulin","floor":12.0,"turns":7.0},{"damage":0.0,"enemies":"Large Slime","floor":13.0,"turns":4.0},{"damage":1.0,"enemies":"Blue Slaver","floor":14.0,"turns":4.0},{"damage":2.0,"enemies":"The Guardian","floor":16.0,"turns":7.0},{"damage":18.0,"enemies":"3 Byrds","floor":18.0,"turns":5.0},{"damage":4,"enemies":"2 Thieves","floor":19,"turns":4},{"damage":0,"enemies":"3 Cultists","floor":22,"turns":6},{"damage":29,"enemies":"Book of Stabbing","floor":24,"turns":6},{"damage":9,"enemies":"Centurion and Healer","floor":27,"turns":6},{"damage":3,"enemies":"Gremlin Leader","floor":29,"turns":4},{"damage":1,"enemies":"Shelled Parasite and Fungi","floor":30,"turns":4},{"damage":1,"enemies":"Book of Stabbing","floor":31,"turns":7},{"damage":0,"enemies":"Collector","floor":33,"turns":10},{"damage":0,"enemies":"3 Shapes","floor":35,"turns":3},{"damage":0,"enemies":"Orb Walker","floor":38,"turns":4},{"damage":0,"enemies":"Nemesis","floor":40,"turns":6},{"damage":1,"enemies":"Reptomancer","floor":42,"turns":7},{"damage":0,"enemies":"Nemesis","floor":44,"turns":5},{"damage":0,"enemies":"Mind Bloom Boss Battle","floor":45,"turns":6},{"damage":0,"enemies":"Spire Growth","floor":47,"turns":4},{"damage":0,"enemies":"Donu and Deca","floor":50,"turns":8},{"damage":8,"enemies":"Shield and Spear","floor":54,"turns":6},{"damage":1,"enemies":"The Heart","floor":55,"turns":11}],"seed_played":"6281532547609050026","potions_obtained":[{"floor":3.0,"key":"CultistPotion"},{"floor":4.0,"key":"BlessingOfTheForge"},{"floor":7.0,"key":"AttackPotion"},{"floor":10.0,"key":"Energy Potion"},{"floor":18.0,"key":"SkillPotion"},{"floor":22,"key":"Strength Potion"},{"floor":29,"key":"SkillPotion"},{"floor":30,"key":"Regen Potion"},{"floor":33,"key":"Block Potion"},{"floor":38,"key":"EntropicBrew"},{"floor":40,"key":"EntropicBrew"},{"floor":47,"key":"SkillPotion"}],"is_trial":false,"path_per_floor":["M","?","M","M","M","R","M","E","T","E","R","E","M","M","R","B",null,"M","M","?","$","M","R","E","?","T","M","R","E","M","E","R","B",null,"M","$","?","M","?","E","R","E","T","E","?","?","M","$","R","B",null,"R","$","E","B",null],"character_chosen":"RUNESMITH_CLASS","items_purchased":["Runesmith:PoweredAnvil","Bag of Preparation","Ice Cream","Runesmith:Permafrost","Strange Spoon","Runesmith:LithiumIon"],"campfire_rested":1,"item_purchase_floors":[21,36,36,48,48,53],"current_hp_per_floor":[63,80,80,80,79,79,79,79,79,70,70,67,67,66,66,64,76,58,54,38,38,38,62,33,33,33,24,24,21,20,34,34,34,39,39,39,34,34,34,34,34,33,33,33,33,33,33,33,33,33,38,38,38,30,29],"gold":220,"neow_bonus":"RANDOM_COLORLESS_2","is_daily":false,"chose_seed":false,"campfire_upgraded":4,"win_rate":0.0,"timestamp":1613014786,"path_taken":["M","?","M","?","?","R","M","E","T","E","R","E","M","M","R","BOSS","M","?","?","$","M","R","E","?","T","M","R","E","?","E","R","BOSS","M","$","?","M","?","E","R","E","T","E","?","?","M","?","R","BOSS","R","$","E","BOSS"],"items_purchased_type":["Card","Relic","Relic","Card","Relic","Card"],"build_version":"2020-12-22","purchased_purges":4,"victory":true,"max_hp_per_floor":[70,80,80,80,80,80,80,80,80,80,80,80,80,80,80,80,80,80,80,80,80,80,80,80,40,40,40,40,40,40,40,40,40,40,40,40,40,40,40,40,40,40,40,40,40,40,40,40,40,40,40,40,40,40,40],"card_choices":[{"not_picked":["AT_FalsePromise","AT_TearsDenial"],"picked":"Thinking Ahead","floor":0.0},{"not_picked":["Runesmith:Overpower","Runesmith:BackupBattery"],"picked":"Runesmith:GoWithTheFlow","floor":1.0},{"not_picked":["Runesmith:FieryHammer","Runesmith:EarthShield"],"picked":"Runesmith:Firewall","floor":3.0},{"not_picked":["Runesmith:Repurpose","Runesmith:RuneHurl"],"picked":"Runesmith:CreatorForm","floor":4.0},{"not_picked":["Runesmith:Prism","Runesmith:ChaoticBlast"],"picked":"Runesmith:EnergizedChisel","floor":5.0},{"not_picked":["Runesmith:HeatedChisel","Runesmith:Firewall"],"picked":"Runesmith:BackupBattery","floor":7.0},{"not_picked":["Runesmith:HammerThrow","Runesmith:CraftProtectio"],"picked":"Runesmith:UnlimitedPower","floor":8.0},{"not_picked":["Runesmith:Superposition","Runesmith:ChaoticBlast"],"picked":"Runesmith:CraftMagma","floor":10.0},{"not_picked":["Runesmith:Firewall","Runesmith:PerfectChisel"],"picked":"Runesmith:LightningRod","floor":12.0},{"not_picked":["Runesmith:ChiselStab","Runesmith:RuneHurl"],"picked":"Runesmith:Repurpose","floor":13.0},{"not_picked":["Runesmith:Augment","Runesmith:CraftProtectio"],"picked":"Runesmith:GoWithTheFlow","floor":14.0},{"not_picked":["Runesmith:StaticCage","Runesmith:Empowerment+1"],"picked":"Runesmith:Repurpose","floor":18.0},{"not_picked":["Runesmith:DoubleUp","Runesmith:NanitesCloud"],"picked":"Runesmith:OneForEveryone","floor":19},{"not_picked":["Runesmith:Grindstone","Runesmith:Empowerment+1"],"picked":"Runesmith:Terraform","floor":22},{"not_picked":["Runesmith:HeatExchange+1","Runesmith:RuneHurl"],"picked":"Runesmith:Reinforce+1","floor":24},{"not_picked":["Runesmith:RuneHurl","Runesmith:BackupBattery","Runesmith:ChiselStab"],"picked":"SKIP","floor":27},{"not_picked":["Runesmith:Malloc","Runesmith:GrandSlam","Runesmith:Grindstone"],"picked":"SKIP","floor":29},{"not_picked":["Runesmith:StaticCage","Runesmith:HeatedChisel","Runesmith:Repurpose"],"picked":"SKIP","floor":30},{"not_picked":["Runesmith:Repurpose","Runesmith:GoWithTheFlow","Runesmith:CraftMagma"],"picked":"SKIP","floor":31},{"not_picked":["Runesmith:Supernova","Runesmith:CraftIndustria"],"picked":"Runesmith:MetallurgicalResearch","floor":33},{"not_picked":["Runesmith:FrozenChisel+1","Runesmith:HeatedChisel+1","Runesmith:GoWithTheFlow"],"picked":"SKIP","floor":35},{"not_picked":["Runesmith:EarthShield","Runesmith:EnergizedChisel","Runesmith:HeatExchange"],"picked":"SKIP","floor":38},{"not_picked":["Runesmith:EarthShield","Runesmith:EnergizedChisel","Runesmith:HeatExchange"],"picked":"SKIP","floor":38},{"not_picked":["Runesmith:HammerThrow","Runesmith:RuneHurl","Runesmith:Firewall"],"picked":"SKIP","floor":40},{"not_picked":["Runesmith:Accelerate+1","Runesmith:ChiselStab+1","Runesmith:Firestorm"],"picked":"SKIP","floor":42},{"not_picked":["Runesmith:CraftMedicinae","Runesmith:GoWithTheFlow","Runesmith:UnstableHammer"],"picked":"SKIP","floor":44},{"not_picked":["Discovery","Master of Strategy"],"picked":"Apotheosis","floor":46},{"not_picked":["Runesmith:DoubleUp+1","Runesmith:HeatedChisel+1","Runesmith:GoWithTheFlow"],"picked":"SKIP","floor":47},{"not_picked":["Runesmith:Empowerment+1","Runesmith:Electrocute+1","Runesmith:CraftProtectio"],"picked":"SKIP","floor":54}],"player_experience":691427,"relics_obtained":[{"floor":8.0,"key":"Vajra"},{"floor":9.0,"key":"The Courier"},{"floor":10.0,"key":"Ornamental Fan"},{"floor":12.0,"key":"AT_GuinsooRageblade"},{"floor":20,"key":"Enchiridion"},{"floor":24,"key":"Boot"},{"floor":26,"key":"Mercury Hourglass"},{"floor":29,"key":"Smiling Mask"},{"floor":31,"key":"Shovel"},{"floor":32,"key":"Unceasing Top"},{"floor":40,"key":"AT_ChloranthyRing"},{"floor":41,"key":"AT_MibuBalloonWealth"},{"floor":42,"key":"StrikeDummy"},{"floor":44,"key":"AT_EbonyIvory"},{"floor":45,"key":"Gambling Chip"},{"floor":52,"key":"Runesmith:Nanobots"},{"floor":54,"key":"Turnip"}],"event_choices":[{"cards_removed":["Thinking Ahead"],"damage_healed":7.0,"max_hp_gain":10.0,"max_hp_loss":0.0,"gold_gain":0.0,"event_name":"Bonfire Elementals","player_choice":"Offered Rare","floor":2.0,"gold_loss":0.0,"damage_taken":0.0},{"damage_healed":0,"gold_gain":0,"player_choice":"Obtained Book","damage_taken":16,"max_hp_gain":0,"max_hp_loss":0,"event_name":"Cursed Tome","floor":20,"gold_loss":0},{"damage_healed":0,"gold_gain":0,"player_choice":"Became a Ghost","damage_taken":0,"max_hp_gain":0,"max_hp_loss":40,"event_name":"Ghosts","floor":25,"gold_loss":0,"cards_obtained":["Ghostly","Ghostly","Ghostly","Ghostly","Ghostly"]},{"damage_healed":0,"gold_gain":0,"player_choice":"Embrace Madness","damage_taken":5,"max_hp_gain":0,"max_hp_loss":0,"event_name":"Winding Halls","floor":37,"gold_loss":0,"cards_obtained":["Madness","Madness"]},{"damage_healed":0,"gold_gain":0,"player_choice":"Paid","damage_taken":0,"relics_obtained":["Red Mask"],"max_hp_gain":0,"max_hp_loss":0,"event_name":"Tomb of Lord Red Mask","floor":39,"gold_loss":93},{"damage_healed":0,"gold_gain":0,"player_choice":"Fight","damage_taken":0,"max_hp_gain":0,"max_hp_loss":0,"event_name":"MindBloom","floor":45,"gold_loss":0},{"damage_healed":0,"gold_gain":0,"player_choice":"Memory 1","damage_taken":0,"max_hp_gain":0,"max_hp_loss":0,"event_name":"SensoryStone","floor":46,"gold_loss":0}],"is_beta":false,"boss_relics":[{"not_picked":["Pandora\u0027s Box","Ectoplasm"],"picked":"Runic Pyramid"},{"not_picked":["Coffee Dripper","Busted Crown"],"picked":"Fusion Hammer"}],"items_purged_floors":[21,36,48,53],"is_endless":false,"potions_floor_spawned":[3,4,7,10,12,18,22,29,30,33,38,40,42,47],"ascension_level":8}}