{"host":"Jackie","time":1613085932,"event":{"mods":["BaseMod","Highlight Path","Minty Spire (QoL Compilation)","Relic Stats","Slay the Relics Exporter","StSLib","Twitch Decklist"],"gold_per_floor":[359,29,48,64,82,82,114,114,114,114,145,160,209,209,209,209,209],"floor_reached":16,"language":"ENG","playtime":1039,"items_purged":[],"score":220,"play_id":"556869f3-173a-412c-bf67-8257e34a449e","local_time":"20210211152532","is_ascension_mode":true,"campfire_choices":[{"data":"Eruption","floor":6,"key":"SMITH"},{"data":"Scrawl","floor":8,"key":"SMITH"},{"data":"CutThroughFate","floor":10,"key":"SMITH"},{"data":"Wireheading","floor":15,"key":"SMITH"}],"circlet_count":0,"master_deck":["AscendersBane","Strike_P","Strike_P","Strike_P","Strike_P","Defend_P","Defend_P","Defend_P","Defend_P","Eruption+1","Vigilance","Weave","Wireheading+1","Tantrum","CutThroughFate+1","BowlingBash","Adaptation","Scrawl+1","FlurryOfBlows+1","LessonLearned+1"],"relics":["PureWater","ClockworkSouvenir","Oddly Smooth Stone","Happy Flower","Molten Egg 2","Odd Mushroom","Golden Idol"],"acts_visited":["Exordium"],"potions_floor_usage":[7,7,13,16],"damage_taken":[{"damage":4,"enemies":"Cultist","floor":1,"turns":3},{"damage":1,"enemies":"2 Louse","floor":3,"turns":2},{"damage":0,"enemies":"Jaw Worm","floor":4,"turns":3},{"damage":0,"enemies":"Large Slime","floor":5,"turns":2},{"damage":2,"enemies":"3 Sentries","floor":7,"turns":4},{"damage":13,"enemies":"Lagavulin","floor":11,"turns":5},{"damage":0,"enemies":"Blue Slaver","floor":12,"turns":2},{"damage":0,"enemies":"The Mushroom Lair","floor":13,"turns":2},{"damage":39,"enemies":"Hexaghost","floor":16,"turns":7}],"seed_played":"3028242533516972918","potions_obtained":[{"floor":1,"key":"Regen Potion"},{"floor":5,"key":"BottledMiracle"},{"floor":12,"key":"SkillPotion"},{"floor":13,"key":"PowerPotion"}],"is_trial":false,"path_per_floor":["M","$","M","M","M","R","E","R","T","R","E","M","?","?","R","B"],"character_chosen":"WATCHER","items_purchased":["ClockworkSouvenir","Wireheading","Tantrum"],"campfire_rested":0,"item_purchase_floors":[2,2,2],"current_hp_per_floor":[39,39,38,38,38,38,48,48,48,48,35,35,35,35,35,0,0],"gold":209,"neow_bonus":"TWO_FIFTY_GOLD","is_daily":false,"chose_seed":false,"campfire_upgraded":4,"win_rate":0.0,"timestamp":1613085932,"path_taken":["M","$","M","?","M","R","E","R","T","R","E","M","?","?","R","BOSS"],"items_purchased_type":["Relic","Card","Card"],"build_version":"2020-12-18","purchased_purges":0,"victory":false,"max_hp_per_floor":[68,68,68,68,68,68,68,68,68,68,68,68,68,62,62,62,62],"relic_stats":{"Happy Flower":[5],"counters":[9,30],"Golden Idol":0,"obtain_stats":[{"Happy Flower":9,"Golden Idol":14,"Oddly Smooth Stone":7,"Molten Egg 2":11,"PureWater":0,"Odd Mushroom":13,"ClockworkSouvenir":2},{"Happy Flower":5,"Golden Idol":8,"Oddly Smooth Stone":5,"Molten Egg 2":6,"PureWater":0,"Odd Mushroom":8,"ClockworkSouvenir":1},{"Happy Flower":14,"Golden Idol":23,"Oddly Smooth Stone":14,"Molten Egg 2":19,"PureWater":0,"Odd Mushroom":23,"ClockworkSouvenir":3}]},"card_choices":[{"not_picked":["Worship","Protect"],"picked":"Weave","floor":1},{"not_picked":["EmptyFist","EmptyBody"],"picked":"CutThroughFate","floor":3},{"not_picked":["EmptyBody","FollowUp"],"picked":"BowlingBash","floor":4},{"not_picked":["SashWhip","PathToVictory"],"picked":"Adaptation","floor":5},{"not_picked":["FearNoEvil","Weave"],"picked":"Scrawl","floor":7},{"not_picked":["WreathOfFlame","Study","Crescendo"],"picked":"SKIP","floor":11},{"not_picked":["FollowUp+1","BowlingBash+1"],"picked":"FlurryOfBlows+1","floor":12},{"not_picked":["PathToVictory","Halt"],"picked":"LessonLearned+1","floor":13}],"player_experience":2216173,"relics_obtained":[{"floor":7,"key":"Oddly Smooth Stone"},{"floor":9,"key":"Happy Flower"},{"floor":11,"key":"Molten Egg 2"},{"floor":13,"key":"Odd Mushroom"}],"event_choices":[{"damage_healed":0,"gold_gain":0,"player_choice":"Fought Mushrooms","damage_taken":0,"max_hp_gain":0,"max_hp_loss":0,"event_name":"Mushrooms","floor":13,"gold_loss":0},{"damage_healed":0,"gold_gain":0,"player_choice":"Lose Max HP","damage_taken":0,"relics_obtained":["Golden Idol"],"max_hp_gain":0,"max_hp_loss":6,"event_name":"Golden Idol","floor":14,"gold_loss":0}],"is_beta":true,"boss_relics":[],"items_purged_floors":[],"is_endless":false,"potions_floor_spawned":[1,5,12,13],"killed_by":"Hexaghost","ascension_level":20}}