{"host":"2kfsro7skzomnm41","time":1613021302,"event":{"mods":["AchievementEnabler","BaseMod","Googly Eyes","Highlight Path","Minty Spire (QoL Compilation)","StSLib"],"gold_per_floor":[113,126,139,139,49,49,124,124,193,193,211,211,225,46,46,123,123,140,140,153,153,153],"floor_reached":21,"language":"ENG","playtime":1089,"items_purged":[],"score":313,"play_id":"66f86bac-d28d-486b-941a-15edeb675a26","local_time":"20210211002822","is_ascension_mode":true,"campfire_choices":[{"floor":6.0,"key":"DIG"},{"floor":8.0,"key":"DIG"},{"floor":10.0,"key":"DIG"},{"floor":12.0,"key":"DIG"},{"floor":15.0,"key":"DIG"}],"circlet_count":0,"master_deck":["AscendersBane","Strike_R","Strike_R","Strike_R","Strike_R","Strike_R","Defend_R","Defend_R","Defend_R","Defend_R","Bash","CurseOfTheBell","Clothesline","Bludgeon","True Grit","Dramatic Entrance","Seeing Red+1","Entrench+1","Impervious+1","Finesse+1","Demon Form","Seeing Red+1","Ghostly Armor+1"],"relics":["Calling Bell","Art of War","Blue Candle","Shovel","Potion Belt","Darkstone Periapt","Toxic Egg 2","Turnip","Red Skull","Letter Opener","Black Star","CultistMask"],"acts_visited":["Exordium","TheCity"],"potions_floor_usage":[20],"damage_taken":[{"damage":19.0,"enemies":"Jaw Worm","floor":1.0,"turns":6.0},{"damage":5.0,"enemies":"Small Slimes","floor":2.0,"turns":3.0},{"damage":5.0,"enemies":"Cultist","floor":3.0,"turns":3.0},{"damage":1.0,"enemies":"Large Slime","floor":11.0,"turns":5.0},{"damage":6.0,"enemies":"Lots of Slimes","floor":13.0,"turns":3.0},{"damage":52.0,"enemies":"Hexaghost","floor":16.0,"turns":11.0},{"damage":39.0,"enemies":"3 Byrds","floor":18.0,"turns":10.0},{"damage":13,"enemies":"Chosen","floor":20,"turns":8},{"damage":12,"enemies":"Centurion and Healer","floor":21,"turns":2}],"seed_played":"1743400427375701598","potions_obtained":[{"floor":11.0,"key":"Regen Potion"},{"floor":18.0,"key":"Dexterity Potion"}],"is_trial":false,"path_per_floor":["M","M","M","?","$","R","?","R","T","R","M","R","M","$","R","B",null,"M","?","M","M"],"character_chosen":"IRONCLAD","items_purchased":["Dramatic Entrance","Impervious+1","Finesse+1"],"campfire_rested":0,"item_purchase_floors":[5,14,14],"current_hp_per_floor":[49,44,39,64,64,64,53,53,53,53,52,52,46,46,46,9,59,20,20,7,0,0],"gold":153,"neow_bonus":"BOSS_RELIC","is_daily":false,"chose_seed":false,"campfire_upgraded":0,"win_rate":0.0,"timestamp":1613021302,"path_taken":["M","M","M","?","$","R","?","R","T","R","M","R","M","$","R","BOSS","M","?","?","M"],"items_purchased_type":["Card","Card","Card"],"build_version":"2020-12-22","purchased_purges":0,"victory":false,"max_hp_per_floor":[75,75,75,75,75,75,75,75,75,75,75,75,75,75,75,75,75,75,75,75,75,75],"card_choices":[{"not_picked":["Havoc","Entrench"],"picked":"Clothesline","floor":1.0},{"not_picked":["Warcry","Pommel Strike"],"picked":"Bludgeon","floor":2.0},{"not_picked":["Feel No Pain","Clash"],"picked":"True Grit","floor":3.0},{"not_picked":["Intimidate+1","Infernal Blade+1"],"picked":"Seeing Red+1","floor":11.0},{"not_picked":["Bloodletting+1","Searing Blow"],"picked":"Entrench+1","floor":13.0},{"not_picked":["Offering+1","Bludgeon"],"picked":"Demon Form","floor":16.0},{"not_picked":["Clothesline+1","Whirlwind"],"picked":"Seeing Red+1","floor":18.0},{"not_picked":["Rage+1","Hemokinesis"],"picked":"Ghostly Armor+1","floor":20}],"player_experience":313838,"relics_obtained":[{"floor":0.0,"key":"Art of War"},{"floor":0.0,"key":"Blue Candle"},{"floor":0.0,"key":"Shovel"},{"floor":6.0,"key":"Potion Belt"},{"floor":8.0,"key":"Darkstone Periapt"},{"floor":9.0,"key":"Toxic Egg 2"},{"floor":10.0,"key":"Turnip"},{"floor":12.0,"key":"Red Skull"},{"floor":15.0,"key":"Letter Opener"}],"event_choices":[{"damage_healed":25.0,"max_hp_gain":0.0,"max_hp_loss":0.0,"gold_gain":0.0,"event_name":"Big Fish","player_choice":"Banana","floor":4.0,"gold_loss":0.0,"damage_taken":0.0},{"damage_healed":0.0,"max_hp_gain":0.0,"max_hp_loss":0.0,"gold_gain":75.0,"event_name":"World of Goop","player_choice":"Gather Gold","floor":7.0,"gold_loss":0.0,"damage_taken":11.0},{"damage_healed":0.0,"max_hp_gain":0.0,"max_hp_loss":0.0,"gold_gain":0.0,"event_name":"FaceTrader","player_choice":"Trade","floor":19.0,"gold_loss":0.0,"damage_taken":0.0,"relics_obtained":["CultistMask"]}],"is_beta":false,"boss_relics":[{"not_picked":["SlaversCollar","Philosopher\u0027s Stone"],"picked":"Black Star"}],"items_purged_floors":[],"is_endless":false,"potions_floor_spawned":[11,18],"killed_by":"Centurion and Healer","ascension_level":17}}