{"host":"vu2gjyr86ub8nk5d","time":1613086913,"event":{"mods":["AchievementEnabler","BaseMod","BetterRewards","Colored Map","Downfall","Ironclad Rager","Minty Spire (QoL Compilation)","Replay The Spire","StSLib"],"gold_per_floor":[99,111,127,137,154,170,170,188,204,216,229,329,329,329,347,452,452,352,371,401,401,415,9,9,9,20,33,43,63,63,63,83,83,83,83],"floor_reached":33,"language":"ENG","playtime":2815,"items_purged":["champ:Execute"],"score":274,"play_id":"0d563c40-d5f1-4df4-b541-a7d5c0b264fc","local_time":"20210211174153","is_ascension_mode":false,"campfire_choices":[{"floor":1.0,"key":"RECALL"},{"data":"champ:VampiricStrike","floor":18,"key":"SMITH"},{"floor":25,"key":"REST"},{"floor":30,"key":"REST"}],"circlet_count":0,"master_deck":["champ:Strike","champ:Strike","champ:Strike","champ:Defend","champ:Defend","champ:Defend","champ:Defend","champ:Taunt","champ:PerfectedStrike","champ:CrownThrow","champ:StanceDance","champ:EnGarde","champ:PreciseThrust","champ:GutPunch","champ:StanceDance+1","champ:Encircle+1","champ:RapidStrikes","champ:GladiatorStyle","champ:FanOfKnives","champ:VampiricStrike+1","AbeCurse","champ:HeartStrike","champ:FlashCut+1","champ:FocusedBerserking+1","champ:EnGarde+1","expansioncontent:QuickStudy+1","Pot Of Greed+1","Pot Of Greed+1","Pot Of Greed+1","champ:BringItOn+1","champ:Backstep+1","champ:StanceDance+1","champ:IronFortress","RitualDagger","champ:AdrenalArmor+1"],"relics":["champ:ChampionCrown","Toxic Egg 2","WristBlade","Abe\u0027s Treasure","downfall:HeartBlessingRed","Pocketwatch","Grinning Jar"],"acts_visited":["Exordium","TheCity"],"potions_floor_usage":[10,12,16,16,16,22,23,28,33,33],"damage_taken":[{"damage":15.0,"enemies":"Small Slimes","floor":2.0,"turns":5.0},{"damage":16.0,"enemies":"Jaw Worm","floor":3.0,"turns":3.0},{"damage":2.0,"enemies":"2 Louse","floor":4.0,"turns":3.0},{"damage":10.0,"enemies":"Large Slime","floor":5.0,"turns":2.0},{"damage":11.0,"enemies":"3 Louse","floor":6.0,"turns":2.0},{"damage":0.0,"enemies":"Exordium Wildlife","floor":8.0,"turns":2.0},{"damage":10.0,"enemies":"Exordium Thugs","floor":9.0,"turns":6.0},{"damage":10,"enemies":"Red Slaver","floor":10,"turns":2},{"damage":10,"enemies":"Large Slime","floor":11,"turns":4},{"damage":12,"enemies":"Large Slime","floor":12,"turns":4},{"damage":12,"enemies":"2 Fungi Beasts","floor":15,"turns":3},{"damage":87,"enemies":"WA_ARCHETYPE_RETAIN","floor":16,"turns":11},{"damage":10,"enemies":"Chosen","floor":19,"turns":3},{"damage":23,"enemies":"Snake Plant","floor":22,"turns":4},{"damage":15,"enemies":"downfall:FleeingMerchant","floor":23,"turns":4},{"damage":13,"enemies":"Centurion and Healer","floor":26,"turns":4},{"damage":21,"enemies":"Snecko","floor":27,"turns":4},{"damage":11,"enemies":"Snake Plant","floor":28,"turns":3},{"damage":4,"enemies":"Shelled Parasite and Fungi","floor":29,"turns":4},{"damage":12,"enemies":"Sentry and Sphere","floor":32,"turns":4},{"damage":58,"enemies":"IC_MUSHROOM_ARCHETYPE","floor":33,"turns":8}],"seed_played":"7379426684143597479","potions_obtained":[{"floor":3.0,"key":"Swift Potion"},{"floor":8.0,"key":"SkillPotion"},{"floor":10,"key":"DistilledChaos"},{"floor":12,"key":"Weak Potion"},{"floor":15,"key":"Swift Potion"},{"floor":16,"key":"Weak Potion"},{"floor":19,"key":"SteroidPotion"},{"floor":22,"key":"SneckoOil"},{"floor":26,"key":"champ:OpenerPotion"},{"floor":27,"key":"SpeedPotion"}],"is_trial":false,"path_per_floor":["R_BF","M","M","M","M","M","T","M","M","M","M","?","?","?","M","B",null,"R","M","?","?","M","$","T","R","M","M","M","M","R","?","M","B"],"character_chosen":"THE_CHAMP","items_purchased":["expansioncontent:QuickStudy","Grinning Jar"],"campfire_rested":2,"item_purchase_floors":[23,23],"current_hp_per_floor":[99,94,88,86,86,85,85,85,85,85,85,73,73,73,71,4,99,99,94,55,55,37,37,37,66,53,37,26,22,51,45,33,0,0,0],"gold":83,"neow_bonus":"TEN_PERCENT_HP_BONUS","is_daily":false,"chose_seed":false,"campfire_upgraded":1,"win_rate":0.0,"timestamp":1613086913,"path_taken":["R_BF","M","M","M","M","M","T","M","M","M","M","?","?","?","M","BOSS","R","M","?","?","?","?","T","R","M","?","M","M","R","?","M","BOSS"],"items_purchased_type":["Card","Relic"],"build_version":"2020-12-22","purchased_purges":1,"victory":false,"max_hp_per_floor":[99,99,99,99,99,99,99,99,99,99,99,99,99,99,99,99,99,99,99,99,99,99,99,99,99,99,99,99,99,99,99,99,99,99,99],"card_choices":[{"not_picked":["champ:AdrenalArmor","champ:PreciseThrust"],"picked":"champ:PerfectedStrike","floor":2.0},{"not_picked":["champ:GutPunch","champ:SetATrap"],"picked":"champ:CrownThrow","floor":3.0},{"not_picked":["champ:TornadoPunch","champ:Parry"],"picked":"champ:StanceDance","floor":4.0},{"not_picked":["champ:Endure","champ:CrownThrow"],"picked":"champ:EnGarde","floor":5.0},{"not_picked":["champ:FocusedDefense","champ:PreemptiveStrike"],"picked":"champ:PreciseThrust","floor":6.0},{"not_picked":["champ:Parry+1","champ:BringItOn+1"],"picked":"champ:GutPunch","floor":8.0},{"not_picked":["champ:HeavySlash","champ:RecklessLeap"],"picked":"champ:StanceDance+1","floor":9.0},{"not_picked":["champ:DefensiveShout+1","champ:ShieldWall"],"picked":"champ:Encircle","floor":10},{"not_picked":["champ:BladeFlurry","champ:BerserkersShout+1"],"picked":"champ:RapidStrikes","floor":11},{"not_picked":["champ:BladeFlurry","champ:RapidStrikes"],"picked":"champ:GladiatorStyle","floor":12},{"not_picked":["champ:PerfectedStrike","champ:AdrenalArmor+1"],"picked":"champ:FanOfKnives","floor":15},{"not_picked":["champ:ShieldThrow","champ:SteelEdge"],"picked":"champ:VampiricStrike","floor":16},{"not_picked":["champ:CrownThrow","champ:PerfectedStrike"],"picked":"champ:HeartStrike","floor":19},{"not_picked":["champ:PerfectedStrike+1","champ:BringItOn+1"],"picked":"champ:FlashCut+1","floor":20},{"not_picked":["champ:FocusedDefense+1","champ:EnGarde+1"],"picked":"champ:FocusedBerserking+1","floor":22},{"not_picked":["champ:PerfectedStrike","champ:CrownThrow"],"picked":"champ:EnGarde+1","floor":23},{"not_picked":["champ:Parry+1","champ:RapidStrikes+1"],"picked":"champ:BringItOn+1","floor":26},{"not_picked":["champ:Circumvent+1","champ:MurderStrike"],"picked":"champ:Backstep+1","floor":27},{"not_picked":["champ:FaceSlap","champ:Encircle"],"picked":"champ:StanceDance+1","floor":28},{"not_picked":["champ:BladeFlurry","champ:FlashCut"],"picked":"champ:IronFortress","floor":29},{"not_picked":["champ:GutPunch","champ:EnGarde+1"],"picked":"champ:AdrenalArmor+1","floor":32}],"player_experience":145374,"relics_obtained":[{"floor":7.0,"key":"Toxic Egg 2"},{"floor":12,"key":"WristBlade"},{"floor":20,"key":"Pocketwatch"}],"event_choices":[{"damage_healed":0,"gold_gain":0,"player_choice":"Grow","damage_taken":0,"max_hp_gain":0,"max_hp_loss":0,"event_name":"Living Wall","floor":14,"gold_loss":0,"cards_upgraded":["champ:Encircle"]},{"damage_healed":0,"gold_gain":0,"player_choice":"Ignored","damage_taken":0,"max_hp_gain":0,"max_hp_loss":0,"event_name":"Ghosts","floor":21,"gold_loss":0}],"is_beta":false,"boss_relics":[{"not_picked":["Snecko Eye","Coffee Dripper"],"picked":"Abe\u0027s Treasure"}],"items_purged_floors":[23],"is_endless":false,"potions_floor_spawned":[3,8,10,12,15,16,19,22,26,27],"killed_by":"IC_MUSHROOM_ARCHETYPE","ascension_level":0}}