{"host":"a1eatafr7pisesky","time":1613040919,"event":{"mods":["AchievementEnabler","BaseMod","Colored Map","Keyboard Shortcuts","Minty Spire (QoL Compilation)","Say the Spire","StSLib","SuperFastMode","everything is the same but u backflip on backflip"],"gold_per_floor":[114,114,125,50,50,50,77,77,77,109,109,126,136,147,147,226,226,237,254,254,179,195,195,195,195],"floor_reached":24,"language":"KOR","playtime":482,"items_purged":["Strike_R"],"score":450,"play_id":"e387e94b-7e05-4530-a8f9-6d0f26c5871a","local_time":"20210211195519","is_ascension_mode":true,"campfire_choices":[{"data":"Shockwave","floor":6.0,"key":"SMITH"},{"floor":11.0,"key":"REST"},{"data":"Second Wind","floor":15.0,"key":"SMITH"},{"data":"Impervious","floor":23.0,"key":"SMITH"}],"circlet_count":0,"master_deck":["AscendersBane","Strike_R","Strike_R+1","Defend_R","Defend_R+1","Defend_R","Defend_R","Bash","Thunderclap","Shockwave+1","Headbutt","Impervious+1","Disarm","Second Wind+1","Wild Strike","Shrug It Off","Barricade+1","Seeing Red"],"relics":["Burning Blood","NeowsBlessing","FossilizedHelix","Dead Branch","Mango","Question Card","Cursed Key"],"acts_visited":["Exordium","TheCity"],"potions_floor_usage":[24,24],"damage_taken":[{"damage":0.0,"enemies":"Small Slimes","floor":1.0,"turns":1.0},{"damage":0.0,"enemies":"2 Louse","floor":3.0,"turns":1.0},{"damage":0.0,"enemies":"Lagavulin","floor":7.0,"turns":1.0},{"damage":21.0,"enemies":"3 Sentries","floor":10.0,"turns":5.0},{"damage":2.0,"enemies":"Jaw Worm","floor":12.0,"turns":5.0},{"damage":0.0,"enemies":"Looter","floor":13.0,"turns":4.0},{"damage":7.0,"enemies":"Exordium Wildlife","floor":14.0,"turns":3.0},{"damage":46.0,"enemies":"The Guardian","floor":16.0,"turns":10.0},{"damage":8.0,"enemies":"Shell Parasite","floor":18.0,"turns":10.0},{"damage":23.0,"enemies":"2 Thieves","floor":19.0,"turns":4.0},{"damage":2.0,"enemies":"Centurion and Healer","floor":22.0,"turns":8.0},{"damage":68,"enemies":"Slavers","floor":24,"turns":4}],"seed_played":"1272250744665347064","potions_obtained":[{"floor":3.0,"key":"SkillPotion"},{"floor":12.0,"key":"GamblersBrew"},{"floor":14.0,"key":"SpeedPotion"},{"floor":18.0,"key":"BlessingOfTheForge"}],"is_trial":false,"path_per_floor":["M","?","M","?","T","R","E","?","T","E","R","M","M","M","R","B",null,"M","M","?","$","M","R","E"],"character_chosen":"IRONCLAD","items_purchased":[],"campfire_rested":1,"item_purchase_floors":[],"current_hp_per_floor":[74,51,57,57,57,57,63,63,77,62,88,89,89,88,88,48,79,77,60,60,60,64,64,0,0],"gold":195,"neow_bonus":"THREE_ENEMY_KILL","is_daily":false,"chose_seed":false,"campfire_upgraded":3,"win_rate":0.0,"timestamp":1613040919,"path_taken":["M","?","M","?","?","R","E","?","T","E","R","?","M","M","R","BOSS","M","M","?","$","?","R","E"],"items_purchased_type":[],"build_version":"2020-12-22","purchased_purges":1,"victory":false,"max_hp_per_floor":[75,75,75,75,75,75,75,75,89,89,89,89,89,89,89,89,89,89,89,89,89,89,89,89,89],"card_choices":[{"not_picked":["Heavy Blade","Sentinel"],"picked":"Thunderclap","floor":1.0},{"not_picked":["Inflame","Rage"],"picked":"Shockwave","floor":3.0},{"not_picked":["Double Tap","Rampage"],"picked":"Headbutt","floor":7.0},{"not_picked":["Sever Soul","Flex"],"picked":"Disarm","floor":10.0},{"not_picked":["Anger","Uppercut","Body Slam"],"picked":"Second Wind","floor":12.0},{"not_picked":["Hemokinesis","Heavy Blade","Havoc"],"picked":"Wild Strike","floor":13.0},{"not_picked":["Bloodletting","Dropkick","Entrench"],"picked":"Shrug It Off","floor":14.0},{"not_picked":["Fiend Fire","Impervious","Reaper"],"picked":"Barricade","floor":16.0},{"not_picked":["Flex","Thunderclap","Searing Blow","Rampage+1"],"picked":"SKIP","floor":18.0},{"not_picked":["Headbutt","Cleave","Iron Wave","Demon Form"],"picked":"SKIP","floor":19.0},{"not_picked":["Thunderclap","Havoc","Perfected Strike+1"],"picked":"Seeing Red","floor":22.0}],"player_experience":447643,"relics_obtained":[{"floor":5.0,"key":"FossilizedHelix"},{"floor":7.0,"key":"Dead Branch"},{"floor":9.0,"key":"Mango"},{"floor":10.0,"key":"Question Card"}],"event_choices":[{"damage_healed":0.0,"max_hp_gain":0.0,"max_hp_loss":0.0,"gold_gain":0.0,"event_name":"Shining Light","player_choice":"Entered Light","floor":2.0,"gold_loss":0.0,"damage_taken":23.0,"cards_upgraded":["Defend_R","Strike_R"]},{"cards_removed":["Strike_R"],"damage_healed":0.0,"max_hp_gain":0.0,"max_hp_loss":0.0,"gold_gain":0.0,"event_name":"The Cleric","player_choice":"Card Removal","floor":4.0,"gold_loss":75.0,"damage_taken":0.0},{"damage_healed":0.0,"max_hp_gain":0.0,"max_hp_loss":0.0,"gold_gain":0.0,"cards_transformed":["Strike_R"],"event_name":"Living Wall","player_choice":"Change","floor":8.0,"gold_loss":0.0,"damage_taken":0.0,"cards_obtained":["Impervious"]},{"damage_healed":0.0,"max_hp_gain":0.0,"max_hp_loss":0.0,"gold_gain":0.0,"event_name":"Upgrade Shrine","player_choice":"Upgraded","floor":20.0,"gold_loss":0.0,"damage_taken":0.0,"cards_upgraded":["Barricade"]}],"is_beta":false,"boss_relics":[{"not_picked":["Fusion Hammer","Ectoplasm"],"picked":"Cursed Key"}],"items_purged_floors":[21],"is_endless":false,"potions_floor_spawned":[3,12,14,18,19],"killed_by":"Slavers","ascension_level":19}}