{"host":"ttx8tv95o5vka1nm","time":1613054708,"event":{"mods":["AchievementEnabler","BaseMod","BetterRewards","Colored Map","Downfall","Evolution","Hermit","Hubris","Infinite Spire","Jorbs\u0027s Wanderer Trilogy","Minty Spire (QoL Compilation)","Relic Filter Mod","Reliquary","Replay The Spire","Robot Space Explorer","Shop Mod","Spicy Shops","StSLib","The Blue Laboratory","The Bug Knight","The Cursed","The Hayseed","The Necromancer","The Runesmith","TheBandit","TheVacant","Wandering Minibosses"],"gold_per_floor":[110,126,140,69,88,120,137,165,165,165,184,214,225,225,225],"floor_reached":14,"language":"ENG","playtime":803,"items_purged":[],"score":120,"play_id":"7381e9ae-ccd5-4d49-a74a-f52c2eda0907","local_time":"20210212004508","is_ascension_mode":true,"campfire_choices":[{"data":"Toxin Wave","floor":10,"key":"SMITH"}],"circlet_count":0,"master_deck":["Flying Knee","Flying Knee","Strike_G","Strike_G","Strike_G","Defend_G","Defend_G","Defend_G","Defend_G","Defend_G","Survivor","Neutralize","Sucker Punch","Toxin Wave+1","Deadly Poison","Noxious Fumes","Sneak Up","Draining Mist","PiercingWail","Poisoned Stab"],"relics":["Ring of the Snake","EVO:Axolotl","hubris:Zylophone","Juzu Bracelet","Happy Flower","Replay:WaspNest"],"acts_visited":["Exordium"],"potions_floor_usage":[11,14],"damage_taken":[{"damage":0,"enemies":"2 Louse","floor":1,"turns":3},{"damage":0,"enemies":"Jaw Worm","floor":2,"turns":4},{"damage":1,"enemies":"Cultist","floor":3,"turns":4},{"damage":1,"enemies":"Exordium Thugs","floor":5,"turns":4},{"damage":21,"enemies":"Gremlin Nob","floor":6,"turns":4},{"damage":5,"enemies":"Looter","floor":7,"turns":4},{"damage":15,"enemies":"Lagavulin","floor":8,"turns":7},{"damage":9,"enemies":"Blue Slaver","floor":11,"turns":2},{"damage":6,"enemies":"3 Sentries","floor":12,"turns":5},{"damage":0,"enemies":"Large Slime","floor":13,"turns":3},{"damage":31,"enemies":"Lagavulin","floor":14,"turns":3}],"seed_played":"763862062389585636","potions_obtained":[{"floor":5,"key":"blueLaboratory:BottledHope"},{"floor":7,"key":"SkillPotion"},{"floor":8,"key":"Milkshake"},{"floor":11,"key":"blueLaboratory:HorrorPotion"},{"floor":13,"key":"blueLaboratory:SuffocatingSmog"}],"is_trial":false,"path_per_floor":["M","M","M","$","M","E","M","E","T","R","M","E","M","E"],"character_chosen":"THE_SILENT","items_purchased":["Noxious Fumes"],"campfire_rested":0,"item_purchase_floors":[4],"current_hp_per_floor":[77,77,76,76,75,54,49,34,34,34,25,19,19,0,0],"gold":225,"neow_bonus":"TEN_PERCENT_HP_BONUS","is_daily":false,"chose_seed":false,"campfire_upgraded":1,"win_rate":0.0,"timestamp":1613054708,"path_taken":["M","M","M","$","M","E","M","E","T","R","M","E","M","E"],"items_purchased_type":["Card"],"build_version":"2020-12-22","purchased_purges":0,"victory":false,"max_hp_per_floor":[77,77,77,77,77,77,77,77,77,77,77,77,77,77,77],"card_choices":[{"not_picked":["Riddle With Holes","All Out Attack"],"picked":"Sucker Punch","floor":1},{"not_picked":["Prepared","Sucker Punch"],"picked":"Toxin Wave","floor":2},{"not_picked":["Acrobatics","Poisoned Stab"],"picked":"Deadly Poison","floor":3},{"not_picked":["Phantasmal Killer","Slice"],"picked":"Sneak Up","floor":5},{"not_picked":["Blur","Skewer"],"picked":"Draining Mist","floor":6},{"not_picked":["Dagger Throw","ReplayTheSpireMod:Scrap Shanks","Slice"],"picked":"SKIP","floor":7},{"not_picked":["Flying Knee","hubris:Counter","hubris:SlightOfHand"],"picked":"SKIP","floor":8},{"not_picked":["Slice","Heel Hook"],"picked":"PiercingWail","floor":11},{"not_picked":["ReplayTheSpireMod:Exploit Weakness","Dodge and Roll"],"picked":"Poisoned Stab","floor":12},{"not_picked":["Acrobatics","Flying Knee","Poisoned Stab"],"picked":"SKIP","floor":13}],"player_experience":1148333,"relics_obtained":[{"floor":6,"key":"hubris:Zylophone"},{"floor":8,"key":"Juzu Bracelet"},{"floor":9,"key":"Happy Flower"},{"floor":12,"key":"Replay:WaspNest"}],"event_choices":[],"is_beta":false,"boss_relics":[],"items_purged_floors":[],"is_endless":false,"potions_floor_spawned":[5,7,8,11,13],"killed_by":"Lagavulin","ascension_level":1}}