{"host":"rtw1tnr74gozsrw1","time":1613085512,"event":{"mods":["BaseMod","Colored Map","Colored Powertips","Highlight Path","Infinite Spire","Minty Spire (QoL Compilation)","StSLib","The Cursed","The Jungle"],"gold_per_floor":[109,34,34,109,128,162,162,180,249,110,110,110,110],"floor_reached":12,"language":"ENG","playtime":238,"items_purged":["Strike_G","Strike_G"],"score":111,"play_id":"788eacfb-3f34-4928-896e-aa42b1ea9b17","local_time":"20210212001832","is_ascension_mode":true,"campfire_choices":[{"data":"Deadly Poison","floor":7,"key":"SMITH"},{"data":"Catalyst","floor":11,"key":"SMITH"}],"circlet_count":0,"master_deck":["Strike_G","Strike_G","Strike_G","Defend_G","Defend_G","Defend_G","Defend_G","Defend_G","Survivor","Neutralize","Poisoned Stab","Bane","Deadly Poison+1","Catalyst+1"],"relics":["Ring of the Snake","NeowsBlessing","Happy Flower","White Beast Statue"],"acts_visited":["Exordium"],"potions_floor_usage":[],"damage_taken":[{"damage":0,"enemies":"2 Louse","floor":1,"turns":1},{"damage":0,"enemies":"Jaw Worm","floor":5,"turns":1},{"damage":0,"enemies":"Gremlin Nob","floor":6,"turns":1},{"damage":0,"enemies":"Cultist","floor":8,"turns":2},{"damage":31,"enemies":"3 Sentries","floor":12,"turns":10}],"seed_played":"4462501981885845097","potions_obtained":[],"is_trial":false,"path_per_floor":["M","$","?","?","M","E","R","M","T","$","R","E"],"character_chosen":"THE_SILENT","items_purchased":["Catalyst"],"campfire_rested":0,"item_purchase_floors":[10],"current_hp_per_floor":[70,70,70,63,63,63,63,63,63,63,63,32,32],"gold":110,"neow_bonus":"THREE_ENEMY_KILL","is_daily":false,"chose_seed":false,"campfire_upgraded":2,"win_rate":0.0,"timestamp":1613085512,"path_taken":["M","$","?","?","M","E","R","M","T","$","R","E"],"items_purchased_type":["Card"],"build_version":"2020-12-22","purchased_purges":2,"victory":false,"max_hp_per_floor":[70,70,70,70,70,70,70,70,70,70,70,70,70],"card_choices":[{"not_picked":["Cloak And Dagger","PiercingWail"],"picked":"Poisoned Stab","floor":1},{"not_picked":["Caltrops","Dash"],"picked":"Bane","floor":5},{"not_picked":["Glass Knife","Acrobatics"],"picked":"Deadly Poison","floor":6},{"not_picked":["Blade Dance","Quick Slash","Dagger Throw"],"picked":"SKIP","floor":8}],"player_experience":140494,"relics_obtained":[{"floor":6,"key":"Happy Flower"},{"floor":9,"key":"White Beast Statue"}],"event_choices":[{"damage_healed":0,"gold_gain":75,"player_choice":"Touch","damage_taken":7,"max_hp_gain":0,"max_hp_loss":0,"event_name":"FaceTrader","floor":4,"gold_loss":0}],"is_beta":false,"boss_relics":[],"items_purged_floors":[2,10],"is_endless":false,"potions_floor_spawned":[],"killed_by":"3 Sentries","ascension_level":2}}