{"host":"h26iowzi6bk5r55d","time":1613051536,"event":{"mods":["100% Spire Juice","ATMod(°¢èªMod)","Aspiration","BaseMod","ChefMod","Colored Powertips","Dota2Spire","Downfall","Energized Spire","Marisa£¨ìFÓê¡¡Ä§ÀíÉ³£©","Minty Spire (QoL Compilation)","Relic Stats","Reliquary","Remilia£¨ÀÙÃ×ÀòÑÇ£©","RumiaBox-Â¶Ã×æ«µÄÉñÃØºÐ×Ó","StSLib","The Servant 0.9.4","The Wild Card","TheVelvet","Youmu£¨»êÆÇÑýÃÎ£©","¡¾ÒÅÎï¿¨ÅÆ¡¿REMEMod","²ÐÁôÖ®Îï"],"gold_per_floor":[119,129,139,89,106,106,141,0,24,39,39,52,80,80,80,183,183,202,30,30,129,144,173,193,193,193,205,238,238,338,351,351,449,449,467,467,40,0,0,31,31,78,78,95,126,477,495,77,77,77],"floor_reached":51,"language":"ZHS","playtime":3814,"items_purged":["Defend_RM"],"score":805,"play_id":"251f656f-5825-4a31-b244-f6da86dba9bb","local_time":"20210211215216","is_ascension_mode":false,"campfire_choices":[{"data":"AT_RealColorLess","floor":6.0,"key":"SMITH"},{"data":"hexamod:TimeOfNeed","floor":15.0,"key":"SMITH"},{"data":"ScarletMeister","floor":25.0,"key":"SMITH"},{"data":"UnstableMagic","floor":32.0,"key":"SMITH"},{"data":"Jack Of All Trades","floor":41.0,"key":"SMITH"},{"data":"Dramatic Entrance","floor":49,"key":"SMITH"}],"circlet_count":0,"master_deck":["Strike_RM+1","Strike_RM","Strike_RM","Strike_RM","Defend_RM","Defend_RM","RedMoon","ScarletShoot","AT_RealColorLess+1","hexamod:TimeOfNeed+1","UnstableMagic+1","BombardNight","HeartBreak","Flash of Steel","MastersStateliness","ScarletMeister+1","ScarletImprint","Metamorphosis+1","AT_RealColorLess+1","UnderTheZenith","BloodHunter+1","BloodySeventeenLaser","Jack Of All Trades+1","REME_EyeOfCthun","Madness","Madness","Dramatic Entrance+1"],"relics":["ScarletHat","REME_ComplimentaryCards","AT_ATBox","NeowsBlessing","Dota2Spire:PowerTreads","PreservedInsect","SSSystem","aspiration:StickyExplosives","SoulBox","TungstenRod","ScarletDevilRocket","Orichalcum","Calipers","Meat on the Bone","energizedSpire:NeverEndingSparkler","TheAbacus","Red Mask","reliquary:Buckler","CatCart","Dota2Spire:EyeOfSkadi","reliquary:Sideboard","Old Coin","AT_SilvercatRing"],"acts_visited":["Exordium","TheCity","TheBeyond"],"potions_floor_usage":[],"damage_taken":[{"damage":0.0,"enemies":"Jaw Worm","floor":1.0,"turns":1.0},{"damage":0.0,"enemies":"2 Louse","floor":2.0,"turns":2.0},{"damage":0.0,"enemies":"Small Slimes","floor":3.0,"turns":1.0},{"damage":0.0,"enemies":"Blue Slaver","floor":5.0,"turns":3.0},{"damage":18.0,"enemies":"3 Sentries","floor":7.0,"turns":6.0},{"damage":10.0,"enemies":"Lots of Slimes","floor":10.0,"turns":2.0},{"damage":0.0,"enemies":"3 Louse","floor":12.0,"turns":4.0},{"damage":6.0,"enemies":"Gremlin Nob","floor":13.0,"turns":4.0},{"damage":10.0,"enemies":"Hexaghost","floor":16.0,"turns":8.0},{"damage":0.0,"enemies":"3 Byrds","floor":18.0,"turns":3.0},{"damage":5.0,"enemies":"Spheric Guardian","floor":21.0,"turns":4.0},{"damage":4.0,"enemies":"3 Cultists","floor":22.0,"turns":4.0},{"damage":0.0,"enemies":"Book of Stabbing","floor":23.0,"turns":4.0},{"damage":0.0,"enemies":"Snake Plant","floor":24.0,"turns":1.0},{"damage":0.0,"enemies":"Snecko","floor":27.0,"turns":4.0},{"damage":3.0,"enemies":"REME_1_Revenger","floor":28.0,"turns":3.0},{"damage":12.0,"enemies":"Colosseum Slavers","floor":30.0,"turns":3.0},{"damage":0.0,"enemies":"Colosseum Nobs","floor":30.0,"turns":4.0},{"damage":0.0,"enemies":"Chosen and Byrds","floor":31.0,"turns":4.0},{"damage":1.0,"enemies":"Champ","floor":33.0,"turns":9.0},{"damage":0.0,"enemies":"3 Shapes","floor":35.0,"turns":2.0},{"damage":20.0,"enemies":"Reptomancer","floor":40.0,"turns":3.0},{"damage":0.0,"enemies":"Orin","floor":42.0,"turns":4.0},{"damage":0.0,"enemies":"3 Darklings","floor":44.0,"turns":1.0},{"damage":4.0,"enemies":"Nemesis","floor":45.0,"turns":5.0},{"damage":0.0,"enemies":"2 Orb Walkers","floor":46.0,"turns":2.0},{"damage":0,"enemies":"Transient","floor":47,"turns":4},{"damage":5,"enemies":"Awakened One","floor":50,"turns":7}],"seed_played":"1267393214064372767","potions_obtained":[{"floor":5.0,"key":"LiquidBronze"},{"floor":7.0,"key":"BlessingOfTheForge"},{"floor":13.0,"key":"SpeedPotion"},{"floor":16.0,"key":"Block Potion"},{"floor":22.0,"key":"Fire Potion"},{"floor":28.0,"key":"Dota2Spire:HealingSalve"},{"floor":30.0,"key":"LiquidBronze"},{"floor":31.0,"key":"FearPotion"},{"floor":44.0,"key":"ColorlessPotion"},{"floor":46,"key":"DuplicationPotion"}],"is_trial":false,"path_per_floor":["M","M","M","?","M","R","E","$","T","M","?","M","E","?","R","B",null,"M","$","?","M","M","E","M","R","T","M","E","?","?","M","R","B",null,"M","?","$","?","?","E","R","?","T","M","E","?","M","$","R","B",null],"character_chosen":"REMILIA","items_purchased":["Flash of Steel","MastersStateliness","Metamorphosis","Jack Of All Trades","REME_EyeOfCthun","TheAbacus","AT_SilvercatRing","Dramatic Entrance"],"campfire_rested":0,"item_purchase_floors":[8,8,19,37,37,37,48,48],"current_hp_per_floor":[75,75,75,75,75,75,59,59,59,50,43,43,39,39,39,37,75,75,75,75,70,68,68,68,68,68,71,74,61,49,50,50,80,80,80,80,80,80,71,55,55,75,80,82,79,84,85,85,85,85],"gold":77,"neow_bonus":"THREE_ENEMY_KILL","is_daily":false,"chose_seed":false,"campfire_upgraded":6,"win_rate":0.0,"timestamp":1613051536,"path_taken":["M","M","M","?","M","R","E","$","T","M","?","M","E","?","R","BOSS","M","$","?","M","M","E","?","R","T","M","E","?","?","M","R","BOSS","M","?","$","?","?","E","R","?","T","M","E","?","M","$","R","BOSS"],"items_purchased_type":["Card","Card","Card","Card","Card","Relic","Relic","Card"],"build_version":"2020-12-22","purchased_purges":1,"victory":true,"max_hp_per_floor":[75,75,75,75,75,75,75,75,75,75,75,75,75,75,75,75,75,75,75,75,75,75,75,75,75,75,75,75,80,80,80,80,80,80,80,80,80,80,80,80,80,80,85,85,85,85,85,85,85,85],"relic_stats":{"TheAbacus":[126],"counters":[28,102],"PreservedInsect":279,"Orichalcum":[78],"obtain_stats":[{"Dota2Spire:PowerTreads":7,"aspiration:StickyExplosives":13,"AT_ATBox":0,"ScarletDevilRocket":26,"Calipers":30,"NeowsBlessing":0,"reliquary:Sideboard":45,"SSSystem":11,"PreservedInsect":9,"SoulBox":17,"Orichalcum":28,"AT_SilvercatRing":48,"ScarletHat":0,"Old Coin":46,"TheAbacus":37,"Dota2Spire:EyeOfSkadi":43,"energizedSpire:NeverEndingSparkler":34,"reliquary:Buckler":40,"Red Mask":38,"CatCart":42,"TungstenRod":23,"REME_ComplimentaryCards":0,"Meat on the Bone":30},{"Dota2Spire:PowerTreads":5,"aspiration:StickyExplosives":8,"AT_ATBox":0,"ScarletDevilRocket":14,"Calipers":18,"NeowsBlessing":0,"reliquary:Sideboard":25,"SSSystem":6,"PreservedInsect":5,"SoulBox":9,"Orichalcum":16,"AT_SilvercatRing":27,"ScarletHat":0,"Old Coin":26,"TheAbacus":21,"Dota2Spire:EyeOfSkadi":23,"energizedSpire:NeverEndingSparkler":20,"reliquary:Buckler":22,"Red Mask":21,"CatCart":23,"TungstenRod":13,"REME_ComplimentaryCards":0,"Meat on the Bone":18},{"Dota2Spire:PowerTreads":13,"aspiration:StickyExplosives":23,"AT_ATBox":0,"ScarletDevilRocket":47,"Calipers":61,"NeowsBlessing":0,"reliquary:Sideboard":89,"SSSystem":15,"PreservedInsect":13,"SoulBox":31,"Orichalcum":54,"AT_SilvercatRing":95,"ScarletHat":0,"Old Coin":91,"TheAbacus":76,"Dota2Spire:EyeOfSkadi":83,"energizedSpire:NeverEndingSparkler":74,"reliquary:Buckler":79,"Red Mask":76,"CatCart":83,"TungstenRod":46,"REME_ComplimentaryCards":0,"Meat on the Bone":61}],"TungstenRod":10,"Meat on the Bone":0},"card_choices":[{"not_picked":["UltimateOffering","ScarletImprint"],"picked":"UnstableMagic","floor":1.0},{"not_picked":["ScarletNetherworld","BlasphemousPunishment"],"picked":"BombardNight","floor":2.0},{"not_picked":["StarOfDavid","SuperhumanBloodyKnife"],"picked":"HeartBreak","floor":3.0},{"not_picked":["NightDance","FavorOfDestiny","BadLadyScramble"],"picked":"SKIP","floor":5.0},{"not_picked":["BombardNight","StarOfDavid","GlobalNightmare"],"picked":"SKIP","floor":7.0},{"not_picked":["BlasphemousPunishment","UnderTheZenith","EndlessAdversity"],"picked":"SKIP","floor":10.0},{"not_picked":["StarOfDavid","FavorOfDestiny","EndlessAdversity"],"picked":"SKIP","floor":12.0},{"not_picked":["NightDance","FitfulNightmare","RedRainbow"],"picked":"SKIP","floor":13.0},{"not_picked":["BatForm","BloodRain"],"picked":"ScarletMeister","floor":16.0},{"not_picked":["BloodyTrap+1","RedRainbow+1"],"picked":"ScarletImprint","floor":18.0},{"not_picked":["NightDance","BloodyTrap+1","ScarletImprint"],"picked":"SKIP","floor":21.0},{"not_picked":["ScarletDevil+1","StarOfDavid+1"],"picked":"CharismaGuard+1","floor":22.0},{"not_picked":["MastersStateliness","BloodyTrap"],"picked":"UnderTheZenith","floor":23.0},{"not_picked":["TricksterDevil","UnderTheZenith","BombardNight"],"picked":"SKIP","floor":24.0},{"not_picked":["NightDance","AfternoonTea","Stigmanizer"],"picked":"SKIP","floor":27.0},{"not_picked":["VampireClaw+1","ScarletDevil+1","Stigmanizer"],"picked":"SKIP","floor":28.0},{"not_picked":["BloodRain","UltimateOffering+1"],"picked":"BloodHunter","floor":31.0},{"not_picked":["ForecastOfChange","BloodyCatastrophe"],"picked":"BloodySeventeenLaser","floor":33.0},{"not_picked":["DiffusionOfMisfortune+1","FitfulNightmare+1","NightDance+1"],"picked":"SKIP","floor":35.0},{"not_picked":["DiffusionOfMisfortune","ForbiddenFruit","ScarletImprint+1"],"picked":"SKIP","floor":40.0},{"not_picked":["BadLadyScramble+1","MillenniumVampire","Septette+1"],"picked":"SKIP","floor":44.0},{"not_picked":["SuperhumanBloodyKnife","ReincarnationDial","VampirishNight+1"],"picked":"SKIP","floor":45.0},{"not_picked":["NightLord+1","BloodyTrap","VampireSweep+1"],"picked":"SKIP","floor":47}],"player_experience":441139,"relics_obtained":[{"floor":7.0,"key":"Dota2Spire:PowerTreads"},{"floor":9.0,"key":"PreservedInsect"},{"floor":13.0,"key":"aspiration:StickyExplosives"},{"floor":23.0,"key":"TungstenRod"},{"floor":26.0,"key":"ScarletDevilRocket"},{"floor":28.0,"key":"Orichalcum"},{"floor":30.0,"key":"Calipers"},{"floor":30.0,"key":"Meat on the Bone"},{"floor":40.0,"key":"reliquary:Buckler"},{"floor":42.0,"key":"CatCart"},{"floor":43.0,"key":"Dota2Spire:EyeOfSkadi"},{"floor":45.0,"key":"reliquary:Sideboard"},{"floor":46,"key":"Old Coin"}],"event_choices":[{"cards_removed":["Defend_RM"],"damage_healed":0.0,"max_hp_gain":0.0,"max_hp_loss":0.0,"gold_gain":0.0,"event_name":"The Cleric","player_choice":"Card Removal","floor":4.0,"gold_loss":50.0,"damage_taken":0.0},{"damage_healed":0.0,"max_hp_gain":0.0,"max_hp_loss":0.0,"gold_gain":0.0,"event_name":"Scrap Ooze","player_choice":"Success","floor":11.0,"gold_loss":0.0,"damage_taken":7.0,"relics_obtained":["SSSystem"]},{"damage_healed":0.0,"max_hp_gain":0.0,"max_hp_loss":0.0,"gold_gain":0.0,"event_name":"Duplicator","player_choice":"Copied","floor":20.0,"gold_loss":0.0,"damage_taken":0.0,"cards_obtained":["AT_RealColorLess"]},{"damage_healed":0.0,"max_hp_gain":5.0,"max_hp_loss":0.0,"gold_gain":0.0,"event_name":"Forgotten Altar","player_choice":"Shed Blood","floor":29.0,"gold_loss":0.0,"damage_taken":19.0},{"damage_healed":0.0,"max_hp_gain":0.0,"max_hp_loss":0.0,"gold_gain":0.0,"event_name":"Colosseum","player_choice":"Fight","floor":30.0,"gold_loss":0.0,"damage_taken":0.0},{"damage_healed":0.0,"max_hp_gain":0.0,"max_hp_loss":0.0,"gold_gain":0.0,"event_name":"Colosseum","player_choice":"Fought Nobs","floor":30.0,"gold_loss":0.0,"damage_taken":0.0},{"cards_removed":["CharismaGuard"],"damage_healed":0.0,"max_hp_gain":0.0,"max_hp_loss":0.0,"gold_gain":0.0,"event_name":"Falling","player_choice":"Removed Power","floor":36.0,"gold_loss":0.0,"damage_taken":0.0},{"damage_healed":0.0,"max_hp_gain":0.0,"max_hp_loss":0.0,"gold_gain":0.0,"event_name":"Tomb of Lord Red Mask","player_choice":"Paid","floor":38.0,"gold_loss":40.0,"damage_taken":0.0,"relics_obtained":["Red Mask"]},{"damage_healed":0.0,"max_hp_gain":0.0,"max_hp_loss":0.0,"gold_gain":0.0,"event_name":"Winding Halls","player_choice":"Embrace Madness","floor":39.0,"gold_loss":0.0,"damage_taken":10.0,"cards_obtained":["Madness","Madness"]},{"damage_healed":0.0,"max_hp_gain":0.0,"max_hp_loss":0.0,"gold_gain":0.0,"event_name":"OrinTheCat","player_choice":"Fight","floor":42.0,"gold_loss":0.0,"damage_taken":0.0},{"damage_healed":0.0,"max_hp_gain":0.0,"max_hp_loss":0.0,"gold_gain":0.0,"event_name":"Mysterious Sphere","player_choice":"Fight","floor":46.0,"gold_loss":0.0,"damage_taken":0.0}],"is_beta":false,"boss_relics":[{"not_picked":["energizedSpire:DeadBattery","Velvet Choker"],"picked":"SoulBox"},{"not_picked":["Snecko Eye","energizedSpire:OgreHead"],"picked":"energizedSpire:NeverEndingSparkler"}],"items_purged_floors":[48],"is_endless":false,"potions_floor_spawned":[5,7,13,16,22,28,30,30,31,44,45,46],"ascension_level":0}}