{"host":"8is2j71l4wmybkoi","time":1613044269,"event":{"mods":["AchievementEnabler","BaseMod","Colored Map","Minty Spire (QoL Compilation)","Rare Cards Sparkle","StSLib","SuperFastMode"],"gold_per_floor":[118,131,131,131,144,144,156,168,168,202,215,242,242,258,258,333,333,343,268,268,268,268,283,283,283],"floor_reached":24,"language":"KOR","playtime":625,"items_purged":[],"score":364,"play_id":"2323af10-28dc-4856-97b6-b00a9a6507fa","local_time":"20210211205109","is_ascension_mode":true,"campfire_choices":[{"data":"Bash","floor":6.0,"key":"SMITH"},{"data":"Evolve","floor":13,"key":"SMITH"},{"data":"Pommel Strike","floor":15,"key":"SMITH"}],"circlet_count":0,"master_deck":["AscendersBane","Strike_R","Defend_R","Defend_R","Defend_R+1","Defend_R","Bash+1","Evolve+1","Headbutt","Twin Strike","Anger","Impervious","Bloodletting","Pommel Strike+1","Offering","Disarm+1"],"relics":["Burning Blood","Ancient Tea Set","Sundial","Sozu","War Paint"],"acts_visited":["Exordium","TheCity"],"potions_floor_usage":[7,10,10,12,16],"damage_taken":[{"damage":7.0,"enemies":"Small Slimes","floor":1.0,"turns":5.0},{"damage":9.0,"enemies":"2 Louse","floor":2.0,"turns":4.0},{"damage":9.0,"enemies":"Jaw Worm","floor":5.0,"turns":3.0},{"damage":0,"enemies":"3 Louse","floor":7,"turns":2},{"damage":19,"enemies":"2 Fungi Beasts","floor":8,"turns":4},{"damage":16,"enemies":"Gremlin Nob","floor":10,"turns":3},{"damage":10,"enemies":"Exordium Wildlife","floor":11,"turns":4},{"damage":25,"enemies":"3 Sentries","floor":12,"turns":7},{"damage":5,"enemies":"3 Louse","floor":14,"turns":3},{"damage":21,"enemies":"Slime Boss","floor":16,"turns":8},{"damage":37,"enemies":"3 Byrds","floor":18,"turns":6},{"damage":11,"enemies":"Shell Parasite","floor":23,"turns":4},{"damage":13,"enemies":"Sentry and Sphere","floor":24,"turns":2}],"seed_played":"-3609928726235389386","potions_obtained":[{"floor":1.0,"key":"PowerPotion"},{"floor":5.0,"key":"Explosive Potion"},{"floor":8,"key":"SteroidPotion"},{"floor":10,"key":"LiquidBronze"},{"floor":12,"key":"Block Potion"}],"is_trial":false,"path_per_floor":["M","M","?","?","M","R","M","M","T","E","M","E","R","M","R","B",null,"M","?","?","T","?","M","M"],"character_chosen":"IRONCLAD","items_purchased":[],"campfire_rested":0,"item_purchase_floors":[],"current_hp_per_floor":[67,64,64,64,61,61,67,54,54,44,40,21,21,22,22,7,53,22,22,3,3,18,13,0,0],"gold":283,"neow_bonus":"REMOVE_TWO","is_daily":false,"chose_seed":false,"campfire_upgraded":3,"win_rate":0.0,"timestamp":1613044269,"path_taken":["M","M","?","?","M","R","M","M","T","E","M","E","R","M","R","BOSS","M","?","?","?","?","M","M"],"items_purchased_type":[],"build_version":"2020-12-22","purchased_purges":0,"victory":false,"max_hp_per_floor":[68,68,68,68,68,68,68,68,68,68,68,68,68,68,68,68,68,68,68,73,73,73,73,73,73],"card_choices":[{"not_picked":["Metallicize","Body Slam"],"picked":"Evolve","floor":1.0},{"not_picked":["Flex","Twin Strike"],"picked":"Headbutt","floor":2.0},{"not_picked":["Metallicize","Sentinel"],"picked":"Anger","floor":5.0},{"not_picked":["Clash","Heavy Blade","Body Slam"],"picked":"SKIP","floor":7},{"not_picked":["Cleave","True Grit","Perfected Strike"],"picked":"SKIP","floor":8},{"not_picked":["Clothesline","Ghostly Armor"],"picked":"Impervious","floor":10},{"not_picked":["Shrug It Off","Cleave"],"picked":"Bloodletting","floor":11},{"not_picked":["Warcry","Wild Strike","Clash"],"picked":"SKIP","floor":12},{"not_picked":["Clothesline","Thunderclap"],"picked":"Pommel Strike","floor":14},{"not_picked":["Impervious","Juggernaut"],"picked":"Offering","floor":16},{"not_picked":["Sword Boomerang","Havoc"],"picked":"Disarm","floor":18},{"not_picked":["Rampage","Wild Strike","Sword Boomerang+1"],"picked":"SKIP","floor":23}],"player_experience":1140114,"relics_obtained":[{"floor":10,"key":"Ancient Tea Set"},{"floor":12,"key":"Sundial"},{"floor":21,"key":"War Paint"}],"event_choices":[{"damage_healed":0.0,"max_hp_gain":0.0,"max_hp_loss":0.0,"gold_gain":0.0,"event_name":"Liars Game","player_choice":"Ignored","floor":3.0,"gold_loss":0.0,"damage_taken":0.0},{"damage_healed":0.0,"max_hp_gain":0.0,"max_hp_loss":0.0,"gold_gain":0.0,"cards_transformed":["Strike_R"],"event_name":"Living Wall","player_choice":"Change","floor":4.0,"gold_loss":0.0,"damage_taken":0.0,"cards_obtained":["Twin Strike"]},{"cards_removed":["Strike_R"],"damage_healed":0,"gold_gain":0,"player_choice":"Gave Gold","damage_taken":0,"max_hp_gain":0,"max_hp_loss":0,"event_name":"Beggar","floor":19,"gold_loss":75},{"damage_healed":0,"gold_gain":0,"player_choice":"Shed Blood","damage_taken":24,"max_hp_gain":5,"max_hp_loss":0,"event_name":"Forgotten Altar","floor":20,"gold_loss":0},{"damage_healed":15,"gold_gain":0,"player_choice":"Heal","damage_taken":0,"max_hp_gain":0,"max_hp_loss":0,"event_name":"The Library","floor":22,"gold_loss":0}],"is_beta":false,"boss_relics":[{"not_picked":["Velvet Choker","Ectoplasm"],"picked":"Sozu"}],"items_purged_floors":[],"is_endless":false,"potions_floor_spawned":[1,5,8,10,12,18,23],"killed_by":"Sentry and Sphere","ascension_level":15}}