{"host":"ox77rn1xcurm2t5a","time":1613086031,"event":{"mods":["2.2 Compatiblity","AchievementEnabler","Act Like it!","Aspiration","BaseMod","Best Route Mod","Better Match","Better Note","Better Sensory Stone","Block Reminder","Colored Map","Colored Powertips","Conjunction","Conspire","Custom Start","Energized Spire","GifTheSpireLib","Gold Saver","Gremlin Skip","Halation","Highlight Path","Hubris","Infinite Spire","Minty Spire (QoL Compilation)","Pale of the Ancients","Quick Restart","Replay The Spire","Reworked Bosses","ShortenTheSpire","Spire Exporter","StSLib","Stuff the Spire","Wandering Minibosses"],"gold_per_floor":[474,485,485,500,514,514,541,21,21,21,21,71,102,113,113,217,217,229,249,5,23,41,41,69,69,69,69,69,88,118,133,133,230,230,248,248,248,260,278,278,311,311,311,321,353,365,395,395,395,395,395,395,8289,8321,8321,8321],"floor_reached":55,"language":"ENG","playtime":1773,"items_purged":["Defend_R","Defend_R"],"score":872,"play_id":"e6487664-be4a-45e7-a957-47a03b9105ad","local_time":"20210212012711","is_ascension_mode":true,"campfire_choices":[{"floor":6.0,"key":"RECALL"},{"data":"Inflame","floor":10.0,"key":"SMITH"},{"data":"Thunderclap","floor":15.0,"key":"SMITH"},{"data":"Defend_R","floor":23.0,"key":"SMITH"},{"data":"Defend_R","floor":23.0,"key":"SMITH"},{"floor":25.0,"key":"REST"},{"floor":28.0,"key":"REST"},{"data":"Strike_R","floor":32.0,"key":"SMITH"},{"data":"Strike_R","floor":32.0,"key":"SMITH"},{"data":"Spot Weakness","floor":40.0,"key":"SMITH"},{"data":"Berserk","floor":40.0,"key":"SMITH"},{"floor":42.0,"key":"REST"},{"floor":49.0,"key":"REST"},{"data":"Strike_R","floor":52.0,"key":"SMITH"},{"data":"Strike_R","floor":52.0,"key":"SMITH"}],"circlet_count":0,"master_deck":["Strike_R+1","Strike_R","Strike_R+1","Strike_R+1","Strike_R+1","Defend_R+1","Defend_R+1","Bash+1","Thunderclap+1","Inflame+1","Cleave+1","conspire:ExplosiveBarrier+1","Perfected Strike+1","Reaper+1","CurseOfTheBell","Iron Wave+1","Clash+1","Sword Boomerang+1","Rampage+1","Clash+1","Infernal Blade+1","Clash+1","Berserk+1","Spot Weakness+1","Clash+1","Clash+1","Ghostly Armor+1","Clash+1","Clash+1","Panacea","Metallicize","Uppercut+1","Anger+1"],"relics":["Burning Blood","Molten Egg 2","halation:LettersToHer","ReplayTheSpireMod:Ninjato","Question Card","Calling Bell","Potion Belt","StuffTheSpire:EmeraldSignet","Replay:Arrowhead","Guide Book","Red Skull","Matryoshka","StuffTheSpire:Mouthbags","hubris:PeanutButter","King of Hearts","hubris:ChampionShield","Replay:Rubber Ducky","conspire:GiftBox","PreservedInsect","infinitespire:Joker Card","hubris:SphereOfDissonance","infinitespire:Beetle Shell"],"acts_visited":["Exordium","TheCity","TheBeyond","TheEnding"],"potions_floor_usage":[],"damage_taken":[{"damage":6.0,"enemies":"Jaw Worm","floor":1.0,"turns":4.0},{"damage":6.0,"enemies":"Cultist","floor":2.0,"turns":3.0},{"damage":6.0,"enemies":"2 Louse","floor":4.0,"turns":3.0},{"damage":6.0,"enemies":"Exordium Wildlife","floor":5.0,"turns":5.0},{"damage":11.0,"enemies":"Gremlin Nob","floor":7.0,"turns":3.0},{"damage":9.0,"enemies":"Replay:BlueRogue","floor":13.0,"turns":6.0},{"damage":2.0,"enemies":"Blue Slaver","floor":14.0,"turns":2.0},{"damage":47.0,"enemies":"The Guardian","floor":16.0,"turns":13.0},{"damage":47.0,"enemies":"Shell Parasite","floor":18.0,"turns":5.0},{"damage":13.0,"enemies":"3 Byrds","floor":19.0,"turns":4.0},{"damage":13.0,"enemies":"Snake Plant","floor":21.0,"turns":4.0},{"damage":28.0,"enemies":"Centurion and Healer","floor":22.0,"turns":6.0},{"damage":50.0,"enemies":"Book of Stabbing","floor":24.0,"turns":5.0},{"damage":33.0,"enemies":"Shelled Parasite and Fungi","floor":29.0,"turns":3.0},{"damage":27.0,"enemies":"conspire:SneckoGhost","floor":30.0,"turns":6.0},{"damage":0.0,"enemies":"Cultist and Chosen","floor":31.0,"turns":4.0},{"damage":0.0,"enemies":"bossMod:newChamp","floor":33.0,"turns":5.0},{"damage":0.0,"enemies":"3 Shapes","floor":35.0,"turns":4.0},{"damage":19.0,"enemies":"3 Darklings","floor":38.0,"turns":4.0},{"damage":1.0,"enemies":"Sphere and 2 Shapes","floor":39.0,"turns":2.0},{"damage":19.0,"enemies":"R_Hoarder","floor":41.0,"turns":7.0},{"damage":36.0,"enemies":"Jaw Worm Horde","floor":44.0,"turns":3.0},{"damage":51.0,"enemies":"Nemesis","floor":45.0,"turns":5.0},{"damage":0.0,"enemies":"Spire Growth","floor":46.0,"turns":3.0},{"damage":41.0,"enemies":"Reptomancer","floor":47.0,"turns":4.0},{"damage":34.0,"enemies":"bossMod:newShapes","floor":50.0,"turns":6.0},{"damage":1.0,"enemies":"Shield and Spear","floor":54.0,"turns":2.0},{"damage":82,"enemies":"The Heart","floor":55,"turns":5}],"seed_played":"7235966833067470382","potions_obtained":[{"floor":1.0,"key":"BloodPotion"},{"floor":5.0,"key":"Fire Potion"},{"floor":13.0,"key":"Adrenaline Potion"},{"floor":16.0,"key":"Elixir"},{"floor":18.0,"key":"SpeedPotion"},{"floor":22.0,"key":"LiquidBronze"},{"floor":30.0,"key":"BlessingOfTheForge"},{"floor":31.0,"key":"LifebloodPotion"},{"floor":44.0,"key":"PowerPotion"},{"floor":45.0,"key":"Ancient Potion"},{"floor":46.0,"key":"Toxic Potion"},{"floor":47.0,"key":"Conjunction:LightningMarble"}],"is_trial":false,"path_per_floor":["M","M","?","M","M","R","E","$","T","R","$","?","E","M","R","B",null,"M","M","$","M","M","R","E","R","T","?","R","M","E","M","R","B",null,"M","AVR","?","M","M","R","E","R","T","M","E","M","E","?","R","B",null,"R","$","E","B"],"character_chosen":"IRONCLAD","items_purchased":["Cleave+1","halation:LettersToHer","ReplayTheSpireMod:Ninjato","Guide Book","Clash+1","Panacea","Metallicize","infinitespire:Joker Card","hubris:SphereOfDissonance","AttackPotion","AttackPotion","Weak Potion"],"campfire_rested":4,"item_purchase_floors":[8,8,8,20,53,53,53,53,53,53,53,53],"current_hp_per_floor":[80,80,80,80,80,80,75,75,75,75,75,75,72,76,76,51,80,46,48,48,52,40,40,9,33,33,33,57,43,22,46,46,52,80,80,80,80,67,72,72,59,80,80,64,35,41,25,25,49,21,80,80,80,80,0,0],"gold":8321,"neow_bonus":"HUNDRED_GOLD","is_daily":false,"chose_seed":false,"campfire_upgraded":10,"win_rate":0.0,"timestamp":1613086031,"path_taken":["M","M","?","?","M","R","E","$","T","R","$","?","E","M","R","BOSS","M","M","$","M","M","R","E","R","T","?","R","M","E","?","R","BOSS","M","AVR","?","M","M","R","E","R","T","M","E","M","E","?","R","BOSS","R","$","E","BOSS"],"items_purchased_type":["Card","Relic","Relic","Relic","Card","Card","Card","Relic","Relic","Potion","Potion","Potion"],"build_version":"2020-12-22","purchased_purges":2,"victory":false,"max_hp_per_floor":[80,80,80,80,80,80,80,80,80,80,80,80,80,80,80,80,80,80,80,80,80,80,80,80,80,80,80,80,80,80,80,80,80,80,80,80,80,80,80,80,80,80,80,80,80,80,80,80,80,80,80,80,80,80,80,80],"card_choices":[{"not_picked":["True Grit","Fire Breathing"],"picked":"Anger","floor":1.0},{"not_picked":["Twin Strike","Burning Pact"],"picked":"Thunderclap","floor":2.0},{"not_picked":["Evolve","ReplayTheSpireMod:Strike From Hell","Armaments"],"picked":"SKIP","floor":4.0},{"not_picked":["Clash","Rupture"],"picked":"Inflame","floor":5.0},{"not_picked":["hubris:ReadiedAction","Flex","Massacre+1"],"picked":"SKIP","floor":7.0},{"not_picked":["Juggernaut","StuffTheSpire:BloodClot"],"picked":"conspire:ExplosiveBarrier","floor":13.0},{"not_picked":["Pommel Strike+1","Wild Strike+1","StuffTheSpire:RockThrow+1"],"picked":"Perfected Strike+1","floor":14.0},{"not_picked":["Fiend Fire+1","Corruption","conspire:Purge"],"picked":"Reaper+1","floor":16.0},{"not_picked":["Burning Pact","Wild Strike+1","StuffTheSpire:Incineration+1","Power Through"],"picked":"SKIP","floor":18.0},{"not_picked":["Armaments","Seeing Red","StuffTheSpire:Pyroclast+1"],"picked":"Iron Wave+1","floor":19.0},{"not_picked":["Dual Wield+1","Pommel Strike+1","Twin Strike+1"],"picked":"Clash+1","floor":21.0},{"not_picked":["Bludgeon+1","StuffTheSpire:Incineration+1","Clothesline+1"],"picked":"Sword Boomerang+1","floor":22.0},{"not_picked":["Whirlwind+1","Evolve+1","Abandon+1"],"picked":"Rampage+1","floor":24.0},{"not_picked":["StuffTheSpire:RockThrow+1","Reckless Charge+1","Seeing Red"],"picked":"Clash+1","floor":29.0},{"not_picked":["Bloodletting","Hemokinesis+1","Run Through+1"],"picked":"Infernal Blade+1","floor":30.0},{"not_picked":["ReplayTheSpireMod:Strike From Hell+1","Juggernaut","Armaments"],"picked":"Clash+1","floor":31.0},{"not_picked":["hubris:StunningStrike+1","Demonic Infusion","Juggernaut"],"picked":"Berserk","floor":33.0},{"not_picked":["Blood for Blood+1","ReplayTheSpireMod:Strike From Hell+1","hubris:SharpeningStone+1"],"picked":"Spot Weakness","floor":35.0},{"not_picked":["Sword Boomerang+1","Cleave+1","Replay:Undeath\u0027s Touch+1"],"picked":"Clash+1","floor":38.0},{"not_picked":["Defy Death+1","Anger+1","Bloodletting+1"],"picked":"Clash+1","floor":39.0},{"not_picked":["Run Through+1","Headbutt+1","Bludgeon+1"],"picked":"Ghostly Armor+1","floor":41.0},{"not_picked":["Warcry","Life Link","ReplayTheSpireMod:Limb From Limb+1","StuffTheSpire:RockThrow+1"],"picked":"SKIP","floor":44.0},{"not_picked":["hubris:CleavingFinish+1","Second Wind+1","Armaments","Sentinel"],"picked":"SKIP","floor":45.0},{"not_picked":["hubris:CleavingFinish+1","Second Wind+1","Armaments","Sentinel"],"picked":"SKIP","floor":45.0},{"not_picked":["Havoc+1","StuffTheSpire:Pyroclast+1","Dark Embrace+1","Iron Wave+1"],"picked":"SKIP","floor":46.0},{"not_picked":["Dual Wield","Headbutt+1","conspire:Purge","StuffTheSpire:Pyroclast+1"],"picked":"SKIP","floor":47.0},{"not_picked":["Headbutt+1","Pommel Strike+1","Anger+1"],"picked":"Uppercut+1","floor":54.0}],"player_experience":3089693,"relics_obtained":[{"floor":7.0,"key":"Molten Egg 2"},{"floor":9.0,"key":"halation:LettersToHer"},{"floor":13.0,"key":"Question Card"},{"floor":17.0,"key":"Potion Belt"},{"floor":17.0,"key":"StuffTheSpire:EmeraldSignet"},{"floor":17.0,"key":"Replay:Arrowhead"},{"floor":24.0,"key":"Red Skull"},{"floor":26.0,"key":"halation:LettersToHer"},{"floor":26.0,"key":"Matryoshka"},{"floor":30.0,"key":"StuffTheSpire:Mouthbags"},{"floor":41.0,"key":"King of Hearts"},{"floor":43.0,"key":"halation:LettersToHer"},{"floor":43.0,"key":"hubris:ChampionShield"},{"floor":43.0,"key":"Replay:Rubber Ducky"},{"floor":45.0,"key":"conspire:GiftBox"},{"floor":47.0,"key":"PreservedInsect"},{"floor":54.0,"key":"infinitespire:Beetle Shell"}],"event_choices":[{"damage_healed":0.0,"max_hp_gain":0.0,"max_hp_loss":0.0,"gold_gain":0.0,"event_name":"Accursed Blacksmith","player_choice":"Forge","floor":3.0,"gold_loss":0.0,"damage_taken":0.0,"cards_upgraded":["Bash"]},{"damage_healed":0.0,"max_hp_gain":0.0,"max_hp_loss":0.0,"gold_gain":50.0,"event_name":"Golden Wing","player_choice":"Gained Gold","floor":12.0,"gold_loss":0.0,"damage_taken":0.0},{"damage_healed":0.0,"max_hp_gain":0.0,"max_hp_loss":0.0,"gold_gain":0.0,"event_name":"betterNote:BetterNote","player_choice":"Ignored","floor":27.0,"gold_loss":0.0,"damage_taken":0.0,"cards_obtained":["Strike_P"]},{"damage_healed":0.0,"max_hp_gain":0.0,"max_hp_loss":0.0,"gold_gain":0.0,"event_name":"Duplicator","player_choice":"Copied","floor":48.0,"gold_loss":0.0,"damage_taken":0.0,"cards_obtained":["Clash"]}],"is_beta":false,"boss_relics":[{"not_picked":["halation:PlatinumPhoenix","energizedSpire:CursedPentagram"],"picked":"Calling Bell"},{"not_picked":["Snecko Eye","Pandora\u0027s Box","energizedSpire:StickyHand"]}],"items_purged_floors":[8,20],"is_endless":false,"potions_floor_spawned":[1,5,13,16,18,22,30,31,44,45,46,47],"killed_by":"The Heart","ascension_level":1}}