{"host":"q6ff4ns2kep02ti6","time":1613070803,"event":{"mods":["AchievementEnabler","BaseMod","Minty Spire (QoL Compilation)","Relic Stats","StSLib","Unceasing Turn Reminder"],"gold_per_floor":[111,125,144,144,156,168,195,234,270,282,294,368,47,76,76,76,76],"floor_reached":16,"language":"ENG","playtime":1016,"items_purged":[],"score":236,"play_id":"06f0be99-e644-4752-b9c5-163c3bc116ab","local_time":"20210211201323","is_ascension_mode":true,"campfire_choices":[{"floor":6,"key":"REST"},{"floor":11,"key":"REST"},{"data":"Bash","floor":15,"key":"SMITH"}],"circlet_count":0,"master_deck":["AscendersBane","Strike_R","Strike_R","Strike_R","Strike_R","Strike_R","Defend_R","Defend_R","Defend_R","Defend_R","Bash+1","Infernal Blade","Anger","Inflame","Clothesline","Reaper","Sword Boomerang"],"relics":["Black Star","MawBank","Pen Nib","Pocketwatch","Happy Flower","Art of War","Anchor","OrangePellets","White Beast Statue","Paper Frog"],"acts_visited":["Exordium"],"potions_floor_usage":[8,10],"damage_taken":[{"damage":9,"enemies":"Small Slimes","floor":1,"turns":4},{"damage":2,"enemies":"2 Louse","floor":2,"turns":5},{"damage":4,"enemies":"Jaw Worm","floor":3,"turns":4},{"damage":1,"enemies":"3 Louse","floor":7,"turns":4},{"damage":35,"enemies":"3 Sentries","floor":8,"turns":8},{"damage":0,"enemies":"Gremlin Nob","floor":10,"turns":2},{"damage":6,"enemies":"Gremlin Nob","floor":12,"turns":3},{"damage":25,"enemies":"Lagavulin","floor":14,"turns":6},{"damage":29,"enemies":"The Guardian","floor":16,"turns":8}],"seed_played":"3883425766298895116","potions_obtained":[{"floor":1,"key":"SmokeBomb"},{"floor":3,"key":"AttackPotion"}],"is_trial":false,"path_per_floor":["M","M","M","?","?","R","M","E","T","E","R","?","$","E","R","B"],"character_chosen":"IRONCLAD","items_purchased":["Anchor","OrangePellets"],"campfire_rested":2,"item_purchase_floors":[13,13],"current_hp_per_floor":[59,57,53,18,18,40,39,4,4,10,32,32,32,16,16,0,0],"gold":76,"neow_bonus":"BOSS_RELIC","is_daily":false,"chose_seed":false,"campfire_upgraded":1,"win_rate":0.0,"timestamp":1613070803,"path_taken":["M","M","M","?","?","R","M","E","T","E","R","?","?","E","R","BOSS"],"items_purchased_type":["Relic","Relic"],"build_version":"2020-12-22","purchased_purges":0,"victory":false,"max_hp_per_floor":[75,75,75,75,75,75,75,75,75,75,75,75,75,75,75,75,75],"relic_stats":{"OrangePellets":[0],"Happy Flower":[6],"counters":[9,44],"Pen Nib":[3],"Black Star":3,"Art of War":[1],"MawBank":108,"obtain_stats":[{"OrangePellets":13,"Anchor":13,"Happy Flower":9,"Pen Nib":8,"Black Star":0,"Art of War":12,"MawBank":4,"Burning Blood":0,"White Beast Statue":14,"Pocketwatch":8,"Paper Frog":14},{"OrangePellets":7,"Anchor":7,"Happy Flower":5,"Pen Nib":5,"Black Star":0,"Art of War":7,"MawBank":3,"Burning Blood":0,"White Beast Statue":8,"Pocketwatch":5,"Paper Frog":8},{"OrangePellets":30,"Anchor":30,"Happy Flower":25,"Pen Nib":25,"Black Star":0,"Art of War":30,"MawBank":13,"Burning Blood":0,"White Beast Statue":36,"Pocketwatch":25,"Paper Frog":36}],"Pocketwatch":[39]},"card_choices":[{"not_picked":["Second Wind","Headbutt"],"picked":"Infernal Blade","floor":1},{"not_picked":["Shrug It Off","Burning Pact"],"picked":"Anger","floor":2},{"not_picked":["Flex","Iron Wave"],"picked":"Inflame","floor":3},{"not_picked":["Combust","Wild Strike"],"picked":"Clothesline","floor":7},{"not_picked":["Bloodletting","Armaments"],"picked":"Reaper","floor":8},{"not_picked":["Carnage","Berserk"],"picked":"Sword Boomerang","floor":14}],"player_experience":1055329,"relics_obtained":[{"floor":8,"key":"Pen Nib"},{"floor":8,"key":"Pocketwatch"},{"floor":9,"key":"Happy Flower"},{"floor":12,"key":"Art of War"},{"floor":14,"key":"White Beast Statue"},{"floor":14,"key":"Paper Frog"}],"event_choices":[{"damage_healed":0,"gold_gain":0,"player_choice":"Success","damage_taken":35,"relics_obtained":["MawBank"],"max_hp_gain":0,"max_hp_loss":0,"event_name":"Scrap Ooze","floor":4,"gold_loss":0},{"damage_healed":0,"gold_gain":0,"player_choice":"Ignored","damage_taken":0,"max_hp_gain":0,"max_hp_loss":0,"event_name":"Shining Light","floor":5,"gold_loss":0},{"damage_healed":0,"gold_gain":0,"player_choice":"Searched \u00271\u0027 times","damage_taken":0,"max_hp_gain":0,"max_hp_loss":0,"event_name":"Dead Adventurer","floor":12,"gold_loss":0}],"is_beta":false,"boss_relics":[],"items_purged_floors":[],"is_endless":false,"potions_floor_spawned":[1,3],"killed_by":"The Guardian","ascension_level":20}}