{"host":"68ypu360vyldwzrz","time":1613087165,"event":{"mods":["Act Like it!","BaseMod","Better Note","Better Third Choice","Better Vampires","BetterRewards","CapriCore","DeckTracker","Downfall","Friendly Minions","GifTheSpireLib","Hubris","Jorbs\u0027s Wanderer Trilogy","Luminous","Minty Spire (QoL Compilation)","Quick Restart","Rare Cards Sparkle","Relic Stats","Shade Mod","Shop Mod","StSLib","Td1madao Mod","The Administrix","The Alterego","The Cursed","The Hierophant","The Immortal","The Necromancer","The Senshi","The Servant 0.9.4","The Wild Card","TheVacant"],"gold_per_floor":[117,137,137,199,219,219,230,230,230,280,1,24,43,61,61,184,184,208,258,308,122,172,172,193,193,193,193,211,229,279,329,329,452,452,470,494,519,902,952,952,966,999,999,999,999],"floor_reached":44,"language":"ENG","playtime":4396,"items_purged":["Injury"],"score":522,"play_id":"411d8d5c-9e8d-4661-bc02-bf3567de20f1","local_time":"20210211154605","is_ascension_mode":true,"campfire_choices":[{"data":"Summon_Death_Knight","floor":6.0,"key":"SMITH"},{"data":"Summon_Undead","floor":8.0,"key":"SMITH"},{"data":"Summon_Undead","floor":15.0,"key":"SMITH"},{"data":"Summon_Death_Knight","floor":23.0,"key":"SMITH"},{"data":"Summon_Lich","floor":25.0,"key":"SMITH"},{"data":"Summon_Lich","floor":27.0,"key":"SMITH"},{"data":"Life_Tap","floor":32.0,"key":"SMITH"},{"data":"Thinking Ahead","floor":40.0,"key":"SMITH"}],"circlet_count":0,"master_deck":["Strike_W","Strike_W","Strike_W","Strike_W","Defend_W","Defend_W","Defend_W","Defend_W","Negative_Energy_Arrows","Bone_Wall","Blood_Curse","Vampiric_Strike","Summon_Undead+1","Toxic_Smoke_Screen","Bone_Armor","Summon_Lich+1","Deaths_Shadow","Negative_Energy_Sphere","Summon_Death_Knight+1","Summon_Lich+1","Summon_Death_Knight+1","Negative_Energy_Shield+1","Toxic_Smoke_Screen","Life_Tap+1","Cloudkill","Slay_Living+1","Necromantic_Selection+1","Master of Strategy","Thinking Ahead+1","hubris:DuctTapeCard","Plague_Bolt+1","Negative_Energy_Mist+1","downfall:Haunted"],"relics":["Vampire_Amulet","SsserpentHead","Orichalcum","Potion Belt","SlaversCollar","alterego_mod:SomeoneToFightFor","DollysMirror","hubris:Reverence","hubris:DuctTape","hubris:Icosahedron","hubris:Towel","Cursed Key","hubris:Zylophone","Smiling Mask"],"acts_visited":["Exordium","TheCity","TheBeyond"],"potions_floor_usage":[41,42],"damage_taken":[{"damage":1.0,"enemies":"Cultist","floor":1.0,"turns":4.0},{"damage":0.0,"enemies":"Small Slimes","floor":2.0,"turns":3.0},{"damage":7.0,"enemies":"Jaw Worm","floor":4.0,"turns":4.0},{"damage":11.0,"enemies":"Exordium Wildlife","floor":5.0,"turns":5.0},{"damage":12.0,"enemies":"2 Fungi Beasts","floor":7.0,"turns":4.0},{"damage":14.0,"enemies":"3 Louse","floor":12.0,"turns":4.0},{"damage":8.0,"enemies":"Exordium Wildlife","floor":13.0,"turns":4.0},{"damage":20.0,"enemies":"Large Slime","floor":14.0,"turns":5.0},{"damage":20.0,"enemies":"Hexaghost","floor":16.0,"turns":12.0},{"damage":0.0,"enemies":"Spheric Guardian","floor":18.0,"turns":5.0},{"damage":12.0,"enemies":"2 Thieves","floor":24.0,"turns":5.0},{"damage":0.0,"enemies":"Snecko","floor":28.0,"turns":3.0},{"damage":14.0,"enemies":"Chosen and Byrds","floor":29.0,"turns":5.0},{"damage":5.0,"enemies":"Champ","floor":33.0,"turns":12.0},{"damage":10.0,"enemies":"3 Shapes","floor":35.0,"turns":6.0},{"damage":16.0,"enemies":"Orb Walker","floor":36.0,"turns":4.0},{"damage":28.0,"enemies":"3 Darklings","floor":37.0,"turns":4.0},{"damage":0,"enemies":"Transient","floor":41,"turns":1},{"damage":21,"enemies":"Nemesis","floor":42,"turns":5},{"damage":48,"enemies":"Sphere and 2 Shapes","floor":44,"turns":3}],"seed_played":"8359299661158343151","potions_obtained":[{"floor":4.0,"key":"sneckomod:MuddlingPotion"},{"floor":5.0,"key":"SpeedPotion"},{"floor":12.0,"key":"bronze:BurnAndBuffPotion"},{"floor":14.0,"key":"champ:CounterPotion"},{"floor":16.0,"key":"DistilledChaos"},{"floor":24.0,"key":"ColorlessPotion"},{"floor":28.0,"key":"SmokeBomb"},{"floor":41,"key":"Dexterity Potion"}],"is_trial":false,"path_per_floor":["M","M","?","M","M","R","M","R","T","?","$","M","M","M","R","B",null,"M","?","?","$","T","R","M","R","T","R","M","M","?","?","R","B",null,"M","M","M","?","?","R","M","E","T","M"],"character_chosen":"NECROMANCER","items_purchased":["Potion Belt","Bone_Armor","Summon_Lich","DollysMirror"],"campfire_rested":0,"item_purchase_floors":[11,11,21,21],"current_hp_per_floor":[75,75,75,70,64,64,56,56,56,56,56,57,65,51,51,56,75,75,75,75,75,75,75,75,75,75,75,75,75,75,75,75,72,75,75,75,52,52,47,47,47,34,34,0,0],"gold":999,"neow_bonus":"ONE_RANDOM_RARE_CARD","is_daily":false,"chose_seed":false,"campfire_upgraded":8,"win_rate":0.0,"timestamp":1613087165,"path_taken":["M","M","?","?","M","R","M","R","T","?","$","M","M","M","R","BOSS","M","?","?","$","?","R","M","R","T","R","M","M","?","?","R","BOSS","M","M","M","?","?","R","M","E","T","M"],"items_purchased_type":["Relic","Card","Card","Relic"],"build_version":"2020-12-22","purchased_purges":1,"victory":false,"max_hp_per_floor":[75,75,75,75,75,75,75,75,75,75,75,75,75,75,75,75,75,75,75,75,75,75,75,75,75,75,75,75,75,75,75,75,75,75,75,75,75,75,75,75,75,75,75,75,75],"relic_stats":{"SsserpentHead":450,"counters":[20,98],"Orichalcum":[186],"Cursed Key":1,"Smiling Mask":0,"obtain_stats":[{"Potion Belt":11,"hubris:DuctTape":26,"Golden Idol":10,"Orichalcum":9,"alterego_mod:SomeoneToFightFor":19,"hubris:Towel":31,"Cursed Key":34,"Smiling Mask":43,"hubris:Zylophone":42,"SsserpentHead":3,"SlaversCollar":17,"hubris:Icosahedron":30,"DollysMirror":21,"Vampire_Amulet":0,"hubris:Reverence":22},{"Potion Belt":5,"hubris:DuctTape":11,"Golden Idol":5,"Orichalcum":5,"alterego_mod:SomeoneToFightFor":10,"hubris:Towel":13,"Cursed Key":14,"Smiling Mask":19,"hubris:Zylophone":19,"SsserpentHead":2,"SlaversCollar":9,"hubris:Icosahedron":13,"DollysMirror":10,"Vampire_Amulet":0,"hubris:Reverence":10},{"Potion Belt":20,"hubris:DuctTape":55,"Golden Idol":20,"Orichalcum":20,"alterego_mod:SomeoneToFightFor":50,"hubris:Towel":63,"Cursed Key":75,"Smiling Mask":95,"hubris:Zylophone":95,"SsserpentHead":7,"SlaversCollar":45,"hubris:Icosahedron":63,"DollysMirror":50,"Vampire_Amulet":0,"hubris:Reverence":50}]},"card_choices":[{"not_picked":["Finger_Of_Death","Bone_Bullets"],"picked":"Blood_Curse","floor":1.0},{"not_picked":["Life_Tap","Death_March_Dance"],"picked":"Summon_Undead","floor":2.0},{"not_picked":["Shade_Step","Slay_Living"],"picked":"Vampiric_Strike","floor":4.0},{"not_picked":["Shackles_Of_Pain","Death_Coil"],"picked":"Summon_Undead","floor":5.0},{"not_picked":["Negative_Energy_Mist","Blood_Whip"],"picked":"Toxic_Smoke_Screen","floor":7.0},{"not_picked":["Bones_to_Steel","Finger_Of_Death"],"picked":"Summon_Lich","floor":12.0},{"not_picked":["Detonate_Bones","Shackles_Of_Pain"],"picked":"Deaths_Shadow","floor":13.0},{"not_picked":["Negative_Energy_Mist","Death_Coil"],"picked":"Negative_Energy_Sphere","floor":14.0},{"not_picked":["Cloudkill","Reap_The_Weak"],"picked":"Summon_Death_Knight","floor":16.0},{"not_picked":["Blood_Shield","Pandemic+1","Shackles_Of_Pain+1"],"picked":"SKIP","floor":18.0},{"not_picked":["Bones_to_Steel+1","Chill_Blood"],"picked":"Negative_Energy_Shield+1","floor":24.0},{"not_picked":["Bone_Armor+1","Bone_Bullets"],"picked":"Toxic_Smoke_Screen","floor":28.0},{"not_picked":["Death_Knell","Negative_Energy_Shield"],"picked":"Life_Tap","floor":29.0},{"not_picked":["Blood_Wake","Negative_Energy_Bomb"],"picked":"Cloudkill","floor":33.0},{"not_picked":["Bones_to_Steel+1","Death_March_Dance+1","Blood_Curse+1"],"picked":"SKIP","floor":35.0},{"not_picked":["Bone_Armory","Death_March_Dance"],"picked":"Slay_Living+1","floor":36.0},{"not_picked":["Blood_Curse","Finger_Of_Death"],"picked":"Necromantic_Selection+1","floor":37.0},{"not_picked":["Chrysalis","Transmutation"],"picked":"Master of Strategy","floor":39.0},{"not_picked":["Purity","The Bomb"],"picked":"Thinking Ahead","floor":39.0},{"not_picked":["Consume_Illness","Death_March_Dance+1"],"picked":"Plague_Bolt+1","floor":41},{"not_picked":["Finger_Of_Death+1","Blood_for_Blood"],"picked":"Negative_Energy_Mist+1","floor":42}],"player_experience":388437,"relics_obtained":[{"floor":9.0,"key":"Orichalcum"},{"floor":22.0,"key":"hubris:Reverence"},{"floor":26.0,"key":"hubris:DuctTape"},{"floor":42,"key":"hubris:Zylophone"},{"floor":43,"key":"Smiling Mask"}],"event_choices":[{"damage_healed":0.0,"max_hp_gain":0.0,"max_hp_loss":0.0,"gold_gain":0.0,"event_name":"FaceTrader","player_choice":"Trade","floor":3.0,"gold_loss":0.0,"damage_taken":0.0,"relics_obtained":["SsserpentHead"]},{"damage_healed":0.0,"max_hp_gain":0.0,"max_hp_loss":0.0,"gold_gain":0.0,"event_name":"Golden Idol","player_choice":"Take Wound","floor":10.0,"gold_loss":0.0,"damage_taken":0.0,"relics_obtained":["Golden Idol"],"cards_obtained":["Injury"]},{"damage_healed":0.0,"max_hp_gain":0.0,"max_hp_loss":0.0,"gold_gain":0.0,"event_name":"Secret Garden","player_choice":"Choice 2","floor":19.0,"gold_loss":0.0,"damage_taken":0.0,"relics_obtained":["alterego_mod:SomeoneToFightFor"]},{"damage_healed":0.0,"max_hp_gain":0.0,"max_hp_loss":0.0,"gold_gain":0.0,"event_name":"Beggar","player_choice":"Ignored","floor":20.0,"gold_loss":0.0,"damage_taken":0.0},{"damage_healed":0.0,"max_hp_gain":0.0,"max_hp_loss":0.0,"gold_gain":333.0,"event_name":"The Moai Head","player_choice":"Gave Idol","floor":38.0,"relics_lost":["Golden Idol"],"gold_loss":0.0,"damage_taken":0.0},{"damage_healed":0.0,"max_hp_gain":0.0,"max_hp_loss":0.0,"gold_gain":0.0,"event_name":"SensoryStone","player_choice":"Memory 2","floor":39.0,"gold_loss":0.0,"damage_taken":5.0}],"is_beta":false,"boss_relics":[{"not_picked":["hubris:GrandSneckoEye","Black Star"],"picked":"SlaversCollar"},{"not_picked":["hubris:CrackedHourglass","Velvet Choker"],"picked":"Cursed Key"}],"items_purged_floors":[11],"is_endless":false,"potions_floor_spawned":[4,5,12,14,16,24,28,37,41],"killed_by":"Sphere and 2 Shapes","ascension_level":3}}