{"host":"40vzoph344nwp0en","time":1613015961,"event":{"mods":["2.2 Compatiblity","Act Like it!","BaseMod","Bestiary","Challenge The Spire","Colored Map","DeckTracker","Downfall","Duelist Mod","Friendly Minions","GifTheSpireLib","Hermit","Highlight Path","Infinite Spire","Marisa????????","Minty Spire (QoL Compilation)","Permanent Neow","Relic Sorter","Replay The Spire","Somnambulant","Spicy Shops","StSLib","SuperFastMode","The Bug Knight","The Cursed","The Disciple","The Elementalist","The Marked","The Servant 0.9.4","The Wild Card","??????REMEMod"],"gold_per_floor":[100110,98958,98974,97795,97844,97844,97877,97877,97877,97877,97917,97938,96759,96776,96776,96901,96901,96925,95512,95536,95566,95587,95587,95608,95621,95621,95638,95638,95676,94888,94888,94888,95005,95105,95123,95149,95149,95172,94446,94446,94483,94502,94529,94529,94564,0,0,17,17,24],"floor_reached":51,"language":"ENG","playtime":3743,"items_purged":["Clumsy","HollowMod:NailStrikeStart","HollowMod:QuickDashStart","HollowMod:NailStrikeStart","HollowMod:QuickDashStart","HollowMod:DesolateDive+1","HollowMod:NailStrikeStart"],"score":1076,"play_id":"c88a1720-3e66-4dee-9d71-a9c41dfe08f9","local_time":"20210210205921","is_ascension_mode":false,"campfire_choices":[{"data":"HollowMod:FocusHealStart","floor":6,"key":"SMITH"},{"data":"HollowMod:SiblingsSouls","floor":8,"key":"SMITH"},{"data":"HollowMod:GoodIntentions","floor":10,"key":"SMITH"},{"data":"HollowMod:CloakDash","floor":15,"key":"SMITH"},{"data":"HollowMod:CycloneSlash","floor":15,"key":"SMITH"},{"data":"HollowMod:ChannelNail","floor":23,"key":"SMITH"},{"data":"HollowMod:CycloneSlash","floor":23,"key":"SMITH"},{"data":"HollowMod:CloakDash","floor":32,"key":"SMITH"},{"data":"HollowMod:DoubleDash","floor":32,"key":"SMITH"},{"data":"HollowMod:SoulSplash","floor":40,"key":"SMITH"},{"data":"HollowMod:DashSlash","floor":40,"key":"SMITH"},{"data":"Pot Of Greed","floor":44,"key":"SMITH"},{"data":"Pot Of Greed","floor":44,"key":"SMITH"},{"data":"Pot Of Greed","floor":47,"key":"SMITH"},{"data":"HollowMod:DashSlash","floor":47,"key":"SMITH"},{"data":"HollowMod:PogoStrike","floor":49,"key":"SMITH"},{"data":"HollowMod:GoodIntentions","floor":49,"key":"SMITH"}],"circlet_count":0,"master_deck":["HollowMod:NailStrikeStart","HollowMod:QuickDashStart","HollowMod:QuickDashStart","HollowMod:FocusHealStart+1","HollowMod:PogoStrike+1","HollowMod:CycloneSlash+1","HollowMod:GoodIntentions+1","HollowMod:CycloneSlash+1","HollowMod:GoodIntentions+1","HollowMod:DashSlash+1","HollowMod:DashSlash+1","HollowMod:SiblingsSouls+1","HollowMod:CloakDash+1","HollowMod:DashSlash+1","Finesse","REME_BodyOfCthun","HollowMod:DashSlash+1","HollowMod:AwokenDreamNail+1","HollowMod:GrimmsGift+1","Pot Of Greed+1","Pot Of Greed+1","HollowMod:ChannelNail+1","HollowMod:DesolateDive+1","HollowMod:DoubleDash+1","Pot Of Greed+1","HollowMod:CloakDash+1","HollowMod:PureNailStrike+1","HollowMod:QuirrelsAssistance+1","REME_Flogging+1","HollowMod:SlysStrikes+1","HollowMod:RecoilStrike+1","HollowMod:FastStrike+1","HollowMod:SoulSplash+1","HollowMod:HornetsHelp+1","ReplayTheSpireMod:Brewmster+1","Flash of Steel+1","Pot Of Greed+1","Secret Technique+1","HollowMod:LifebloodCocoon+1","HollowMod:CloakDash+1"],"relics":["HollowMod:VesselMask","REME_ComplimentaryCards","Sundial","HollowMod:MantisClawRelic","Chemical X","Iron Hammer","Counterbalance","REME_ArchaeologicalTools","ReplayFunnel","REME_OnlineShoppingPlatform","OrangePellets","Guardian:PocketSentry","Mirror","Gremlin Horn","REME_HourglassOfDeath","Molten Egg 2","Replay:Lucky Slots","Bag of Preparation","Boot","Replay:Arrowhead","Sozu","REME_CardOfGreed","HollowMod:LifeEnderRelic","Medical Kit","Grinning Jar","HollowMod:StagPassRelic","Enchiridion","Happy Flower","Membership Card","infinitespire:Satchel","Matryoshka","Mercury Hourglass","Centennial Puzzle","Frozen Eye","Replay:Wanted Poster","Kunai","Lee\u0027s Waffle","Replay:WaspNest","ReplayTheSpireMod:ShopPack","Anchor","Blue Doll","Pear","MealTicket","Torii","Red Mask"],"acts_visited":["Exordium","TheCity","TheBeyond"],"potions_floor_usage":[7,7],"damage_taken":[{"damage":2,"enemies":"Jaw Worm","floor":1,"turns":5},{"damage":0,"enemies":"Cultist","floor":3,"turns":4},{"damage":0,"enemies":"Small Slimes","floor":5,"turns":2},{"damage":2,"enemies":"Lagavulin Event","floor":7,"turns":3},{"damage":0,"enemies":"Gremlin Nob","floor":11,"turns":4},{"damage":0,"enemies":"Blue Slaver","floor":12,"turns":3},{"damage":0,"enemies":"3 Louse","floor":14,"turns":1},{"damage":1,"enemies":"HollowMod:FalseKnight","floor":16,"turns":9},{"damage":0,"enemies":"HollowMod:HuskSentry","floor":18,"turns":2},{"damage":0,"enemies":"Shell Parasite","floor":20,"turns":2},{"damage":0,"enemies":"Shelled Parasite and Fungi","floor":21,"turns":2},{"damage":0,"enemies":"Chosen and Byrds","floor":22,"turns":2},{"damage":0,"enemies":"Cultist and Chosen","floor":24,"turns":3},{"damage":0,"enemies":"Centurion and Healer","floor":25,"turns":1},{"damage":0,"enemies":"Snecko","floor":27,"turns":2},{"damage":0,"enemies":"theDuelist:KaibaA2","floor":29,"turns":2},{"damage":0,"enemies":"HollowMod:NKGrimm","floor":33,"turns":3},{"damage":0,"enemies":"Orb Walker","floor":35,"turns":1},{"damage":0,"enemies":"3 Darklings","floor":36,"turns":2},{"damage":0,"enemies":"Transient","floor":38,"turns":5},{"damage":0,"enemies":"HollowMod:SlobberingHusk","floor":41,"turns":4},{"damage":0,"enemies":"Writhing Mass","floor":42,"turns":2},{"damage":0,"enemies":"Nemesis","floor":45,"turns":1},{"damage":6,"enemies":"Transient","floor":48,"turns":5},{"damage":0,"enemies":"Awakened One","floor":50,"turns":4}],"seed_played":"-8032955824608719368","potions_obtained":[{"floor":1,"key":"Ancient Potion"}],"is_trial":false,"path_per_floor":["M","$","M","$","M","R","?","R","T","R","E","M","$","M","R_BF","B",null,"M","$","M","M","M","R","M","M","T","M","?","E","$","?","R","B",null,"M","M","?","M","$","R","M","M","T","R","E","?","R","M","R","B",null],"character_chosen":"THE_BUGKNIGHT","items_purchased":["Sundial","HollowMod:MantisClawRelic","Chemical X","Iron Hammer","Counterbalance","champ:CounterPotion","HollowMod:CycloneSlash","HollowMod:GoodIntentions","REME_ArchaeologicalTools","ReplayFunnel","REME_OnlineShoppingPlatform","OrangePellets","Guardian:PocketSentry","Mirror","Replay:Lucky Slots","Bag of Preparation","Boot","Replay:Arrowhead","Finesse","REME_BodyOfCthun","REME_CardOfGreed","HollowMod:LifeEnderRelic","Medical Kit","Grinning Jar","HollowMod:ChannelNail","HollowMod:DesolateDive+1","HollowMod:DoubleDash","Membership Card","infinitespire:Satchel","Matryoshka","Mercury Hourglass","Centennial Puzzle","Frozen Eye","HollowMod:QuirrelsAssistance+1","REME_Flogging","Kunai","Lee\u0027s Waffle","Replay:WaspNest","ReplayTheSpireMod:ShopPack","Anchor","Blue Doll","HollowMod:HornetsHelp+1"],"campfire_rested":0,"item_purchase_floors":[2,2,2,2,2,2,2,2,4,4,4,4,4,4,13,13,13,13,13,13,19,19,19,19,19,19,19,30,30,30,30,30,30,30,30,39,39,39,39,39,39,39],"current_hp_per_floor":[73,73,73,73,73,73,71,71,71,71,71,71,71,71,71,75,75,75,75,75,75,75,75,75,75,75,75,59,59,59,59,59,59,75,75,75,75,75,82,82,82,82,92,92,92,92,92,86,86,86],"gold":24,"neow_bonus":"THREE_CARDS","is_daily":false,"chose_seed":false,"campfire_upgraded":17,"win_rate":0.0,"timestamp":1613015961,"path_taken":["M","$","M","$","M","R","?","R","T","R","E","M","$","M","R_BF","BOSS","M","$","M","M","M","R","M","M","T","M","?","E","$","?","R","BOSS","M","M","?","M","$","R","M","?","T","R","E","?","R","M","R","BOSS"],"items_purchased_type":["Relic","Relic","Relic","Relic","Relic","Potion","Card","Card","Relic","Relic","Relic","Relic","Relic","Relic","Relic","Relic","Relic","Relic","Card","Card","Relic","Relic","Relic","Relic","Card","Card","Card","Relic","Relic","Relic","Relic","Relic","Relic","Card","Card","Relic","Relic","Relic","Relic","Relic","Relic","Card"],"build_version":"2020-12-22","purchased_purges":7,"victory":true,"max_hp_per_floor":[75,75,75,75,75,75,75,75,75,75,75,75,75,75,75,75,75,75,75,75,75,75,75,75,75,75,75,75,75,75,75,75,75,75,75,75,75,75,82,82,82,82,92,92,92,92,92,92,92,92],"card_choices":[{"not_picked":["HollowMod:CornifersMapStart","HollowMod:CoiledNail"],"picked":"HollowMod:CycloneSlash","floor":0},{"not_picked":["HollowMod:HowlingWraiths","HollowMod:HeavyBlow"],"picked":"HollowMod:GoodIntentions","floor":1},{"not_picked":["HollowMod:NewJinnsSoul","HollowMod:ShapeofUnn"],"picked":"HollowMod:DashSlash","floor":3},{"not_picked":["HollowMod:SharpenedNail","HollowMod:CycloneSlash"],"picked":"HollowMod:DashSlash","floor":5},{"not_picked":["HollowMod:CornifersMapStart","HollowMod:HeavyBlow"],"picked":"HollowMod:SiblingsSouls","floor":7},{"not_picked":["HollowMod:SoulStrike+1","HollowMod:VengefulSpirit+1"],"picked":"HollowMod:CloakDash","floor":11},{"not_picked":["HollowMod:CycloneSlash+1","HollowMod:CoiledNail+1"],"picked":"HollowMod:DashSlash+1","floor":12},{"not_picked":["HollowMod:InfectedAttack+1","HollowMod:CycloneSlash+1"],"picked":"HollowMod:DashSlash+1","floor":14},{"not_picked":["HollowMod:theNailsmith","HollowMod:PureVessel"],"picked":"HollowMod:AwokenDreamNail+1","floor":16},{"not_picked":["HollowMod:SharpenedNail+1","HollowMod:VengefulVoid+1"],"picked":"HollowMod:GrimmsGift+1","floor":18},{"not_picked":["HollowMod:WraithStrike+1","HollowMod:DescendingDark+1"],"picked":"HollowMod:DesolateDive+1","floor":20},{"not_picked":["HollowMod:CycloneSlash+1","HollowMod:NewLittleFool+1","HollowMod:GrimmsGift"],"picked":"SKIP","floor":21},{"not_picked":["HollowMod:DescendingDark+1","HollowMod:SoulEater"],"picked":"HollowMod:CloakDash","floor":22},{"not_picked":["HollowMod:SharpenedNail+1","HollowMod:GrimmsGift","HollowMod:ShadowDash"],"picked":"SKIP","floor":24},{"not_picked":["HollowMod:SharpenedNail+1","HollowMod:GrimmsGift","HollowMod:ShadowDash"],"picked":"SKIP","floor":24},{"not_picked":["HollowMod:SoulEater","HollowMod:ShadowDash","HollowMod:DreamGate"],"picked":"SKIP","floor":25},{"not_picked":["HollowMod:SharpenedNail+1","HollowMod:MidwifesHunger+1","HollowMod:NewJinnsSoul"],"picked":"SKIP","floor":27},{"not_picked":["HollowMod:NewGlowingWomb","HollowMod:TaintedHusks"],"picked":"HollowMod:PureNailStrike+1","floor":29},{"not_picked":["HollowMod:VoidDash","HollowMod:PureVessel"],"picked":"HollowMod:SlysStrikes","floor":33},{"not_picked":["HollowMod:GrimmsGift+1","HollowMod:DoubleDash"],"picked":"HollowMod:RecoilStrike+1","floor":35},{"not_picked":["HollowMod:RecoilStrike+1","HollowMod:SoulVessel"],"picked":"HollowMod:FastStrike+1","floor":36},{"not_picked":["HollowMod:WraithStrike+1","HollowMod:VengefulSpirit+1"],"picked":"HollowMod:SoulSplash","floor":38},{"not_picked":["REME_FirmDetermination","Mind Blast"],"picked":"ReplayTheSpireMod:Brewmster","floor":39},{"not_picked":["Replay:Sssssssssstrike","Specialist"],"picked":"Flash of Steel","floor":39},{"not_picked":["Midas Touch","Violence"],"picked":"Secret Technique","floor":39},{"not_picked":["HollowMod:SiblingsSouls","HollowMod:InfectedCysts+1"],"picked":"HollowMod:LifebloodCocoon+1","floor":41},{"not_picked":["HollowMod:MonarchWings","HollowMod:DescendingDark+1","HollowMod:LordofShades"],"picked":"SKIP","floor":42},{"not_picked":["HollowMod:SoulMaster","HollowMod:InfectionAssault+1"],"picked":"HollowMod:CloakDash+1","floor":45},{"not_picked":["HollowMod:InfectedCysts+1","HollowMod:CycloneSlash+1","HollowMod:LifebloodCocoon"],"picked":"SKIP","floor":48}],"player_experience":643121,"relics_obtained":[{"floor":9,"key":"REME_HourglassOfDeath"},{"floor":11,"key":"Molten Egg 2"},{"floor":26,"key":"HollowMod:StagPassRelic"},{"floor":28,"key":"Enchiridion"},{"floor":29,"key":"Happy Flower"},{"floor":43,"key":"Pear"},{"floor":43,"key":"MealTicket"},{"floor":45,"key":"Torii"}],"event_choices":[{"damage_healed":0,"gold_gain":30,"player_choice":"Searched \u00273\u0027 times","damage_taken":0,"relics_obtained":["Gremlin Horn"],"max_hp_gain":0,"max_hp_loss":0,"event_name":"Dead Adventurer","floor":7,"gold_loss":0},{"damage_healed":0,"gold_gain":0,"player_choice":"Obtained Book","damage_taken":16,"max_hp_gain":0,"max_hp_loss":0,"event_name":"Cursed Tome","floor":28,"gold_loss":0},{"cards_removed":["HollowMod:DesolateDive"],"damage_healed":0,"gold_gain":0,"player_choice":"Elegance","damage_taken":0,"max_hp_gain":0,"max_hp_loss":0,"event_name":"Back to Basics","floor":31,"gold_loss":0},{"damage_healed":0,"gold_gain":0,"player_choice":"Upgraded","damage_taken":0,"max_hp_gain":0,"max_hp_loss":0,"event_name":"Upgrade Shrine","floor":37,"gold_loss":0,"cards_upgraded":["HollowMod:SlysStrikes"]},{"damage_healed":0,"gold_gain":0,"player_choice":"Paid","damage_taken":0,"relics_obtained":["Red Mask"],"max_hp_gain":0,"max_hp_loss":0,"event_name":"Tomb of Lord Red Mask","floor":46,"gold_loss":94564}],"is_beta":false,"boss_relics":[{"not_picked":["Runic Pyramid","Astrolabe"],"picked":"Sozu"},{"not_picked":["Coffee Dripper","REME_LowDesire"],"picked":"Replay:Wanted Poster"}],"items_purged_floors":[2,4,13,19,19,30,39],"is_endless":false,"potions_floor_spawned":[1,5,12,18,20,21,27,29,41,42],"ascension_level":0}}