{"host":"swavyr4ofmkhu42f","time":1613014385,"event":{"mods":["BaseMod","Colored Map","Minty Spire (QoL Compilation)","StSLib"],"gold_per_floor":[116,132,145,158,178,192,192,192,192],"floor_reached":8,"language":"ENG","playtime":382,"items_purged":[],"score":68,"play_id":"a3085315-58bc-420a-92b4-be376e6162a9","local_time":"20210210223305","is_ascension_mode":true,"campfire_choices":[{"data":"Poisoned Stab","floor":7,"key":"SMITH"}],"circlet_count":0,"master_deck":["Strike_G","Strike_G","Strike_G","Strike_G","Strike_G","Defend_G","Defend_G","Defend_G","Defend_G","Defend_G","Survivor","Neutralize","Poisoned Stab+1","Outmaneuver","Deadly Poison"],"relics":["Ring of the Snake"],"acts_visited":["Exordium"],"potions_floor_usage":[4,8,8],"damage_taken":[{"damage":0,"enemies":"Cultist","floor":1,"turns":4},{"damage":3,"enemies":"Small Slimes","floor":2,"turns":4},{"damage":0,"enemies":"Jaw Worm","floor":3,"turns":4},{"damage":16,"enemies":"Lots of Slimes","floor":4,"turns":7},{"damage":12,"enemies":"Looter","floor":5,"turns":3},{"damage":14,"enemies":"3 Louse","floor":6,"turns":4},{"damage":17,"enemies":"3 Sentries","floor":8,"turns":7}],"seed_played":"-6676013833018863654","potions_obtained":[{"floor":2,"key":"Block Potion"},{"floor":4,"key":"SteroidPotion"},{"floor":5,"key":"Swift Potion"}],"is_trial":false,"path_per_floor":["M","M","M","M","M","M","R","E"],"character_chosen":"THE_SILENT","items_purchased":[],"campfire_rested":0,"item_purchase_floors":[],"current_hp_per_floor":[63,60,60,44,32,18,18,1,1],"gold":192,"neow_bonus":"THREE_CARDS","is_daily":false,"chose_seed":false,"campfire_upgraded":1,"win_rate":0.0,"timestamp":1613014385,"path_taken":["M","M","M","M","M","M","R","E"],"items_purchased_type":[],"build_version":"2020-12-22","purchased_purges":0,"victory":false,"max_hp_per_floor":[70,70,70,70,70,70,70,70,70],"card_choices":[{"not_picked":["Predator","Dagger Throw"],"picked":"Poisoned Stab","floor":0},{"not_picked":["Tactician","Acrobatics"],"picked":"Outmaneuver","floor":1},{"not_picked":["Endless Agony","Dodge and Roll"],"picked":"Deadly Poison","floor":2},{"not_picked":["Outmaneuver","Acrobatics","Dagger Throw"],"picked":"SKIP","floor":3},{"not_picked":["Flechettes","Phantasmal Killer","Outmaneuver"],"picked":"SKIP","floor":4},{"not_picked":["Backflip","Eviscerate","Endless Agony"],"picked":"SKIP","floor":5},{"not_picked":["Dagger Throw","Dash","All Out Attack"],"picked":"SKIP","floor":6}],"player_experience":202574,"relics_obtained":[],"event_choices":[],"is_beta":false,"boss_relics":[],"items_purged_floors":[],"is_endless":false,"potions_floor_spawned":[2,4,5],"killed_by":"3 Sentries","ascension_level":6}}