{"host":"5n1fl7z5i1vf7jan","time":1613028023,"event":{"mods":["BaseMod","Minty Spire (QoL Compilation)","Quick Restart","Relic Stats"],"gold_per_floor":[111,111,36,36,53,53,88,88,112,131,147,147,175,193,193,269,269,281,300,190,207,207,207],"floor_reached":22,"language":"ENG","playtime":584,"items_purged":[],"score":442,"play_id":"8145ffa8-702c-4406-8680-e0e43a556c91","local_time":"20210210232023","is_ascension_mode":true,"campfire_choices":[{"data":"Zap","floor":6.0,"key":"SMITH"},{"data":"Doom and Gloom","floor":8.0,"key":"SMITH"},{"data":"Streamline","floor":12.0,"key":"SMITH"},{"data":"Electrodynamics","floor":15.0,"key":"SMITH"}],"circlet_count":0,"master_deck":["AscendersBane","Strike_B","Strike_B","Defend_B","Defend_B","Defend_B","Zap+1","Dualcast","Reinforced Body","Skim","Doom and Gloom+1","Rip and Tear","Streamline+1","Cold Snap","Electrodynamics+1","Biased Cognition+1","Conserve Battery","Ball Lightning"],"relics":["Cracked Core","NeowsBlessing","HornCleat","Oddly Smooth Stone","Potion Belt","Velvet Choker"],"acts_visited":["Exordium","TheCity"],"potions_floor_usage":[],"damage_taken":[{"damage":0.0,"enemies":"Small Slimes","floor":1.0,"turns":1.0},{"damage":0.0,"enemies":"2 Louse","floor":5.0,"turns":1.0},{"damage":0.0,"enemies":"Lagavulin","floor":7.0,"turns":1.0},{"damage":0.0,"enemies":"Jaw Worm","floor":10.0,"turns":3.0},{"damage":4.0,"enemies":"Gremlin Gang","floor":11.0,"turns":3.0},{"damage":10.0,"enemies":"3 Sentries","floor":13.0,"turns":4.0},{"damage":6.0,"enemies":"Large Slime","floor":14.0,"turns":4.0},{"damage":32.0,"enemies":"The Guardian","floor":16.0,"turns":11.0},{"damage":10.0,"enemies":"Shell Parasite","floor":18.0,"turns":4.0},{"damage":22.0,"enemies":"2 Thieves","floor":19.0,"turns":2.0},{"damage":19.0,"enemies":"Centurion and Healer","floor":21.0,"turns":4.0},{"damage":9,"enemies":"Shelled Parasite and Fungi","floor":22,"turns":1}],"seed_played":"-2395808359903287859","potions_obtained":[{"floor":1.0,"key":"PowerPotion"},{"floor":7.0,"key":"Explosive Potion"},{"floor":11.0,"key":"FocusPotion"},{"floor":13.0,"key":"EssenceOfDarkness"},{"floor":14.0,"key":"CultistPotion"}],"is_trial":false,"path_per_floor":["M","?","?","$","M","R","E","R","T","M","M","R","E","M","R","B",null,"M","M","?","M","M"],"character_chosen":"DEFECT","items_purchased":[],"campfire_rested":0,"item_purchase_floors":[],"current_hp_per_floor":[64,57,57,57,57,57,57,57,57,57,53,53,43,37,37,5,55,45,23,23,4,0,0],"gold":207,"neow_bonus":"THREE_ENEMY_KILL","is_daily":false,"chose_seed":false,"campfire_upgraded":4,"win_rate":0.0,"timestamp":1613028023,"path_taken":["M","?","?","$","M","R","E","R","T","M","M","R","E","M","R","BOSS","M","M","?","?","M"],"items_purchased_type":[],"build_version":"2020-12-22","purchased_purges":0,"victory":false,"max_hp_per_floor":[71,71,71,71,71,71,71,71,71,71,71,71,71,71,71,71,71,71,71,71,71,71,71],"relic_stats":{"counters":[12,39],"obtain_stats":[{"Potion Belt":13,"HornCleat":7,"NeowsBlessing":0,"Oddly Smooth Stone":9,"Velvet Choker":17,"Cracked Core":0},{"Potion Belt":6,"HornCleat":3,"NeowsBlessing":0,"Oddly Smooth Stone":3,"Velvet Choker":8,"Cracked Core":0},{"Potion Belt":13,"HornCleat":3,"NeowsBlessing":0,"Oddly Smooth Stone":3,"Velvet Choker":28,"Cracked Core":0}]},"card_choices":[{"not_picked":["Blizzard","Heatsinks"],"picked":"Reinforced Body","floor":1.0},{"not_picked":["Turbo","Fusion"],"picked":"Skim","floor":5.0},{"not_picked":["Conserve Battery","Leap"],"picked":"Doom and Gloom","floor":7.0},{"not_picked":["BootSequence","Redo"],"picked":"Rip and Tear","floor":10.0},{"not_picked":["Auto Shields","Redo"],"picked":"Streamline","floor":11.0},{"not_picked":["Lockon","Turbo"],"picked":"Cold Snap","floor":13.0},{"not_picked":["Tempest","Stack"],"picked":"Electrodynamics","floor":14.0},{"not_picked":["Amplify","Reboot"],"picked":"Biased Cognition","floor":16.0},{"not_picked":["Skim","Hologram","Auto Shields"],"picked":"SKIP","floor":18.0},{"not_picked":["Fusion","Aggregate"],"picked":"Conserve Battery","floor":19.0},{"not_picked":["Heatsinks","Leap"],"picked":"Ball Lightning","floor":21.0}],"player_experience":339602,"relics_obtained":[{"floor":7.0,"key":"HornCleat"},{"floor":9.0,"key":"Oddly Smooth Stone"},{"floor":13.0,"key":"Potion Belt"}],"event_choices":[{"cards_removed":["Strike_B"],"damage_healed":0.0,"max_hp_gain":0.0,"max_hp_loss":0.0,"gold_gain":0.0,"event_name":"Golden Wing","player_choice":"Card Removal","floor":2.0,"gold_loss":0.0,"damage_taken":7.0},{"cards_removed":["Defend_B"],"damage_healed":0.0,"max_hp_gain":0.0,"max_hp_loss":0.0,"gold_gain":0.0,"event_name":"The Cleric","player_choice":"Card Removal","floor":3.0,"gold_loss":75.0,"damage_taken":0.0},{"cards_removed":["Strike_B"],"damage_healed":0.0,"max_hp_gain":0.0,"max_hp_loss":0.0,"gold_gain":0.0,"event_name":"Designer","player_choice":"Upgrade and Remove","floor":20.0,"gold_loss":110.0,"damage_taken":0.0,"cards_upgraded":["Biased Cognition"]}],"is_beta":false,"boss_relics":[{"not_picked":["Philosopher\u0027s Stone","SlaversCollar"],"picked":"Velvet Choker"}],"items_purged_floors":[],"is_endless":false,"potions_floor_spawned":[1,7,11,13,14],"killed_by":"Shelled Parasite and Fungi","ascension_level":20}}