{"host":"d76q0rb9a0s9bgr5","time":1613055769,"event":{"mods":["BaseMod","Downfall","Hubris","Minty Spire (QoL Compilation)","StSLib"],"gold_per_floor":[99,116,127,139,159,219,267,296,296,309,309,309,219,236,246,350,350,350,364,464,483,483,483,509,509,239,249,268,294,194,224,234,332,332,332,342,359,359,359,372,372,372,405,312,327,30,46,80,99,99,99,99],"floor_reached":50,"language":"ENG","playtime":3613,"items_purged":["Guardian:Defend_Guardian","Guardian:Defend_Guardian","Guardian:Defend_Guardian"],"score":721,"play_id":"835dbcb9-d651-4f10-8383-bea4a8389201","local_time":"20210211160249","is_ascension_mode":false,"campfire_choices":[{"data":"Guardian:CurlUp","floor":1.0,"key":"SMITH"},{"data":"Guardian:SentryBeam","floor":9.0,"key":"SMITH"},{"floor":12.0,"key":"REST"},{"data":"Guardian:SpikerProtocol","floor":18.0,"key":"SMITH"},{"data":"Guardian:ShieldSpikes","floor":25.0,"key":"SMITH"},{"data":"Guardian:Suspension","floor":30.0,"key":"SMITH"},{"data":"J.A.X.","floor":35.0,"key":"SMITH"}],"circlet_count":0,"master_deck":["Guardian:Strike_Guardian","Guardian:Defend_Guardian+1","Guardian:CurlUp+1","Guardian:TwinSlam","Guardian:SentryBeam+1","Guardian:ShieldSpikes+1","Guardian:FloatingOrbs","Guardian:SpikerProtocol+1","Guardian:BodySlam+1","Guardian:PrimingBeam+1","J.A.X.+1","Guardian:StasisField+1","Guardian:Suspension+1","Guardian:ArmoredProtocol","Guardian:DecasProtection+1","Guardian:Orbwalk+1","Guardian:MultiBeam+1","Guardian:RevengeProtocol","Guardian:EvasiveProtocol","Parasite","hubris:DuctTapeCard"],"relics":["Guardian:ModeShifter","PreservedInsect","Kunai","Bag of Preparation","Mercury Hourglass","FaceOfCleric","hubris:CrackedHourglass","MutagenicStrength","Anchor","Tiny Chest","Molten Egg 2","downfall:HeartBlessingGreen","hubris:Teleporter","hubris:TerracottaHorce","hubris:DuctTape","hubris:PeanutButter","Whetstone","Blood Vial","Guardian:BottledStasis","Lantern","War Paint","hubris:ToyBattleship"],"acts_visited":["Exordium","TheCity","TheBeyond"],"potions_floor_usage":[50,50,50],"damage_taken":[{"damage":1.0,"enemies":"Cultist","floor":2.0,"turns":4.0},{"damage":5.0,"enemies":"Small Slimes","floor":3.0,"turns":3.0},{"damage":11.0,"enemies":"Jaw Worm","floor":4.0,"turns":5.0},{"damage":31.0,"enemies":"Exordium Wildlife","floor":5.0,"turns":9.0},{"damage":12.0,"enemies":"Gremlin Nob","floor":6.0,"turns":4.0},{"damage":4.0,"enemies":"3 Sentries","floor":8.0,"turns":6.0},{"damage":1.0,"enemies":"Large Slime","floor":10.0,"turns":6.0},{"damage":0.0,"enemies":"downfall:FleeingMerchant","floor":13.0,"turns":4.0},{"damage":10.0,"enemies":"Exordium Thugs","floor":14.0,"turns":3.0},{"damage":4.0,"enemies":"Lots of Slimes","floor":15.0,"turns":3.0},{"damage":9.0,"enemies":"SI_SHIV_ARCHETYPE","floor":16.0,"turns":9.0},{"damage":0.0,"enemies":"Shell Parasite","floor":19.0,"turns":4.0},{"damage":20.0,"enemies":"downfall:Augmenter","floor":20.0,"turns":4.0},{"damage":3.0,"enemies":"Snake Plant","floor":21.0,"turns":3.0},{"damage":3.0,"enemies":"downfall:FleeingMerchant","floor":26.0,"turns":4.0},{"damage":3.0,"enemies":"Snecko","floor":27.0,"turns":4.0},{"damage":4.0,"enemies":"Chosen and Byrds","floor":28.0,"turns":6.0},{"damage":6.0,"enemies":"Gremlin Leader","floor":29.0,"turns":4.0},{"damage":0.0,"enemies":"Book of Stabbing","floor":31.0,"turns":2.0},{"damage":3.0,"enemies":"Shelled Parasite and Fungi","floor":32.0,"turns":3.0},{"damage":14.0,"enemies":"DF_ARCHETYPE_CLAW","floor":33.0,"turns":5.0},{"damage":0.0,"enemies":"Orb Walker","floor":36.0,"turns":2.0},{"damage":9.0,"enemies":"3 Shapes","floor":37.0,"turns":3.0},{"damage":3.0,"enemies":"Transient","floor":40.0,"turns":5.0},{"damage":0.0,"enemies":"Reptomancer","floor":43.0,"turns":3.0},{"damage":0.0,"enemies":"downfall:FleeingMerchant","floor":44.0,"turns":4.0},{"damage":0.0,"enemies":"Sphere and 2 Shapes","floor":45.0,"turns":2.0},{"damage":0.0,"enemies":"Spire Growth","floor":47.0,"turns":2.0},{"damage":0.0,"enemies":"Giant Head","floor":48.0,"turns":4.0},{"damage":0.0,"enemies":"Writhing Mass","floor":49.0,"turns":3.0},{"damage":22,"enemies":"WA_ARCHETYPE_DIVINITY","floor":50,"turns":7}],"seed_played":"6762449112655996986","potions_obtained":[{"floor":4.0,"key":"Slimebound:ThreeZeroPotion"},{"floor":5.0,"key":"AttackPotion"},{"floor":10.0,"key":"Energy Potion"},{"floor":14.0,"key":"EssenceOfSteel"},{"floor":16.0,"key":"SpeedPotion"},{"floor":20.0,"key":"SteroidPotion"},{"floor":27.0,"key":"AttackPotion"},{"floor":31.0,"key":"ColorlessPotion"}],"is_trial":false,"path_per_floor":["R","M","M","M","M","?","T","E","R","M","?","R","$","M","M","B",null,"R","M","?","M","?","?","T","R","$","M","M","E","R","E","M","B",null,"R","M","M","?","?","M","T","T","E","$","M","$","M","E","M","B"],"character_chosen":"GUARDIAN","items_purchased":["Tiny Chest","Blood Vial","Guardian:BottledStasis","Lantern","War Paint"],"campfire_rested":1,"item_purchase_floors":[26,44,44,46,46],"current_hp_per_floor":[80,79,74,63,32,20,20,16,16,15,15,39,40,31,28,20,84,84,85,66,64,64,64,64,64,62,60,57,52,52,53,51,38,80,80,81,73,73,73,71,71,71,72,73,76,76,79,82,85,0,0,0],"gold":99,"neow_bonus":"RANDOM_COMMON_RELIC","is_daily":false,"chose_seed":false,"campfire_upgraded":6,"win_rate":0.0,"timestamp":1613055769,"path_taken":["R","M","M","M","M","?","T","E","R","M","?","R","$","?","M","BOSS","R","M","?","M","?","?","T","R","$","?","M","E","R","E","M","BOSS","R","M","M","?","?","M","T","?","E","?","M","$","?","E","M","BOSS"],"items_purchased_type":["Relic","Relic","Relic","Relic","Relic"],"build_version":"2020-12-22","purchased_purges":3,"victory":false,"max_hp_per_floor":[80,80,80,80,80,80,80,80,80,80,80,80,81,82,83,84,84,84,85,86,87,87,87,87,87,88,89,90,91,91,92,93,94,94,94,95,96,96,96,97,97,97,98,99,100,100,101,102,103,103,103,103],"card_choices":[{"not_picked":["Guardian:Gem_Lightblue","Guardian:Suspension"],"picked":"Guardian:SentryBeam","floor":2.0},{"not_picked":["Guardian:ChargeCore","Guardian:TemporalStrike"],"picked":"Guardian:ShieldSpikes","floor":3.0},{"not_picked":["Guardian:Emergency","Guardian:DonusPower","Guardian:VentSteam"],"picked":"SKIP","floor":4.0},{"not_picked":["Guardian:Suspension","Guardian:Recover"],"picked":"Guardian:Gem_Yellow","floor":5.0},{"not_picked":["Guardian:Gem_Cyan","Guardian:BaubleBeam"],"picked":"Guardian:Gem_Lightblue","floor":6.0},{"not_picked":["Guardian:Gem_Cyan","Guardian:Recover"],"picked":"Guardian:FloatingOrbs","floor":8.0},{"not_picked":["Guardian:TemporalStrike","Guardian:Suspension"],"picked":"Guardian:SpikerProtocol","floor":10.0},{"not_picked":["Guardian:WalkerClaw","Guardian:TemporalShield"],"picked":"Guardian:BodySlam","floor":13.0},{"not_picked":["Guardian:Gem_Green","Guardian:TemporalShield","Guardian:PiercingHide"],"picked":"SKIP","floor":14.0},{"not_picked":["Guardian:Reroute","Guardian:ExploitGems","Guardian:PiercingHide"],"picked":"SKIP","floor":15.0},{"not_picked":["Guardian:StasisStrike","Guardian:StasisField"],"picked":"Guardian:Gem_Orange","floor":16.0},{"not_picked":["Guardian:TemporalShield","Guardian:VentSteam","Guardian:Gem_Green"],"picked":"SKIP","floor":19.0},{"not_picked":["Guardian:Gem_Crimson","Guardian:Emergency+1"],"picked":"Guardian:PrimingBeam","floor":20.0},{"not_picked":[],"picked":"J.A.X.","floor":20.0},{"not_picked":["Guardian:TemporalStrike","Guardian:Gem_Synthetic"],"picked":"Guardian:ArmoredProtocol","floor":21.0},{"not_picked":["Guardian:Planning+1","Guardian:RollAttack"],"picked":"Guardian:DecasProtection+1","floor":26.0},{"not_picked":["Guardian:Incinerate","Guardian:Repulse"],"picked":"Guardian:Gem_Lightblue","floor":27.0},{"not_picked":["Guardian:VentSteam","Guardian:Reroute"],"picked":"Guardian:BodySlam+1","floor":28.0},{"not_picked":["Guardian:PrimingBeam+1","Guardian:Incinerate+1"],"picked":"Guardian:Orbwalk+1","floor":29.0},{"not_picked":["Guardian:TemporalShield","Guardian:Planning","Guardian:Emergency"],"picked":"SKIP","floor":31.0},{"not_picked":["Guardian:GatlingBeam+1","Guardian:PrimingBeam+1"],"picked":"Guardian:MultiBeam+1","floor":32.0},{"not_picked":["Guardian:AncientConstruct","Guardian:HyperBeam_Guardian+1"],"picked":"Guardian:RevengeProtocol","floor":33.0},{"not_picked":["Guardian:Gem_Lightblue","Guardian:PrismaticBeam+1","Guardian:Repulse+1"],"picked":"SKIP","floor":36.0},{"not_picked":["Guardian:WalkerClaw+1","Guardian:ArmoredProtocol+1","Guardian:BronzeArmor"],"picked":"SKIP","floor":37.0},{"not_picked":["Guardian:PrimingBeam+1","Guardian:BronzeOrb+1"],"picked":"Guardian:EvasiveProtocol","floor":40.0},{"not_picked":["Guardian:TimeCapacitor+1","Guardian:MultiBeam+1","Guardian:VentSteam"],"picked":"SKIP","floor":43.0},{"not_picked":["Guardian:ShieldCharger","Guardian:TimeSifter","Guardian:Gem_Lightblue"],"picked":"SKIP","floor":44.0},{"not_picked":["Guardian:Reroute+1","Guardian:Gem_Red","Guardian:Repulse+1"],"picked":"SKIP","floor":45.0},{"not_picked":["Guardian:Suspension","Guardian:Emergency+1","Guardian:PrismaticBarrier+1"],"picked":"SKIP","floor":47.0},{"not_picked":["Guardian:TemporalShield","Guardian:PiercingHide+1","Guardian:DonusPower"],"picked":"SKIP","floor":48.0},{"not_picked":["Guardian:ShieldCharger","Guardian:TemporalShield","Guardian:Suspension+1"],"picked":"SKIP","floor":49.0}],"player_experience":133371,"relics_obtained":[{"floor":6.0,"key":"Kunai"},{"floor":7.0,"key":"Bag of Preparation"},{"floor":8.0,"key":"Mercury Hourglass"},{"floor":20.0,"key":"MutagenicStrength"},{"floor":24.0,"key":"Anchor"},{"floor":29.0,"key":"Molten Egg 2"},{"floor":31.0,"key":"hubris:Teleporter"},{"floor":41.0,"key":"hubris:DuctTape"},{"floor":42.0,"key":"hubris:PeanutButter"},{"floor":43.0,"key":"Whetstone"},{"floor":48.0,"key":"hubris:ToyBattleship"}],"event_choices":[{"damage_healed":0.0,"max_hp_gain":0.0,"max_hp_loss":0.0,"gold_gain":0.0,"event_name":"FaceTrader","player_choice":"Trade","floor":11.0,"gold_loss":0.0,"damage_taken":0.0,"relics_obtained":["FaceOfCleric"]},{"damage_healed":0.0,"max_hp_gain":0.0,"max_hp_loss":0.0,"gold_gain":0.0,"event_name":"Vampires","player_choice":"Ignored","floor":23.0,"gold_loss":0.0,"damage_taken":0.0}],"is_beta":false,"boss_relics":[{"not_picked":["Astrolabe","SacredBark"],"picked":"hubris:CrackedHourglass"},{"not_picked":["hubris:Stopwatch","Empty Cage"],"picked":"hubris:TerracottaHorce"}],"items_purged_floors":[13,26,44],"is_endless":false,"potions_floor_spawned":[4,5,10,14,16,20,27,31,33,43,45,47,48,49],"killed_by":"WA_ARCHETYPE_DIVINITY","ascension_level":0}}