{"host":"rolltorest","time":1613007683,"event":{"mods":["BaseMod","Minty Spire (QoL Compilation)","Relic Stats","Slay the Relics Exporter","StSLib"],"gold_per_floor":[118,134,134,99,99,133,133,159,159,188,200,218,228,258,258,333,333,344,361,361,129,144,170,1,35,35,35,35,35,47,64,64,64,64],"floor_reached":33,"language":"ENG","playtime":1257,"items_purged":["Strike_R"],"score":680,"play_id":"7db767e1-b38a-4774-a9bf-6aec732ec812","local_time":"20210210174123","is_ascension_mode":true,"campfire_choices":[{"data":"Blood for Blood","floor":7,"key":"SMITH"},{"floor":15,"key":"REST"},{"floor":27,"key":"REST"},{"data":"Second Wind","floor":32,"key":"SMITH"}],"circlet_count":0,"master_deck":["AscendersBane","Strike_R+1","Strike_R+1","Strike_R+1","Defend_R+1","Defend_R+1","Defend_R+1","Defend_R+1","Bash","Feel No Pain","Blood for Blood+1","Clothesline","Anger","Shockwave","Reckless Charge","Dropkick","Second Wind","Feed","Uppercut","Shrug It Off+1","Power Through","Fire Breathing","Dark Embrace","Reaper","Second Wind+1","Decay","Shrug It Off","True Grit"],"relics":["Burning Blood","NeowsBlessing","Mummified Hand","Blue Candle","Gambling Chip","Calipers","Dead Branch","Incense Burner","Blood Vial","Mark of Pain","Lantern","Tiny Chest","Torii"],"acts_visited":["Exordium","TheCity"],"potions_floor_usage":[12,14,22,23,33],"damage_taken":[{"damage":0,"enemies":"2 Louse","floor":1,"turns":1},{"damage":0,"enemies":"Jaw Worm","floor":2,"turns":1},{"damage":0,"enemies":"Gremlin Nob","floor":6,"turns":1},{"damage":25,"enemies":"3 Sentries","floor":8,"turns":9},{"damage":32,"enemies":"Gremlin Nob","floor":10,"turns":4},{"damage":0,"enemies":"Small Slimes","floor":11,"turns":2},{"damage":7,"enemies":"Exordium Thugs","floor":12,"turns":5},{"damage":5,"enemies":"Looter","floor":13,"turns":4},{"damage":20,"enemies":"3 Sentries","floor":14,"turns":6},{"damage":30,"enemies":"Slime Boss","floor":16,"turns":12},{"damage":7,"enemies":"Chosen","floor":18,"turns":4},{"damage":4,"enemies":"2 Thieves","floor":19,"turns":5},{"damage":23,"enemies":"Sentry and Sphere","floor":22,"turns":5},{"damage":52,"enemies":"Slavers","floor":23,"turns":8},{"damage":20,"enemies":"Book of Stabbing","floor":25,"turns":5},{"damage":9,"enemies":"Chosen and Byrds","floor":30,"turns":5},{"damage":1,"enemies":"Snake Plant","floor":31,"turns":6},{"damage":62,"enemies":"Champ","floor":33,"turns":10}],"seed_played":"-5015131388887812631","potions_obtained":[{"floor":1,"key":"SkillPotion"},{"floor":13,"key":"BloodPotion"},{"floor":16,"key":"SteroidPotion"},{"floor":19,"key":"GamblersBrew"},{"floor":23,"key":"Weak Potion"},{"floor":30,"key":"Energy Potion"},{"floor":31,"key":"LiquidMemories"}],"is_trial":false,"path_per_floor":["M","M","?","?","T","E","R","E","T","E","M","M","M","E","R","B",null,"M","M","?","$","M","E","$","E","T","R","?","?","M","M","R","B"],"character_chosen":"IRONCLAD","items_purchased":["Power Through","Fire Breathing","Reaper"],"campfire_rested":2,"item_purchase_floors":[21,21,24],"current_hp_per_floor":[74,75,30,48,48,54,54,35,35,9,15,14,15,16,38,16,60,64,71,71,71,59,15,15,9,9,34,34,34,36,43,43,0,0],"gold":64,"neow_bonus":"THREE_ENEMY_KILL","is_daily":false,"chose_seed":false,"campfire_upgraded":2,"win_rate":0.0,"timestamp":1613007683,"path_taken":["M","M","?","?","?","E","R","E","T","E","M","M","M","E","R","BOSS","M","M","?","$","M","E","?","E","T","R","?","?","?","M","R","BOSS"],"items_purchased_type":["Card","Card","Card"],"build_version":"2020-12-18","purchased_purges":1,"victory":false,"max_hp_per_floor":[75,75,75,75,75,75,75,75,75,75,75,75,75,75,75,75,75,78,81,81,81,84,84,84,84,84,84,84,84,87,87,87,87,87],"relic_stats":{"Blood Vial":18,"Torii":1,"counters":[18,93],"Mummified Hand":[40],"Blue Candle":[5],"Gambling Chip":[44],"Dead Branch":[142],"Tiny Chest":0,"obtain_stats":[{"Lantern":23,"Calipers":8,"NeowsBlessing":0,"Torii":26,"Blue Candle":5,"Dead Branch":9,"Incense Burner":10,"Burning Blood":0,"Blood Vial":14,"Mummified Hand":3,"Gambling Chip":6,"Tiny Chest":25,"Mark of Pain":17},{"Lantern":14,"Calipers":4,"NeowsBlessing":0,"Torii":15,"Blue Candle":2,"Dead Branch":4,"Incense Burner":5,"Burning Blood":0,"Blood Vial":9,"Mummified Hand":2,"Gambling Chip":3,"Tiny Chest":15,"Mark of Pain":10},{"Lantern":67,"Calipers":12,"NeowsBlessing":0,"Torii":72,"Blue Candle":2,"Dead Branch":12,"Incense Burner":16,"Burning Blood":0,"Blood Vial":33,"Mummified Hand":2,"Gambling Chip":3,"Tiny Chest":72,"Mark of Pain":45}],"Burning Blood":97},"card_choices":[{"not_picked":["Infernal Blade","Sword Boomerang"],"picked":"Feel No Pain","floor":1},{"not_picked":["Disarm","Heavy Blade"],"picked":"Blood for Blood","floor":2},{"not_picked":["Armaments","Sword Boomerang"],"picked":"Clothesline","floor":6},{"not_picked":["Sever Soul","Burning Pact"],"picked":"Anger","floor":8},{"not_picked":["Dual Wield","Hemokinesis"],"picked":"Shockwave","floor":10},{"not_picked":["Sentinel","Twin Strike"],"picked":"Reckless Charge","floor":11},{"not_picked":["Heavy Blade","Rampage"],"picked":"Dropkick","floor":12},{"not_picked":["Twin Strike","Searing Blow","Thunderclap"],"picked":"SKIP","floor":13},{"not_picked":["Rage","Feel No Pain"],"picked":"Second Wind","floor":14},{"not_picked":["Juggernaut","Brutality"],"picked":"Feed","floor":16},{"not_picked":["Clash","Sword Boomerang"],"picked":"Uppercut","floor":18},{"not_picked":["Perfected Strike","Wild Strike"],"picked":"Shrug It Off+1","floor":19},{"not_picked":["Headbutt+1","Perfected Strike"],"picked":"Dark Embrace","floor":22},{"not_picked":["Uppercut","Blood for Blood","Armaments"],"picked":"SKIP","floor":23},{"not_picked":["Feed","Thunderclap"],"picked":"Second Wind","floor":25},{"not_picked":["Flex","Armaments"],"picked":"Shrug It Off","floor":30},{"not_picked":["Clash","Wild Strike"],"picked":"True Grit","floor":31}],"player_experience":1942611,"relics_obtained":[{"floor":5,"key":"Blue Candle"},{"floor":6,"key":"Gambling Chip"},{"floor":8,"key":"Calipers"},{"floor":9,"key":"Dead Branch"},{"floor":10,"key":"Incense Burner"},{"floor":14,"key":"Blood Vial"},{"floor":23,"key":"Lantern"},{"floor":25,"key":"Tiny Chest"},{"floor":26,"key":"Torii"}],"event_choices":[{"damage_healed":0,"gold_gain":0,"player_choice":"Success","damage_taken":45,"relics_obtained":["Mummified Hand"],"max_hp_gain":0,"max_hp_loss":0,"event_name":"Scrap Ooze","floor":3,"gold_loss":0},{"damage_healed":18,"gold_gain":0,"player_choice":"Healed","damage_taken":0,"max_hp_gain":0,"max_hp_loss":0,"event_name":"The Cleric","floor":4,"gold_loss":35},{"cards_removed":["Strike_R"],"damage_healed":0,"gold_gain":0,"player_choice":"Purged","damage_taken":0,"max_hp_gain":0,"max_hp_loss":0,"event_name":"Purifier","floor":20,"gold_loss":0},{"damage_healed":0,"gold_gain":0,"player_choice":"Simplicity","damage_taken":0,"max_hp_gain":0,"max_hp_loss":0,"event_name":"Back to Basics","floor":28,"gold_loss":0,"cards_upgraded":["Strike_R","Strike_R","Strike_R","Defend_R","Defend_R","Defend_R","Defend_R"]},{"damage_healed":0,"gold_gain":0,"player_choice":"Smashed Altar","damage_taken":0,"max_hp_gain":0,"max_hp_loss":0,"event_name":"Forgotten Altar","floor":29,"gold_loss":0,"cards_obtained":["Decay"]}],"is_beta":true,"boss_relics":[{"not_picked":["Tiny House","Astrolabe"],"picked":"Mark of Pain"}],"items_purged_floors":[21],"is_endless":false,"potions_floor_spawned":[1,13,16,19,23,30,31],"killed_by":"Champ","ascension_level":20}}