{"host":"qp7xs8nuzfsyommi","time":1613003154,"event":{"mods":["2.2 Compatiblity","BaseMod","Colored Powertips","DeckTracker","Highlight Path","Minty Spire (QoL Compilation)","Permanent Neow","StSLib"],"gold_per_floor":[110,128,128,128,128,164,164,164,164],"floor_reached":8,"language":"ENG","playtime":276,"items_purged":[],"score":108,"play_id":"4401b6f6-5329-49f9-9ee2-d7f7d10cc7e0","local_time":"20210210192554","is_ascension_mode":true,"campfire_choices":[{"floor":7,"key":"REST"}],"circlet_count":0,"master_deck":["AscendersBane","Strike_B","Strike_B","Strike_B","Strike_B","Defend_B","Defend_B","Defend_B","Defend_B","Zap","Dualcast","Compile Driver","Gash","White Noise"],"relics":["SlaversCollar","Mercury Hourglass","Golden Idol","Blood Vial"],"acts_visited":[],"potions_floor_usage":[],"damage_taken":[{"damage":7,"enemies":"Cultist","floor":1,"turns":4},{"damage":17,"enemies":"2 Louse","floor":2,"turns":3},{"damage":35,"enemies":"3 Sentries","floor":6,"turns":7},{"damage":80,"enemies":"Gremlin Nob","floor":8,"turns":4}],"seed_played":"8178935102722253787","potions_obtained":[{"floor":6,"key":"SmokeBomb"}],"is_trial":false,"path_per_floor":["M","M","T","?","?","E","R","E"],"character_chosen":"DEFECT","items_purchased":[],"campfire_rested":1,"item_purchase_floors":[],"current_hp_per_floor":[57,40,40,63,63,28,47,0,0],"gold":164,"neow_bonus":"BOSS_RELIC","is_daily":false,"chose_seed":false,"campfire_upgraded":0,"win_rate":0.0,"timestamp":1613003154,"path_taken":["M","?","?","?","?","E","R","E"],"items_purchased_type":[],"build_version":"2020-12-22","purchased_purges":0,"victory":false,"max_hp_per_floor":[71,71,71,71,64,64,64,64,64],"card_choices":[{"not_picked":["Skim","Leap"],"picked":"Compile Driver","floor":1},{"not_picked":["Steam","Lockon"],"picked":"Gash","floor":2},{"not_picked":["Auto Shields","Turbo"],"picked":"White Noise","floor":6}],"player_experience":1854636,"relics_obtained":[{"floor":3,"key":"Mercury Hourglass"},{"floor":6,"key":"Blood Vial"}],"event_choices":[{"damage_healed":23,"gold_gain":0,"player_choice":"Banana","damage_taken":0,"max_hp_gain":0,"max_hp_loss":0,"event_name":"Big Fish","floor":4,"gold_loss":0},{"damage_healed":0,"gold_gain":0,"player_choice":"Lose Max HP","damage_taken":0,"relics_obtained":["Golden Idol"],"max_hp_gain":0,"max_hp_loss":7,"event_name":"Golden Idol","floor":5,"gold_loss":0}],"is_beta":false,"boss_relics":[],"items_purged_floors":[],"is_endless":false,"potions_floor_spawned":[6],"killed_by":"Gremlin Nob","ascension_level":20}}