{"host":"8xi53560pl5zaoq2","time":1613015318,"event":{"mods":["BaseMod","Bestiary","Colored Map","Highlight Path","Minty Spire (QoL Compilation)","StSLib","Synergy Search"],"gold_per_floor":[119,119,119,6,6,36,47,47,47,66,82,82,101,1,1,74,74,74,74,74,74,74,74,74,74,74,74,74,74,74,74,74,74,74],"floor_reached":33,"language":"ENG","playtime":1258,"items_purged":["Strike_R","Defend_R"],"score":436,"play_id":"1f371290-b7c8-457a-b4f0-c9974f5ed953","local_time":"20210210204838","is_ascension_mode":true,"campfire_choices":[{"floor":8,"key":"REST"},{"data":"Iron Wave","floor":12,"key":"SMITH"},{"data":"Armaments","floor":15,"key":"SMITH"},{"data":"RitualDagger","floor":23,"key":"SMITH"},{"data":"Shrug It Off","floor":25,"key":"SMITH"},{"data":"Shrug It Off","floor":29,"key":"SMITH"},{"floor":32,"key":"REST"}],"circlet_count":0,"master_deck":["AscendersBane","Strike_R","Strike_R","Strike_R","Strike_R","Defend_R","Defend_R","Defend_R","Bash+1","Shrug It Off+1","Evolve+1","Cleave","Iron Wave+1","Armaments+1","Immolate","Pommel Strike+1","Writhe","RitualDagger+1","Rupture+1","Shrug It Off+1","Shrug It Off","Fire Breathing+1"],"relics":["Burning Blood","StoneCalendar","Frozen Egg 2","Du-Vu Doll","InkBottle","Ectoplasm","Thread and Needle","Torii","MutagenicStrength"],"acts_visited":["Exordium","TheCity"],"potions_floor_usage":[16,28,33],"damage_taken":[{"damage":0,"enemies":"Small Slimes","floor":1,"turns":4},{"damage":24,"enemies":"3 Sentries","floor":6,"turns":7},{"damage":9,"enemies":"Jaw Worm","floor":7,"turns":5},{"damage":0,"enemies":"2 Louse","floor":10,"turns":3},{"damage":1,"enemies":"2 Fungi Beasts","floor":11,"turns":3},{"damage":25,"enemies":"Exordium Thugs","floor":13,"turns":6},{"damage":10,"enemies":"Slime Boss","floor":16,"turns":7},{"damage":7,"enemies":"Chosen","floor":18,"turns":4},{"damage":8,"enemies":"3 Byrds","floor":21,"turns":6},{"damage":33,"enemies":"Snake Plant","floor":22,"turns":5},{"damage":3,"enemies":"3 Cultists","floor":24,"turns":4},{"damage":0,"enemies":"Centurion and Healer","floor":28,"turns":3},{"damage":9,"enemies":"Shelled Parasite and Fungi","floor":30,"turns":4},{"damage":1,"enemies":"3 Cultists","floor":31,"turns":3},{"damage":83,"enemies":"Collector","floor":33,"turns":6}],"seed_played":"6010312206940213541","potions_obtained":[{"floor":11,"key":"FearPotion"},{"floor":13,"key":"Energy Potion"},{"floor":28,"key":"CultistPotion"},{"floor":30,"key":"Strength Potion"},{"floor":31,"key":"Ancient Potion"}],"is_trial":false,"path_per_floor":["M","?","?","$","?","E","M","R","T","M","M","R","M","$","R","B",null,"M","?","?","M","M","R","M","R","T","?","M","R","M","M","R","B"],"character_chosen":"IRONCLAD","items_purchased":["Evolve+1"],"campfire_rested":2,"item_purchase_floors":[4],"current_hp_per_floor":[56,45,50,50,50,32,29,53,53,59,64,64,45,45,45,41,70,69,69,63,61,34,34,37,37,37,37,43,43,40,45,69,0,0],"gold":74,"neow_bonus":"ONE_RARE_RELIC","is_daily":false,"chose_seed":false,"campfire_upgraded":5,"win_rate":0.0,"timestamp":1613015318,"path_taken":["M","?","?","$","?","E","M","R","T","M","M","R","M","$","R","BOSS","M","?","?","M","M","R","M","R","T","?","M","R","?","M","R","BOSS"],"items_purchased_type":["Card"],"build_version":"2020-12-22","purchased_purges":2,"victory":false,"max_hp_per_floor":[75,75,80,80,80,80,80,80,80,80,80,80,80,80,80,80,80,80,80,80,80,80,80,80,80,80,80,80,80,80,80,80,80,80],"card_choices":[{"not_picked":["Sentinel","Clothesline"],"picked":"Shrug It Off","floor":1},{"not_picked":["Flex","Sword Boomerang","Clash"],"picked":"SKIP","floor":6},{"not_picked":["Brutality+1","Twin Strike","Anger"],"picked":"SKIP","floor":7},{"not_picked":["Heavy Blade","Headbutt"],"picked":"Cleave","floor":10},{"not_picked":["Warcry","Hemokinesis"],"picked":"Iron Wave","floor":11},{"not_picked":["True Grit","Pommel Strike"],"picked":"Armaments","floor":13},{"not_picked":["Corruption+1","Double Tap"],"picked":"Immolate","floor":16},{"not_picked":["Thunderclap","Sentinel"],"picked":"Pommel Strike+1","floor":18},{"not_picked":["Dual Wield","Dark Embrace+1"],"picked":"Rupture+1","floor":21},{"not_picked":["Perfected Strike","Clothesline","Entrench"],"picked":"SKIP","floor":22},{"not_picked":["Twin Strike","Warcry"],"picked":"Shrug It Off","floor":24},{"not_picked":["Sword Boomerang","Rampage","Anger+1"],"picked":"SKIP","floor":28},{"not_picked":["Cleave","Hemokinesis"],"picked":"Shrug It Off","floor":30},{"not_picked":["Flex","Wild Strike"],"picked":"Fire Breathing+1","floor":31}],"player_experience":1320096,"relics_obtained":[{"floor":6,"key":"Du-Vu Doll"},{"floor":9,"key":"InkBottle"},{"floor":26,"key":"Torii"}],"event_choices":[{"damage_healed":0,"gold_gain":0,"player_choice":"Success","damage_taken":11,"relics_obtained":["Frozen Egg 2"],"max_hp_gain":0,"max_hp_loss":0,"event_name":"Scrap Ooze","floor":2,"gold_loss":0},{"damage_healed":0,"gold_gain":0,"player_choice":"Donut","damage_taken":0,"max_hp_gain":5,"max_hp_loss":0,"event_name":"Big Fish","floor":3,"gold_loss":0},{"damage_healed":0,"gold_gain":0,"player_choice":"Grow","damage_taken":0,"max_hp_gain":0,"max_hp_loss":0,"event_name":"Living Wall","floor":5,"gold_loss":0,"cards_upgraded":["Bash"]},{"damage_healed":0,"gold_gain":0,"player_choice":"Opened","damage_taken":0,"relics_obtained":["Thread and Needle"],"max_hp_gain":0,"max_hp_loss":0,"event_name":"The Mausoleum","floor":19,"gold_loss":0,"cards_obtained":["Writhe"]},{"damage_healed":0,"gold_gain":0,"player_choice":"Joined the Cult","damage_taken":6,"max_hp_gain":0,"max_hp_loss":0,"event_name":"Nest","floor":20,"gold_loss":0,"cards_obtained":["RitualDagger"]},{"damage_healed":0,"gold_gain":0,"player_choice":"Inject Mutagens","damage_taken":0,"relics_obtained":["MutagenicStrength"],"max_hp_gain":0,"max_hp_loss":0,"event_name":"Drug Dealer","floor":27,"gold_loss":0}],"is_beta":false,"boss_relics":[{"not_picked":["Runic Cube","Tiny House"],"picked":"Ectoplasm"}],"items_purged_floors":[4,14],"is_endless":false,"potions_floor_spawned":[11,13,28,30,31],"killed_by":"Collector","ascension_level":15}}