{"host":"roto7j7840a50pxh","time":1613027708,"event":{"mods":["Act Like it!","BaseMod","Better Altar","Better Note","Better Sensory Stone","Better Skull","Better Third Choice","BetterRewards","Colored Map","Colored Powertips","Downfall","Hermit","Highlight Path","Hubris","Infinite Spire","Minty Spire (QoL Compilation)","Replay The Spire","Robot Space Explorer","Shade Mod","Spicy Shops","StSLib","The Construct","The Cursed","The Dragon Tamer","The Hierophant","The Necromancer","The Runesmith","The Servant 0.9.4","TheVacant"],"gold_per_floor":[116,185,204,220,240,270,270,300,350,368,407,407,487,511,520,634,679,702,761,115,115,155,239,339,339,339,403,421,466,489,529,529,756,756,836,845,942,1042,548,644,720,720,720,720,805,9,109,175,175,195],"floor_reached":51,"language":"ENG","playtime":3866,"items_purged":["downfall:Bewildered","hubris:Envy","Writhe"],"score":1526,"play_id":"0d3cc03d-c537-4845-a3ba-374aa19b1304","local_time":"20210211021508","is_ascension_mode":true,"campfire_choices":[{"data":"RobotSpaceExplorer:Fix","floor":7.0,"key":"SMITH"},{"data":"RobotSpaceExplorer:Pulsar","floor":12.0,"key":"SMITH"},{"data":"RobotSpaceExplorer:Exploration","floor":25.0,"key":"SMITH"},{"floor":32.0,"key":"REST"},{"floor":42.0,"key":"REST"},{"data":"Apotheosis","floor":44.0,"key":"SMITH"},{"data":"RobotSpaceExplorer:Fix","floor":44.0,"key":"SMITH"},{"data":"RobotSpaceExplorer:Discharger","floor":49.0,"key":"SMITH"},{"data":"infinitespire:TheBestDefense","floor":49.0,"key":"SMITH"}],"circlet_count":0,"master_deck":["RobotSpaceExplorer:Strike","RobotSpaceExplorer:Strike","RobotSpaceExplorer:Strike+1","RobotSpaceExplorer:Defend+1","RobotSpaceExplorer:Defend","RobotSpaceExplorer:Defend","RobotSpaceExplorer:Defend","RobotSpaceExplorer:Scan","RobotSpaceExplorer:MiniLasers","RobotSpaceExplorer:RigExplosive+1","RobotSpaceExplorer:StunGrenade","RobotSpaceExplorer:ImprovisedAttack","RobotSpaceExplorer:Electroshield","RobotSpaceExplorer:SelfCleaning","RobotSpaceExplorer:SurgingShield","RobotSpaceExplorer:LuckyStrike","RobotSpaceExplorer:BigMissile+1","RobotSpaceExplorer:Fix+1","RobotSpaceExplorer:Fix+1","RobotSpaceExplorer:FreezeRay","RobotSpaceExplorer:Pulsar+1","RobotSpaceExplorer:SlimeMissile","RobotSpaceExplorer:ScrapMissile+1","RobotSpaceExplorer:SlimeMissile","RobotSpaceExplorer:Electroshield","RobotSpaceExplorer:ImprovisedAttack","RobotSpaceExplorer:ChargingLaser+1","construct:DefenseMode","RobotSpaceExplorer:Comet+1","Dramatic Entrance","infinitespire:TheBestDefense+1","RobotSpaceExplorer:FrostMissile","TheCursedMod:CircleOfCorruption+1","RobotSpaceExplorer:Discharger+1","RobotSpaceExplorer:SwiftStep+1","RobotSpaceExplorer:ShovelStrike","RobotSpaceExplorer:DoubleBlock","RobotSpaceExplorer:FrostMissile","RobotSpaceExplorer:ShockKick+1","RobotSpaceExplorer:Blitz","RobotSpaceExplorer:DualCore","RobotSpaceExplorer:ShockMissile","Master of Strategy","Apotheosis+1","RobotSpaceExplorer:ShockKick","RobotSpaceExplorer:BigMissile+1","RobotSpaceExplorer:Comet","RobotSpaceExplorer:SlimeMissile+1","RobotSpaceExplorer:SurgingStrike+1","RobotSpaceExplorer:Pulsar+1","RobotSpaceExplorer:ScrapShield+1","RobotSpaceExplorer:PowerCollector","RobotSpaceExplorer:JunkDive+1","RobotSpaceExplorer:MiniBoosters","RobotSpaceExplorer:Counterblock+1","RobotSpaceExplorer:Blaster","RobotSpaceExplorer:DroneSwarm","RobotSpaceExplorer:ImprovisedAttack","RobotSpaceExplorer:FreezeRay+1","RobotSpaceExplorer:DroneSwarm"],"relics":["RobotSpaceExplorer:RoboCore","RobotSpaceExplorer:FoglandsKnife","champ:Barbells","Chameleon Ring","Boot","hubris:MobiusCoin","Anchor","CeramicFish","ReplayTheSpireMod:SealedPack","RobotSpaceExplorer:SlideRule","Replay:Bandana","infinitespire:Eraser","Gremlin Food","infinitespire:Lucky Rock","Pen Nib","infinitespire:EvilPickle","RobotSpaceExplorer:Reprocessor","Bottled Tornado","Mummified Hand","Replay:Arrowhead","Peace Pipe","Lee\u0027s Waffle","Bag of Marbles"],"acts_visited":["Exordium","TheCity","TheBeyond"],"potions_floor_usage":[50,50,50,50,50,50],"damage_taken":[{"damage":0.0,"enemies":"Cultist","floor":1.0,"turns":4.0},{"damage":0.0,"enemies":"Jaw Worm","floor":3.0,"turns":4.0},{"damage":0.0,"enemies":"2 Louse","floor":4.0,"turns":3.0},{"damage":0.0,"enemies":"Lots of Slimes","floor":5.0,"turns":1.0},{"damage":12.0,"enemies":"Replay:BlueRogue","floor":6.0,"turns":7.0},{"damage":24.0,"enemies":"Lagavulin","floor":8.0,"turns":7.0},{"damage":0.0,"enemies":"Large Slime","floor":10.0,"turns":2.0},{"damage":10.0,"enemies":"3 Sentries","floor":11.0,"turns":5.0},{"damage":0.0,"enemies":"Red Slaver","floor":14.0,"turns":1.0},{"damage":18.0,"enemies":"The Guardian","floor":16.0,"turns":13.0},{"damage":0.0,"enemies":"2 Thieves","floor":18.0,"turns":3.0},{"damage":0.0,"enemies":"3 Byrds","floor":22.0,"turns":3.0},{"damage":3.0,"enemies":"Snake Plant","floor":23.0,"turns":2.0},{"damage":9.0,"enemies":"Book of Stabbing","floor":24.0,"turns":7.0},{"damage":26.0,"enemies":"Gremlin Leader","floor":27.0,"turns":7.0},{"damage":0.0,"enemies":"Chosen and Byrds","floor":29.0,"turns":4.0},{"damage":0.0,"enemies":"Cultist and Chosen","floor":31.0,"turns":5.0},{"damage":55.0,"enemies":"Pondfish","floor":33.0,"turns":12.0},{"damage":1.0,"enemies":"Orb Walker","floor":35.0,"turns":2.0},{"damage":0.0,"enemies":"3 Shapes","floor":37.0,"turns":2.0},{"damage":60.0,"enemies":"Writhing Mass","floor":38.0,"turns":6.0},{"damage":4.0,"enemies":"Reptomancer","floor":40.0,"turns":5.0},{"damage":0.0,"enemies":"Sphere and 2 Shapes","floor":41.0,"turns":2.0},{"damage":2.0,"enemies":"Spire Growth","floor":45.0,"turns":6.0},{"damage":20.0,"enemies":"Maw","floor":47.0,"turns":8.0},{"damage":2.0,"enemies":"3 Darklings","floor":48.0,"turns":3.0},{"damage":36,"enemies":"Awakened One","floor":50,"turns":15}],"seed_played":"-3200359399888891429","potions_obtained":[{"floor":4.0,"key":"Toxic Potion"},{"floor":6.0,"key":"infinitespire:BlackPotion"},{"floor":8.0,"key":"Ancient Potion"},{"floor":11.0,"key":"CultistPotion"},{"floor":24.0,"key":"DuplicationPotion"},{"floor":29.0,"key":"Swift Potion"},{"floor":35.0,"key":"Weak Potion"},{"floor":40.0,"key":"RobotSpaceExplorer:PlasmaFlask"}],"is_trial":false,"path_per_floor":["M","T","M","M","M","E","R","E","T","M","E","R","?","M","R_BF","B",null,"M","?","$","?","M","M","E","R","T","E","?","M","T","M","R","B",null,"M","?","M","M","$","E","M","R","T","R","M","$","M","M","R","B",null],"character_chosen":"RobotSpaceExplorer","items_purchased":["RobotSpaceExplorer:RigExplosive","RobotSpaceExplorer:StunGrenade","RobotSpaceExplorer:ImprovisedAttack","RobotSpaceExplorer:Electroshield","RobotSpaceExplorer:SelfCleaning","RobotSpaceExplorer:SurgingShield","RobotSpaceExplorer:LuckyStrike","RobotSpaceExplorer:BigMissile","RobotSpaceExplorer:FoglandsKnife","champ:Barbells","Explosive Potion","RobotSpaceExplorer:Discharger","RobotSpaceExplorer:SwiftStep","RobotSpaceExplorer:ShovelStrike","RobotSpaceExplorer:DoubleBlock","RobotSpaceExplorer:SlideRule","Replay:Bandana","RobotSpaceExplorer:FrostMissile","Mummified Hand","RobotSpaceExplorer:ScrapShield+1","RobotSpaceExplorer:PowerCollector","Guardian:BlockOnCardUsePotion","Weak Potion","Lee\u0027s Waffle","RobotSpaceExplorer:Blaster","RobotSpaceExplorer:DroneSwarm","Languid Potion","Bag of Marbles","RobotSpaceExplorer:ImprovisedAttack"],"campfire_rested":2,"item_purchase_floors":[0,0,0,0,0,0,0,0,0,0,0,20,20,20,20,20,20,20,39,39,39,46,46,46,46,46,46,46,46],"current_hp_per_floor":[36,36,40,48,48,44,44,30,30,30,30,30,30,30,30,22,62,62,62,62,75,75,72,66,66,66,40,40,46,46,46,68,25,63,62,75,75,21,21,29,29,51,51,51,55,82,62,60,60,36],"gold":195,"neow_bonus":"","is_daily":false,"chose_seed":false,"campfire_upgraded":7,"win_rate":0.0,"timestamp":1613027708,"path_taken":["M","?","M","M","M","E","R","E","T","M","E","R","?","M","R_BF","BOSS","M","?","$","?","?","M","E","R","T","E","?","M","?","M","R","BOSS","M","?","M","M","$","E","M","R","T","R","M","$","M","M","R","BOSS"],"items_purchased_type":["Card","Card","Card","Card","Card","Card","Card","Card","Relic","Relic","Potion","Card","Card","Card","Card","Relic","Relic","Card","Relic","Card","Card","Potion","Potion","Relic","Card","Card","Potion","Relic","Card"],"build_version":"2020-12-22","purchased_purges":3,"victory":true,"max_hp_per_floor":[75,75,75,75,75,75,75,75,75,75,75,75,75,75,75,75,75,75,75,75,75,75,75,75,75,75,75,75,75,75,75,75,75,75,75,75,75,75,75,75,75,75,75,75,75,82,82,82,82,82],"card_choices":[{"not_picked":["RobotSpaceExplorer:GlueSpray","RobotSpaceExplorer:Ammunition"],"picked":"RobotSpaceExplorer:Fix","floor":1.0},{"not_picked":["RobotSpaceExplorer:ScrapMissile","RobotSpaceExplorer:Counterblock"],"picked":"RobotSpaceExplorer:Fix","floor":3.0},{"not_picked":["RobotSpaceExplorer:Probe","RobotSpaceExplorer:LuckyStrike"],"picked":"RobotSpaceExplorer:FreezeRay","floor":4.0},{"not_picked":["RobotSpaceExplorer:IronShell","RobotSpaceExplorer:ScrapMissile"],"picked":"RobotSpaceExplorer:Pulsar","floor":5.0},{"not_picked":["RobotSpaceExplorer:Counterblock","RobotSpaceExplorer:Pulsar"],"picked":"RobotSpaceExplorer:SlimeMissile","floor":6.0},{"not_picked":["RobotSpaceExplorer:SwiftStep","RobotSpaceExplorer:PowerCollector"],"picked":"RobotSpaceExplorer:ScrapMissile","floor":8.0},{"not_picked":["RobotSpaceExplorer:SurgingStrike","RobotSpaceExplorer:ExhaustFan"],"picked":"RobotSpaceExplorer:SlimeMissile","floor":10.0},{"not_picked":["RobotSpaceExplorer:Counterblock","RobotSpaceExplorer:SurgingShield"],"picked":"RobotSpaceExplorer:Electroshield","floor":11.0},{"not_picked":["RobotSpaceExplorer:RigExplosive","RobotSpaceExplorer:Accelerator"],"picked":"RobotSpaceExplorer:ImprovisedAttack","floor":14.0},{"not_picked":["RobotSpaceExplorer:Accelerator","RobotSpaceExplorer:Arsenal"],"picked":"RobotSpaceExplorer:Exploration","floor":16.0},{"not_picked":["sneckomod:SnekBite","RobotSpaceExplorer:MiniLasers"],"picked":"construct:DefenseMode","floor":17.0},{"not_picked":["RobotSpaceExplorer:Asteroid","RobotSpaceExplorer:ChargingLaser"],"picked":"RobotSpaceExplorer:Comet","floor":17.0},{"not_picked":["Impatience","Deep Breath"],"picked":"Dramatic Entrance","floor":17.0},{"not_picked":["ReplayTheSpireMod:Black Plague","hubris:Fate"],"picked":"infinitespire:TheBestDefense","floor":17.0},{"not_picked":["RobotSpaceExplorer:LuckyStrike","RobotSpaceExplorer:ScrapMissile"],"picked":"RobotSpaceExplorer:FrostMissile","floor":18.0},{"not_picked":["RobotSpaceExplorer:PowerGlove","RobotSpaceExplorer:SwiftStep"],"picked":"RobotSpaceExplorer:ShockKick+1","floor":22.0},{"not_picked":["RobotSpaceExplorer:LuckyStrike+1","RobotSpaceExplorer:ImprovisedAttack"],"picked":"RobotSpaceExplorer:Blitz","floor":23.0},{"not_picked":["RobotSpaceExplorer:DoubleBlock+1","RobotSpaceExplorer:ImprovisedAttack"],"picked":"RobotSpaceExplorer:DualCore","floor":24.0},{"not_picked":["RobotSpaceExplorer:Counterblock","RobotSpaceExplorer:FranticSearch"],"picked":"RobotSpaceExplorer:ShockMissile","floor":27.0},{"not_picked":["Transmutation","Dark Shackles"],"picked":"Master of Strategy","floor":28.0},{"not_picked":["HandOfGreed","ReplayTheSpireMod:Brewmster"],"picked":"Apotheosis","floor":28.0},{"not_picked":["RobotSpaceExplorer:GlueShot","RobotSpaceExplorer:ScrapShield"],"picked":"RobotSpaceExplorer:ShockKick","floor":29.0},{"not_picked":["RobotSpaceExplorer:ScrapShield+1","RobotSpaceExplorer:FreezingShield"],"picked":"RobotSpaceExplorer:BigMissile+1","floor":31.0},{"not_picked":["RobotSpaceExplorer:Wormhole","RobotSpaceExplorer:Exploration"],"picked":"RobotSpaceExplorer:Comet","floor":33.0},{"not_picked":["RobotSpaceExplorer:DoubleBlock+1","RobotSpaceExplorer:Counterblock+1"],"picked":"RobotSpaceExplorer:SlimeMissile","floor":35.0},{"not_picked":["RobotSpaceExplorer:Counterblock","RobotSpaceExplorer:FreezingShield"],"picked":"RobotSpaceExplorer:SurgingStrike+1","floor":37.0},{"not_picked":["RobotSpaceExplorer:ShockMissile","RobotSpaceExplorer:ImprovisedAttack+1"],"picked":"RobotSpaceExplorer:Pulsar+1","floor":38.0},{"not_picked":["RobotSpaceExplorer:PowerCollector+1","RobotSpaceExplorer:ShovelStrike"],"picked":"RobotSpaceExplorer:JunkDive+1","floor":40.0},{"not_picked":["RobotSpaceExplorer:ImprovisedAttack+1","RobotSpaceExplorer:Reload"],"picked":"RobotSpaceExplorer:MiniBoosters","floor":41.0},{"not_picked":["RobotSpaceExplorer:FranticSearch","RobotSpaceExplorer:SlimeMissile"],"picked":"RobotSpaceExplorer:Counterblock+1","floor":45.0},{"not_picked":["RobotSpaceExplorer:Asteroid","RobotSpaceExplorer:FrostMissile"],"picked":"RobotSpaceExplorer:FreezeRay+1","floor":47.0},{"not_picked":["RobotSpaceExplorer:SlimeMissile","RobotSpaceExplorer:Probe"],"picked":"RobotSpaceExplorer:DroneSwarm","floor":48.0}],"player_experience":1945916,"relics_obtained":[{"floor":2.0,"key":"Chameleon Ring"},{"floor":6.0,"key":"Boot"},{"floor":8.0,"key":"hubris:MobiusCoin"},{"floor":9.0,"key":"Anchor"},{"floor":11.0,"key":"CeramicFish"},{"floor":24.0,"key":"infinitespire:Eraser"},{"floor":26.0,"key":"Gremlin Food"},{"floor":27.0,"key":"infinitespire:Lucky Rock"},{"floor":30.0,"key":"Pen Nib"},{"floor":35.0,"key":"Bottled Tornado"},{"floor":40.0,"key":"Replay:Arrowhead"},{"floor":43.0,"key":"Peace Pipe"}],"event_choices":[{"damage_healed":0.0,"max_hp_gain":0.0,"max_hp_loss":0.0,"gold_gain":80.0,"event_name":"Golden Wing","player_choice":"Gained Gold","floor":13.0,"gold_loss":0.0,"damage_taken":0.0},{"cards_removed":["RobotSpaceExplorer:Fix"],"damage_healed":0.0,"max_hp_gain":0.0,"max_hp_loss":0.0,"gold_gain":0.0,"event_name":"betterNote:BetterNote","player_choice":"Take \u0026 Give","floor":19.0,"gold_loss":0.0,"damage_taken":0.0,"cards_obtained":["TheCursedMod:CircleOfCorruption"]},{"damage_healed":13.0,"max_hp_gain":0.0,"max_hp_loss":0.0,"gold_gain":0.0,"event_name":"Wheel of Change","player_choice":"Full Heal","floor":21.0,"gold_loss":0.0,"damage_taken":0.0},{"damage_healed":0.0,"max_hp_gain":0.0,"max_hp_loss":0.0,"gold_gain":2.0,"event_name":"betterStone:BetterStone","player_choice":"1","floor":28.0,"gold_loss":0.0,"damage_taken":0.0},{"damage_healed":19.0,"max_hp_gain":0.0,"max_hp_loss":0.0,"gold_gain":0.0,"event_name":"Winding Halls","player_choice":"Writhe","floor":36.0,"gold_loss":0.0,"damage_taken":0.0,"cards_obtained":["Writhe"]}],"is_beta":false,"boss_relics":[{"not_picked":["SlaversCollar","sneckomod:SneckoTalon"],"picked":"ReplayTheSpireMod:SealedPack"},{"not_picked":["Black Star","Runic Pyramid"],"picked":"RobotSpaceExplorer:Reprocessor"}],"items_purged_floors":[0,39,39],"is_endless":false,"potions_floor_spawned":[4,6,8,11,18,23,24,29,35,40,48],"ascension_level":5}}