{"host":"bakf0s4odzu8z5xt","time":1613019326,"event":{"mods":["2.2 Compatiblity","BaseMod","Downfall","Friendly Minions","Minty Spire (QoL Compilation)","StSLib"],"gold_per_floor":[0,10,28,46,61,61,111,128,148,159,0,30,42,91,119,240,252,164,195,243,281,135,235,235,235,235,235],"floor_reached":25,"language":"ENG","playtime":1883,"items_purged":["hexamod:Strike","hexamod:Strike"],"score":239,"play_id":"f5b4e501-5a96-47ef-b649-2719ad1590ed","local_time":"20210210225526","is_ascension_mode":true,"campfire_choices":[{"data":"hexamod:Sear","floor":1,"key":"SMITH"},{"floor":13,"key":"REST"},{"data":"hexamod:HeatShield","floor":18,"key":"SMITH"}],"circlet_count":0,"master_deck":["hexamod:Defend","hexamod:Defend","hexamod:Defend+1","hexamod:Defend","hexamod:Sear+1","hexamod:Float+1","hexamod:ChargedBarrage","hexamod:Firestarter","hexamod:Incineration+1","hexamod:PhantomFireball+1","hexamod:StepThrough","hexamod:SpectralAdrenaline","hexamod:SearingWound","hexamod:HeatShield+1","hexamod:EmpoweredFlame","hexamod:RadiantFlame","hexamod:Hexaguard","hexamod:FifthSeal","hexamod:SixthSeal","hexamod:FirstSeal","hexamod:ThirdSeal","hexamod:ExtraCrispy+1","hexamod:FourthSeal","hexamod:VolcanoVisage","hexamod:GhostOfSpireFuture"],"relics":["hexamod:SpiritBrand","Art of War","MawBank","CeramicFish","Sozu","downfall:HeartBlessingGreen","champ:DeflectingBracers","Blue Candle"],"acts_visited":["Exordium","TheCity"],"potions_floor_usage":[8,13,19,20],"damage_taken":[{"damage":0,"enemies":"2 Louse","floor":2,"turns":5},{"damage":0,"enemies":"Cultist","floor":3,"turns":3},{"damage":0,"enemies":"Small Slimes","floor":4,"turns":4},{"damage":7,"enemies":"Exordium Thugs","floor":5,"turns":4},{"damage":11,"enemies":"Lots of Slimes","floor":8,"turns":4},{"damage":8,"enemies":"Large Slime","floor":9,"turns":5},{"damage":0,"enemies":"Exordium Wildlife","floor":10,"turns":3},{"damage":5,"enemies":"downfall:FleeingMerchant","floor":11,"turns":4},{"damage":22,"enemies":"3 Sentries","floor":12,"turns":9},{"damage":9,"enemies":"Lagavulin","floor":14,"turns":5},{"damage":3,"enemies":"Blue Slaver","floor":15,"turns":3},{"damage":9,"enemies":"SI_SHIV_ARCHETYPE","floor":16,"turns":6},{"damage":4,"enemies":"3 Byrds","floor":19,"turns":4},{"damage":7,"enemies":"Snecko","floor":20,"turns":4},{"damage":28,"enemies":"Snake Plant","floor":21,"turns":4},{"damage":0,"enemies":"downfall:FleeingMerchant","floor":22,"turns":4},{"damage":22,"enemies":"IC_STATUS_ARCHETYPE","floor":23,"turns":8},{"damage":33,"enemies":"Sentry and Sphere","floor":25,"turns":4}],"seed_played":"-5767207411901611000","potions_obtained":[{"floor":4,"key":"champ:CounterPotion"},{"floor":5,"key":"FearPotion"},{"floor":12,"key":"Fruit Juice"},{"floor":14,"key":"hexamod:EctoCoolerPotion"},{"floor":15,"key":"DistilledChaos"}],"is_trial":false,"path_per_floor":["R","M","M","M","M","?","T","M","M","M","$","E","R","E","M","B",null,"R","M","M","M","$","?","T","M"],"character_chosen":"THE_SPIRIT","items_purchased":["hexamod:EmpoweredFlame","hexamod:GhostOfSpireFuture"],"campfire_rested":1,"item_purchase_floors":[11,22],"current_hp_per_floor":[70,70,70,70,63,70,70,59,51,51,46,24,51,42,39,30,75,75,71,64,43,50,28,28,0,0,0],"gold":235,"neow_bonus":"REMOVE_TWO","is_daily":false,"chose_seed":false,"campfire_upgraded":2,"win_rate":0.0,"timestamp":1613019326,"path_taken":["R","M","M","M","M","?","T","M","M","M","$","E","R","E","M","BOSS","R","M","M","M","$","?","T","M"],"items_purchased_type":["Card","Card"],"build_version":"2020-12-22","purchased_purges":2,"victory":false,"max_hp_per_floor":[70,70,70,70,70,70,70,70,70,70,70,70,75,75,75,75,75,75,75,75,75,75,75,75,75,75,75],"card_choices":[{"not_picked":["hexamod:HauntingEcho","hexamod:FastForward"],"picked":"hexamod:ChargedBarrage","floor":2},{"not_picked":["hexamod:Hexaguard","hexamod:BurningTouch"],"picked":"hexamod:Firestarter","floor":3},{"not_picked":["hexamod:GhostLash","hexamod:ChargedBarrage"],"picked":"hexamod:Incineration","floor":4},{"not_picked":["hexamod:SuperheatedStrike","hexamod:AdvancingGuard"],"picked":"hexamod:PhantomFireball","floor":5},{"not_picked":["hexamod:ThirdSeal","hexamod:BurningTouch"],"picked":"hexamod:StepThrough","floor":8},{"not_picked":["hexamod:HauntingEcho","hexamod:FlamesFromBeyond"],"picked":"hexamod:SpectralAdrenaline","floor":9},{"not_picked":["hexamod:HeatShield","hexamod:GhostLash"],"picked":"hexamod:SearingWound","floor":10},{"not_picked":["hexamod:InspiringFlames","hexamod:HauntingEcho"],"picked":"hexamod:HeatShield","floor":11},{"not_picked":["hexamod:SpectralSpark","hexamod:AdvancingGuard"],"picked":"hexamod:RadiantFlame","floor":12},{"not_picked":["hexamod:InspiringFlames","hexamod:GhostLash"],"picked":"hexamod:Hexaguard","floor":14},{"not_picked":["hexamod:SwordOfDarkness","hexamod:PowerFromBeyond","hexamod:SearingWound"],"picked":"SKIP","floor":15},{"not_picked":["hexamod:VolcanoVisage","hexamod:FlameSwitch"],"picked":"hexamod:FifthSeal","floor":16},{"not_picked":["hexamod:FourthSeal","hexamod:ThirdSeal"],"picked":"hexamod:SixthSeal","floor":19},{"not_picked":["hexamod:BurningTouch","hexamod:RecurringNightmare","hexamod:CatchUp+1"],"picked":"SKIP","floor":19},{"not_picked":["hexamod:SecondSeal","hexamod:SixthSeal"],"picked":"hexamod:FirstSeal","floor":20},{"not_picked":["hexamod:SwordOfDarkness","hexamod:FastForward"],"picked":"hexamod:ThirdSeal","floor":20},{"not_picked":["hexamod:Firestarter+1","hexamod:RecurringNightmare"],"picked":"hexamod:ExtraCrispy+1","floor":21},{"not_picked":["hexamod:HeatCrush","hexamod:InspiringFlames","hexamod:NightmareStrike"],"picked":"SKIP","floor":21},{"not_picked":["hexamod:SixthSeal","hexamod:FirstSeal"],"picked":"hexamod:FourthSeal","floor":22},{"not_picked":["hexamod:SwordOfDarkness","hexamod:FirstSeal"],"picked":"hexamod:VolcanoVisage","floor":22},{"not_picked":["hexamod:NecessarySacrifice","hexamod:FastForward","hexamod:Rewind"],"picked":"SKIP","floor":22}],"player_experience":2141547,"relics_obtained":[{"floor":7,"key":"Art of War"},{"floor":12,"key":"MawBank"},{"floor":14,"key":"CeramicFish"},{"floor":23,"key":"champ:DeflectingBracers"},{"floor":23,"key":"Blue Candle"}],"event_choices":[{"damage_healed":7,"gold_gain":0,"player_choice":"Full Heal","damage_taken":0,"max_hp_gain":0,"max_hp_loss":0,"event_name":"Wheel of Change","floor":6,"gold_loss":0}],"is_beta":false,"boss_relics":[{"not_picked":["Fusion Hammer","Tiny House"],"picked":"Sozu"}],"items_purged_floors":[11,22],"is_endless":false,"potions_floor_spawned":[4,5,12,14,15],"killed_by":"Sentry and Sphere","ascension_level":2}}