{"host":"5y2vm16xfq9gfmb2","time":1613008895,"event":{"mods":["AchievementEnabler","BaseMod","Better Third Choice","Colored Map","Colored Powertips","DeckTracker","Minty Spire (QoL Compilation)","Rare Cards Sparkle","Relic Stats","StSLib","The Alterego","The Servant 0.9.4"],"gold_per_floor":[359,359,378,32,42,72,72,0,69,95,108,108,108,121,121,218,218,234,214,214,51,51,77,77,96,96,110,33,48,48,62,62,62,62],"floor_reached":33,"language":"ENG","playtime":1896,"items_purged":[],"score":301,"play_id":"46c811ca-3f24-4f4b-9a70-4e7855c18e3a","local_time":"20210210210135","is_ascension_mode":false,"campfire_choices":[{"data":"Secret Technique","floor":7,"key":"SMITH"},{"floor":13,"key":"REST"},{"floor":15,"key":"REST"},{"data":"Dark Embrace","floor":24,"key":"SMITH"},{"floor":30,"key":"REST"},{"floor":32,"key":"REST"}],"circlet_count":0,"master_deck":["Strike_R","Strike_R","Strike_R","Strike_R","Strike_R","Defend_R","Defend_R","Defend_R","Defend_R","Bash","Regret","Anger","Bloodletting","Clothesline","Secret Technique+1","alterego_mod:1TonWallop","Darkness","Enlightenment","WheelKick","Outmaneuver","alterego_mod:Vow","alterego_mod:Alter","Leap","Sweeping Beam+1","Dark Embrace+1","Streamline","Poisoned Stab","Anger","JustLucky","alterego_mod:BusterCard+1"],"relics":["Burning Blood","Regal Pillow","PrismaticShard","Ginger","HornCleat","Champion Belt","Spirit Poop","Snecko Eye","alterego_mod:SomeoneToFightFor","Membership Card","GremlinMask","Bottled Tornado","Matryoshka","Strange Spoon"],"acts_visited":["Exordium","TheCity"],"potions_floor_usage":[16,16,16,19,19,33,33,33],"damage_taken":[{"damage":10,"enemies":"Small Slimes","floor":1,"turns":4},{"damage":4,"enemies":"2 Louse","floor":3,"turns":3},{"damage":5,"enemies":"Cultist","floor":5,"turns":3},{"damage":24,"enemies":"Gremlin Nob","floor":6,"turns":4},{"damage":40,"enemies":"Lagavulin","floor":10,"turns":5},{"damage":8,"enemies":"Exordium Thugs","floor":11,"turns":3},{"damage":13,"enemies":"2 Fungi Beasts","floor":14,"turns":3},{"damage":34,"enemies":"Slime Boss","floor":16,"turns":4},{"damage":17,"enemies":"Chosen","floor":18,"turns":4},{"damage":17,"enemies":"2 Thieves","floor":19,"turns":4},{"damage":0,"enemies":"Gremlin Leader","floor":23,"turns":2},{"damage":11,"enemies":"Shelled Parasite and Fungi","floor":25,"turns":2},{"damage":28,"enemies":"Snake Plant","floor":27,"turns":4},{"damage":19,"enemies":"Snecko","floor":29,"turns":4},{"damage":37,"enemies":"Sentry and Sphere","floor":31,"turns":5},{"damage":134,"enemies":"Champ","floor":33,"turns":10}],"seed_played":"6340381914452885358","potions_obtained":[{"floor":10,"key":"Energy Potion"},{"floor":14,"key":"EntropicBrew"},{"floor":23,"key":"Weak Potion"},{"floor":25,"key":"BloodPotion"}],"is_trial":false,"path_per_floor":["M","?","M","$","M","E","R","?","T","E","M","?","R","M","R","B",null,"M","M","?","$","?","E","R","M","T","M","$","M","R","M","R","B"],"character_chosen":"IRONCLAD","items_purchased":["PrismaticShard","Clothesline","Secret Technique","Membership Card","Dark Embrace","Strange Spoon"],"campfire_rested":4,"item_purchase_floors":[4,4,4,21,21,28],"current_hp_per_floor":[76,76,78,78,79,61,61,67,67,33,31,31,71,64,86,58,86,75,64,64,64,64,70,70,65,65,43,43,30,70,39,79,0,0],"gold":62,"neow_bonus":"TWO_FIFTY_GOLD","is_daily":false,"chose_seed":false,"campfire_upgraded":2,"win_rate":0.0,"timestamp":1613008895,"path_taken":["M","?","M","$","M","E","R","?","T","E","M","?","R","M","R","BOSS","M","?","?","$","?","E","R","M","T","M","$","M","R","?","R","BOSS"],"items_purchased_type":["Relic","Card","Card","Relic","Card","Relic"],"build_version":"2020-12-22","purchased_purges":0,"victory":false,"max_hp_per_floor":[80,80,80,80,80,80,80,86,86,86,86,86,86,86,86,86,86,86,86,86,86,86,86,86,86,86,86,86,86,86,86,86,86,86],"relic_stats":{"Strange Spoon":[0],"Regal Pillow":45,"counters":[16,64],"Snecko Eye":[57,52,71,71],"Ginger":[16],"Champion Belt":[26],"obtain_stats":[{"Regal Pillow":2,"Spirit Poop":12,"GremlinMask":22,"Ginger":6,"alterego_mod:SomeoneToFightFor":20,"Bottled Tornado":23,"PrismaticShard":4,"Burning Blood":0,"Strange Spoon":28,"HornCleat":9,"Matryoshka":26,"Snecko Eye":17,"Champion Belt":10,"Membership Card":21},{"Regal Pillow":1,"Spirit Poop":6,"GremlinMask":10,"Ginger":4,"alterego_mod:SomeoneToFightFor":10,"Bottled Tornado":11,"PrismaticShard":2,"Burning Blood":0,"Strange Spoon":13,"HornCleat":4,"Matryoshka":12,"Snecko Eye":8,"Champion Belt":5,"Membership Card":10},{"Regal Pillow":4,"Spirit Poop":22,"GremlinMask":37,"Ginger":14,"alterego_mod:SomeoneToFightFor":37,"Bottled Tornado":39,"PrismaticShard":7,"Burning Blood":0,"Strange Spoon":45,"HornCleat":14,"Matryoshka":41,"Snecko Eye":29,"Champion Belt":19,"Membership Card":37}],"Burning Blood":90},"card_choices":[{"not_picked":["Dual Wield","Fire Breathing"],"picked":"Anger","floor":1},{"not_picked":["Cleave","Warcry"],"picked":"Bloodletting","floor":3},{"not_picked":["Sword Boomerang","DoubleEdge"],"picked":"alterego_mod:1TonWallop","floor":5},{"not_picked":["alterego_mod:Bunnysuit","Clash"],"picked":"Darkness","floor":6},{"not_picked":["ShatteredReality","Dark Shackles"],"picked":"WheelKick","floor":10},{"not_picked":["Crescendo","alterego_mod:BoobPocket"],"picked":"Outmaneuver","floor":11},{"not_picked":["alterego_mod:GoddessCore","Pummel"],"picked":"alterego_mod:Vow","floor":14},{"not_picked":["TheWorld","ConjureBlade"],"picked":"alterego_mod:Alter","floor":16},{"not_picked":["Good Instincts","alterego_mod:Jiggle"],"picked":"Leap","floor":18},{"not_picked":["alterego_mod:Undulate","Endless Agony+1"],"picked":"Sweeping Beam+1","floor":19},{"not_picked":["alterego_mod:DeftHands","Steam"],"picked":"Streamline","floor":23},{"not_picked":["Rip and Tear","Entrench"],"picked":"Poisoned Stab","floor":25},{"not_picked":["alterego_mod:Bounce","FlurryOfBlows"],"picked":"Anger","floor":27},{"not_picked":["alterego_mod:SakuraLabyrinth","Fire Breathing"],"picked":"JustLucky","floor":29},{"not_picked":["Iron Wave+1","Read+1"],"picked":"alterego_mod:BusterCard+1","floor":31}],"player_experience":20503,"relics_obtained":[{"floor":6,"key":"Ginger"},{"floor":9,"key":"HornCleat"},{"floor":10,"key":"Champion Belt"},{"floor":23,"key":"Bottled Tornado"},{"floor":26,"key":"Matryoshka"}],"event_choices":[{"damage_healed":0,"gold_gain":0,"player_choice":"Box","damage_taken":0,"relics_obtained":["Regal Pillow"],"max_hp_gain":0,"max_hp_loss":0,"event_name":"Big Fish","floor":2,"gold_loss":0,"cards_obtained":["Regret"]},{"damage_healed":0,"gold_gain":0,"player_choice":"RENOUNCE","damage_taken":72,"max_hp_gain":0,"max_hp_loss":0,"event_name":"betterThird:BetterSerpent","floor":8,"gold_loss":72,"cards_obtained":["Enlightenment"]},{"cards_removed":["Regret"],"damage_healed":0,"gold_gain":0,"player_choice":"Offered Curse","damage_taken":0,"relics_obtained":["Spirit Poop"],"max_hp_gain":0,"max_hp_loss":0,"event_name":"Bonfire Elementals","floor":12,"gold_loss":0},{"damage_healed":0,"gold_gain":0,"player_choice":"Choice 2","damage_taken":0,"relics_obtained":["alterego_mod:SomeoneToFightFor"],"max_hp_gain":0,"max_hp_loss":0,"event_name":"Secret Garden","floor":20,"gold_loss":0},{"damage_healed":0,"gold_gain":0,"player_choice":"Trade","damage_taken":0,"relics_obtained":["GremlinMask"],"max_hp_gain":0,"max_hp_loss":0,"event_name":"FaceTrader","floor":22,"gold_loss":0}],"is_beta":false,"boss_relics":[{"not_picked":["Ectoplasm","Coffee Dripper"],"picked":"Snecko Eye"}],"items_purged_floors":[],"is_endless":false,"potions_floor_spawned":[10,14,23,25,27],"killed_by":"Champ","ascension_level":0}}