{"host":"dxartouuumwbjwkm","time":1613045550,"event":{"mods":["BaseMod","Challenge The Spire","Minty Spire (QoL Compilation)","StSLib","The Animator"],"gold_per_floor":[22,34,34,48,63,63,89,103,103,115,21,36,53,328,328,413,413,413,338,338,338,124,124,124,124,124,124,124],"floor_reached":27,"language":"ENG","playtime":2088,"items_purged":["Regret"],"score":466,"play_id":"01c6370b-9d0c-4f24-b254-e6a20d1dddf4","local_time":"20210211071230","is_ascension_mode":true,"campfire_choices":[{"floor":6.0,"key":"RECALL"},{"floor":10.0,"key":"REST"},{"floor":15.0,"key":"REST"},{"floor":23,"key":"REST"},{"data":"animator:Ainz","floor":25,"key":"SMITH"}],"circlet_count":0,"master_deck":["AscendersBane","animator:Strike_NoGameNoLife","animator:Defend_NoGameNoLife","animator:Strike","animator:Strike","animator:Strike","animator:Defend","animator:Defend","animator:Defend","animator:DolaSchwi","animator:DolaCouronne","animator:Jibril","animator:MetalKnight+1","animator:DolaRiku","animator:ChlammyZell","animator:Tet","animator:DolaCouronne","animator:Shiro","animator:Azriel","animator:Geryuganshoop","animator:Ainz+1","animator:NarberalGamma","animator:FielNirvalen","animator:Jibril","animator:Boros"],"relics":["animator:LivingPicture","animator:TheMissingPiece","animator:PurgingStone","animator:EngravedStaff","Dream Catcher","Ectoplasm","Nloth\u0027s Gift","Regal Pillow","animator:Buoy","Strawberry"],"acts_visited":["Exordium","TheCity"],"potions_floor_usage":[24,27],"damage_taken":[{"damage":3.0,"enemies":"2 Louse","floor":1.0,"turns":4.0},{"damage":0.0,"enemies":"Cultist","floor":2.0,"turns":3.0},{"damage":4.0,"enemies":"Small Slimes","floor":4.0,"turns":4.0},{"damage":6.0,"enemies":"Exordium Thugs","floor":5.0,"turns":4.0},{"damage":3.0,"enemies":"Lagavulin","floor":7.0,"turns":6.0},{"damage":11.0,"enemies":"Lots of Slimes","floor":8.0,"turns":5.0},{"damage":7.0,"enemies":"Large Slime","floor":12.0,"turns":4.0},{"damage":1.0,"enemies":"3 Louse","floor":13.0,"turns":4.0},{"damage":8.0,"enemies":"Hexaghost","floor":16.0,"turns":9.0},{"damage":20,"enemies":"3 Byrds","floor":18,"turns":8},{"damage":6,"enemies":"Spheric Guardian","floor":20,"turns":5},{"damage":7,"enemies":"Book of Stabbing","floor":24,"turns":6},{"damage":66,"enemies":"Slavers","floor":27,"turns":3}],"seed_played":"-5930327472688649090","potions_obtained":[{"floor":2.0,"key":"DuplicationPotion"},{"floor":5.0,"key":"Energy Potion"},{"floor":8.0,"key":"SpeedPotion"},{"floor":12.0,"key":"LiquidMemories"},{"floor":16.0,"key":"Strength Potion"},{"floor":20,"key":"Energy Potion"}],"is_trial":false,"path_per_floor":["M","M","?","M","M","R","E","M","T","R","$","M","M","?","R","B",null,"M","$","M","?","$","R","E","R","T","E"],"character_chosen":"THE_ANIMATOR","items_purchased":["animator:Tet","animator:DolaCouronne","animator:FielNirvalen","Regal Pillow"],"campfire_rested":3,"item_purchase_floors":[11,11,22,22],"current_hp_per_floor":[51,51,51,47,42,42,39,28,28,46,46,40,39,39,56,48,56,37,37,31,31,31,59,52,52,59,0,0],"gold":124,"neow_bonus":"ONE_RARE_RELIC","is_daily":false,"chose_seed":false,"campfire_upgraded":1,"win_rate":0.0,"timestamp":1613045550,"path_taken":["M","M","?","?","M","R","E","M","T","R","$","M","M","?","R","BOSS","M","$","M","?","$","R","E","R","T","E"],"items_purchased_type":["Card","Card","Card","Relic"],"build_version":"2020-12-22","purchased_purges":1,"victory":false,"max_hp_per_floor":[60,60,60,60,61,61,61,61,61,61,61,62,58,58,58,58,58,59,59,59,59,59,59,59,59,66,66,66],"card_choices":[{"not_picked":["animator:Yoichi","animator:Shion"],"picked":"animator:Jibril","floor":1.0},{"not_picked":["animator:Raven","animator:HiiragiShinya"],"picked":"animator:MetalKnight","floor":2.0},{"not_picked":["animator:Chung","animator:HiiragiShinya","animator:Raven"],"picked":"SKIP","floor":4.0},{"not_picked":["animator:Jibril","animator:DolaCouronne"],"picked":"animator:DolaRiku","floor":5.0},{"not_picked":["animator:SuzuneAmano","animator:HighElfArcher","animator:Benimaru"],"picked":"SKIP","floor":7.0},{"not_picked":["animator:MetalKnight","animator:Demiurge","animator:Yuuichirou"],"picked":"SKIP","floor":8.0},{"not_picked":["animator:Demiurge","animator:FielNirvalen"],"picked":"animator:ChlammyZell","floor":10.0},{"not_picked":["animator:ElricAlphonse","animator:Hakurou"],"picked":"animator:Shiro","floor":12.0},{"not_picked":["animator:DolaCouronne","animator:DolaRiku"],"picked":"animator:Azriel","floor":13.0},{"not_picked":["animator:Priestess","animator:Shuna"],"picked":"animator:Geryuganshoop","floor":15.0},{"not_picked":["animator:Elesis","animator:Shizu"],"picked":"animator:Ainz","floor":16.0},{"not_picked":["animator:Millim","animator:ElricAlphonse"],"picked":"animator:NarberalGamma","floor":18},{"not_picked":["animator:Gluttony+1","animator:Raven","animator:Hakurou"],"picked":"SKIP","floor":20},{"not_picked":["animator:YachiyoNanami","animator:MumenRider"],"picked":"animator:Jibril","floor":23},{"not_picked":["animator:LizardPriest","animator:SayakaMiki+1"],"picked":"animator:Boros","floor":24}],"player_experience":672252,"relics_obtained":[{"floor":7.0,"key":"Dream Catcher"},{"floor":13.0,"key":"animator:CursedGlyph"},{"floor":24,"key":"animator:Buoy"},{"floor":26,"key":"Strawberry"}],"event_choices":[{"damage_healed":0.0,"max_hp_gain":0.0,"max_hp_loss":0.0,"gold_gain":0.0,"event_name":"Upgrade Shrine","player_choice":"Upgraded","floor":3.0,"gold_loss":0.0,"damage_taken":0.0,"cards_upgraded":["animator:MetalKnight"]},{"damage_healed":0.0,"max_hp_gain":0.0,"max_hp_loss":0.0,"gold_gain":275.0,"event_name":"Golden Shrine","player_choice":"Desecrate","floor":14.0,"gold_loss":0.0,"damage_taken":0.0,"cards_obtained":["Regret"]},{"damage_healed":0,"gold_gain":0,"player_choice":"Traded Relic","damage_taken":0,"relics_obtained":["Nloth\u0027s Gift"],"max_hp_gain":0,"max_hp_loss":0,"event_name":"N\u0027loth","floor":21,"relics_lost":["animator:CursedGlyph"],"gold_loss":0}],"is_beta":false,"boss_relics":[{"not_picked":["Velvet Choker","SacredBark"],"picked":"Ectoplasm"}],"items_purged_floors":[19],"is_endless":false,"potions_floor_spawned":[2,5,8,12,16,20],"killed_by":"Slavers","ascension_level":20}}