{"host":"rtw1tnr74gozsrw1","time":1613086332,"event":{"mods":["BaseMod","Colored Map","Colored Powertips","Highlight Path","Infinite Spire","Minty Spire (QoL Compilation)","StSLib","The Cursed","The Jungle"],"gold_per_floor":[111,111,61,72,83,83,109,56,56,56,11,11,11,21,21,21,21],"floor_reached":16,"language":"ENG","playtime":317,"items_purged":[],"score":98,"play_id":"96f6f88a-41f0-49ff-b9e9-af9c0b35dcc6","local_time":"20210212003212","is_ascension_mode":false,"campfire_choices":[{"data":"Zap","floor":6,"key":"SMITH"},{"data":"Dualcast","floor":12,"key":"SMITH"},{"floor":13,"key":"REST"},{"data":"Beam Cell","floor":15,"key":"SMITH"}],"circlet_count":0,"master_deck":["Strike_B","Strike_B","Strike_B","Defend_B","Defend_B","Defend_B","Defend_B","Zap+1","Dualcast+1","Scrape","Gash","Beam Cell","Steam","Beam Cell+1"],"relics":["Cracked Core","NeowsBlessing","Mummified Hand","Oddly Smooth Stone","WingedGreaves"],"acts_visited":["Exordium"],"potions_floor_usage":[],"damage_taken":[{"damage":0,"enemies":"2 Louse","floor":1,"turns":1},{"damage":0,"enemies":"Jaw Worm","floor":4,"turns":1},{"damage":0,"enemies":"Small Slimes","floor":5,"turns":1},{"damage":40,"enemies":"Lagavulin","floor":7,"turns":7},{"damage":4,"enemies":"Exordium Thugs","floor":14,"turns":4},{"damage":53,"enemies":"The Guardian","floor":16,"turns":5}],"seed_played":"4231244447287459210","potions_obtained":[{"floor":5,"key":"DuplicationPotion"}],"is_trial":false,"path_per_floor":["M","?","?","M","M","R","E","$","T","T","$","R","R","M","R","B"],"character_chosen":"DEFECT","items_purchased":["Beam Cell","Steam"],"campfire_rested":1,"item_purchase_floors":[8,11],"current_hp_per_floor":[75,75,75,75,75,75,35,35,35,35,35,35,57,53,53,0,0],"gold":21,"neow_bonus":"THREE_ENEMY_KILL","is_daily":false,"chose_seed":false,"campfire_upgraded":3,"win_rate":0.0,"timestamp":1613086332,"path_taken":["M","?","?","?","M","R","E","$","T","?","$","R","R","M","R","BOSS"],"items_purchased_type":["Card","Card"],"build_version":"2020-12-22","purchased_purges":0,"victory":false,"max_hp_per_floor":[75,75,75,75,75,75,75,75,75,75,75,75,75,75,75,75,75],"card_choices":[{"not_picked":["Rebound","Sweeping Beam"],"picked":"Scrape","floor":1},{"not_picked":["Ball Lightning","Streamline"],"picked":"Gash","floor":4},{"not_picked":["Heatsinks","Lockon","Ball Lightning"],"picked":"SKIP","floor":5},{"not_picked":["Steam Power","Hologram","Reinforced Body"],"picked":"SKIP","floor":7},{"not_picked":["Coolheaded","Force Field"],"picked":"Beam Cell","floor":14}],"player_experience":141207,"relics_obtained":[{"floor":7,"key":"Mummified Hand"},{"floor":9,"key":"Oddly Smooth Stone"},{"floor":10,"key":"WingedGreaves"}],"event_choices":[{"damage_healed":0,"gold_gain":0,"player_choice":"Ignored","damage_taken":0,"max_hp_gain":0,"max_hp_loss":0,"event_name":"Golden Idol","floor":2,"gold_loss":0},{"cards_removed":["Strike_B"],"damage_healed":0,"gold_gain":0,"player_choice":"Card Removal","damage_taken":0,"max_hp_gain":0,"max_hp_loss":0,"event_name":"The Cleric","floor":3,"gold_loss":50}],"is_beta":false,"boss_relics":[],"items_purged_floors":[],"is_endless":false,"potions_floor_spawned":[5],"killed_by":"The Guardian","ascension_level":0}}