{"host":"8eqe2o2g03nh9rfw","time":1613074331,"event":{"mods":["AchievementEnabler","AlwaysNeverKeys","BaseMod","Better Third Choice","Block Reminder","Colored Map","Colored Powertips","GifTheSpireLib","Minty Spire (QoL Compilation)","Permanent Neow","Quick Restart","StSLib","Weighted Paths"],"gold_per_floor":[119,134,134,147,158,187,187,204,250,260,260,279,306,322,322,322,322],"floor_reached":16,"language":"ENG","playtime":1315,"items_purged":[],"score":141,"play_id":"d66ea14d-b83a-43d5-b677-0b2486e0e7bc","local_time":"20210211151211","is_ascension_mode":false,"campfire_choices":[{"floor":7,"key":"REST"},{"floor":11,"key":"REST"},{"floor":15,"key":"REST"}],"circlet_count":0,"master_deck":["Strike_G","Strike_G","Strike_G","Strike_G","Strike_G","Defend_G","Defend_G","Defend_G","Defend_G","Defend_G","Survivor","Neutralize","Pain","Poisoned Stab","Quick Slash+1","Outmaneuver","Slice","Heel Hook","Flying Knee","Blade Dance","Flying Knee","Backstab","Caltrops"],"relics":["Ring of the Snake","Oddly Smooth Stone","Regal Pillow","Pear"],"acts_visited":["Exordium"],"potions_floor_usage":[6,6,13],"damage_taken":[{"damage":13,"enemies":"Jaw Worm","floor":1,"turns":7},{"damage":4,"enemies":"Cultist","floor":2,"turns":4},{"damage":8,"enemies":"2 Louse","floor":4,"turns":2},{"damage":25,"enemies":"Exordium Thugs","floor":5,"turns":6},{"damage":23,"enemies":"Gremlin Nob","floor":6,"turns":4},{"damage":10,"enemies":"Blue Slaver","floor":8,"turns":4},{"damage":5,"enemies":"Red Slaver","floor":10,"turns":3},{"damage":29,"enemies":"Exordium Thugs","floor":12,"turns":4},{"damage":25,"enemies":"Lagavulin","floor":13,"turns":8},{"damage":16,"enemies":"Looter","floor":14,"turns":2},{"damage":45,"enemies":"Slime Boss","floor":16,"turns":8}],"seed_played":"-5369795434109484854","potions_obtained":[{"floor":4,"key":"ColorlessPotion"},{"floor":5,"key":"DistilledChaos"},{"floor":8,"key":"Dexterity Potion"},{"floor":13,"key":"Swift Potion"}],"is_trial":false,"path_per_floor":["M","M","?","M","M","E","R","M","T","M","R","M","E","M","R","B"],"character_chosen":"THE_SILENT","items_purchased":[],"campfire_rested":3,"item_purchase_floors":[],"current_hp_per_floor":[71,67,67,59,34,11,36,26,26,21,61,32,17,1,44,0,0],"gold":322,"neow_bonus":"TWENTY_PERCENT_HP_BONUS","is_daily":false,"chose_seed":false,"campfire_upgraded":0,"win_rate":0.0,"timestamp":1613074331,"path_taken":["M","M","?","?","M","E","R","M","T","M","R","M","E","M","R","BOSS"],"items_purchased_type":[],"build_version":"2020-12-22","purchased_purges":0,"victory":false,"max_hp_per_floor":[84,84,84,84,84,84,84,84,84,84,84,84,94,94,94,94,94],"card_choices":[{"not_picked":["Outmaneuver","Well Laid Plans"],"picked":"Poisoned Stab","floor":1},{"not_picked":["Prepared","Dagger Spray"],"picked":"Quick Slash","floor":2},{"not_picked":["Calculated Gamble","Reflex"],"picked":"Outmaneuver","floor":4},{"not_picked":["Deflect","Dash"],"picked":"Slice","floor":5},{"not_picked":["Distraction","Finisher"],"picked":"Heel Hook","floor":6},{"not_picked":["Footwork","Prepared"],"picked":"Flying Knee","floor":8},{"not_picked":["Acrobatics","Glass Knife"],"picked":"Blade Dance","floor":10},{"not_picked":["Slice","Outmaneuver"],"picked":"Flying Knee","floor":12},{"not_picked":["Flying Knee","Doppelganger"],"picked":"Backstab","floor":13},{"not_picked":["Dagger Throw","Deadly Poison"],"picked":"Caltrops","floor":14}],"player_experience":108633,"relics_obtained":[{"floor":6,"key":"Oddly Smooth Stone"},{"floor":9,"key":"Regal Pillow"},{"floor":13,"key":"Pear"}],"event_choices":[{"damage_healed":0,"gold_gain":0,"player_choice":"Forge","damage_taken":0,"max_hp_gain":0,"max_hp_loss":0,"event_name":"Accursed Blacksmith","floor":3,"gold_loss":0,"cards_upgraded":["Quick Slash"]}],"is_beta":false,"boss_relics":[],"items_purged_floors":[],"is_endless":false,"potions_floor_spawned":[4,5,8,13],"killed_by":"Slime Boss","ascension_level":0}}