{"host":"fxrgx7wt2cpkbhka","time":1613015397,"event":{"mods":["AchievementEnabler","BaseMod","Colored Powertips","Dark Map","Minty Spire (QoL Compilation)","Permanent Neow","Quick Restart","Slay-I","StSLib","Waifu the Spire"],"gold_per_floor":[115,127,127,127,39,73,38,68,91,111,121,131,131,158,158,233,233,244,244,2,22,40,40,40,56,80,80,80,80,80,96,96,96,96],"floor_reached":33,"language":"ENG","playtime":1180,"items_purged":[],"score":493,"play_id":"ea5062f4-e2d9-4cd1-b7a2-f53f8b0ff30d","local_time":"20210210194957","is_ascension_mode":true,"campfire_choices":[{"floor":13,"key":"REST"},{"data":"Cold Snap","floor":15,"key":"SMITH"},{"data":"Echo Form","floor":23,"key":"SMITH"},{"data":"Dualcast","floor":30,"key":"SMITH"},{"data":"Leap","floor":32,"key":"SMITH"}],"circlet_count":0,"master_deck":["AscendersBane","Strike_B","Strike_B+1","Strike_B+1","Strike_B","Defend_B","Defend_B+1","Defend_B","Defend_B","Zap","Dualcast+1","Conserve Battery","Static Discharge","Cold Snap+1","Glacier","Cold Snap+1","Auto Shields","Leap+1","Echo Form+1","Capacitor","Cold Snap","Melter"],"relics":["Cracked Core","NeowsBlessing","DataDisk","Shuriken","Bag of Preparation","Runic Pyramid","StrikeDummy","Bottled Lightning","Nloth\u0027s Gift","Juzu Bracelet"],"acts_visited":["TheCity"],"potions_floor_usage":[12,16,16,22],"damage_taken":[{"damage":0,"enemies":"Cultist","floor":1,"turns":1},{"damage":0,"enemies":"Jaw Worm","floor":2,"turns":1},{"damage":0,"enemies":"Lagavulin","floor":6,"turns":1},{"damage":18,"enemies":"Gremlin Nob","floor":8,"turns":4},{"damage":0,"enemies":"Small Slimes","floor":10,"turns":3},{"damage":34,"enemies":"Gremlin Gang","floor":11,"turns":6},{"damage":0,"enemies":"3 Louse","floor":12,"turns":4},{"damage":1,"enemies":"Lagavulin","floor":14,"turns":7},{"damage":4,"enemies":"The Guardian","floor":16,"turns":13},{"damage":33,"enemies":"2 Thieves","floor":18,"turns":4},{"damage":0,"enemies":"3 Byrds","floor":21,"turns":8},{"damage":2,"enemies":"Snake Plant","floor":22,"turns":6},{"damage":0,"enemies":"Snecko","floor":25,"turns":6},{"damage":0,"enemies":"Sentry and Sphere","floor":31,"turns":4},{"damage":47,"enemies":"Collector","floor":33,"turns":7}],"seed_played":"4091812746544143541","potions_obtained":[{"floor":10,"key":"GamblersBrew"},{"floor":12,"key":"Fruit Juice"},{"floor":14,"key":"AttackPotion"},{"floor":21,"key":"DuplicationPotion"}],"is_trial":false,"path_per_floor":["M","M","?","?","$","E","?","E","T","M","M","M","R","E","R","B",null,"M","?","$","M","M","R","?","M","T","$","?","?","R","M","R","B"],"character_chosen":"DEFECT","items_purchased":["Static Discharge","Cold Snap","Bottled Lightning"],"campfire_rested":1,"item_purchase_floors":[5,5,20],"current_hp_per_floor":[64,64,64,50,50,50,67,49,49,49,15,20,42,41,41,37,66,33,33,33,33,31,31,31,31,31,31,31,31,31,31,31,0,0],"gold":96,"neow_bonus":"THREE_ENEMY_KILL","is_daily":false,"chose_seed":false,"campfire_upgraded":4,"win_rate":0.0,"timestamp":1613015397,"path_taken":["M","?","?","?","$","E","?","E","T","M","M","M","R","E","R","BOSS","M","?","$","M","M","R","?","M","T","$","?","?","R","M","R","BOSS"],"items_purchased_type":["Card","Card","Relic"],"build_version":"2020-12-22","purchased_purges":0,"victory":false,"max_hp_per_floor":[71,71,71,71,71,71,71,71,71,71,71,76,76,76,76,76,76,76,76,76,76,76,76,76,76,76,76,76,76,76,76,76,76,76],"card_choices":[{"not_picked":["Stack","Genetic Algorithm"],"picked":"Conserve Battery","floor":1},{"not_picked":["Sweeping Beam","Double Energy","Reprogram"],"picked":"SKIP","floor":2},{"not_picked":["Redo","Turbo"],"picked":"Glacier","floor":6},{"not_picked":["Redo","Beam Cell"],"picked":"Cold Snap","floor":8},{"not_picked":["Darkness","Doom and Gloom"],"picked":"Auto Shields","floor":10},{"not_picked":["BootSequence","Scrape"],"picked":"Leap","floor":11},{"not_picked":["Gash","Core Surge","Rebound"],"picked":"SKIP","floor":12},{"not_picked":["Barrage","Hologram","Rip and Tear"],"picked":"SKIP","floor":14},{"not_picked":["All For One","Core Surge"],"picked":"Echo Form","floor":16},{"not_picked":["Beam Cell","Streamline"],"picked":"Capacitor","floor":18},{"not_picked":["Compile Driver","Sweeping Beam"],"picked":"Cold Snap","floor":21},{"not_picked":["Steam","Chill"],"picked":"Melter","floor":22},{"not_picked":["Rebound","Chaos","Streamline"],"picked":"SKIP","floor":25},{"not_picked":["Coolheaded","Hello World","Hologram"],"picked":"SKIP","floor":31}],"player_experience":765393,"relics_obtained":[{"floor":6,"key":"DataDisk"},{"floor":8,"key":"Shuriken"},{"floor":9,"key":"Whetstone"},{"floor":14,"key":"Bag of Preparation"},{"floor":26,"key":"Juzu Bracelet"}],"event_choices":[{"damage_healed":0,"gold_gain":0,"player_choice":"Ignored","damage_taken":0,"max_hp_gain":0,"max_hp_loss":0,"event_name":"Golden Wing","floor":3,"gold_loss":0},{"damage_healed":0,"gold_gain":0,"player_choice":"Entered Light","damage_taken":14,"max_hp_gain":0,"max_hp_loss":0,"event_name":"Shining Light","floor":4,"gold_loss":0,"cards_upgraded":["Strike_B","Defend_B"]},{"damage_healed":17,"gold_gain":0,"player_choice":"Healed","damage_taken":0,"max_hp_gain":0,"max_hp_loss":0,"event_name":"The Cleric","floor":7,"gold_loss":35},{"damage_healed":0,"gold_gain":0,"player_choice":"Opened","damage_taken":0,"relics_obtained":["StrikeDummy"],"max_hp_gain":0,"max_hp_loss":0,"event_name":"The Mausoleum","floor":19,"gold_loss":0},{"damage_healed":0,"gold_gain":0,"player_choice":"Traded Relic","damage_taken":0,"relics_obtained":["Nloth\u0027s Gift"],"max_hp_gain":0,"max_hp_loss":0,"event_name":"N\u0027loth","floor":24,"relics_lost":["Whetstone"],"gold_loss":0},{"damage_healed":0,"gold_gain":0,"player_choice":"Ignored","damage_taken":0,"max_hp_gain":0,"max_hp_loss":0,"event_name":"Vampires","floor":28,"gold_loss":0}],"is_beta":false,"boss_relics":[{"not_picked":["Snecko Eye","Fusion Hammer"],"picked":"Runic Pyramid"}],"items_purged_floors":[],"is_endless":false,"potions_floor_spawned":[2,10,12,14,21],"killed_by":"Collector","ascension_level":14}}