{"host":"o9lehcdjc4u6j9un","time":1613048440,"event":{"mods":["Aspiration","BaseMod","Better-Laid Plans","Colored Map","Downfall","Gremlin Mod","Hermit","Marisa£®ÏF”Í°°ƒß¿Ì…≥£©","Minty Spire (QoL Compilation)","Reimu£®≤©¿ˆ¡È√Œ£©","Remilia£®¿Ÿ√◊¿Ú—«£©","StSLib","The Alterego","The Hierophant","The Runesmith","The Senshi","The Servant 0.9.4","Yakumo Yukari mod","Youmu£®ªÍ∆«—˝√Œ£©","≤–¡Ù÷ÆŒÔ"],"gold_per_floor":[113,113,3,23,33,65,76,121,194,215,215,235,263,280,280,381,381,401,158,174,192,214,249,275,308,308,408,323,198,198,216,216,216,216],"floor_reached":33,"language":"ZHS","playtime":3288,"items_purged":["hierophant:Strike_Hierophant","hierophant:Strike_Hierophant","downfall:Malfunctioning"],"score":326,"play_id":"3a81a637-9564-4040-ac0a-5f27480fe263","local_time":"20210211210040","is_ascension_mode":false,"campfire_choices":[{"data":"hierophant:Sermon","floor":11,"key":"SMITH"},{"data":"hierophant:OrnateBuckler","floor":15,"key":"SMITH"},{"floor":30,"key":"REST"},{"floor":32,"key":"RECALL"}],"circlet_count":0,"master_deck":["hierophant:Strike_Hierophant","hierophant:Punish","hierophant:Defend_Hierophant","hierophant:Defend_Hierophant","hierophant:Defend_Hierophant","hierophant:Defend_Hierophant","hierophant:ChurchCoffers+1","hierophant:FieryStrike","hierophant:Embezzle","hierophant:Sermon+1","hierophant:Zeal","hierophant:ThreeLashes","hierophant:OrnateBuckler+1","hierophant:Martyrdom","hierophant:Encroach","hierophant:Flagellation","hierophant:Flagellation","hierophant:Levitation","hierophant:Smite+1","hierophant:Embezzle","hierophant:PassingBell","hierophant:DisplayOfPower+1","hierophant:OrnateBuckler+1","CutThroughFate","hierophant:FieryStrike","Decay","hierophant:LocustPlague","Decay","ForeignInfluence+1"],"relics":["hierophant:PropheticMaskRelic","Thread and Needle","Vajra","theSenshi:FeatherClipsRelic","Boot","aspiration:WatcherSkillbook","Mastiff:ReiMu","Oddly Smooth Stone","hierophant:DonationBoxRelic","aspiration:HummingbirdHeart","downfall:ExtraCursedKey","Nunchaku"],"acts_visited":["Exordium","TheCity"],"potions_floor_usage":[13,13,16,16,23,23,25,33],"damage_taken":[{"damage":0,"enemies":"Small Slimes","floor":1,"turns":4},{"damage":1,"enemies":"Cultist","floor":4,"turns":3},{"damage":0,"enemies":"2 Louse","floor":5,"turns":1},{"damage":13,"enemies":"3 Sentries","floor":6,"turns":8},{"damage":0,"enemies":"Gremlin Gang","floor":7,"turns":5},{"damage":0,"enemies":"Large Slime","floor":10,"turns":3},{"damage":0,"enemies":"Exordium Thugs","floor":12,"turns":4},{"damage":10,"enemies":"Gremlin Nob","floor":13,"turns":4},{"damage":0,"enemies":"Blue Slaver","floor":14,"turns":2},{"damage":72,"enemies":"Hexaghost","floor":16,"turns":14},{"damage":0,"enemies":"Chosen","floor":18,"turns":6},{"damage":0,"enemies":"Shell Parasite","floor":20,"turns":2},{"damage":13,"enemies":"Centurion and Healer","floor":21,"turns":5},{"damage":1,"enemies":"Shelled Parasite and Fungi","floor":22,"turns":2},{"damage":13,"enemies":"Gremlin Leader","floor":23,"turns":7},{"damage":0,"enemies":"Snake Plant","floor":24,"turns":3},{"damage":35,"enemies":"Slavers","floor":25,"turns":4},{"damage":0,"enemies":"Sentry and Sphere","floor":31,"turns":2},{"damage":88,"enemies":"Champ","floor":33,"turns":14}],"seed_played":"-3944453020687169962","potions_obtained":[{"floor":1,"key":"Regen Potion"},{"floor":4,"key":"Fire Potion"},{"floor":5,"key":"Weak Potion"},{"floor":12,"key":"EssenceOfSteel"},{"floor":14,"key":"DistilledChaos"},{"floor":21,"key":"Weak Potion"},{"floor":22,"key":"DistilledChaos"},{"floor":23,"key":"LiquidBronze"},{"floor":31,"key":"champ:CounterPotion"}],"is_trial":false,"path_per_floor":["M","?","$","M","M","E","M","T","T","M","R","M","E","M","R","B",null,"M","$","M","M","M","E","M","E","T","?","?","$","R","M","R","B"],"character_chosen":"HIEROPHANT","items_purchased":["hierophant:Embezzle","Mastiff:ReiMu"],"campfire_rested":1,"item_purchase_floors":[3,19],"current_hp_per_floor":[75,75,75,74,74,61,61,61,61,67,67,73,69,75,75,24,75,75,75,75,68,73,66,72,43,43,48,48,48,72,78,78,0,0],"gold":216,"neow_bonus":"REMOVE_CARD","is_daily":false,"chose_seed":false,"campfire_upgraded":2,"win_rate":0.0,"timestamp":1613048440,"path_taken":["M","?","$","M","?","E","M","?","T","M","R","M","E","M","R","BOSS","M","$","M","M","M","E","M","E","T","?","?","$","R","M","R","BOSS"],"items_purchased_type":["Card","Relic"],"build_version":"2020-12-22","purchased_purges":3,"victory":false,"max_hp_per_floor":[75,75,75,75,75,75,75,75,75,75,75,75,75,75,75,75,75,75,75,75,75,75,75,75,75,75,80,80,80,80,80,80,80,80],"card_choices":[{"not_picked":["hierophant:Bribe","hierophant:PristineSoul"],"picked":"hierophant:FieryStrike","floor":1},{"not_picked":["hierophant:Remorse","hierophant:HammerAndAnvil"],"picked":"hierophant:Sermon","floor":4},{"not_picked":["hierophant:Prophecy","hierophant:Upheaval"],"picked":"hierophant:Zeal","floor":5},{"not_picked":["hierophant:FieryStrike","hierophant:Racketeering"],"picked":"hierophant:ThreeLashes","floor":6},{"not_picked":["hierophant:FieryStrike","hierophant:Doomsaying"],"picked":"hierophant:OrnateBuckler","floor":7},{"not_picked":["hierophant:Zeal","hierophant:HammerAndAnvil"],"picked":"hierophant:Martyrdom","floor":10},{"not_picked":["hierophant:AuricBeam","hierophant:Shelter"],"picked":"hierophant:Encroach","floor":12},{"not_picked":["hierophant:Prophecy","hierophant:Remorse"],"picked":"hierophant:Flagellation","floor":13},{"not_picked":["hierophant:Charity","hierophant:PassingBell"],"picked":"hierophant:Flagellation","floor":14},{"not_picked":["hierophant:Generosity","hierophant:Cornucopia"],"picked":"hierophant:Levitation","floor":16},{"not_picked":["Evaluate+1","hierophant:SealAway+1","hierophant:AuricBeam"],"picked":"hierophant:Smite+1","floor":18},{"not_picked":["EmptyBody","FlurryOfBlows","hierophant:PassingBell"],"picked":"hierophant:Embezzle","floor":20},{"not_picked":["ClearTheMind+1","Judgement","JustLucky+1"],"picked":"hierophant:PassingBell","floor":21},{"not_picked":["hierophant:Refuge","ThirdEye","Evaluate+1"],"picked":"hierophant:DisplayOfPower+1","floor":22},{"not_picked":["ThirdEye","hierophant:Purify","Pray"],"picked":"hierophant:OrnateBuckler+1","floor":23},{"not_picked":["FollowUp","hierophant:RustyCrate+1","EmptyFist"],"picked":"CutThroughFate","floor":24},{"not_picked":["hierophant:Shelter+1","FlyingSleeves","EmptyBody"],"picked":"hierophant:FieryStrike","floor":25},{"not_picked":["Indignation","hierophant:CoinFling","CrushJoints"],"picked":"ForeignInfluence+1","floor":31}],"player_experience":243933,"relics_obtained":[{"floor":6,"key":"Thread and Needle"},{"floor":8,"key":"Vajra"},{"floor":9,"key":"theSenshi:FeatherClipsRelic"},{"floor":13,"key":"Boot"},{"floor":23,"key":"Oddly Smooth Stone"},{"floor":25,"key":"hierophant:DonationBoxRelic"},{"floor":26,"key":"aspiration:HummingbirdHeart"}],"event_choices":[{"damage_healed":0,"gold_gain":0,"player_choice":"Upgraded","damage_taken":0,"max_hp_gain":0,"max_hp_loss":0,"event_name":"Upgrade Shrine","floor":2,"gold_loss":0,"cards_upgraded":["hierophant:ChurchCoffers"]},{"damage_healed":0,"gold_gain":0,"player_choice":"Obtained Relic","damage_taken":0,"relics_obtained":["Nunchaku"],"max_hp_gain":0,"max_hp_loss":0,"event_name":"Addict","floor":28,"gold_loss":85}],"is_beta":false,"boss_relics":[{"not_picked":["Busted Crown","aspiration:RunicSpoon"],"picked":"aspiration:WatcherSkillbook"}],"items_purged_floors":[3,19,29],"is_endless":false,"potions_floor_spawned":[1,4,5,12,14,21,22,23,31],"killed_by":"Champ","ascension_level":0}}