{"host":"23qk1co0p3p8qz56","time":1613011811,"event":{"mods":["100% Spire Juice","AchievementEnabler","Act Like it!","Arknights","BaseMod","Better Note","Better Third Choice","BetterRewards","CapriCore","Chen","Colored Map","Downfall","Duelist Mod","Friendly Minions","Gensokyo","Gold Saver","KinomotoSakuraMod(ñÿîVñ{?)","Koishi","LagranYue(ùfäiòNÅEåé)","Lobotomy","LobotomyExtend","Mari Mod (Legacy)","Mari\u0027s V1 Patch","MarisaÅiñ∂âJÅ@ñÇóùçπÅj","Minty Spire (QoL Compilation)","Prisma Mod","ReimuÅiîé??öÎÅj","RemiliaÅiÂQïƒ‰ª?Åj","RumiaBox-òIïƒ?ìIê_îÈ·¥éq","StSLib","The Administrix","The Alterego","The Animator","The Gatherer","The Immortal","The Senshi","Waifu the Spire","WarShipGirlsR/??è≠èóR mod","Yakumo Yukari mod","Yohane!","Yuyuko"],"gold_per_floor":[527,494,507,436,416,416,432,432,456,469,469,483,483,493,493,493,493],"floor_reached":16,"language":"ENG","playtime":578,"items_purged":[],"score":92,"play_id":"b22170f2-ab09-417f-b5d4-470609b4f656","local_time":"20210210195011","is_ascension_mode":false,"campfire_choices":[{"data":"animator:MumenRider","floor":6,"key":"SMITH"},{"data":"animator:SilverFang","floor":11,"key":"SMITH"},{"data":"animator:Genos","floor":15,"key":"SMITH"}],"circlet_count":0,"master_deck":["animator:Strike_OnePunchMan","animator:Defend_OnePunchMan","animator:Strike","animator:Strike","animator:Defend","animator:Defend","animator:Defend","animator:Genos+1","animator:MumenRider+1","animator:SilverFang+1","animator:Tatsumaki","animator:Sonic"],"relics":["animator:LivingPicture","animator:TheMissingPiece","animator:PurgingStone","LagranYue:RandomDrawCardRelic","LetterFromLob","Toy Ornithopter"],"acts_visited":["Exordium"],"potions_floor_usage":[10,16,16],"damage_taken":[{"damage":5,"enemies":"Cultist","floor":1,"turns":3},{"damage":0,"enemies":"2 Louse","floor":3,"turns":2},{"damage":16,"enemies":"Small Slimes","floor":7,"turns":3},{"damage":0,"enemies":"3 Louse","floor":10,"turns":1},{"damage":28,"enemies":"Exordium Thugs","floor":12,"turns":4},{"damage":12,"enemies":"2 Fungi Beasts","floor":14,"turns":4},{"damage":37,"enemies":"Slime Boss","floor":16,"turns":8}],"seed_played":"2673307586085214239","potions_obtained":[{"floor":7,"key":"Explosive Potion"},{"floor":10,"key":"ColorlessPotion"},{"floor":14,"key":"SkillPotion"}],"is_trial":false,"path_per_floor":["M","?","M","$","?","R","M","M","T","M","R","M","?","M","R","B"],"character_chosen":"THE_ANIMATOR","items_purchased":["animator:Sonic"],"campfire_rested":0,"item_purchase_floors":[4],"current_hp_per_floor":[67,67,68,68,68,68,52,52,52,57,57,29,29,17,17,0,0],"gold":493,"neow_bonus":"TEN_PERCENT_HP_BONUS","is_daily":false,"chose_seed":false,"campfire_upgraded":3,"win_rate":0.0,"timestamp":1613011811,"path_taken":["M","?","M","$","?","R","M","M","T","?","R","M","?","M","R","BOSS"],"items_purchased_type":["Card"],"build_version":"2020-12-22","purchased_purges":0,"victory":false,"max_hp_per_floor":[72,72,73,73,73,73,73,73,73,73,73,73,73,73,73,73,73],"card_choices":[{"not_picked":["animator:FielNirvalen","animator:Laby"],"picked":"animator:SilverFang","floor":1},{"not_picked":["animator:Yoichi","animator:Elsword"],"picked":"animator:Tatsumaki","floor":3},{"not_picked":["animator:Fredrika","animator:Elsword","animator:Ciel"],"picked":"SKIP","floor":7},{"not_picked":["animator:NarberalGamma","animator:Shinoa","animator:Emonzaemon"],"picked":"SKIP","floor":12},{"not_picked":["animator:Shinoa","animator:Ciel","animator:Shigure"],"picked":"SKIP","floor":14}],"player_experience":146718,"relics_obtained":[{"floor":1,"key":"LetterFromLob"},{"floor":9,"key":"Toy Ornithopter"}],"event_choices":[{"damage_healed":0,"gold_gain":0,"player_choice":"Left","damage_taken":0,"max_hp_gain":0,"max_hp_loss":0,"event_name":"betterThird:BetterGoop","floor":2,"gold_loss":33},{"cards_removed":["animator:Strike"],"damage_healed":0,"gold_gain":0,"player_choice":"Forget","damage_taken":0,"max_hp_gain":0,"max_hp_loss":0,"event_name":"Living Wall","floor":13,"gold_loss":0}],"is_beta":false,"boss_relics":[],"items_purged_floors":[],"is_endless":false,"potions_floor_spawned":[7,10,14],"killed_by":"Slime Boss","ascension_level":0}}