{"host":"6r762osam2bvfm66","time":1613072816,"event":{"mods":["BaseMod","Bestiary","Colored Map","Highlight Path","Minty Spire (QoL Compilation)"],"gold_per_floor":[113,126,137,151,151,151,184,184,210,233,269,269,309,325,325,454,454,472,84,84,97,28,61,61,95,95,95,120,144,144,144,144,272,272,297,297,630,683,703,703,8,8,8,0,14,14,14,31,31,31],"floor_reached":51,"language":"ENG","playtime":2958,"items_purged":["Strike_P","Defend_P"],"score":941,"play_id":"a826b831-76bc-433d-8c2e-70460cd94969","local_time":"20210211134656","is_ascension_mode":true,"campfire_choices":[{"data":"Tantrum","floor":6,"key":"SMITH"},{"data":"SashWhip","floor":8,"key":"SMITH"},{"data":"Eruption","floor":12,"key":"SMITH"},{"data":"Devotion","floor":15,"key":"SMITH"},{"data":"TalkToTheHand","floor":24,"key":"SMITH"},{"data":"TalkToTheHand","floor":27,"key":"SMITH"},{"data":"TalkToTheHand","floor":32,"key":"SMITH"},{"floor":40,"key":"REST"},{"floor":42,"key":"REST"},{"data":"Devotion","floor":46,"key":"SMITH"},{"data":"Fasting2","floor":47,"key":"SMITH"},{"data":"SpiritShield","floor":49,"key":"SMITH"}],"circlet_count":0,"master_deck":["Strike_P+1","Defend_P+1","Defend_P+1","Defend_P+1","Eruption+1","Vigilance","FlurryOfBlows","SashWhip+1","ForeignInfluence+1","Tantrum+1","LessonLearned+1","WaveOfTheHand","ThirdEye+1","EmptyBody","Devotion+1","DevaForm+1","Prostrate+1","TalkToTheHand+1","Ragnarok","Adaptation","Prostrate","Wallop+1","TalkToTheHand+1","Devotion+1","DeusExMachina","TalkToTheHand+1","Worship+1","Devotion","Fasting2+1","EmptyFist+1","Wallop+1","SandsOfTime+1","Apotheosis","Enlightenment","Tantrum+1","WheelKick+1","SpiritShield+1"],"relics":["PureWater","War Paint","Oddly Smooth Stone","Potion Belt","Dream Catcher","Snecko Eye","Sundial","Gremlin Horn","Prayer Wheel","Bag of Marbles","SacredBark","WingedGreaves","HornCleat","Dead Branch","Red Mask"],"acts_visited":["Exordium","TheCity","TheBeyond"],"potions_floor_usage":[11,13,21,23,28,38,50,50],"damage_taken":[{"damage":2,"enemies":"Jaw Worm","floor":1,"turns":5},{"damage":3,"enemies":"2 Louse","floor":2,"turns":2},{"damage":0,"enemies":"Small Slimes","floor":3,"turns":2},{"damage":0,"enemies":"2 Fungi Beasts","floor":4,"turns":2},{"damage":0,"enemies":"Gremlin Nob","floor":7,"turns":2},{"damage":0,"enemies":"Large Slime","floor":10,"turns":2},{"damage":0,"enemies":"Lagavulin","floor":11,"turns":2},{"damage":12,"enemies":"3 Sentries","floor":13,"turns":4},{"damage":0,"enemies":"Exordium Wildlife","floor":14,"turns":2},{"damage":6,"enemies":"Slime Boss","floor":16,"turns":6},{"damage":4,"enemies":"Shell Parasite","floor":18,"turns":3},{"damage":11,"enemies":"3 Byrds","floor":21,"turns":4},{"damage":24,"enemies":"Book of Stabbing","floor":23,"turns":5},{"damage":0,"enemies":"Gremlin Leader","floor":25,"turns":3},{"damage":18,"enemies":"Snake Plant","floor":28,"turns":2},{"damage":12,"enemies":"Centurion and Healer","floor":29,"turns":2},{"damage":19,"enemies":"Automaton","floor":33,"turns":7},{"damage":3,"enemies":"Orb Walker","floor":35,"turns":3},{"damage":49,"enemies":"2 Orb Walkers","floor":38,"turns":4},{"damage":4,"enemies":"3 Shapes","floor":39,"turns":5},{"damage":1,"enemies":"Maw","floor":45,"turns":4},{"damage":0,"enemies":"Transient","floor":48,"turns":5},{"damage":36,"enemies":"Time Eater","floor":50,"turns":6}],"seed_played":"-8946011701835502732","potions_obtained":[{"floor":2,"key":"FairyPotion"},{"floor":7,"key":"AttackPotion"},{"floor":10,"key":"Energy Potion"},{"floor":11,"key":"PowerPotion"},{"floor":18,"key":"ColorlessPotion"},{"floor":25,"key":"Block Potion"},{"floor":28,"key":"Weak Potion"},{"floor":45,"key":"Dexterity Potion"},{"floor":48,"key":"GamblersBrew"}],"is_trial":false,"path_per_floor":["M","M","M","M","?","R","E","R","T","M","E","R","E","M","R","B",null,"M","$","?","M","$","E","R","E","T","R","M","M","?","?","R","B",null,"M","?","?","?","M","R","$","R","T","?","M","R","R","M","R","B",null],"character_chosen":"WATCHER","items_purchased":["TalkToTheHand","Ragnarok","Adaptation","Prostrate","TalkToTheHand","HornCleat","Apotheosis","Enlightenment","Regen Potion"],"campfire_rested":2,"item_purchase_floors":[19,19,19,19,22,41,41,41,41],"current_hp_per_floor":[77,74,74,74,55,55,55,55,55,55,55,55,43,43,43,37,79,75,75,75,64,64,40,40,40,40,40,22,10,36,36,36,17,79,76,76,76,27,23,46,46,69,69,69,68,68,68,68,68,32],"gold":31,"neow_bonus":"TEN_PERCENT_HP_BONUS","is_daily":false,"chose_seed":false,"campfire_upgraded":10,"win_rate":0.0,"timestamp":1613072816,"path_taken":["M","M","M","M","?","R","E","R","T","M","E","R","E","M","R","BOSS","M","$","?","M","$","E","R","E","T","R","M","M","?","?","R","BOSS","M","?","?","?","M","R","$","R","T","?","?","R","R","M","R","BOSS"],"items_purchased_type":["Card","Card","Card","Card","Card","Relic","Card","Card","Potion"],"build_version":"2020-12-22","purchased_purges":2,"victory":true,"max_hp_per_floor":[79,79,79,79,79,79,79,79,79,79,79,79,79,79,79,79,79,79,79,79,79,79,79,79,79,79,79,79,79,79,79,79,79,79,79,79,79,79,79,79,79,79,79,79,79,79,79,79,79,79],"card_choices":[{"not_picked":["CrushJoints","PathToVictory"],"picked":"FlurryOfBlows","floor":1},{"not_picked":["PathToVictory","JustLucky"],"picked":"SashWhip","floor":2},{"not_picked":["SashWhip","Evaluate"],"picked":"ForeignInfluence","floor":3},{"not_picked":["Prostrate","ClearTheMind"],"picked":"Tantrum","floor":4},{"not_picked":["EmptyBody","FearNoEvil"],"picked":"LessonLearned","floor":7},{"not_picked":["BowlingBash","JustLucky"],"picked":"WaveOfTheHand","floor":10},{"not_picked":["SashWhip","Blasphemy"],"picked":"ThirdEye","floor":11},{"not_picked":["BowlingBash","Consecrate"],"picked":"EmptyBody","floor":13},{"not_picked":["FollowUp","FlyingSleeves"],"picked":"Devotion","floor":14},{"not_picked":["MasterReality","Judgement"],"picked":"DevaForm","floor":16},{"not_picked":["Conclude","ClearTheMind"],"picked":"Prostrate","floor":18},{"not_picked":["ClearTheMind","Weave"],"picked":"Wallop+1","floor":21},{"not_picked":["Perseverance","Consecrate"],"picked":"Devotion","floor":23},{"not_picked":["FlyingSleeves","SignatureMove"],"picked":"DeusExMachina","floor":25},{"not_picked":["FearNoEvil","Consecrate"],"picked":"TalkToTheHand","floor":28},{"not_picked":["FearNoEvil+1","SignatureMove","ThirdEye"],"picked":"SKIP","floor":28},{"not_picked":["Halt","FollowUp"],"picked":"Worship","floor":29},{"not_picked":["ReachHeaven","InnerPeace","BowlingBash"],"picked":"SKIP","floor":29},{"not_picked":["Blasphemy","Establishment"],"picked":"Devotion","floor":33},{"not_picked":["Consecrate+1","Protect+1"],"picked":"Fasting2","floor":35},{"not_picked":["Halt","Nirvana","FlurryOfBlows+1"],"picked":"SKIP","floor":35},{"not_picked":["EmptyBody","ClearTheMind"],"picked":"EmptyFist+1","floor":39},{"not_picked":["PathToVictory","Pray"],"picked":"Wallop+1","floor":39},{"not_picked":["Prostrate","JustLucky"],"picked":"SandsOfTime+1","floor":40},{"not_picked":["CrushJoints+1","SashWhip+1"],"picked":"Tantrum+1","floor":45},{"not_picked":["PathToVictory+1","SashWhip+1"],"picked":"WheelKick+1","floor":45},{"not_picked":["FlurryOfBlows","Meditate"],"picked":"SpiritShield","floor":48},{"not_picked":["PathToVictory","FlurryOfBlows+1","SignatureMove"],"picked":"SKIP","floor":48}],"player_experience":77380,"relics_obtained":[{"floor":7,"key":"War Paint"},{"floor":9,"key":"Oddly Smooth Stone"},{"floor":11,"key":"Potion Belt"},{"floor":13,"key":"Dream Catcher"},{"floor":23,"key":"Gremlin Horn"},{"floor":25,"key":"Prayer Wheel"},{"floor":26,"key":"Bag of Marbles"},{"floor":38,"key":"WingedGreaves"},{"floor":43,"key":"Dead Branch"}],"event_choices":[{"damage_healed":0,"gold_gain":0,"player_choice":"Take Damage","damage_taken":19,"relics_obtained":["Golden Idol"],"max_hp_gain":0,"max_hp_loss":0,"event_name":"Golden Idol","floor":5,"gold_loss":0},{"damage_healed":0,"gold_gain":0,"player_choice":"Opened","damage_taken":0,"relics_obtained":["Sundial"],"max_hp_gain":0,"max_hp_loss":0,"event_name":"The Mausoleum","floor":20,"gold_loss":0},{"damage_healed":26,"gold_gain":0,"player_choice":"Heal","damage_taken":0,"max_hp_gain":0,"max_hp_loss":0,"event_name":"The Library","floor":30,"gold_loss":0},{"cards_removed":["Strike_P"],"damage_healed":0,"gold_gain":0,"player_choice":"Elegance","damage_taken":0,"max_hp_gain":0,"max_hp_loss":0,"event_name":"Back to Basics","floor":31,"gold_loss":0},{"cards_removed":["Strike_P"],"damage_healed":0,"gold_gain":0,"player_choice":"Removed Attack","damage_taken":0,"max_hp_gain":0,"max_hp_loss":0,"event_name":"Falling","floor":36,"gold_loss":0},{"damage_healed":0,"gold_gain":333,"player_choice":"Gave Idol","damage_taken":0,"max_hp_gain":0,"max_hp_loss":0,"event_name":"The Moai Head","floor":37,"relics_lost":["Golden Idol"],"gold_loss":0},{"damage_healed":0,"gold_gain":0,"player_choice":"Fight","damage_taken":0,"max_hp_gain":0,"max_hp_loss":0,"event_name":"Mysterious Sphere","floor":38,"gold_loss":0},{"damage_healed":0,"gold_gain":0,"player_choice":"Paid","damage_taken":0,"relics_obtained":["Red Mask"],"max_hp_gain":0,"max_hp_loss":0,"event_name":"Tomb of Lord Red Mask","floor":44,"gold_loss":8}],"is_beta":false,"boss_relics":[{"not_picked":["Cursed Key","VioletLotus"],"picked":"Snecko Eye"},{"not_picked":["Calling Bell","Velvet Choker"],"picked":"SacredBark"}],"items_purged_floors":[19,41],"is_endless":false,"potions_floor_spawned":[2,7,10,11,18,25,28,45,48],"ascension_level":3}}