{"host":"3n5xmnb54n2y5mb4","time":1613063517,"event":{"mods":["BaseMod","Colored Map","Colored Powertips","Downfall","Minty Spire (QoL Compilation)","Permanent Neow","StSLib","Unceasing Turn Reminder","everything is the same but u backflip on backflip"],"gold_per_floor":[349,175,194,194,369,70,70,85,95,115,115,130,130,159,169,272,272,172,192,192,24,34,46,46,31,31,31,49,80,80,107,119,224,224,224,244,223,237,257,275,275,175,201,201,201,201,201,227,240,240,240,240],"floor_reached":50,"language":"ENG","playtime":3915,"items_purged":["Doubt"],"score":620,"play_id":"1044a3b8-01bc-42c8-9121-23cab4b6c7d4","local_time":"20210211121157","is_ascension_mode":true,"campfire_choices":[{"floor":1.0,"key":"REST"},{"floor":11.0,"key":"REST"},{"floor":13.0,"key":"REST"},{"data":"Guardian:Orbwalk","floor":18.0,"key":"SMITH"},{"floor":26.0,"key":"REST"},{"floor":30.0,"key":"REST"},{"data":"1","floor":35.0,"key":"LIFT"},{"floor":42,"key":"REST"},{"floor":45,"key":"REST"}],"circlet_count":0,"master_deck":["Guardian:CurlUp+1","Guardian:TwinSlam","Guardian:FierceBash+1","Guardian:Orbwalk+1","Guardian:ChargeCore","Guardian:Planning+1","expansioncontent:Hexaburn","Guardian:ShieldCharger+1","Guardian:Emergency+1","Guardian:Recover+1","Guardian:Suspension+1","Guardian:Recover+1","Guardian:FastForward+1","Guardian:FloatingOrbs","Guardian:FierceBash","Guardian:Incinerate","Guardian:TemporalShield+1","Guardian:DonusPower+1","Guardian:ShieldSpikes+1","Guardian:Preprogram+1","Guardian:Clone+1","Guardian:Clone+1","Guardian:BaubleBeam","Guardian:TemporalShield+1","Guardian:BronzeOrb","Guardian:AncientConstruct","Guardian:PrimingBeam+1","Guardian:TimeCapacitor","Thinking Ahead+1","Guardian:Planning+1","Guardian:TimeCapacitor","Guardian:Suspension+1","expansioncontent:Chronoboost","Guardian:TimeCapacitor"],"relics":["Guardian:ModeShifter","Omamori","Toxic Egg 2","Dream Catcher","Pandora\u0027s Box","downfall:HeartBlessingGreen","War Paint","Pen Nib","Girya","Fusion Hammer","downfall:HeartBlessingBlue","White Beast Statue","Question Card"],"acts_visited":["Exordium","TheCity","TheBeyond"],"potions_floor_usage":[48,50,50,50],"damage_taken":[{"damage":5.0,"enemies":"downfall:FleeingMerchant","floor":2.0,"turns":4.0},{"damage":0.0,"enemies":"Small Slimes","floor":3.0,"turns":4.0},{"damage":10.0,"enemies":"downfall:FleeingMerchant","floor":6.0,"turns":4.0},{"damage":6.0,"enemies":"Jaw Worm","floor":8.0,"turns":5.0},{"damage":6.0,"enemies":"Cultist","floor":9.0,"turns":4.0},{"damage":15.0,"enemies":"Exordium Thugs","floor":10.0,"turns":5.0},{"damage":8.0,"enemies":"Gremlin Gang","floor":12.0,"turns":3.0},{"damage":18.0,"enemies":"Lagavulin","floor":14.0,"turns":7.0},{"damage":0.0,"enemies":"Large Slime","floor":15.0,"turns":4.0},{"damage":10.0,"enemies":"SI_SHIV_ARCHETYPE","floor":16.0,"turns":9.0},{"damage":0.0,"enemies":"Chosen","floor":19.0,"turns":5.0},{"damage":11.0,"enemies":"downfall:FleeingMerchant","floor":21.0,"turns":4.0},{"damage":0.0,"enemies":"Shell Parasite","floor":22.0,"turns":5.0},{"damage":9.0,"enemies":"Chosen and Byrds","floor":23.0,"turns":5.0},{"damage":0.0,"enemies":"downfall:FleeingMerchant","floor":25.0,"turns":4.0},{"damage":0.0,"enemies":"3 Cultists","floor":28.0,"turns":4.0},{"damage":12.0,"enemies":"Gremlin Leader","floor":29.0,"turns":6.0},{"damage":7.0,"enemies":"Book of Stabbing","floor":31.0,"turns":5.0},{"damage":21.0,"enemies":"Snake Plant","floor":32.0,"turns":4.0},{"damage":11.0,"enemies":"DF_ARCHETYPE_CLAW","floor":33.0,"turns":7.0},{"damage":0,"enemies":"Orb Walker","floor":36,"turns":3},{"damage":0,"enemies":"downfall:FleeingMerchant","floor":37,"turns":2},{"damage":1,"enemies":"3 Darklings","floor":38,"turns":5},{"damage":24,"enemies":"4 Shapes","floor":39,"turns":4},{"damage":15,"enemies":"Writhing Mass","floor":40,"turns":4},{"damage":13,"enemies":"Nemesis","floor":43,"turns":5},{"damage":16,"enemies":"Reptomancer","floor":48,"turns":5},{"damage":7,"enemies":"Maw","floor":49,"turns":6},{"damage":70,"enemies":"IC_BLOCK_ARCHETYPE","floor":50,"turns":4}],"seed_played":"3993377360622353438","potions_obtained":[{"floor":9.0,"key":"PowerPotion"},{"floor":10.0,"key":"Explosive Potion"},{"floor":12.0,"key":"SkillPotion"},{"floor":15.0,"key":"Weak Potion"},{"floor":23.0,"key":"Strength Potion"},{"floor":28.0,"key":"Explosive Potion"},{"floor":29.0,"key":"SpeedPotion"},{"floor":38,"key":"Energy Potion"},{"floor":48,"key":"DistilledChaos"}],"is_trial":false,"path_per_floor":["R","$","M","?","?","$","T","M","M","M","R","M","R","E","M","B",null,"R","M","?","$","M","M","T","$","R","?","M","E","R","E","M","B",null,"R","M","$","M","M","M","T","R","E","?","R","?","?","E","M","B"],"character_chosen":"GUARDIAN","items_purchased":["Guardian:Orbwalk","Guardian:Gem_Crimson","Guardian:ChargeCore","expansioncontent:Hexaburn","Guardian:Gem_Yellow","Omamori","Guardian:Gem_Crimson","Guardian:TimeCapacitor","Guardian:Gem_Orange","Thinking Ahead+1"],"campfire_rested":7,"item_purchase_floors":[2,2,2,6,6,6,21,37,37,37],"current_hp_per_floor":[80,75,75,75,75,65,65,59,53,38,62,54,78,60,60,50,80,80,80,80,69,69,60,60,60,80,80,80,68,80,73,52,41,80,80,80,80,79,55,40,40,77,64,64,90,90,90,74,67,0,0,0],"gold":240,"neow_bonus":"TWO_FIFTY_GOLD","is_daily":false,"chose_seed":false,"campfire_upgraded":1,"win_rate":0.0,"timestamp":1613063517,"path_taken":["R","$","M","?","?","$","T","M","?","M","R","?","R","E","M","BOSS","R","M","?","?","?","M","T","$","R","?","M","E","R","E","M","BOSS","R","M","$","?","M","?","T","R","E","?","R","?","?","E","M","BOSS"],"items_purchased_type":["Card","Card","Card","Card","Card","Relic","Card","Card","Card","Card"],"build_version":"2020-12-22","purchased_purges":1,"victory":false,"max_hp_per_floor":[80,80,80,80,80,80,80,80,80,80,80,80,80,80,80,80,80,80,80,80,80,80,80,80,80,80,80,80,80,80,80,80,80,80,80,80,80,80,80,80,80,90,90,90,90,90,90,90,90,90,90,90],"card_choices":[{"not_picked":["Guardian:ChargeCore","Guardian:TemporalStrike"],"picked":"Guardian:FierceBash","floor":2.0},{"not_picked":["Guardian:Orbwalk","Guardian:ShieldSpikes"],"picked":"Guardian:Gem_Crimson","floor":3.0},{"not_picked":["Guardian:Gem_Red","Guardian:Gem_Cyan"],"picked":"Guardian:Planning","floor":6.0},{"not_picked":["Guardian:ChargeCore","Guardian:WalkerClaw"],"picked":"Guardian:ShieldCharger+1","floor":8.0},{"not_picked":["Guardian:Reroute","Guardian:ShieldCharger+1"],"picked":"Guardian:Emergency+1","floor":9.0},{"not_picked":["Guardian:Repulse","Guardian:ChargeCore","Guardian:WalkerClaw"],"picked":"SKIP","floor":10.0},{"not_picked":["Guardian:DecasProtection+1","Guardian:FloatingOrbs"],"picked":"Guardian:Recover+1","floor":12.0},{"not_picked":["Guardian:HyperBeam_Guardian","Guardian:Recover+1"],"picked":"Guardian:Suspension+1","floor":14.0},{"not_picked":["Guardian:TemporalShield+1","Guardian:Reroute"],"picked":"Guardian:Recover+1","floor":15.0},{"not_picked":["Guardian:GatlingBeam","Guardian:RevengeProtocol"],"picked":"Guardian:FastForward+1","floor":16.0},{"not_picked":["Guardian:CrystalBeam","Guardian:Gem_Lightblue"],"picked":"Guardian:ShieldSpikes+1","floor":19.0},{"not_picked":["Guardian:Suspension+1","Guardian:CrystalBeam"],"picked":"Guardian:Preprogram+1","floor":21.0},{"not_picked":["Guardian:MultiBeam","Guardian:TemporalStrike"],"picked":"Guardian:Gem_Green","floor":22.0},{"not_picked":["Guardian:ChargeCore+1","Guardian:Planning+1"],"picked":"Guardian:Clone+1","floor":23.0},{"not_picked":["Guardian:RollAttack","Guardian:Planning+1"],"picked":"Guardian:Clone+1","floor":25.0},{"not_picked":["Guardian:Gem_Cyan","Guardian:TemporalShield+1"],"picked":"Guardian:Gem_White","floor":26.0},{"not_picked":["Guardian:PrimingBeam","Guardian:Gem_Green"],"picked":"Guardian:BaubleBeam","floor":28.0},{"not_picked":["Guardian:RollAttack+1","Guardian:FloatingOrbs"],"picked":"Guardian:TemporalShield+1","floor":29.0},{"not_picked":["Guardian:VentSteam+1","Guardian:Gem_Purple"],"picked":"Guardian:BronzeOrb","floor":31.0},{"not_picked":["Guardian:SentryBeam","Guardian:GuardianWhirl"],"picked":"Guardian:Gem_Blue","floor":32.0},{"not_picked":["Guardian:StasisStrike","Guardian:GemFinder"],"picked":"Guardian:AncientConstruct","floor":33.0},{"not_picked":["Guardian:Gem_Green","Guardian:Gem_Blue","Guardian:TemporalShield+1"],"picked":"SKIP","floor":36},{"not_picked":["Guardian:ChargeCore","Guardian:BodySlam+1"],"picked":"Guardian:PrimingBeam+1","floor":37},{"not_picked":["Guardian:Repulse","Guardian:Gem_Lightblue"],"picked":"Guardian:Planning+1","floor":38},{"not_picked":["Guardian:Gem_Lightblue","Guardian:PolyBeam"],"picked":"Guardian:Gem_White","floor":39},{"not_picked":["Guardian:RollAttack+1","Guardian:VentSteam+1","Guardian:Incinerate"],"picked":"SKIP","floor":40},{"not_picked":["Guardian:VentSteam+1","Guardian:CrystalBeam+1"],"picked":"Guardian:TimeCapacitor","floor":42},{"not_picked":["Guardian:PrismaticBeam+1","Guardian:SpikerProtocol+1","Guardian:BaubleBeam"],"picked":"SKIP","floor":43},{"not_picked":["Guardian:ShieldCharger+1","Guardian:TemporalShield+1"],"picked":"Guardian:Suspension+1","floor":45},{"not_picked":["expansioncontent:Hexaburn","expansioncontent:YouAreMine"],"picked":"expansioncontent:Chronoboost","floor":47},{"not_picked":["Guardian:Gem_Lightblue","Guardian:FloatingOrbs+1"],"picked":"Guardian:TimeCapacitor","floor":48},{"not_picked":["Guardian:Reroute+1","Guardian:Gem_Cyan","Guardian:RollAttack+1","Guardian:TemporalShield+1"],"picked":"SKIP","floor":49}],"player_experience":1048129,"relics_obtained":[{"floor":7.0,"key":"Toxic Egg 2"},{"floor":14.0,"key":"Dream Catcher"},{"floor":24.0,"key":"War Paint"},{"floor":29.0,"key":"Pen Nib"},{"floor":31.0,"key":"Girya"},{"floor":43,"key":"White Beast Statue"},{"floor":48,"key":"Question Card"}],"event_choices":[],"is_beta":false,"boss_relics":[{"not_picked":["SlaversCollar","Coffee Dripper"],"picked":"Pandora\u0027s Box"},{"not_picked":["Cursed Key","Tiny House"],"picked":"Fusion Hammer"}],"items_purged_floors":[21],"is_endless":false,"potions_floor_spawned":[9,10,12,15,23,28,29,32,38,39,48,49],"killed_by":"IC_BLOCK_ARCHETYPE","ascension_level":1}}