{"host":"zdahj580pq9zy75i","time":1613048317,"event":{"mods":["BaseMod","Colored Map","Minty Spire (QoL Compilation)","StSLib"],"gold_per_floor":[117,117,192,117,132,132,162,162,187,187,19,45,45,71,71,142,142,158,173,173,193,210,210,240,240,288,52,120,137,151,183,183,258,258,274,294,319,48,48,79,96,96,119,159,179,179,204,216,216,216,216,216,216,0,28,28,28],"floor_reached":56,"language":"ENG","playtime":4721,"items_purged":["Clumsy"],"score":2216,"play_id":"d2dcd003-c85d-4b21-9e9c-3ab0df9aa71d","local_time":"20210211075837","is_ascension_mode":true,"campfire_choices":[{"data":"Zap","floor":6.0,"key":"SMITH"},{"data":"Go for the Eyes","floor":8.0,"key":"SMITH"},{"data":"Dualcast","floor":10.0,"key":"SMITH"},{"data":"Steam","floor":13.0,"key":"SMITH"},{"data":"Double Energy","floor":15.0,"key":"SMITH"},{"data":"Buffer","floor":23.0,"key":"SMITH"},{"floor":25.0,"key":"REST"},{"floor":32.0,"key":"REST"},{"floor":42.0,"key":"REST"},{"floor":46.0,"key":"RECALL"},{"data":"Coolheaded","floor":49.0,"key":"SMITH"},{"data":"Doubt","floor":53.0,"key":"PURGE"}],"circlet_count":0,"master_deck":["AscendersBane","Strike_B","Strike_B","Defend_B","Defend_B","Defend_B","Defend_B+1","Zap+1","Dualcast+1","Steam+1","Cold Snap","Go for the Eyes+1","Ball Lightning+1","Double Energy+1","Buffer+1","Aggregate","Hologram+1","Go for the Eyes","Streamline+1","Scrape","Gash","Loop","Gash","Static Discharge+1","All For One","Meteor Strike","Streamline+1","Capacitor","Reinforced Body","Coolheaded","Compile Driver","Compile Driver","Coolheaded+1","Self Repair+1","Streamline","Reinforced Body","Gash","Beam Cell","Compile Driver","Biased Cognition","Machine Learning","Gash","Secret Technique","All For One"],"relics":["Runic Pyramid","Happy Flower","DataDisk","Toolbox","Potion Belt","Ornamental Fan","Cursed Key","Prayer Wheel","Dream Catcher","OrangePellets","Mercury Hourglass","Whetstone","Nuclear Battery","Peace Pipe","DollysMirror","War Paint","Mummified Hand","Bottled Tornado"],"acts_visited":["Exordium","TheCity","TheBeyond","TheEnding"],"potions_floor_usage":[56,56,56,56],"damage_taken":[{"damage":1.0,"enemies":"Small Slimes","floor":1.0,"turns":5.0},{"damage":0.0,"enemies":"2 Louse","floor":5.0,"turns":3.0},{"damage":34.0,"enemies":"Gremlin Nob","floor":7.0,"turns":4.0},{"damage":0.0,"enemies":"Lagavulin","floor":12.0,"turns":7.0},{"damage":12.0,"enemies":"3 Sentries","floor":14.0,"turns":8.0},{"damage":9.0,"enemies":"Slime Boss","floor":16.0,"turns":10.0},{"damage":0.0,"enemies":"Chosen","floor":18.0,"turns":5.0},{"damage":5.0,"enemies":"Shell Parasite","floor":19.0,"turns":7.0},{"damage":6.0,"enemies":"Snake Plant","floor":21.0,"turns":6.0},{"damage":6.0,"enemies":"Chosen and Byrds","floor":22.0,"turns":9.0},{"damage":8.0,"enemies":"Book of Stabbing","floor":24.0,"turns":5.0},{"damage":13.0,"enemies":"Slavers","floor":28.0,"turns":7.0},{"damage":10.0,"enemies":"Centurion and Healer","floor":29.0,"turns":5.0},{"damage":5.0,"enemies":"Snake Plant","floor":30.0,"turns":4.0},{"damage":7.0,"enemies":"Book of Stabbing","floor":31.0,"turns":4.0},{"damage":4.0,"enemies":"Champ","floor":33.0,"turns":10.0},{"damage":52.0,"enemies":"3 Darklings","floor":35.0,"turns":5.0},{"damage":0.0,"enemies":"3 Shapes","floor":36.0,"turns":3.0},{"damage":0.0,"enemies":"Mind Bloom Boss Battle","floor":37.0,"turns":7.0},{"damage":0.0,"enemies":"Giant Head","floor":40.0,"turns":6.0},{"damage":0.0,"enemies":"Spire Growth","floor":41.0,"turns":4.0},{"damage":0.0,"enemies":"Writhing Mass","floor":44.0,"turns":7.0},{"damage":0.0,"enemies":"Sphere and 2 Shapes","floor":45.0,"turns":8.0},{"damage":0.0,"enemies":"Reptomancer","floor":47.0,"turns":8.0},{"damage":4.0,"enemies":"3 Darklings","floor":48.0,"turns":5.0},{"damage":23.0,"enemies":"Time Eater","floor":50.0,"turns":9.0},{"damage":0.0,"enemies":"Donu and Deca","floor":51.0,"turns":6.0},{"damage":11.0,"enemies":"Shield and Spear","floor":55.0,"turns":5.0},{"damage":76,"enemies":"The Heart","floor":56,"turns":6}],"seed_played":"8098848209711710143","potions_obtained":[{"floor":1.0,"key":"Strength Potion"},{"floor":5.0,"key":"AttackPotion"},{"floor":12.0,"key":"Explosive Potion"},{"floor":16.0,"key":"Block Potion"},{"floor":19.0,"key":"LiquidMemories"},{"floor":21.0,"key":"Energy Potion"},{"floor":22.0,"key":"LiquidMemories"},{"floor":29.0,"key":"LiquidMemories"},{"floor":35.0,"key":"Fire Potion"},{"floor":41.0,"key":"BlessingOfTheForge"},{"floor":44.0,"key":"Block Potion"},{"floor":47.0,"key":"ColorlessPotion"},{"floor":48.0,"key":"Explosive Potion"},{"floor":55.0,"key":"SteroidPotion"}],"is_trial":false,"path_per_floor":["M","?","?","?","M","R","E","R","T","R","$","E","R","E","R","B",null,"M","M","?","M","M","R","E","R","T","$","E","M","M","E","R","B",null,"M","M","?","$","?","E","M","R","T","M","M","R","E","M","R","B","B",null,"R","$","E","B"],"character_chosen":"DEFECT","items_purchased":["Toolbox","OrangePellets","DollysMirror","SkillPotion","Swift Potion","Secret Technique"],"campfire_rested":3,"item_purchase_floors":[11,27,38,38,38,54],"current_hp_per_floor":[63,68,57,57,57,57,23,23,23,23,23,23,23,11,11,2,58,58,53,53,47,41,41,33,55,55,55,42,32,27,20,42,38,67,15,15,15,15,15,15,15,37,37,47,57,57,67,73,73,60,70,75,75,75,74,0,0],"gold":28,"neow_bonus":"BOSS_RELIC","is_daily":false,"chose_seed":false,"campfire_upgraded":7,"win_rate":0.0,"timestamp":1613048317,"path_taken":["M","?","?","?","M","R","E","R","T","R","$","E","R","E","R","BOSS","M","M","?","M","M","R","E","R","T","$","E","M","M","E","R","BOSS","M","M","?","$","?","E","M","R","T","M","M","R","E","M","R","BOSS","BOSS","R","$","E","BOSS"],"items_purchased_type":["Relic","Relic","Relic","Potion","Potion","Card"],"build_version":"2020-12-22","purchased_purges":1,"victory":false,"max_hp_per_floor":[71,76,76,76,76,76,76,76,76,76,76,76,76,76,76,76,76,76,76,76,76,76,76,76,76,76,76,76,76,76,76,76,76,76,76,76,76,76,76,76,76,76,76,76,76,76,76,76,76,76,76,76,76,76,76,76,76],"card_choices":[{"not_picked":["Recycle","Rip and Tear"],"picked":"Steam","floor":1.0},{"not_picked":["Beam Cell","Go for the Eyes"],"picked":"Cold Snap","floor":5.0},{"not_picked":["Beam Cell","Leap"],"picked":"Go for the Eyes","floor":7.0},{"not_picked":["Cold Snap","Turbo"],"picked":"Ball Lightning","floor":12.0},{"not_picked":["Rebound","Coolheaded"],"picked":"Double Energy","floor":14.0},{"not_picked":["Rainbow","Creative AI"],"picked":"Buffer","floor":16.0},{"not_picked":["Streamline","Force Field"],"picked":"Aggregate","floor":18.0},{"not_picked":["Cold Snap","FTL"],"picked":"Hologram","floor":19.0},{"not_picked":["Barrage","Ball Lightning"],"picked":"Go for the Eyes","floor":21.0},{"not_picked":["Cold Snap","Storm"],"picked":"Streamline+1","floor":22.0},{"not_picked":["Conserve Battery+1","Blizzard"],"picked":"Scrape","floor":24.0},{"not_picked":["Creative AI","Undo","Static Discharge"],"picked":"SKIP","floor":28.0},{"not_picked":["Cold Snap","Conserve Battery"],"picked":"Gash","floor":29.0},{"not_picked":["Leap","Stack"],"picked":"Loop","floor":29.0},{"not_picked":["Go for the Eyes","Barrage"],"picked":"Gash","floor":30.0},{"not_picked":["Go for the Eyes","Beam Cell"],"picked":"Static Discharge+1","floor":30.0},{"not_picked":["Leap","Blizzard","Go for the Eyes"],"picked":"SKIP","floor":31.0},{"not_picked":["Self Repair","Auto Shields+1"],"picked":"All For One","floor":32.0},{"not_picked":["Creative AI","Fission"],"picked":"Meteor Strike","floor":33.0},{"not_picked":["Steam+1","Sweeping Beam+1"],"picked":"Streamline+1","floor":35.0},{"not_picked":["Chill+1","White Noise"],"picked":"Capacitor","floor":35.0},{"not_picked":["Turbo","Storm"],"picked":"Reinforced Body","floor":36.0},{"not_picked":["Streamline","Leap"],"picked":"Coolheaded","floor":36.0},{"not_picked":["Blizzard+1","Reprogram+1"],"picked":"Compile Driver","floor":37.0},{"not_picked":["Static Discharge+1","Turbo"],"picked":"Coolheaded","floor":40.0},{"not_picked":["Scrape","BootSequence"],"picked":"Self Repair+1","floor":41.0},{"not_picked":["Core Surge","Rebound"],"picked":"Streamline","floor":41.0},{"not_picked":["Streamline","Self Repair+1"],"picked":"Reinforced Body","floor":42.0},{"not_picked":["Steam","Sweeping Beam"],"picked":"Gash","floor":44.0},{"not_picked":["Leap","Streamline"],"picked":"Beam Cell","floor":44.0},{"not_picked":["Stack+1","Leap"],"picked":"Compile Driver","floor":45.0},{"not_picked":["Tempest","Coolheaded+1"],"picked":"Biased Cognition","floor":45.0},{"not_picked":["Go for the Eyes","Reinforced Body"],"picked":"Machine Learning","floor":47.0},{"not_picked":["Steam","Redo"],"picked":"Gash","floor":48.0},{"not_picked":["Leap","Sweeping Beam+1","Undo"],"picked":"SKIP","floor":48.0},{"not_picked":["Go for the Eyes","Beam Cell"],"picked":"All For One","floor":55.0}],"player_experience":777259,"relics_obtained":[{"floor":7.0,"key":"Happy Flower"},{"floor":9.0,"key":"DataDisk"},{"floor":12.0,"key":"Potion Belt"},{"floor":14.0,"key":"Ornamental Fan"},{"floor":24.0,"key":"Prayer Wheel"},{"floor":26.0,"key":"Dream Catcher"},{"floor":28.0,"key":"Mercury Hourglass"},{"floor":31.0,"key":"Whetstone"},{"floor":37.0,"key":"Peace Pipe"},{"floor":40.0,"key":"War Paint"},{"floor":47.0,"key":"Mummified Hand"},{"floor":55.0,"key":"Bottled Tornado"}],"event_choices":[{"damage_healed":0.0,"max_hp_gain":5.0,"max_hp_loss":0.0,"gold_gain":0.0,"event_name":"Big Fish","player_choice":"Donut","floor":2.0,"gold_loss":0.0,"damage_taken":0.0},{"damage_healed":0.0,"max_hp_gain":0.0,"max_hp_loss":0.0,"gold_gain":75.0,"event_name":"World of Goop","player_choice":"Gather Gold","floor":3.0,"gold_loss":0.0,"damage_taken":11.0},{"cards_removed":["Strike_B"],"damage_healed":0.0,"max_hp_gain":0.0,"max_hp_loss":0.0,"gold_gain":0.0,"event_name":"The Cleric","player_choice":"Card Removal","floor":4.0,"gold_loss":75.0,"damage_taken":0.0},{"damage_healed":0.0,"max_hp_gain":0.0,"max_hp_loss":0.0,"gold_gain":0.0,"event_name":"The Mausoleum","player_choice":"Ignored","floor":20.0,"gold_loss":0.0,"damage_taken":0.0},{"damage_healed":0.0,"max_hp_gain":0.0,"max_hp_loss":0.0,"gold_gain":0.0,"event_name":"MindBloom","player_choice":"Fight","floor":37.0,"gold_loss":0.0,"damage_taken":0.0},{"cards_removed":["Strike_B"],"damage_healed":0.0,"max_hp_gain":0.0,"max_hp_loss":0.0,"gold_gain":0.0,"event_name":"Falling","player_choice":"Removed Attack","floor":39.0,"gold_loss":0.0,"damage_taken":0.0}],"is_beta":false,"boss_relics":[{"not_picked":["SacredBark","SlaversCollar"],"picked":"Cursed Key"},{"not_picked":["Velvet Choker","Busted Crown"],"picked":"Nuclear Battery"}],"items_purged_floors":[27],"is_endless":false,"potions_floor_spawned":[1,5,12,16,19,21,22,29,35,41,44,47,48,55],"killed_by":"The Heart","ascension_level":20}}