{"host":"3d7yvplr5ovcyppx","time":1613064740,"event":{"mods":["AchievementEnabler","BaseMod","Hermit","Jorbs\u0027s Wanderer Trilogy","Minty Spire (QoL Compilation)","Quick Restart","Somnambulant","StSLib","The Cursed","The Disciple","The Servant 0.9.4"],"gold_per_floor":[117,135,135,147,167,167,200,214,240,240,255,266,266,300,300,396,396,411,431,431,431,431,431,458,458,484,514,534,534,534],"floor_reached":29,"language":"ENG","playtime":1766,"items_purged":[],"score":315,"play_id":"bebe62f8-268a-4b3e-9129-9c82a35cf614","local_time":"20210211230220","is_ascension_mode":true,"campfire_choices":[{"data":"Redo","floor":6,"key":"SMITH"},{"data":"Dualcast","floor":10,"key":"SMITH"},{"data":"Sweeping Beam","floor":13,"key":"SMITH"},{"data":"White Noise","floor":15,"key":"SMITH"},{"data":"Storm","floor":23,"key":"SMITH"},{"data":"Seek","floor":25,"key":"SMITH"}],"circlet_count":0,"master_deck":["Strike_B+1","Strike_B+1","Strike_B+1","Strike_B+1","Defend_B+1","Defend_B+1","Defend_B+1","Defend_B+1","Zap+1","Dualcast+1","BootSequence","Heatsinks","Redo+1","Gash","Tempest","Ball Lightning","Sweeping Beam+1","Go for the Eyes","White Noise+1","Seek+1","Conserve Battery+1","Ball Lightning","Storm+1","Genetic Algorithm+1","Shame","Thunder Strike","Compile Driver"],"relics":["Cracked Core","NeowsBlessing","Toy Ornithopter","Ancient Tea Set","Cursed Key","Nloth\u0027s Gift","Bronze Scales","Regal Pillow","Pantograph"],"acts_visited":["Exordium","TheCity"],"potions_floor_usage":[7,14,18,24,28,29],"damage_taken":[{"damage":0,"enemies":"Small Slimes","floor":1,"turns":1},{"damage":0,"enemies":"Jaw Worm","floor":2,"turns":1},{"damage":0,"enemies":"2 Louse","floor":4,"turns":1},{"damage":0,"enemies":"2 Fungi Beasts","floor":5,"turns":2},{"damage":13,"enemies":"Gremlin Nob","floor":7,"turns":4},{"damage":3,"enemies":"Red Slaver","floor":8,"turns":3},{"damage":5,"enemies":"Exordium Thugs","floor":11,"turns":4},{"damage":3,"enemies":"2 Fungi Beasts","floor":12,"turns":3},{"damage":13,"enemies":"Lagavulin","floor":14,"turns":4},{"damage":47,"enemies":"The Guardian","floor":16,"turns":10},{"damage":18,"enemies":"3 Byrds","floor":18,"turns":4},{"damage":7,"enemies":"Shell Parasite","floor":19,"turns":4},{"damage":0,"enemies":"Gremlin Leader","floor":24,"turns":6},{"damage":49,"enemies":"Slavers","floor":27,"turns":4},{"damage":10,"enemies":"3 Cultists","floor":28,"turns":4},{"damage":16,"enemies":"Book of Stabbing","floor":29,"turns":4}],"seed_played":"1101831343624193577","potions_obtained":[{"floor":1,"key":"Weak Potion"},{"floor":4,"key":"Strength Potion"},{"floor":7,"key":"SteroidPotion"},{"floor":12,"key":"SpeedPotion"},{"floor":14,"key":"GamblersBrew"},{"floor":16,"key":"DuplicationPotion"},{"floor":19,"key":"PotionOfCapacity"},{"floor":28,"key":"SpeedPotion"}],"is_trial":false,"path_per_floor":["M","M","?","M","M","R","E","M","T","R","M","M","R","E","R","B",null,"M","M","?","?","?","R","E","R","T","E","M","E"],"character_chosen":"DEFECT","items_purchased":[],"campfire_rested":0,"item_purchase_floors":[],"current_hp_per_floor":[75,75,75,75,75,75,62,59,59,59,54,51,51,50,50,3,82,64,57,57,57,57,57,62,62,62,13,8,0,0],"gold":534,"neow_bonus":"THREE_ENEMY_KILL","is_daily":false,"chose_seed":false,"campfire_upgraded":6,"win_rate":0.0,"timestamp":1613064740,"path_taken":["M","M","?","M","M","R","E","M","T","R","M","M","R","E","R","BOSS","M","M","?","?","?","R","E","R","T","E","?","E"],"items_purchased_type":[],"build_version":"2020-12-22","purchased_purges":0,"victory":false,"max_hp_per_floor":[75,75,75,75,75,75,75,75,75,75,75,75,75,82,82,82,82,82,82,82,82,82,82,82,82,82,82,82,82,82],"card_choices":[{"not_picked":["Undo","Steam"],"picked":"BootSequence","floor":1},{"not_picked":["Go for the Eyes","Barrage"],"picked":"Heatsinks","floor":2},{"not_picked":["Heatsinks","Conserve Battery"],"picked":"Redo","floor":4},{"not_picked":["Rebound","Compile Driver"],"picked":"Gash","floor":5},{"not_picked":["BootSequence","Melter"],"picked":"Tempest","floor":7},{"not_picked":["Turbo","Conserve Battery"],"picked":"Ball Lightning","floor":8},{"not_picked":["Fusion","Auto Shields"],"picked":"Sweeping Beam","floor":11},{"not_picked":["Undo","Rip and Tear"],"picked":"Go for the Eyes","floor":12},{"not_picked":["Go for the Eyes","Compile Driver"],"picked":"White Noise","floor":14},{"not_picked":["Core Surge","Echo Form"],"picked":"Seek","floor":16},{"not_picked":["Compile Driver","Redo"],"picked":"Conserve Battery+1","floor":18},{"not_picked":["Steam","Force Field"],"picked":"Ball Lightning","floor":19},{"not_picked":["Core Surge","Leap+1"],"picked":"Genetic Algorithm+1","floor":24},{"not_picked":["Beam Cell","Coolheaded"],"picked":"Thunder Strike","floor":27},{"not_picked":["Steam+1","Turbo"],"picked":"Compile Driver","floor":28}],"player_experience":29116,"relics_obtained":[{"floor":7,"key":"Toy Ornithopter"},{"floor":9,"key":"Ancient Tea Set"},{"floor":14,"key":"Strawberry"},{"floor":24,"key":"Bronze Scales"},{"floor":26,"key":"Regal Pillow"},{"floor":27,"key":"Pantograph"}],"event_choices":[{"damage_healed":0,"gold_gain":0,"player_choice":"Grow","damage_taken":0,"max_hp_gain":0,"max_hp_loss":0,"event_name":"Living Wall","floor":3,"gold_loss":0,"cards_upgraded":["Zap"]},{"damage_healed":0,"gold_gain":0,"player_choice":"Simplicity","damage_taken":0,"max_hp_gain":0,"max_hp_loss":0,"event_name":"Back to Basics","floor":20,"gold_loss":0,"cards_upgraded":["Strike_B","Strike_B","Strike_B","Strike_B","Defend_B","Defend_B","Defend_B","Defend_B"]},{"damage_healed":0,"gold_gain":0,"player_choice":"Read","damage_taken":0,"max_hp_gain":0,"max_hp_loss":0,"event_name":"The Library","floor":21,"gold_loss":0,"cards_obtained":["Storm"]},{"damage_healed":0,"gold_gain":0,"player_choice":"Traded Relic","damage_taken":0,"relics_obtained":["Nloth\u0027s Gift"],"max_hp_gain":0,"max_hp_loss":0,"event_name":"N\u0027loth","floor":22,"relics_lost":["Strawberry"],"gold_loss":0}],"is_beta":false,"boss_relics":[{"not_picked":["Runic Pyramid","Coffee Dripper"],"picked":"Cursed Key"}],"items_purged_floors":[],"is_endless":false,"potions_floor_spawned":[1,4,7,12,14,16,19,28],"killed_by":"Book of Stabbing","ascension_level":1}}