{"host":"uafoej811sw8via1","time":1613014374,"event":{"mods":["BaseMod","Minty Spire (QoL Compilation)","Relic Stats","StSLib"],"gold_per_floor":[112,132,132,132,132,132,167,177,229,263,278,290,290,310,310,388,388,360,374,374,384,38,38,72,72,72],"floor_reached":25,"language":"ENG","playtime":1552,"items_purged":["Strike_B"],"score":566,"play_id":"3683a628-296a-4a3b-81af-fca23db3d52d","local_time":"20210210223254","is_ascension_mode":true,"campfire_choices":[{"data":"Buffer","floor":6,"key":"SMITH"},{"data":"Melter","floor":13,"key":"SMITH"},{"data":"Sunder","floor":15,"key":"SMITH"},{"floor":23,"key":"REST"}],"circlet_count":0,"master_deck":["AscendersBane","Strike_B","Strike_B","Defend_B","Defend_B","Defend_B","Defend_B","Zap","Dualcast","Sweeping Beam+1","Rebound","Buffer+1","White Noise","Leap","Cold Snap","Melter+1","Seek","Compile Driver","Sunder+1","Seek","Redo+1","Coolheaded","Glacier"],"relics":["Cracked Core","NeowsBlessing","PreservedInsect","Orichalcum","HornCleat","SlaversCollar","Question Card","Lantern"],"acts_visited":["Exordium","TheCity"],"potions_floor_usage":[16],"damage_taken":[{"damage":0,"enemies":"Cultist","floor":1,"turns":1},{"damage":0,"enemies":"Jaw Worm","floor":2,"turns":1},{"damage":0,"enemies":"3 Sentries","floor":7,"turns":1},{"damage":2,"enemies":"2 Louse","floor":8,"turns":2},{"damage":0,"enemies":"Lagavulin","floor":10,"turns":6},{"damage":0,"enemies":"Red Slaver","floor":11,"turns":5},{"damage":0,"enemies":"Blue Slaver","floor":12,"turns":4},{"damage":6,"enemies":"Lots of Slimes","floor":14,"turns":3},{"damage":28,"enemies":"The Guardian","floor":16,"turns":11},{"damage":14,"enemies":"2 Thieves","floor":18,"turns":4},{"damage":15,"enemies":"Shell Parasite","floor":19,"turns":5},{"damage":25,"enemies":"Snecko","floor":21,"turns":7},{"damage":19,"enemies":"Slavers","floor":24,"turns":5},{"damage":13,"enemies":"Snake Plant","floor":25,"turns":4}],"seed_played":"-6651453466647630478","potions_obtained":[{"floor":2,"key":"FocusPotion"},{"floor":11,"key":"BlessingOfTheForge"},{"floor":19,"key":"Energy Potion"}],"is_trial":false,"path_per_floor":["M","M","?","?","$","R","E","M","T","E","M","M","R","M","R","B",null,"M","M","?","M","$","R","E","M"],"character_chosen":"DEFECT","items_purchased":["Question Card"],"campfire_rested":1,"item_purchase_floors":[22],"current_hp_per_floor":[64,64,57,57,57,57,57,55,55,55,55,55,55,49,49,21,59,45,30,30,5,5,26,7,0,0],"gold":72,"neow_bonus":"THREE_ENEMY_KILL","is_daily":false,"chose_seed":false,"campfire_upgraded":3,"win_rate":0.0,"timestamp":1613014374,"path_taken":["M","?","?","?","$","R","E","M","T","E","M","?","R","M","R","BOSS","M","M","?","?","$","R","E","M"],"items_purchased_type":["Relic"],"build_version":"2020-12-22","purchased_purges":1,"victory":false,"max_hp_per_floor":[71,71,71,71,71,71,71,71,71,71,71,71,71,71,71,71,71,71,71,71,71,71,71,71,71,71],"relic_stats":{"counters":[14,59],"PreservedInsect":70,"Orichalcum":[180],"Question Card":1,"obtain_stats":[{"SlaversCollar":17,"Lantern":24,"HornCleat":10,"NeowsBlessing":0,"PreservedInsect":7,"Orichalcum":9,"Cracked Core":0,"Question Card":22},{"SlaversCollar":9,"Lantern":13,"HornCleat":5,"NeowsBlessing":0,"PreservedInsect":3,"Orichalcum":4,"Cracked Core":0,"Question Card":12},{"SlaversCollar":34,"Lantern":55,"HornCleat":11,"NeowsBlessing":0,"PreservedInsect":3,"Orichalcum":5,"Cracked Core":0,"Question Card":50}]},"card_choices":[{"not_picked":["Redo","Hologram"],"picked":"Sweeping Beam","floor":1},{"not_picked":["Hologram","Skim"],"picked":"Rebound","floor":2},{"not_picked":["Redo","Buffer"],"picked":"Leap","floor":7},{"not_picked":["Turbo","Melter"],"picked":"Cold Snap","floor":8},{"not_picked":["Barrage","Conserve Battery"],"picked":"Melter","floor":10},{"not_picked":["Coolheaded","Sunder"],"picked":"Seek","floor":11},{"not_picked":["Genetic Algorithm","Scrape"],"picked":"Compile Driver","floor":12},{"not_picked":["FTL","Steam"],"picked":"Sunder","floor":14},{"not_picked":["Machine Learning","Fission"],"picked":"Seek","floor":16},{"not_picked":["Gash","Double Energy"],"picked":"Redo+1","floor":18},{"not_picked":["Beam Cell","Rip and Tear","Sweeping Beam"],"picked":"SKIP","floor":19},{"not_picked":["Streamline","Static Discharge"],"picked":"Coolheaded","floor":21},{"not_picked":["Beam Cell+1","Conserve Battery","Aggregate+1"],"picked":"Glacier","floor":24}],"player_experience":1022420,"relics_obtained":[{"floor":7,"key":"PreservedInsect"},{"floor":9,"key":"Orichalcum"},{"floor":10,"key":"HornCleat"},{"floor":24,"key":"Lantern"}],"event_choices":[{"cards_removed":["Strike_B"],"damage_healed":0,"gold_gain":0,"player_choice":"Card Removal","damage_taken":7,"max_hp_gain":0,"max_hp_loss":0,"event_name":"Golden Wing","floor":3,"gold_loss":0},{"damage_healed":0,"gold_gain":0,"player_choice":"2 cards matched","damage_taken":0,"max_hp_gain":0,"max_hp_loss":0,"event_name":"Match and Keep!","floor":4,"gold_loss":0,"cards_obtained":["Buffer","White Noise"]},{"damage_healed":0,"gold_gain":0,"player_choice":"Upgraded","damage_taken":0,"max_hp_gain":0,"max_hp_loss":0,"event_name":"Upgrade Shrine","floor":20,"gold_loss":0,"cards_upgraded":["Sweeping Beam"]}],"is_beta":false,"boss_relics":[{"not_picked":["Inserter","Velvet Choker"],"picked":"SlaversCollar"}],"items_purged_floors":[22],"is_endless":false,"potions_floor_spawned":[2,11,12,19],"killed_by":"Snake Plant","ascension_level":20}}