{"host":"4udtejx3ummmwg8f","time":1613044055,"event":{"mods":["BaseMod","Minty Spire (QoL Compilation)"],"gold_per_floor":[117,192,44,219,219,245,245,272,298,298,313,313,338,366,366,466,466,476,494,356,356,370,405,405,438,464,464,128,128,160,160,160,265,265,282,29,29,42,62,97,130,130,130,155,7,36,0,17,17,115,115,127,155,167,167,167,196,226,255,255,255,255,296,296,334,334,453,453,466,509,157,256,222,253,271,271,311,330,330,354,354,107,107,237,237,255,276,276,276],"floor_reached":88,"language":"ENG","playtime":9060,"items_purged":["Defend_B","Strike_B"],"score":1889,"play_id":"5c3903c2-dca9-4f82-a1de-d87980387d08","local_time":"20210211221735","daily_mods":["Heirloom","Flight"],"is_ascension_mode":true,"campfire_choices":[{"floor":7,"key":"REST"},{"floor":10,"key":"REST"},{"floor":12,"key":"REST"},{"floor":15,"key":"REST"},{"floor":24,"key":"REST"},{"floor":27,"key":"REST"},{"data":"Apotheosis","floor":29,"key":"SMITH"},{"floor":32,"key":"REST"},{"data":"Static Discharge","floor":42,"key":"SMITH"},{"data":"Creative AI","floor":49,"key":"SMITH"},{"floor":61,"key":"REST"},{"data":"Buffer","floor":64,"key":"SMITH"},{"data":"Defragment","floor":66,"key":"SMITH"},{"data":"Transmutation","floor":76,"key":"SMITH"},{"floor":79,"key":"REST"},{"floor":81,"key":"REST"},{"data":"Fission","floor":83,"key":"SMITH"}],"circlet_count":1,"master_deck":["Dualcast","Static Discharge+1","Defragment","Cold Snap","Defragment+1","Reinforced Body","Self Repair","FTL","Creative AI+1","Glacier","Buffer+1","Melter","Ball Lightning","Bite","Bite","Bite","Bite","Bite","Beam Cell","Sunder+1","Hologram+1","Apotheosis+1","Beam Cell+1","Auto Shields","Seek","Beam Cell+1","Skim+1","White Noise+1","Consume+1","Rebound+1","Redo+1","Static Discharge+1","Glacier+1","Amplify","Force Field","Double Energy","Loop","Glacier","Biased Cognition+1","Machine Learning+1","Genetic Algorithm","Gash","Ball Lightning","Electrodynamics+1","Buffer+1","Capacitor+1","Auto Shields+1","Conserve Battery","Sweeping Beam","Transmutation+1","White Noise","Consume","Capacitor+1","Steam Power","Heatsinks+1","Capacitor+1","Fusion+1","Fission+1","All For One","Sweeping Beam+1","Darkness"],"relics":["Cracked Core","Dead Branch","Bag of Marbles","MealTicket","Pen Nib","Smiling Mask","Empty Cage","Matryoshka","Bottled Tornado","Dream Catcher","Boot","DataDisk","Mango","NlothsMask","SlaversCollar","White Beast Statue","Akabeko","PreservedInsect","Sundial","Anchor","OrangePellets","Omamori","Red Mask","SacredBark","Odd Mushroom","Frozen Egg 2","Question Card","Orichalcum","Golden Idol","Astrolabe","Circlet","Happy Flower","Symbiotic Virus","Pandora\u0027s Box"],"acts_visited":["Exordium","TheCity","TheBeyond","Exordium","TheCity","TheBeyond"],"potions_floor_usage":[14,16,18,22,23,39,39,41,46,46,48,50,50,57,59,65,67,70,74,74,77,78,80,80,84,86,88,88],"damage_taken":[{"damage":0,"enemies":"Small Slimes","floor":1,"turns":2},{"damage":34,"enemies":"Gremlin Nob","floor":6,"turns":4},{"damage":20,"enemies":"Lagavulin","floor":8,"turns":6},{"damage":9,"enemies":"Jaw Worm","floor":11,"turns":3},{"damage":20,"enemies":"Gremlin Nob","floor":13,"turns":5},{"damage":11,"enemies":"Lagavulin","floor":14,"turns":6},{"damage":25,"enemies":"Hexaghost","floor":16,"turns":9},{"damage":13,"enemies":"Shell Parasite","floor":18,"turns":5},{"damage":11,"enemies":"Chosen","floor":19,"turns":5},{"damage":23,"enemies":"Snake Plant","floor":22,"turns":5},{"damage":47,"enemies":"Gremlin Leader","floor":23,"turns":7},{"damage":54,"enemies":"Book of Stabbing","floor":25,"turns":7},{"damage":50,"enemies":"Slavers","floor":30,"turns":5},{"damage":29,"enemies":"Collector","floor":33,"turns":8},{"damage":20,"enemies":"Orb Walker","floor":35,"turns":4},{"damage":26,"enemies":"3 Shapes","floor":38,"turns":3},{"damage":24,"enemies":"Maw","floor":39,"turns":7},{"damage":28,"enemies":"Reptomancer","floor":40,"turns":7},{"damage":6,"enemies":"Nemesis","floor":41,"turns":6},{"damage":2,"enemies":"Giant Head","floor":44,"turns":7},{"damage":2,"enemies":"Reptomancer","floor":46,"turns":5},{"damage":6,"enemies":"Transient","floor":48,"turns":5},{"damage":57,"enemies":"Time Eater","floor":50,"turns":7},{"damage":6,"enemies":"Jaw Worm","floor":52,"turns":2},{"damage":3,"enemies":"The Mushroom Lair","floor":53,"turns":4},{"damage":5,"enemies":"Small Slimes","floor":54,"turns":3},{"damage":9,"enemies":"3 Sentries","floor":57,"turns":3},{"damage":0,"enemies":"Gremlin Nob","floor":58,"turns":3},{"damage":36,"enemies":"Lagavulin","floor":59,"turns":3},{"damage":0,"enemies":"Gremlin Nob","floor":63,"turns":2},{"damage":7,"enemies":"Lagavulin","floor":65,"turns":4},{"damage":1,"enemies":"The Guardian","floor":67,"turns":6},{"damage":4,"enemies":"Chosen","floor":69,"turns":4},{"damage":12,"enemies":"Masked Bandits","floor":70,"turns":4},{"damage":14,"enemies":"Book of Stabbing","floor":74,"turns":3},{"damage":5,"enemies":"Shell Parasite","floor":75,"turns":3},{"damage":0,"enemies":"Gremlin Leader","floor":77,"turns":5},{"damage":9,"enemies":"Snecko","floor":78,"turns":3},{"damage":35,"enemies":"Snake Plant","floor":80,"turns":4},{"damage":48,"enemies":"Collector","floor":84,"turns":7},{"damage":20,"enemies":"3 Darklings","floor":86,"turns":6},{"damage":34,"enemies":"3 Shapes","floor":87,"turns":3},{"damage":63,"enemies":"2 Orb Walkers","floor":88,"turns":3}],"seed_played":"-4844926591449403915","potions_obtained":[{"floor":1,"key":"SneckoOil"},{"floor":11,"key":"Fire Potion"},{"floor":13,"key":"Weak Potion"},{"floor":16,"key":"FocusPotion"},{"floor":19,"key":"FairyPotion"},{"floor":22,"key":"Fire Potion"},{"floor":25,"key":"CultistPotion"},{"floor":35,"key":"Weak Potion"},{"floor":38,"key":"FearPotion"},{"floor":39,"key":"Fire Potion"},{"floor":40,"key":"Swift Potion"},{"floor":41,"key":"Block Potion"},{"floor":44,"key":"SkillPotion"},{"floor":46,"key":"FocusPotion"},{"floor":48,"key":"PowerPotion"},{"floor":50,"key":"GamblersBrew"},{"floor":52,"key":"PotionOfCapacity"},{"floor":53,"key":"FocusPotion"},{"floor":54,"key":"Dexterity Potion"},{"floor":57,"key":"Dexterity Potion"},{"floor":58,"key":"ColorlessPotion"},{"floor":59,"key":"Fire Potion"},{"floor":65,"key":"SmokeBomb"},{"floor":67,"key":"LiquidMemories"},{"floor":69,"key":"Block Potion"},{"floor":70,"key":"SkillPotion"},{"floor":74,"key":"SkillPotion"},{"floor":75,"key":"FocusPotion"},{"floor":77,"key":"Dexterity Potion"},{"floor":78,"key":"Dexterity Potion"},{"floor":80,"key":"Dexterity Potion"},{"floor":84,"key":"Weak Potion"},{"floor":86,"key":"SpeedPotion"},{"floor":87,"key":"Swift Potion"}],"is_trial":true,"path_per_floor":["M","?","$","?","?","E","R","E","T","R","M","R","E","E","R","B",null,"M","M","$","?","M","E","R","E","T","R","$","R","E","?","R","B",null,"M","$","?","M","M","E","E","R","T","E","$","E","?","M","R","B",null,"M","?","M","?","?","E","E","E","T","R","?","E","R","E","R","B",null,"M","?","$","?","$","E","M","R","E","M","R","M","R","$","R","B",null,"M","M","?"],"character_chosen":"DEFECT","items_purchased":["Defragment","Melter","Ball Lightning","DataDisk","Apotheosis","White Beast Statue","OrangePellets","Transmutation","Happy Flower","White Noise","Symbiotic Virus"],"campfire_rested":10,"item_purchase_floors":[3,20,20,28,28,36,45,71,71,73,82],"current_hp_per_floor":[75,64,64,64,64,30,52,32,32,54,45,67,47,45,67,51,75,69,67,75,75,63,29,51,29,29,51,66,66,40,40,66,50,89,74,89,99,79,77,70,83,83,83,99,99,99,99,93,93,38,99,93,99,94,87,87,89,91,61,61,90,90,93,93,92,92,95,99,97,87,99,99,99,88,83,83,86,79,99,73,99,99,99,62,99,79,47,0,0],"gold":276,"neow_bonus":"","is_daily":false,"chose_seed":false,"campfire_upgraded":7,"win_rate":0.0,"timestamp":1613044055,"path_taken":["M","?","$","?","?","E","R","E","T","R","?","R","E","E","R","BOSS","M","M","$","?","M","E","R","E","T","R","$","R","E","?","R","BOSS","M","?","?","M","?","E","E","R","T","E","?","E","?","M","R","BOSS","M","?","M","?","?","E","E","E","T","R","?","E","R","E","R","BOSS","M","?","$","?","?","E","?","R","E","M","R","M","R","$","R","BOSS","M","M","?"],"items_purchased_type":["Card","Card","Card","Relic","Card","Relic","Relic","Card","Relic","Card","Relic"],"build_version":"2020-12-22","purchased_purges":2,"victory":false,"max_hp_per_floor":[75,75,75,75,75,75,75,75,75,75,75,75,75,75,75,75,75,75,75,75,75,75,75,75,75,75,75,75,75,89,89,89,89,89,89,89,99,99,99,99,99,99,99,99,99,99,99,99,99,99,99,99,99,99,99,99,99,99,99,99,99,99,99,99,99,99,99,99,99,99,99,99,99,99,99,99,99,99,99,99,99,99,99,99,99,99,99,99,99],"card_choices":[{"not_picked":["Chaos","Consume"],"picked":"Static Discharge","floor":1},{"not_picked":["Steam","Redo"],"picked":"Cold Snap","floor":6},{"not_picked":["Redo","Rebound"],"picked":"Defragment","floor":8},{"not_picked":["Sweeping Beam","Rebound"],"picked":"Reinforced Body","floor":11},{"not_picked":["Rebound","Sweeping Beam"],"picked":"Self Repair","floor":13},{"not_picked":["Sweeping Beam","Steam Power"],"picked":"FTL","floor":14},{"not_picked":["All For One","Fission"],"picked":"Creative AI","floor":16},{"not_picked":["Sweeping Beam","Barrage"],"picked":"Glacier","floor":18},{"not_picked":["Barrage+1","Turbo"],"picked":"Buffer","floor":19},{"not_picked":["Turbo","Steam"],"picked":"Beam Cell","floor":22},{"not_picked":["Hologram","Barrage"],"picked":"Sunder+1","floor":23},{"not_picked":["Coolheaded","All For One"],"picked":"Core Surge","floor":25},{"not_picked":["Coolheaded","Redo"],"picked":"Hologram+1","floor":27},{"not_picked":["Conserve Battery","Ball Lightning"],"picked":"Beam Cell+1","floor":30},{"not_picked":["Tempest","Reinforced Body+1"],"picked":"Auto Shields","floor":32},{"not_picked":["Hyperbeam","Core Surge"],"picked":"Seek","floor":33},{"not_picked":["Hologram+1","Rebound"],"picked":"Beam Cell+1","floor":35},{"not_picked":["Blizzard+1","Consume"],"picked":"Skim+1","floor":38},{"not_picked":["Streamline+1","Force Field"],"picked":"White Noise+1","floor":39},{"not_picked":["Cold Snap","Rebound+1"],"picked":"Consume+1","floor":40},{"not_picked":["Steam","Turbo"],"picked":"Rebound+1","floor":41},{"not_picked":["Steam+1","Barrage+1"],"picked":"Redo+1","floor":44},{"not_picked":["Go for the Eyes","Rebound+1"],"picked":"Static Discharge+1","floor":46},{"not_picked":["Beam Cell","Cold Snap"],"picked":"Glacier+1","floor":48},{"not_picked":["Seek","Core Surge"],"picked":"Amplify","floor":50},{"not_picked":["Turbo","Sweeping Beam"],"picked":"Force Field","floor":52},{"not_picked":["Beam Cell","Cold Snap"],"picked":"Double Energy","floor":53},{"not_picked":["Go for the Eyes","Turbo"],"picked":"Loop","floor":54},{"not_picked":["Compile Driver","Go for the Eyes","Ball Lightning"],"picked":"Glacier","floor":57},{"not_picked":["White Noise","Self Repair+1","Streamline"],"picked":"Biased Cognition+1","floor":58},{"not_picked":["Aggregate","Scrape","Cold Snap"],"picked":"Machine Learning+1","floor":59},{"not_picked":["Cold Snap","Defragment+1","Go for the Eyes"],"picked":"Genetic Algorithm","floor":61},{"not_picked":["Melter","Sweeping Beam","Rebound"],"picked":"Gash","floor":63},{"not_picked":["Cold Snap","Steam","Meteor Strike"],"picked":"Ball Lightning","floor":65},{"not_picked":["Core Surge","Amplify","Hyperbeam"],"picked":"Electrodynamics+1","floor":67},{"not_picked":["Recycle","Coolheaded","Rebound+1"],"picked":"Conserve Battery","floor":69},{"not_picked":["Barrage","Ball Lightning","Beam Cell"],"picked":"Sweeping Beam","floor":70},{"not_picked":["Beam Cell","Compile Driver","Meteor Strike"],"picked":"Consume","floor":74},{"not_picked":["Conserve Battery+1","Steam","Gash"],"picked":"Capacitor+1","floor":75},{"not_picked":["Hologram+1","Steam+1","Gash"],"picked":"Steam Power","floor":77},{"not_picked":["Gash+1","Sunder+1","Sweeping Beam"],"picked":"Heatsinks+1","floor":78},{"not_picked":["Double Energy","Rebound","BootSequence+1"],"picked":"Capacitor+1","floor":79},{"not_picked":["Redo","Melter","Gash"],"picked":"Fusion+1","floor":80},{"not_picked":["Scrape","Ball Lightning","Leap"],"picked":"Fission","floor":81},{"not_picked":["Meteor Strike","Rainbow","Creative AI+1"],"picked":"All For One","floor":84},{"not_picked":["Conserve Battery","BootSequence+1","Leap"],"picked":"Sweeping Beam+1","floor":86},{"not_picked":["Steam+1","Cold Snap","Recycle"],"picked":"Darkness","floor":87}],"player_experience":148606,"relics_obtained":[{"floor":6,"key":"Bag of Marbles"},{"floor":8,"key":"MealTicket"},{"floor":9,"key":"Pen Nib"},{"floor":13,"key":"Blood Vial"},{"floor":14,"key":"Smiling Mask"},{"floor":23,"key":"Matryoshka"},{"floor":25,"key":"Bottled Tornado"},{"floor":26,"key":"Dream Catcher"},{"floor":26,"key":"Boot"},{"floor":30,"key":"Mango"},{"floor":40,"key":"Akabeko"},{"floor":41,"key":"PreservedInsect"},{"floor":43,"key":"Sundial"},{"floor":44,"key":"Anchor"},{"floor":46,"key":"Omamori"},{"floor":53,"key":"Odd Mushroom"},{"floor":60,"key":"Orichalcum"},{"floor":70,"key":"Circlet"}],"event_choices":[{"damage_healed":0,"gold_gain":75,"player_choice":"Gather Gold","damage_taken":11,"max_hp_gain":0,"max_hp_loss":0,"event_name":"World of Goop","floor":2,"gold_loss":0},{"damage_healed":0,"gold_gain":175,"player_choice":"AGREE","damage_taken":0,"max_hp_gain":0,"max_hp_loss":0,"event_name":"Liars Game","floor":4,"gold_loss":0,"cards_obtained":["Doubt"]},{"cards_removed":["Doubt"],"damage_healed":0,"gold_gain":0,"player_choice":"Purged","damage_taken":0,"max_hp_gain":0,"max_hp_loss":0,"event_name":"Purifier","floor":5,"gold_loss":0},{"damage_healed":0,"gold_gain":0,"player_choice":"Became a vampire (Vial)","damage_taken":0,"max_hp_gain":0,"max_hp_loss":0,"event_name":"Vampires","floor":21,"relics_lost":["Blood Vial"],"gold_loss":0,"cards_obtained":["Bite","Bite","Bite","Bite","Bite"]},{"damage_healed":0,"gold_gain":0,"player_choice":"Trade","damage_taken":0,"relics_obtained":["NlothsMask"],"max_hp_gain":0,"max_hp_loss":0,"event_name":"FaceTrader","floor":31,"gold_loss":0},{"cards_removed":["Core Surge"],"damage_healed":0,"gold_gain":0,"player_choice":"Offered Rare","damage_taken":0,"max_hp_gain":10,"max_hp_loss":0,"event_name":"Bonfire Elementals","floor":37,"gold_loss":0},{"damage_healed":0,"gold_gain":0,"player_choice":"Paid","damage_taken":0,"relics_obtained":["Red Mask"],"max_hp_gain":0,"max_hp_loss":0,"event_name":"Tomb of Lord Red Mask","floor":47,"gold_loss":36},{"damage_healed":0,"gold_gain":0,"player_choice":"Fought Mushrooms","damage_taken":0,"max_hp_gain":0,"max_hp_loss":0,"event_name":"Mushrooms","floor":53,"gold_loss":0},{"damage_healed":0,"gold_gain":0,"player_choice":"Success","damage_taken":7,"relics_obtained":["Frozen Egg 2"],"max_hp_gain":0,"max_hp_loss":0,"event_name":"Scrap Ooze","floor":55,"gold_loss":0},{"damage_healed":0,"gold_gain":0,"player_choice":"Box","damage_taken":0,"relics_obtained":["Question Card"],"max_hp_gain":0,"max_hp_loss":0,"event_name":"Big Fish","floor":56,"gold_loss":0,"cards_obtained":["Regret"]},{"damage_healed":0,"gold_gain":0,"player_choice":"Take Wound","damage_taken":0,"relics_obtained":["Golden Idol"],"max_hp_gain":0,"max_hp_loss":0,"event_name":"Golden Idol","floor":62,"gold_loss":0,"cards_obtained":["Injury"]},{"damage_healed":0,"gold_gain":0,"player_choice":"Fought Bandits","damage_taken":0,"max_hp_gain":0,"max_hp_loss":0,"event_name":"Masked Bandits","floor":70,"gold_loss":0},{"damage_healed":0,"gold_gain":99,"player_choice":"Stole From Cult","damage_taken":0,"max_hp_gain":0,"max_hp_loss":0,"event_name":"Nest","floor":72,"gold_loss":0},{"damage_healed":0,"gold_gain":0,"player_choice":"Fight","damage_taken":0,"max_hp_gain":0,"max_hp_loss":0,"event_name":"Mysterious Sphere","floor":88,"gold_loss":0}],"is_beta":false,"boss_relics":[{"not_picked":["Philosopher\u0027s Stone","Snecko Eye"],"picked":"Empty Cage"},{"not_picked":["Sozu","Calling Bell"],"picked":"SlaversCollar"},{"not_picked":["Astrolabe","Fusion Hammer"],"picked":"SacredBark"},{"not_picked":["Snecko Eye","Runic Pyramid"],"picked":"Astrolabe"},{"not_picked":["Fusion Hammer","Runic Dome"],"picked":"Pandora\u0027s Box"}],"items_purged_floors":[3,20],"is_endless":true,"potions_floor_spawned":[1,11,13,16,19,22,25,35,38,39,40,41,44,46,48,50,52,53,54,57,58,59,63,65,67,69,70,74,75,77,78,80,84,86,87],"killed_by":"2 Orb Walkers","ascension_level":1}}