{"host":"egwexuw5uvnxf11j","time":1613004240,"event":{"mods":["2.2 Compatiblity","Aspiration","BaseMod","Better Note","Better Sensory Stone","Better Third Choice","Displayed Cursed Tome","Downfall","Hermit","Key Reminder","Koishi","Marisa????????","Minty Spire (QoL Compilation)","Quick Restart","Shade Mod","Spicy Shops","StSLib","The Construct","The Cursed","The Runesmith","The Senshi","The Servant 0.9.4","Transform Curses"],"gold_per_floor":[112,39,55,74,87,113,113,68,68,86,86,96,109,109,109,207,207,224,243,243,260,260,260,292,312,312,312,312],"floor_reached":27,"language":"ENG","playtime":973,"items_purged":[],"score":273,"play_id":"71c0e80f-4553-4eba-9311-4552c5a25832","local_time":"20210210194400","is_ascension_mode":true,"campfire_choices":[{"floor":7,"key":"REST"},{"floor":11,"key":"REST"},{"data":"Streamline","floor":15,"key":"SMITH"},{"data":"Streamline","floor":23,"key":"SMITH"}],"circlet_count":0,"master_deck":["Strike_B","Strike_B","Strike_B","Defend_B","Defend_B","Defend_B","Zap","Dualcast","Thunder Strike","Sunder","Ball Lightning","Stack","Streamline+1","Tempest","Streamline+1","Melter","Barrage","Glacier","Sweeping Beam","Core Surge","Go for the Eyes","Ball Lightning","Genetic Algorithm","Echo Form","BootSequence","Leap","Chill+1"],"relics":["Cracked Core","Orichalcum","keyreminder:keyreminder","aspiration:HummingbirdHeart","The Courier","aspiration:MobileForge","Matryoshka","Tiny Chest"],"acts_visited":["Exordium","TheCity"],"potions_floor_usage":[6,16,24],"damage_taken":[{"damage":6,"enemies":"Cultist","floor":1,"turns":3},{"damage":0,"enemies":"Small Slimes","floor":3,"turns":2},{"damage":0,"enemies":"2 Louse","floor":4,"turns":1},{"damage":11,"enemies":"Looter","floor":5,"turns":2},{"damage":35,"enemies":"Lagavulin","floor":6,"turns":5},{"damage":0,"enemies":"2 Fungi Beasts","floor":10,"turns":3},{"damage":0,"enemies":"Red Slaver","floor":12,"turns":3},{"damage":0,"enemies":"3 Louse","floor":13,"turns":2},{"damage":7,"enemies":"Slime Boss","floor":16,"turns":5},{"damage":0,"enemies":"Spheric Guardian","floor":18,"turns":1},{"damage":3,"enemies":"2 Thieves","floor":19,"turns":4},{"damage":9,"enemies":"Snake Plant","floor":21,"turns":4},{"damage":62,"enemies":"Slavers","floor":24,"turns":5},{"damage":0,"enemies":"Cultist and Chosen","floor":25,"turns":4},{"damage":9,"enemies":"3 Cultists","floor":27,"turns":3}],"seed_played":"4217952005505728314","potions_obtained":[{"floor":1,"key":"Fire Potion"},{"floor":3,"key":"Fire Potion"},{"floor":5,"key":"SneckoOil"},{"floor":13,"key":"SpeedPotion"},{"floor":19,"key":"LiquidMemories"},{"floor":21,"key":"Swift Potion"}],"is_trial":false,"path_per_floor":["M","$","M","M","M","E","R","$","T","M","R","M","M","T","R","B",null,"M","M","?","M","?","R","E","M","T","M"],"character_chosen":"DEFECT","items_purchased":["Ball Lightning","Stack","Barrage"],"campfire_rested":2,"item_purchase_floors":[2,2,8],"current_hp_per_floor":[69,69,69,69,58,23,45,45,45,45,67,67,67,67,67,60,75,75,72,72,63,63,63,1,1,1,0,0],"gold":312,"neow_bonus":"ONE_RANDOM_RARE_CARD","is_daily":false,"chose_seed":false,"campfire_upgraded":2,"win_rate":0.0,"timestamp":1613004240,"path_taken":["M","$","?","M","M","E","R","$","T","M","R","M","M","?","R","BOSS","M","M","?","M","?","R","E","M","T","M"],"items_purchased_type":["Card","Card","Card"],"build_version":"2020-12-22","purchased_purges":0,"victory":false,"max_hp_per_floor":[75,75,75,75,75,75,75,75,75,75,75,75,75,75,75,75,75,75,75,75,75,75,75,75,75,75,75,75],"card_choices":[{"not_picked":["Heatsinks","Self Repair"],"picked":"Sunder","floor":1},{"not_picked":["Leap","Rebound"],"picked":"Streamline","floor":3},{"not_picked":["Coolheaded","Redo"],"picked":"Tempest","floor":4},{"not_picked":["Gash","Sunder"],"picked":"Streamline","floor":5},{"not_picked":["Sweeping Beam","Storm"],"picked":"Melter","floor":6},{"not_picked":["Scrape","Skim"],"picked":"Glacier","floor":10},{"not_picked":["Streamline","Sunder","Compile Driver"],"picked":"SKIP","floor":12},{"not_picked":["Hologram","Go for the Eyes"],"picked":"Sweeping Beam","floor":13},{"not_picked":["Amplify","Seek"],"picked":"Core Surge","floor":16},{"not_picked":["Turbo","Aggregate"],"picked":"Go for the Eyes","floor":18},{"not_picked":["Storm","Turbo"],"picked":"Ball Lightning","floor":19},{"not_picked":["Force Field","Turbo"],"picked":"BootSequence","floor":21},{"not_picked":["Consume+1","Sunder"],"picked":"Leap","floor":24},{"not_picked":["FTL","Gash"],"picked":"Chill+1","floor":25}],"player_experience":2064714,"relics_obtained":[{"floor":6,"key":"Orichalcum"},{"floor":9,"key":"aspiration:HummingbirdHeart"},{"floor":14,"key":"The Courier"},{"floor":24,"key":"Matryoshka"},{"floor":26,"key":"Tiny Chest"}],"event_choices":[{"damage_healed":0,"gold_gain":0,"cards_transformed":["Defend_B","Strike_B"],"player_choice":"Became Test Subject","damage_taken":0,"max_hp_gain":0,"max_hp_loss":0,"event_name":"Drug Dealer","floor":20,"gold_loss":0,"cards_obtained":["Genetic Algorithm","Echo Form"]},{"damage_healed":0,"gold_gain":0,"player_choice":"Adaptability","damage_taken":0,"max_hp_gain":0,"max_hp_loss":0,"event_name":"betterThird:BetterWriting","floor":22,"gold_loss":0}],"is_beta":false,"boss_relics":[{"not_picked":["SlaversCollar","theSenshi:MoonKaleidoScopeRelic"],"picked":"aspiration:MobileForge"}],"items_purged_floors":[],"is_endless":false,"potions_floor_spawned":[1,3,5,13,19,21],"killed_by":"3 Cultists","ascension_level":3}}