{"host":"u6v0z43xi4vbzvq3","time":1613055901,"event":{"mods":["AchievementEnabler","BaseMod","BetterRewards","Colored Map","Conspire","Downfall","Googly Eyes","Hermit","Hubris","Infinite Spire","Minty Spire (QoL Compilation)","Quick Restart","Rare Cards Sparkle","Replay The Spire","Shop Mod","StSLib","SuperFastMode","The Construct"],"gold_per_floor":[112,132,143,68,68,68,68,68,68,86,86,105,105,105,105,105,105],"floor_reached":16,"language":"ENG","playtime":441,"items_purged":[],"score":90,"play_id":"f58005ed-9b11-4e43-b039-43baf49ac9ee","local_time":"20210212020501","is_ascension_mode":false,"campfire_choices":[{"data":"hermit:TakeAim","floor":6,"key":"SMITH"},{"data":"hermit:Snipe","floor":8,"key":"SMITH"},{"floor":11,"key":"DIG"},{"floor":15,"key":"DIG"}],"circlet_count":0,"master_deck":["hermit:Strike_Hermit","hermit:Strike_Hermit","hermit:Strike_Hermit","hermit:Strike_Hermit","hermit:Defend_Hermit","hermit:Defend_Hermit","hermit:Defend_Hermit","hermit:Defend_Hermit+1","hermit:Snapshot","hermit:Covet","hermit:Quickdraw","hermit:Ricochet","hermit:Snipe+1","hermit:Desperado","hermit:TakeAim+1","hermit:SprayPray"],"relics":["hermit:Momento","Shovel","Garlic","hubris:Icosahedron","construct:RocketBooster"],"acts_visited":["Exordium"],"potions_floor_usage":[10,10,16],"damage_taken":[{"damage":0,"enemies":"Cultist","floor":1,"turns":3},{"damage":0,"enemies":"Jaw Worm","floor":2,"turns":2},{"damage":0,"enemies":"2 Louse","floor":3,"turns":2},{"damage":2,"enemies":"Looter","floor":10,"turns":2},{"damage":0,"enemies":"3 Louse","floor":12,"turns":2},{"damage":69,"enemies":"The Guardian","floor":16,"turns":14}],"seed_played":"-3679195854928584627","potions_obtained":[{"floor":2,"key":"Explosive Potion"},{"floor":3,"key":"Strength Potion"},{"floor":10,"key":"sneckomod:MuddlingPotion"}],"is_trial":false,"path_per_floor":["M","M","M","$","?","R","?","R","T","M","R","M","$","?","R","B"],"character_chosen":"HERMIT","items_purchased":["hermit:TakeAim"],"campfire_rested":0,"item_purchase_floors":[4],"current_hp_per_floor":[75,75,75,75,75,75,75,75,75,73,73,73,73,73,73,4,4],"gold":105,"neow_bonus":"THREE_CARDS","is_daily":false,"chose_seed":false,"campfire_upgraded":2,"win_rate":0.0,"timestamp":1613055901,"path_taken":["M","M","?","$","?","R","?","R","T","?","R","M","$","?","R","BOSS"],"items_purchased_type":["Card"],"build_version":"2020-12-22","purchased_purges":0,"victory":false,"max_hp_per_floor":[75,75,75,75,75,75,75,75,75,75,75,75,75,75,75,75,75],"card_choices":[{"not_picked":["hermit:SprayPray","hermit:Ricochet"],"picked":"hermit:Quickdraw","floor":0},{"not_picked":["hermit:Glare","hermit:Enervate"],"picked":"hermit:Ricochet","floor":1},{"not_picked":["hermit:Desperado","hermit:HoleUp"],"picked":"hermit:Snipe","floor":2},{"not_picked":["hermit:ItchyTrigger","hermit:HighCaliber"],"picked":"hermit:Desperado","floor":3},{"not_picked":["hermit:CalledShot","hermit:BigShot","hermit:Feint"],"picked":"SKIP","floor":10},{"not_picked":["hermit:HoleUp","hermit:Malice"],"picked":"hermit:SprayPray","floor":12}],"player_experience":143383,"relics_obtained":[{"floor":9,"key":"Shovel"},{"floor":11,"key":"Garlic"},{"floor":15,"key":"construct:RocketBooster"}],"event_choices":[{"damage_healed":0,"gold_gain":0,"player_choice":"Ignored","damage_taken":0,"max_hp_gain":0,"max_hp_loss":0,"event_name":"Purifier","floor":7,"gold_loss":0}],"is_beta":false,"boss_relics":[],"items_purged_floors":[],"is_endless":false,"potions_floor_spawned":[2,3,10],"killed_by":"The Guardian","ascension_level":0}}