{"host":"af4pzp5tm7cfibaw","time":1613004591,"event":{"mods":["AchievementEnabler","BaseMod","BetterRewards","Highlight Path","Minty Spire (QoL Compilation)","StSLib","SuperFastMode"],"gold_per_floor":[113,113,113,180,190,224,224,238,238,248,258,269,297,328,328,425,425,435,446,496,506,394,394,359,393,393,393,393],"floor_reached":27,"language":"ENG","playtime":1040,"items_purged":["Strike_B"],"score":310,"play_id":"e8af5e11-9a27-4264-9153-c7dea7edd258","local_time":"20210211134951","is_ascension_mode":true,"campfire_choices":[{"floor":7.0,"key":"RECALL"},{"floor":15.0,"key":"REST"},{"floor":23,"key":"REST"}],"circlet_count":0,"master_deck":["Strike_B","Strike_B","Defend_B+1","Defend_B","Defend_B","Defend_B","Zap","Dualcast","Ball Lightning","Glacier","Sweeping Beam","Genetic Algorithm+1","Coolheaded","Lockon","Redo","Self Repair","Creative AI","Multi-Cast","Leap+1","Rainbow","Defragment","Skim+1"],"relics":["Cracked Core","NeowsBlessing","SsserpentHead","Blue Candle","Juzu Bracelet","Inserter","Pantograph","Boot","War Paint"],"acts_visited":["Exordium","TheCity"],"potions_floor_usage":[25,25],"damage_taken":[{"damage":0.0,"enemies":"2 Louse","floor":1.0,"turns":1.0},{"damage":0.0,"enemies":"Cultist","floor":4.0,"turns":1.0},{"damage":0.0,"enemies":"Jaw Worm","floor":5.0,"turns":1.0},{"damage":15.0,"enemies":"3 Sentries","floor":6.0,"turns":8.0},{"damage":0.0,"enemies":"Looter","floor":8.0,"turns":4.0},{"damage":1.0,"enemies":"Large Slime","floor":10.0,"turns":5.0},{"damage":0.0,"enemies":"2 Fungi Beasts","floor":11.0,"turns":3.0},{"damage":5.0,"enemies":"3 Louse","floor":12.0,"turns":2.0},{"damage":17.0,"enemies":"Gremlin Nob","floor":14.0,"turns":4.0},{"damage":0.0,"enemies":"Slime Boss","floor":16.0,"turns":9.0},{"damage":35.0,"enemies":"3 Byrds","floor":18.0,"turns":5.0},{"damage":6,"enemies":"Chosen","floor":19,"turns":7},{"damage":16,"enemies":"Snecko","floor":21,"turns":7},{"damage":55,"enemies":"Gremlin Leader","floor":25,"turns":9},{"damage":18,"enemies":"Snake Plant","floor":27,"turns":4}],"seed_played":"7282685953134650371","potions_obtained":[{"floor":6.0,"key":"AttackPotion"},{"floor":8.0,"key":"FocusPotion"},{"floor":11.0,"key":"FocusPotion"},{"floor":12.0,"key":"SteroidPotion"},{"floor":16.0,"key":"SkillPotion"},{"floor":19,"key":"LiquidBronze"},{"floor":21,"key":"DuplicationPotion"}],"is_trial":false,"path_per_floor":["M","?","?","M","M","E","R","M","T","M","M","M","?","E","R","B",null,"M","M","?","M","$","R","?","E","T","M"],"character_chosen":"DEFECT","items_purchased":["Defragment"],"campfire_rested":2,"item_purchase_floors":[22],"current_hp_per_floor":[75,68,68,68,68,53,53,53,53,52,52,47,47,37,59,66,75,47,48,48,39,39,61,61,13,13,0,0],"gold":393,"neow_bonus":"THREE_ENEMY_KILL","is_daily":false,"chose_seed":false,"campfire_upgraded":0,"win_rate":0.0,"timestamp":1613004591,"path_taken":["M","?","?","?","M","E","R","M","T","M","M","M","?","E","R","BOSS","M","M","?","M","$","R","?","E","T","M"],"items_purchased_type":["Card"],"build_version":"2020-12-22","purchased_purges":1,"victory":false,"max_hp_per_floor":[75,75,75,75,75,75,75,75,75,75,75,75,75,75,75,75,75,75,75,75,75,75,75,75,75,75,75,75],"card_choices":[{"not_picked":["Coolheaded","Conserve Battery"],"picked":"Ball Lightning","floor":1.0},{"not_picked":["Ball Lightning","Sweeping Beam"],"picked":"Glacier","floor":4.0},{"not_picked":["Conserve Battery","Rip and Tear"],"picked":"Sweeping Beam","floor":5.0},{"not_picked":["Conserve Battery","Gash"],"picked":"Genetic Algorithm","floor":6.0},{"not_picked":["Darkness","Rip and Tear"],"picked":"Coolheaded","floor":8.0},{"not_picked":["Redo","Sweeping Beam"],"picked":"Lockon","floor":10.0},{"not_picked":["Cold Snap","Reinforced Body"],"picked":"Redo","floor":11.0},{"not_picked":["Barrage","Steam"],"picked":"Self Repair","floor":12.0},{"not_picked":["Redo","Aggregate"],"picked":"Creative AI","floor":14.0},{"not_picked":["Creative AI","Core Surge"],"picked":"Multi-Cast","floor":16.0},{"not_picked":["Sweeping Beam","Cold Snap"],"picked":"Leap+1","floor":18.0},{"not_picked":["Stack+1","Aggregate"],"picked":"Rainbow","floor":19},{"not_picked":["Gash","Stack","Beam Cell"],"picked":"SKIP","floor":21},{"not_picked":["Leap","Streamline+1"],"picked":"Skim+1","floor":25}],"player_experience":301429,"relics_obtained":[{"floor":6.0,"key":"Blue Candle"},{"floor":14.0,"key":"Juzu Bracelet"},{"floor":25,"key":"Boot"},{"floor":26,"key":"War Paint"}],"event_choices":[{"cards_removed":["Strike_B"],"damage_healed":0.0,"max_hp_gain":0.0,"max_hp_loss":0.0,"gold_gain":0.0,"event_name":"Golden Wing","player_choice":"Card Removal","floor":2.0,"gold_loss":0.0,"damage_taken":7.0},{"damage_healed":0.0,"max_hp_gain":0.0,"max_hp_loss":0.0,"gold_gain":0.0,"event_name":"FaceTrader","player_choice":"Trade","floor":3.0,"gold_loss":0.0,"damage_taken":0.0,"relics_obtained":["SsserpentHead"]},{"damage_healed":0.0,"max_hp_gain":0.0,"max_hp_loss":0.0,"gold_gain":0.0,"event_name":"World of Goop","player_choice":"Left Gold","floor":13.0,"gold_loss":22.0,"damage_taken":0.0},{"damage_healed":0,"gold_gain":0,"player_choice":"Ignored","damage_taken":0,"max_hp_gain":0,"max_hp_loss":0,"event_name":"Vampires","floor":20,"gold_loss":0},{"damage_healed":0,"gold_gain":0,"player_choice":"Obtained Relic","damage_taken":0,"relics_obtained":["Pantograph"],"max_hp_gain":0,"max_hp_loss":0,"event_name":"Addict","floor":24,"gold_loss":85}],"is_beta":false,"boss_relics":[{"not_picked":["FrozenCore","Empty Cage"],"picked":"Inserter"}],"items_purged_floors":[22],"is_endless":false,"potions_floor_spawned":[6,8,11,12,16,19,21],"killed_by":"Snake Plant","ascension_level":1}}