{"host":"fp8agajml3w3zuy9","time":1613020384,"event":{"mods":["AchievementEnabler","BaseMod","BetterRewards","Card Forge","Minty Spire (QoL Compilation)","Permanent Neow","Relic Filter","StSLib","The Senshi"],"gold_per_floor":[212,177,194,204,204,237,237,237,237,237,252,252,268,311,311,402,402,416,110,110,110,110,146,165,204,230,248,248,287,287,307,307,381,381,399,474,499,509,0,33,33,33,87,87,12,24,41,71,71,71,71,71,22,51,51],"floor_reached":56,"language":"ENG","playtime":3501,"items_purged":["Writhe"],"score":2117,"play_id":"46df4dfe-2b63-4bfc-b6ae-57df086d7781","local_time":"20210211051304","is_ascension_mode":true,"campfire_choices":[{"floor":7.0,"key":"RECALL"},{"floor":10.0,"key":"REST"},{"floor":15.0,"key":"REST"},{"data":"Pommel Strike","floor":28,"key":"SMITH"},{"floor":32,"key":"REST"},{"floor":41,"key":"REST"},{"floor":49,"key":"REST"},{"data":"Purity","floor":52,"key":"SMITH"}],"circlet_count":0,"master_deck":["AscendersBane","Bloodletting+1","Bloodletting+1","Demon Form+1","Double Tap+1","Flex+1","Inflame+1","Limit Break+1","Offering+1","Reaper+1","Rupture+1","Seeing Red+1","Shrug It Off+1","Spot Weakness+1","Thunderclap+1","Whirlwind+1","Ghostly Armor+1","Master of Strategy+1","Pommel Strike+1","Purity+1","Finesse"],"relics":["Burning Blood","Hammer of Thor","Seething Fire","Anvil of the Gods","Pen Nib","Bloody Idol","Vajra","Toy Ornithopter","Philosopher\u0027s Stone","Toolbox","Potion Belt","MutagenicStrength","Tiny Chest","War Paint","Blood Vial","Akabeko","Runic Cube","theSenshi:SuperSailorFukuRelic","CaptainsWheel","Red Mask","theSenshi:SpiralHeartMoonRodRelic","theSenshi:SailorFukuRelic","HornCleat","Singing Bowl","StoneCalendar"],"acts_visited":["Exordium","TheCity","TheBeyond","TheEnding"],"potions_floor_usage":[18,23,33,38,50,55,55,55],"damage_taken":[{"damage":6.0,"enemies":"Jaw Worm","floor":1.0,"turns":1.0},{"damage":0.0,"enemies":"2 Louse","floor":3.0,"turns":1.0},{"damage":0.0,"enemies":"Small Slimes","floor":4.0,"turns":1.0},{"damage":26.0,"enemies":"Lagavulin","floor":6.0,"turns":4.0},{"damage":3.0,"enemies":"3 Louse","floor":11.0,"turns":1.0},{"damage":0.0,"enemies":"Exordium Wildlife","floor":13.0,"turns":2.0},{"damage":10.0,"enemies":"3 Sentries","floor":14.0,"turns":2.0},{"damage":0.0,"enemies":"Slime Boss","floor":16.0,"turns":3.0},{"damage":3,"enemies":"2 Thieves","floor":18,"turns":2},{"damage":16,"enemies":"Book of Stabbing","floor":23,"turns":3},{"damage":0,"enemies":"3 Byrds","floor":24,"turns":1},{"damage":25,"enemies":"Slavers","floor":25,"turns":2},{"damage":19,"enemies":"Shelled Parasite and Fungi","floor":27,"turns":2},{"damage":21,"enemies":"Gremlin Leader","floor":29,"turns":3},{"damage":0,"enemies":"Sentry and Sphere","floor":31,"turns":1},{"damage":31,"enemies":"Automaton","floor":33,"turns":5},{"damage":0,"enemies":"Orb Walker","floor":35,"turns":1},{"damage":0,"enemies":"Mind Bloom Boss Battle","floor":37,"turns":1},{"damage":4,"enemies":"3 Shapes","floor":38,"turns":2},{"damage":13,"enemies":"Giant Head","floor":40,"turns":5},{"damage":0,"enemies":"Jaw Worm Horde","floor":46,"turns":1},{"damage":0,"enemies":"Maw","floor":47,"turns":4},{"damage":17,"enemies":"Nemesis","floor":48,"turns":3},{"damage":36,"enemies":"Awakened One","floor":50,"turns":4},{"damage":5,"enemies":"Shield and Spear","floor":54,"turns":1},{"damage":115,"enemies":"The Heart","floor":55,"turns":6}],"seed_played":"-4868791987668964593","potions_obtained":[{"floor":1.0,"key":"GamblersBrew"},{"floor":3.0,"key":"FearPotion"},{"floor":4.0,"key":"AttackPotion"},{"floor":24,"key":"Energy Potion"},{"floor":29,"key":"PowerPotion"},{"floor":31,"key":"Strength Potion"},{"floor":33,"key":"Dexterity Potion"},{"floor":37,"key":"ElixirPotion"},{"floor":40,"key":"BloodPotion"},{"floor":47,"key":"FairyPotion"},{"floor":48,"key":"Swift Potion"}],"is_trial":false,"path_per_floor":["M","?","M","M","?","E","R","?","T","R","M","?","M","E","R","B",null,"M","$","?","?","?","E","M","E","T","M","R","E","?","M","R","B",null,"M","T","?","M","?","E","R","?","T","T","$","M","M","E","R","B",null,"R","$","E","B",null],"character_chosen":"IRONCLAD","items_purchased":["Toolbox","Potion Belt","SteroidPotion"],"campfire_rested":5,"item_purchase_floors":[19,19,53],"current_hp_per_floor":[72,80,80,80,80,60,60,40,40,64,67,67,80,76,80,80,80,80,80,80,80,80,80,80,80,80,80,80,80,80,80,80,80,80,80,80,80,80,80,78,80,70,75,75,75,80,80,78,82,82,82,82,82,84,29],"gold":51,"neow_bonus":"HUNDRED_GOLD","is_daily":false,"chose_seed":false,"campfire_upgraded":2,"win_rate":0.0,"timestamp":1613020384,"path_taken":["M","?","M","M","?","E","R","?","T","R","M","?","?","E","R","BOSS","M","$","?","?","?","E","?","E","T","M","R","E","?","M","R","BOSS","M","?","?","M","?","E","R","?","T","?","?","?","M","E","R","BOSS","R","$","E","BOSS"],"items_purchased_type":["Relic","Relic","Potion"],"build_version":"2020-12-22","purchased_purges":1,"victory":true,"max_hp_per_floor":[80,80,80,80,80,80,80,80,80,80,80,80,80,80,80,80,80,80,80,80,80,80,80,80,80,80,80,80,80,80,80,80,80,80,80,80,80,80,80,80,80,80,80,80,80,80,80,82,82,82,82,82,82,84,84],"card_choices":[{"not_picked":["Metallicize","Clash","Pummel"],"picked":"SKIP","floor":1.0},{"not_picked":["Power Through","Flex","Rupture"],"picked":"SKIP","floor":3.0},{"not_picked":["True Grit","Armaments","Body Slam"],"picked":"SKIP","floor":4.0},{"not_picked":["Infernal Blade","Thunderclap","Armaments"],"picked":"SKIP","floor":6.0},{"not_picked":["Headbutt","Thunderclap","Wild Strike"],"picked":"SKIP","floor":11.0},{"not_picked":["Sentinel","Demon Form","Searing Blow"],"picked":"SKIP","floor":13.0},{"not_picked":["Bludgeon","Sword Boomerang","Heavy Blade"],"picked":"SKIP","floor":14.0},{"not_picked":["Body Slam","Whirlwind"],"picked":"Pommel Strike","floor":18},{"not_picked":["Headbutt","Bloodletting","Hemokinesis+1"],"picked":"SKIP","floor":23},{"not_picked":["Havoc","Pommel Strike","Headbutt"],"picked":"SKIP","floor":24},{"not_picked":["Reckless Charge","Thunderclap","Searing Blow"],"picked":"SKIP","floor":25},{"not_picked":["Dual Wield","Double Tap","Shrug It Off"],"picked":"SKIP","floor":27},{"not_picked":["Twin Strike","Feel No Pain","Heavy Blade"],"picked":"SKIP","floor":29},{"not_picked":["Shrug It Off","Heavy Blade","Rage"],"picked":"SKIP","floor":31},{"not_picked":["Warcry","Battle Trance","Thunderclap"],"picked":"SKIP","floor":35},{"not_picked":["Dropkick+1","Dual Wield","Ghostly Armor"],"picked":"SKIP","floor":38},{"not_picked":["Combust","Ghostly Armor","Berserk"],"picked":"SKIP","floor":40},{"not_picked":["PanicButton","Blind"],"picked":"Purity","floor":42},{"not_picked":["Madness","Apotheosis"],"picked":"Finesse","floor":42},{"not_picked":["Warcry+1","Perfected Strike+1","Sword Boomerang"],"picked":"SKIP","floor":46},{"not_picked":["Perfected Strike","Anger","Pommel Strike"],"picked":"SKIP","floor":47},{"not_picked":["Warcry","Headbutt","Havoc+1"],"picked":"Singing Bowl","floor":48},{"not_picked":["Offering","Clothesline","Twin Strike"],"picked":"Singing Bowl","floor":54}],"player_experience":421377,"relics_obtained":[{"floor":6.0,"key":"Pen Nib"},{"floor":9.0,"key":"Vajra"},{"floor":14.0,"key":"Toy Ornithopter"},{"floor":23,"key":"War Paint"},{"floor":25,"key":"Blood Vial"},{"floor":29,"key":"Akabeko"},{"floor":36,"key":"theSenshi:SuperSailorFukuRelic"},{"floor":37,"key":"CaptainsWheel"},{"floor":40,"key":"theSenshi:SpiralHeartMoonRodRelic"},{"floor":43,"key":"theSenshi:SailorFukuRelic"},{"floor":44,"key":"HornCleat"},{"floor":48,"key":"Singing Bowl"},{"floor":54,"key":"StoneCalendar"}],"event_choices":[{"damage_healed":20.0,"max_hp_gain":0.0,"max_hp_loss":0.0,"gold_gain":0.0,"event_name":"The Cleric","player_choice":"Healed","floor":2.0,"gold_loss":35.0,"damage_taken":0.0},{"damage_healed":0.0,"max_hp_gain":0.0,"max_hp_loss":0.0,"gold_gain":0.0,"event_name":"Golden Wing","player_choice":"Ignored","floor":5.0,"gold_loss":0.0,"damage_taken":0.0},{"damage_healed":0.0,"max_hp_gain":0.0,"max_hp_loss":0.0,"gold_gain":0.0,"event_name":"Golden Idol","player_choice":"Take Damage","floor":8.0,"gold_loss":0.0,"damage_taken":20.0,"relics_obtained":["Golden Idol"]},{"cards_removed":["Impervious"],"damage_healed":0.0,"max_hp_gain":0.0,"max_hp_loss":0.0,"gold_gain":0.0,"event_name":"Living Wall","player_choice":"Forget","floor":12.0,"gold_loss":0.0,"damage_taken":0.0},{"damage_healed":0,"gold_gain":0,"player_choice":"Inject Mutagens","damage_taken":0,"relics_obtained":["MutagenicStrength"],"max_hp_gain":0,"max_hp_loss":0,"event_name":"Drug Dealer","floor":20,"gold_loss":0},{"damage_healed":0,"gold_gain":0,"player_choice":"Opened","damage_taken":0,"relics_obtained":["Tiny Chest"],"max_hp_gain":0,"max_hp_loss":0,"event_name":"The Mausoleum","floor":21,"gold_loss":0,"cards_obtained":["Writhe"]},{"damage_healed":0,"gold_gain":0,"player_choice":"0 cards matched","damage_taken":0,"max_hp_gain":0,"max_hp_loss":0,"event_name":"Match and Keep!","floor":22,"gold_loss":0,"cards_obtained":[]},{"damage_healed":0,"gold_gain":0,"player_choice":"Gave Idol","damage_taken":0,"relics_obtained":["Bloody Idol"],"max_hp_gain":0,"max_hp_loss":0,"event_name":"Forgotten Altar","floor":30,"relics_lost":["Golden Idol"],"gold_loss":0},{"damage_healed":0,"gold_gain":0,"player_choice":"Fight","damage_taken":0,"max_hp_gain":0,"max_hp_loss":0,"event_name":"MindBloom","floor":37,"gold_loss":0},{"damage_healed":0,"gold_gain":0,"player_choice":"Paid","damage_taken":0,"relics_obtained":["Red Mask"],"max_hp_gain":0,"max_hp_loss":0,"event_name":"Tomb of Lord Red Mask","floor":39,"gold_loss":509},{"damage_healed":0,"gold_gain":0,"player_choice":"Memory 3","damage_taken":10,"max_hp_gain":0,"max_hp_loss":0,"event_name":"SensoryStone","floor":42,"gold_loss":0}],"is_beta":false,"boss_relics":[{"not_picked":["Empty Cage","Calling Bell"],"picked":"Philosopher\u0027s Stone"},{"not_picked":["Pandora\u0027s Box","Astrolabe"],"picked":"Runic Cube"}],"items_purged_floors":[45],"is_endless":false,"potions_floor_spawned":[1,3,4,13,24,29,31,33,37,40,47,48,54],"ascension_level":13}}