{"host":"og6lam4kt3nibbw0","time":1613064036,"event":{"mods":["AchievementEnabler","BaseMod","Colored Map","DeckTracker","Highlight Path","Keyboard Shortcuts","Minty Spire (QoL Compilation)","Permanent Neow","Quick Restart","StSLib","SuperFastMode"],"gold_per_floor":[114,133,150,75,75,75,94,94,141,141,156,169,186,86,86,159,159,169,187,62,62,81,115,115,147,447,447,472,163,163,193,193,193,193],"floor_reached":33,"language":"KOR","playtime":1031,"items_purged":["Defend_B","Strike_B","Strike_B","Defend_B"],"score":690,"play_id":"a081b244-d5a6-45d6-bec1-21ee5a8b7c23","local_time":"20210212022036","is_ascension_mode":true,"campfire_choices":[{"data":"Barrage","floor":6.0,"key":"SMITH"},{"data":"Sunder","floor":8.0,"key":"SMITH"},{"data":"Zap","floor":10.0,"key":"SMITH"},{"data":"Chaos","floor":15.0,"key":"SMITH"},{"data":"Coolheaded","floor":24.0,"key":"SMITH"},{"data":"Biased Cognition","floor":27.0,"key":"SMITH"},{"floor":32,"key":"REST"}],"circlet_count":0,"master_deck":["AscendersBane","Zap+1","Dualcast","Biased Cognition+1","Auto Shields+1","Leap+1","Sunder+1","Chill","Barrage+1","Turbo","Chaos+1","Electrodynamics","Coolheaded+1","Chill","Biased Cognition+1","Redo+1","Static Discharge","Skim","Loop"],"relics":["Astrolabe","Centennial Puzzle","Sozu","Omamori","Tiny Chest","Old Coin","The Courier","Blood Vial"],"acts_visited":["Exordium","TheCity"],"potions_floor_usage":[33],"damage_taken":[{"damage":0.0,"enemies":"Cultist","floor":1.0,"turns":5.0},{"damage":7.0,"enemies":"Small Slimes","floor":2.0,"turns":3.0},{"damage":0.0,"enemies":"2 Louse","floor":3.0,"turns":3.0},{"damage":4.0,"enemies":"Exordium Thugs","floor":7.0,"turns":3.0},{"damage":10.0,"enemies":"Gremlin Gang","floor":11.0,"turns":5.0},{"damage":2.0,"enemies":"Lots of Slimes","floor":12.0,"turns":3.0},{"damage":0.0,"enemies":"3 Louse","floor":13.0,"turns":3.0},{"damage":0.0,"enemies":"Slime Boss","floor":16.0,"turns":6.0},{"damage":10.0,"enemies":"3 Byrds","floor":18.0,"turns":2.0},{"damage":3.0,"enemies":"2 Thieves","floor":19.0,"turns":3.0},{"damage":0.0,"enemies":"Sentry and Sphere","floor":22.0,"turns":4.0},{"damage":1.0,"enemies":"Gremlin Leader","floor":23.0,"turns":4.0},{"damage":22.0,"enemies":"Slavers","floor":25.0,"turns":7.0},{"damage":7,"enemies":"Book of Stabbing","floor":31,"turns":4},{"damage":48,"enemies":"Champ","floor":33,"turns":10}],"seed_played":"-3872438669962090238","potions_obtained":[{"floor":1.0,"key":"EssenceOfSteel"},{"floor":2.0,"key":"Block Potion"},{"floor":13.0,"key":"PowerPotion"}],"is_trial":false,"path_per_floor":["M","M","M","$","?","R","M","R","T","R","M","M","M","$","R","B",null,"M","M","$","?","M","E","R","E","T","R","T","$","T","E","R","B"],"character_chosen":"DEFECT","items_purchased":["Static Discharge","Skim"],"campfire_rested":1,"item_purchase_floors":[29,29],"current_hp_per_floor":[64,57,57,57,57,57,53,53,53,53,43,41,41,41,41,41,64,54,51,51,51,51,50,50,28,28,28,28,28,28,21,42,0,0],"gold":193,"neow_bonus":"BOSS_RELIC","is_daily":false,"chose_seed":false,"campfire_upgraded":6,"win_rate":0.0,"timestamp":1613064036,"path_taken":["M","M","?","$","?","R","M","R","T","R","M","?","M","?","R","BOSS","M","M","$","?","?","E","R","E","T","R","?","$","?","E","R","BOSS"],"items_purchased_type":["Card","Card"],"build_version":"2020-12-22","purchased_purges":4,"victory":false,"max_hp_per_floor":[71,71,71,71,71,71,71,71,71,71,71,71,71,71,71,71,71,71,71,71,71,71,71,71,71,71,71,71,71,71,71,71,71,71],"card_choices":[{"not_picked":["Undo","Hologram"],"picked":"Sunder","floor":1.0},{"not_picked":["Go for the Eyes","Force Field"],"picked":"Chill","floor":2.0},{"not_picked":["Gash","Barrage","Tempest"],"picked":"SKIP","floor":3.0},{"not_picked":["Gash","Tempest"],"picked":"Barrage","floor":3.0},{"not_picked":["Streamline","Lockon"],"picked":"Turbo","floor":7.0},{"not_picked":["Recycle","Barrage","Cold Snap"],"picked":"SKIP","floor":11.0},{"not_picked":["Steam Power","Reprogram"],"picked":"Chaos","floor":12.0},{"not_picked":["Streamline","Steam","Gash"],"picked":"SKIP","floor":13.0},{"not_picked":["Buffer","Rainbow"],"picked":"Electrodynamics","floor":16.0},{"not_picked":["Steam","Hologram"],"picked":"Coolheaded","floor":18.0},{"not_picked":["Beam Cell","Conserve Battery"],"picked":"Chill","floor":19.0},{"not_picked":["Barrage+1","Go for the Eyes","FTL"],"picked":"SKIP","floor":22.0},{"not_picked":["Rip and Tear","Blizzard"],"picked":"Redo+1","floor":23.0},{"not_picked":["Doom and Gloom","Rebound","Sunder"],"picked":"SKIP","floor":25.0},{"not_picked":["Stack","Rebound"],"picked":"Loop","floor":31}],"player_experience":717098,"relics_obtained":[{"floor":9.0,"key":"Centennial Puzzle"},{"floor":23.0,"key":"Omamori"},{"floor":25.0,"key":"Tiny Chest"},{"floor":26.0,"key":"Old Coin"},{"floor":30,"key":"The Courier"},{"floor":31,"key":"Blood Vial"}],"event_choices":[{"cards_removed":["Defend_B"],"damage_healed":0.0,"max_hp_gain":0.0,"max_hp_loss":0.0,"gold_gain":0.0,"event_name":"Bonfire Elementals","player_choice":"Offered Basic","floor":5.0,"gold_loss":0.0,"damage_taken":0.0},{"damage_healed":0.0,"max_hp_gain":0.0,"max_hp_loss":0.0,"gold_gain":0.0,"event_name":"Match and Keep!","player_choice":"1 cards matched","floor":21.0,"gold_loss":0.0,"damage_taken":0.0,"cards_obtained":["Biased Cognition"]}],"is_beta":false,"boss_relics":[{"not_picked":["Velvet Choker","Snecko Eye"],"picked":"Sozu"}],"items_purged_floors":[4,14,20,29],"is_endless":false,"potions_floor_spawned":[1,2,3,13,19,22,25],"killed_by":"Champ","ascension_level":20}}