{"host":"bx8ylsmj2ob6hd5u","time":1613061726,"event":{"mods":["AchievementEnabler","Act Like it!","Aspiration","BaseMod","Colored Map","Downfall","Duelist Mod","Friendly Minions","Gensokyo","GifTheSpireLib","Hallownest","Hermit","HololiveMod","Hubris","Infinite Spire","Jorbs\u0027s Wanderer Trilogy","KinomotoSakuraMod(????)","Kiyohime????","Koishi","KomeijiMod","Lobotomy","LobotomyExtend","Marisa????????","Minty Spire (QoL Compilation)","Prisma Mod","Rare Cards Sparkle","Reimu??????","Remilia??????","Replay The Spire","StSLib","Td1madao Mod","The Administrix","The Animator","The Bug Knight","The Construct","The Cursed","The Disciple","The Hierophant","The Necromancer","The Poker Player","The Runesmith","The Senshi","The Servant 0.9.4","WarShipGirlsR/????R mod"],"gold_per_floor":[118,118,134,134,134,134,209,209,209,20,100,100,110,122,122,221,221,237,237,197,32,32,32,51,51,100,114,114,133,233,251,251,351,351,361,361,380,390,84,84,84,84,84,84,97,113,130,143,143,128],"floor_reached":51,"language":"ENG","playtime":3338,"items_purged":[],"score":687,"play_id":"d75361c5-2692-4e2c-a6e3-e71f8105581b","local_time":"20210211184206","is_ascension_mode":false,"campfire_choices":[{"data":"Eruption","floor":6,"key":"SMITH"},{"data":"Vigilance","floor":8,"key":"SMITH"},{"data":"Gensokyo:GapWoman","floor":15,"key":"SMITH"},{"data":"Mayhem","floor":23,"key":"SMITH"},{"data":"infinitespire:Punishment","floor":25,"key":"SMITH"},{"data":"ZunPunch:ReiMu","floor":28,"key":"SMITH"},{"data":"Omniscience","floor":32,"key":"SMITH"},{"data":"MasterReality","floor":40,"key":"SMITH"},{"data":"Alpha","floor":42,"key":"SMITH"},{"floor":49,"key":"REST"}],"circlet_count":0,"master_deck":["Strike_P","Strike_P","Defend_P","Defend_P","Defend_P","Eruption+1","Vigilance+1","BattleHymn","Quick Slash","Vault+1","Sanctity","Gensokyo:GapWoman+1","Prostrate","MentalFortress","MasterReality+1","EmptyFist+1","infinitespire:Punishment+1","ZunPunch:ReiMu+1","Mayhem+1","ReachHeaven","WindmillStrike+1","Brilliance","Replay:BluntJabs","Omniscience+1","Alpha+1","AbeCurse","Replay:Battleflow","Evaluate","Fasting2+1","Weave+1","Pray","Pray","Brilliance","Parasite","FollowUp+1"],"relics":["PureWater","hubris:Icosahedron","LetterFromLob","Gensokyo:OccultBall","Guardian:PocketSentry","hubris:HollowSoul","Oddly Smooth Stone","aspiration:RitualStick","Strawberry","Calipers","ReplayTheSpireMod:Shallot","Abe\u0027s Treasure","HollowMod:JonisBlessing","Orichalcum","hubris:MobiusCoin","hubris:Towel"],"acts_visited":["Exordium","TheCity","TheBeyond"],"potions_floor_usage":[13,14,14,16,16,29,29,30,30,31,33,37,46,46,50],"damage_taken":[{"damage":1,"enemies":"Gensokyo:Python","floor":1,"turns":3},{"damage":1,"enemies":"Gensokyo:2_Kodama","floor":3,"turns":3},{"damage":0,"enemies":"Gensokyo:3_Fairies","floor":13,"turns":3},{"damage":3,"enemies":"Gensokyo:Python_and_Kodama","floor":14,"turns":3},{"damage":3,"enemies":"Gensokyo:Kokoro","floor":16,"turns":10},{"damage":0,"enemies":"3 Byrds","floor":18,"turns":8},{"damage":8,"enemies":"Shell Parasite","floor":24,"turns":3},{"damage":0,"enemies":"Snecko","floor":27,"turns":3},{"damage":0,"enemies":"Shelled Parasite and Fungi","floor":29,"turns":4},{"damage":5,"enemies":"Colosseum Slavers","floor":30,"turns":4},{"damage":12,"enemies":"Colosseum Nobs","floor":30,"turns":4},{"damage":0,"enemies":"Cultist and Chosen","floor":31,"turns":5},{"damage":8,"enemies":"Collector","floor":33,"turns":9},{"damage":5,"enemies":"3 Darklings","floor":35,"turns":4},{"damage":0,"enemies":"3 Shapes","floor":37,"turns":2},{"damage":20,"enemies":"Maw","floor":38,"turns":6},{"damage":4,"enemies":"Transient","floor":45,"turns":6},{"damage":0,"enemies":"Jaw Worm Horde","floor":46,"turns":2},{"damage":0,"enemies":"3 Darklings","floor":47,"turns":4},{"damage":0,"enemies":"Writhing Mass","floor":48,"turns":3},{"damage":28,"enemies":"hubris:GrandSnecko","floor":50,"turns":13}],"seed_played":"5306232234791647737","potions_obtained":[{"floor":1,"key":"Elixir"},{"floor":7,"key":"Block Potion"},{"floor":7,"key":"SpeedPotion"},{"floor":7,"key":"DuplicationPotion"},{"floor":13,"key":"DuplicationPotion"},{"floor":18,"key":"Energy Potion"},{"floor":27,"key":"EssenceOfSteel"},{"floor":29,"key":"Energy Potion"},{"floor":30,"key":"Reflective Coating"},{"floor":33,"key":"LifebloodPotion"},{"floor":38,"key":"Guardian:BlockOnCardUsePotion"},{"floor":45,"key":"SteroidPotion"},{"floor":48,"key":"FearPotion"}],"is_trial":false,"path_per_floor":["M","?","M","?","?","R","?","R","T","COS","?","$","M","M","R","B",null,"M","AVR","?","$","?","R","M","R","T","M","R","M","?","M","R","B",null,"M","?","M","M","$","R","?","R","T","?","M","M","M","M","R","B",null],"character_chosen":"WATCHER","items_purchased":["Mayhem","HollowMod:JonisBlessing","Orichalcum"],"campfire_rested":1,"item_purchase_floors":[21,39,39],"current_hp_per_floor":[71,71,70,70,70,70,52,52,52,52,52,52,52,49,49,46,72,72,72,72,72,58,58,50,50,57,79,79,79,62,62,62,54,79,74,74,74,54,54,54,54,54,54,54,50,50,50,50,73,45],"gold":128,"neow_bonus":"RANDOM_EVENT","is_daily":false,"chose_seed":false,"campfire_upgraded":9,"win_rate":0.0,"timestamp":1613061726,"path_taken":["M","?","?","?","?","R","?","R","T","COS","?","?","M","M","R","BOSS","M","AVR","?","$","?","R","M","R","T","M","R","M","?","M","R","BOSS","M","?","M","?","$","R","?","R","T","?","M","?","M","M","R","BOSS"],"items_purchased_type":["Card","Relic","Relic"],"build_version":"2020-12-22","purchased_purges":0,"victory":true,"max_hp_per_floor":[72,72,72,72,72,72,72,72,72,72,72,72,72,72,72,72,72,72,72,72,72,72,72,72,72,79,79,79,79,79,79,79,79,79,79,79,79,79,79,79,79,79,79,79,79,79,79,79,79,79],"card_choices":[{"not_picked":["BowlingBash","EmptyFist"],"picked":"BattleHymn","floor":1},{"not_picked":["ThirdEye","BowlingBash"],"picked":"Vault","floor":3},{"not_picked":["Replay:Battleflow","JustLucky"],"picked":"Sanctity","floor":7},{"not_picked":["Halt","BowlingBash"],"picked":"Prostrate","floor":13},{"not_picked":["JustLucky","Brilliance"],"picked":"MentalFortress","floor":14},{"not_picked":["Blasphemy","LessonLearned"],"picked":"MasterReality","floor":16},{"not_picked":["Crescendo","FollowUp"],"picked":"EmptyFist+1","floor":18},{"not_picked":["SashWhip","FlyingSleeves"],"picked":"ReachHeaven","floor":24},{"not_picked":["ClearTheMind+1","InnerPeace"],"picked":"WindmillStrike+1","floor":27},{"not_picked":["Evaluate","CutThroughFate"],"picked":"Brilliance","floor":29},{"not_picked":["Protect","Indignation"],"picked":"Replay:BluntJabs","floor":30},{"not_picked":["JustLucky+1","Replay:Anticipation"],"picked":"Omniscience","floor":31},{"not_picked":["Replay:AllIn","Brilliance"],"picked":"Alpha","floor":33},{"not_picked":["JustLucky","PathToVictory"],"picked":"Replay:Battleflow","floor":35},{"not_picked":["FlyingSleeves+1","JustLucky+1"],"picked":"Fasting2+1","floor":37},{"not_picked":["BowlingBash+1","FollowUp"],"picked":"Weave+1","floor":38},{"not_picked":["Fasting2+1","Replay:Hum"],"picked":"Pray","floor":45},{"not_picked":["BattleHymn","JustLucky+1"],"picked":"Pray","floor":46},{"not_picked":["Replay:ManipulateFuture","Consecrate+1"],"picked":"Brilliance","floor":47},{"not_picked":["EmptyFist+1","Conclude"],"picked":"FollowUp+1","floor":48}],"player_experience":1574746,"relics_obtained":[{"floor":1,"key":"LetterFromLob"},{"floor":9,"key":"Guardian:PocketSentry"},{"floor":16,"key":"Gensokyo:OccultBall"},{"floor":18,"key":"Gensokyo:OccultBall"},{"floor":26,"key":"Strawberry"},{"floor":30,"key":"Calipers"},{"floor":30,"key":"ReplayTheSpireMod:Shallot"},{"floor":33,"key":"Gensokyo:OccultBall"},{"floor":43,"key":"hubris:MobiusCoin"}],"event_choices":[{"damage_healed":0,"gold_gain":0,"player_choice":"Hand rover O-miki","damage_taken":0,"max_hp_gain":0,"max_hp_loss":0,"event_name":"ZunEvent","floor":20,"relics_lost":["ZunR:ReiMu"],"gold_loss":0,"cards_obtained":["ZunPunch:ReiMu"]},{"damage_healed":0,"gold_gain":0,"player_choice":"Fight","damage_taken":0,"max_hp_gain":0,"max_hp_loss":0,"event_name":"Colosseum","floor":30,"gold_loss":0},{"damage_healed":0,"gold_gain":0,"player_choice":"Fought Nobs","damage_taken":0,"max_hp_gain":0,"max_hp_loss":0,"event_name":"Colosseum","floor":30,"gold_loss":0},{"damage_healed":0,"gold_gain":0,"cards_transformed":["hubris:TrickCloak"],"player_choice":"Transformed","damage_taken":0,"max_hp_gain":0,"max_hp_loss":0,"event_name":"Transmorgrifier","floor":36,"gold_loss":0,"cards_obtained":["Evaluate"]}],"is_beta":false,"boss_relics":[{"not_picked":["Replay:Bronze Core","aspiration:FutureDiary"],"picked":"hubris:HollowSoul"},{"not_picked":["Replay:Drink Me","Honey Jar"],"picked":"Abe\u0027s Treasure"}],"items_purged_floors":[],"is_endless":false,"potions_floor_spawned":[1,13,18,27,29,30,33,38,45,48],"ascension_level":0}}