{"host":"4gr5irrdjh39ysed","time":1613004397,"event":{"mods":["AchievementEnabler","BaseMod","Colored Map","Downfall","Hermit","Minty Spire (QoL Compilation)","Random Character Button","StSLib","The Construct","The Cursed","The Disciple","The Hierophant","The Mystic","The Necromancer","The Runesmith"],"gold_per_floor":[112,112,37,48,48,48,80,97,97,131,144,160,160,172,172,246,246,246,89,89,89,39,39,39,39,39,39,39,39,39,39,39,39,39,39,39,39,39,39,39,39,39,39,39,39,39,39,39,39,39,39,39,39,39,39],"floor_reached":56,"language":"ENG","playtime":3078,"items_purged":["Defend_G"],"score":2316,"play_id":"df1c2404-236a-4a29-a790-a692c92984be","local_time":"20210210174637","is_ascension_mode":true,"campfire_choices":[{"floor":15,"key":"RECALL"},{"floor":23,"key":"REST"},{"floor":25,"key":"REST"},{"floor":32,"key":"REST"},{"floor":49,"key":"REST"},{"floor":52,"key":"REST"}],"circlet_count":0,"master_deck":["AscendersBane","Strike_G+1","Strike_G+1","Strike_G+1","Strike_G+1","Defend_G+1","Defend_G+1","Defend_G+1","Survivor+1","Neutralize+1","Bouncing Flask+1","Blade Dance+1","Bane+1","Quick Slash+1","Corpse Explosion+1","Bane+1","Catalyst+1","Phantasmal Killer+1","Deadly Poison+1","Blade Dance+1","Prepared+1","Noxious Fumes+1","Corpse Explosion+1","Flechettes+1","Bouncing Flask+1","Flying Knee+1","Envenom+1","Choke+1","Finisher+1","Bane+1","Corpse Explosion+1","Slice+1","Cloak And Dagger+1","Crippling Poison+1","Adrenaline+1"],"relics":["Fusion Hammer","Toxic Egg 2","Anchor","Eternal Feather","Ectoplasm","Lantern","Happy Flower","Runesmith:Nanobots","Bag of Preparation","War Paint","Philosopher\u0027s Stone","Question Card","Regal Pillow","Mark of the Bloom","Frozen Egg 2","Boot","Vajra"],"acts_visited":["Exordium","TheCity","TheBeyond","TheEnding"],"potions_floor_usage":[12,27,29,39,47,55],"damage_taken":[{"damage":0,"enemies":"Small Slimes","floor":1,"turns":4},{"damage":2,"enemies":"Jaw Worm","floor":4,"turns":4},{"damage":25,"enemies":"Lagavulin","floor":7,"turns":6},{"damage":0,"enemies":"2 Louse","floor":8,"turns":2},{"damage":24,"enemies":"Gremlin Nob","floor":10,"turns":4},{"damage":0,"enemies":"Red Slaver","floor":11,"turns":2},{"damage":7,"enemies":"Large Slime","floor":12,"turns":5},{"damage":0,"enemies":"Gremlin Gang","floor":14,"turns":2},{"damage":60,"enemies":"Slime Boss","floor":16,"turns":10},{"damage":0,"enemies":"3 Byrds","floor":18,"turns":2},{"damage":9,"enemies":"Chosen","floor":20,"turns":4},{"damage":0,"enemies":"3 Cultists","floor":21,"turns":2},{"damage":21,"enemies":"Book of Stabbing","floor":24,"turns":3},{"damage":0,"enemies":"Gremlin Leader","floor":27,"turns":5},{"damage":24,"enemies":"Snake Plant","floor":28,"turns":3},{"damage":6,"enemies":"Cultist and Chosen","floor":29,"turns":3},{"damage":30,"enemies":"Slavers","floor":30,"turns":4},{"damage":18,"enemies":"Snecko","floor":31,"turns":3},{"damage":60,"enemies":"Champ","floor":33,"turns":8},{"damage":0,"enemies":"3 Darklings","floor":35,"turns":2},{"damage":32,"enemies":"3 Shapes","floor":38,"turns":2},{"damage":6,"enemies":"Maw","floor":39,"turns":4},{"damage":79,"enemies":"Reptomancer","floor":40,"turns":4},{"damage":28,"enemies":"Writhing Mass","floor":44,"turns":3},{"damage":18,"enemies":"4 Shapes","floor":45,"turns":2},{"damage":11,"enemies":"3 Darklings","floor":46,"turns":2},{"damage":55,"enemies":"Giant Head","floor":47,"turns":5},{"damage":0,"enemies":"Transient","floor":48,"turns":6},{"damage":126,"enemies":"Awakened One","floor":50,"turns":9},{"damage":114,"enemies":"Shield and Spear","floor":54,"turns":6},{"damage":277,"enemies":"The Heart","floor":55,"turns":7}],"seed_played":"-1795280560513139194","potions_obtained":[{"floor":1,"key":"DistilledChaos"},{"floor":4,"key":"Dexterity Potion"},{"floor":18,"key":"Regen Potion"},{"floor":27,"key":"Fire Potion"},{"floor":38,"key":"Dexterity Potion"},{"floor":39,"key":"ColorlessPotion"},{"floor":40,"key":"DistilledChaos"}],"is_trial":false,"path_per_floor":["M","?","$","M","?","?","E","M","T","E","M","M","?","M","R","B",null,"M","$","M","M","?","R","E","R","T","E","M","M","E","M","R","B",null,"M","T","?","M","M","E","?","?","T","M","M","M","E","M","R","B",null,"R","$","E","B",null],"character_chosen":"THE_SILENT","items_purchased":["Lantern"],"campfire_rested":5,"item_purchase_floors":[19],"current_hp_per_floor":[2059,2048,2048,2046,2051,1430,1405,1405,1405,1381,1381,1374,1374,1374,1383,1323,1884,1884,1884,1875,1875,1875,2071,2050,2071,2071,2071,2047,2041,2011,1993,2071,2011,2056,2056,2056,2056,2024,2018,1939,1939,1939,1939,1911,1893,1882,1827,1827,1827,1701,1701,1701,1701,1587,1310],"gold":39,"neow_bonus":"BOSS_RELIC","is_daily":false,"chose_seed":false,"campfire_upgraded":0,"win_rate":0.0,"timestamp":1613004397,"path_taken":["M","?","$","M","?","?","E","M","T","E","M","M","?","M","R","BOSS","M","$","M","M","?","R","E","R","T","E","M","M","E","M","R","BOSS","M","?","?","?","M","E","?","?","T","M","M","M","E","M","R","BOSS","R","$","E","BOSS"],"items_purchased_type":["Relic"],"build_version":"2020-12-22","purchased_purges":1,"victory":true,"max_hp_per_floor":[2066,2066,2066,2066,2071,2071,2071,2071,2071,2071,2071,2071,2071,2071,2071,2071,2071,2071,2071,2071,2071,2071,2071,2071,2071,2071,2071,2071,2071,2071,2071,2071,2071,2071,2071,2071,2071,2071,2071,2071,2071,2071,2071,2071,2071,2071,2071,2071,2071,2071,2071,2071,2071,2071,2071],"card_choices":[{"not_picked":["Choke","Well Laid Plans"],"picked":"Bouncing Flask","floor":1},{"not_picked":["Cloak And Dagger+1","Underhanded Strike"],"picked":"Blade Dance+1","floor":4},{"not_picked":["PiercingWail+1","Heel Hook"],"picked":"Bane","floor":7},{"not_picked":["Outmaneuver+1","Deflect+1"],"picked":"Quick Slash","floor":8},{"not_picked":["Quick Slash","Dash"],"picked":"Corpse Explosion+1","floor":10},{"not_picked":["Slice","Acrobatics+1"],"picked":"Bane","floor":11},{"not_picked":["Blur+1","Noxious Fumes"],"picked":"Catalyst+1","floor":12},{"not_picked":["Deflect+1","Dodge and Roll+1","Backflip+1"],"picked":"SKIP","floor":14},{"not_picked":["Unload","Die Die Die"],"picked":"Phantasmal Killer+1","floor":16},{"not_picked":["Slice","Outmaneuver+1"],"picked":"Deadly Poison+1","floor":18},{"not_picked":["Deflect+1","Endless Agony+1"],"picked":"Blade Dance+1","floor":20},{"not_picked":["Outmaneuver+1","Deflect+1"],"picked":"Prepared+1","floor":21},{"not_picked":["Flying Knee","Skewer"],"picked":"Noxious Fumes","floor":24},{"not_picked":["Sucker Punch","Slice"],"picked":"Corpse Explosion+1","floor":27},{"not_picked":["Dodge and Roll+1","Backflip+1","PiercingWail+1"],"picked":"SKIP","floor":28},{"not_picked":["Well Laid Plans+1","Backflip+1"],"picked":"Flechettes","floor":29},{"not_picked":["Outmaneuver+1","Heel Hook"],"picked":"Bouncing Flask+1","floor":30},{"not_picked":["Sucker Punch","Distraction+1"],"picked":"Flying Knee","floor":31},{"not_picked":["Glass Knife","Phantasmal Killer+1"],"picked":"Envenom","floor":33},{"not_picked":["Finisher","Bane"],"picked":"Choke","floor":35},{"not_picked":["Riddle With Holes","Dodge and Roll+1","Quick Slash"],"picked":"Finisher","floor":38},{"not_picked":["Underhanded Strike+1","Dodge and Roll+1","Blur+1"],"picked":"Bane+1","floor":39},{"not_picked":["Calculated Gamble+1","Predator","Prepared+1"],"picked":"Corpse Explosion+1","floor":40},{"not_picked":["Infinite Blades+1","Backflip+1","Underhanded Strike"],"picked":"Slice+1","floor":44},{"not_picked":["Sucker Punch+1","Outmaneuver+1","Quick Slash+1"],"picked":"Cloak And Dagger+1","floor":45},{"not_picked":["Venomology+1","Flying Knee","Predator"],"picked":"Crippling Poison+1","floor":46},{"not_picked":["Outmaneuver+1","Heel Hook","Well Laid Plans+1"],"picked":"Adrenaline+1","floor":47},{"not_picked":["Poisoned Stab+1","Leg Sweep+1","Deadly Poison+1","PiercingWail+1"],"picked":"SKIP","floor":48},{"not_picked":["Quick Slash","Dagger Spray","Underhanded Strike","Grand Finale"],"picked":"SKIP","floor":54}],"player_experience":345108,"relics_obtained":[{"floor":7,"key":"Anchor"},{"floor":10,"key":"Eternal Feather"},{"floor":24,"key":"Happy Flower"},{"floor":26,"key":"Runesmith:Nanobots"},{"floor":27,"key":"Bag of Preparation"},{"floor":30,"key":"War Paint"},{"floor":36,"key":"Question Card"},{"floor":40,"key":"Regal Pillow"},{"floor":43,"key":"Frozen Egg 2"},{"floor":47,"key":"Boot"},{"floor":54,"key":"Vajra"}],"event_choices":[{"damage_healed":0,"gold_gain":0,"player_choice":"Success","damage_taken":11,"relics_obtained":["Toxic Egg 2"],"max_hp_gain":0,"max_hp_loss":0,"event_name":"Scrap Ooze","floor":2,"gold_loss":0},{"damage_healed":0,"gold_gain":0,"player_choice":"Donut","damage_taken":0,"max_hp_gain":5,"max_hp_loss":0,"event_name":"Big Fish","floor":5,"gold_loss":0},{"damage_healed":0,"gold_gain":0,"player_choice":"Entered Light","damage_taken":621,"max_hp_gain":0,"max_hp_loss":0,"event_name":"Shining Light","floor":6,"gold_loss":0,"cards_upgraded":["Survivor","Defend_G"]},{"damage_healed":0,"gold_gain":0,"player_choice":"Ignored","damage_taken":0,"max_hp_gain":0,"max_hp_loss":0,"event_name":"Liars Game","floor":13,"gold_loss":0},{"damage_healed":0,"gold_gain":100,"player_choice":"Bet on Murderer","damage_taken":0,"max_hp_gain":0,"max_hp_loss":0,"event_name":"The Joust","floor":22,"gold_loss":50},{"cards_removed":["Defend_G"],"damage_healed":0,"gold_gain":0,"player_choice":"Offered Basic","damage_taken":0,"max_hp_gain":0,"max_hp_loss":0,"event_name":"Bonfire Elementals","floor":37,"gold_loss":0},{"damage_healed":0,"gold_gain":0,"player_choice":"Upgrade","damage_taken":0,"relics_obtained":["Mark of the Bloom"],"max_hp_gain":0,"max_hp_loss":0,"event_name":"MindBloom","floor":41,"gold_loss":0,"cards_upgraded":["Strike_G","Strike_G","Strike_G","Strike_G","Strike_G","Neutralize","Bouncing Flask","Bane","Quick Slash","Bane","Noxious Fumes","Flechettes","Flying Knee","Envenom","Choke","Finisher"]},{"cards_removed":["Strike_G"],"damage_healed":0,"gold_gain":0,"player_choice":"Removed Attack","damage_taken":0,"max_hp_gain":0,"max_hp_loss":0,"event_name":"Falling","floor":42,"gold_loss":0}],"is_beta":false,"boss_relics":[{"not_picked":["Empty Cage","Velvet Choker"],"picked":"Ectoplasm"},{"not_picked":["Tiny House","Runesmith:UraniumAnvil"],"picked":"Philosopher\u0027s Stone"}],"items_purged_floors":[3],"is_endless":false,"potions_floor_spawned":[1,4,8,18,24,27,28,38,39,40],"ascension_level":19}}