{"host":"pah2xi72mkoh8qg3","time":1613065668,"event":{"mods":["BaseMod","Colored Powertips","Conspire","FoggyMod","Highlight Path","Minty Spire (QoL Compilation)","Reliquary","Replay The Spire","RumiaBox-露米娅的神秘盒子","Shop Mod","StSLib","Waifu the Spire"],"gold_per_floor":[109,109,126,126,140,173,173,173,173,173,16,16,33,33,33,138,138,152,31,58,76,76,406,31,31,58,58,58],"floor_reached":27,"language":"ZHS","playtime":1124,"items_purged":[],"score":265,"play_id":"e1435d99-3b91-45bc-b776-a8bd076be05b","local_time":"20210212014748","is_ascension_mode":true,"campfire_choices":[{"floor":7,"key":"REST"},{"floor":25,"key":"RECALL"}],"circlet_count":0,"master_deck":["Strike_B","Strike_B","Strike_B","Strike_B","Defend_B","Defend_B","Defend_B","Defend_B","Zap","Dualcast","Strike_R","Core Surge","Coolheaded","Zap","Beam Cell","ReplayTheSpireMod:Dual Polarity+1","Barrage+1","Skim","White Noise","Heatsinks","Fission","Redo+1","White Noise+1","Conserve Battery","Fission","Defragment"],"relics":["Cracked Core","Replay:WaspNest","Letter Opener","reliquary:ShortFuse","ReplayFunnel","Coffee Dripper","Black Star","MerchantsRug","Replay:Frozen Program","reliquary:PartyBalloon","PreservedInsect","OrangePellets","ReplayTheSpireMod:TigerMarble","Orichalcum"],"acts_visited":["Exordium","TheCity"],"potions_floor_usage":[16,27,27],"damage_taken":[{"damage":0,"enemies":"2 Louse","floor":1,"turns":2},{"damage":0,"enemies":"Cultist","floor":3,"turns":3},{"damage":11,"enemies":"Jaw Worm","floor":5,"turns":2},{"damage":48,"enemies":"Lagavulin","floor":6,"turns":6},{"damage":0,"enemies":"Gremlin Gang","floor":13,"turns":4},{"damage":14,"enemies":"Hexaghost","floor":16,"turns":8},{"damage":7,"enemies":"3 Byrds","floor":18,"turns":3},{"damage":18,"enemies":"Shell Parasite","floor":21,"turns":4},{"damage":0,"enemies":"conspire:Head Lice","floor":23,"turns":7},{"damage":44,"enemies":"Gremlin Leader","floor":27,"turns":4}],"seed_played":"6675694263524853655","potions_obtained":[{"floor":1,"key":"Explosive Potion"},{"floor":21,"key":"Languid Potion"},{"floor":23,"key":"FocusPotion"}],"is_trial":false,"path_per_floor":["M","?","M","?","M","E","R","?","T","?","$","T","M","$","R","B",null,"M","$","T","M","?","E","$","R","T","E"],"character_chosen":"DEFECT","items_purchased":["ReplayFunnel","MerchantsRug","Replay:Frozen Program","White Noise+1","OrangePellets","ReplayTheSpireMod:TigerMarble","Defragment","Orichalcum"],"campfire_rested":1,"item_purchase_floors":[11,19,19,19,24,24,24,24],"current_hp_per_floor":[75,75,75,75,64,16,38,38,38,26,26,26,26,26,26,12,75,68,68,68,50,36,36,36,36,36,0,0],"gold":58,"neow_bonus":"THREE_RARE_CARDS","is_daily":false,"chose_seed":false,"campfire_upgraded":0,"win_rate":0.0,"timestamp":1613065668,"path_taken":["M","?","?","?","?","E","R","?","T","?","$","?","?","?","R","BOSS","M","?","?","?","?","E","$","R","T","E"],"items_purchased_type":["Relic","Relic","Relic","Card","Relic","Relic","Card","Relic"],"build_version":"2020-12-22","purchased_purges":0,"victory":false,"max_hp_per_floor":[75,75,75,75,75,75,75,75,75,75,75,75,75,75,75,75,75,75,75,75,75,80,80,80,80,80,80,80],"card_choices":[{"not_picked":["Thunder Strike","Multi-Cast"],"picked":"Core Surge","floor":0},{"not_picked":["Force Field","Rebound"],"picked":"Coolheaded","floor":1},{"not_picked":["Streamline","BasicCrystalCard"],"picked":"ReplayTheSpireMod:Dual Polarity","floor":3},{"not_picked":["Cold Snap","Rebound"],"picked":"Barrage","floor":5},{"not_picked":["Barrage","Doom and Gloom"],"picked":"Skim","floor":6},{"not_picked":["Ball Lightning","Reprogram"],"picked":"White Noise","floor":13},{"not_picked":["Multi-Cast","ReplayTheSpireMod:Omega Cannon"],"picked":"Fission","floor":16},{"not_picked":["Lockon","Rip and Tear+1"],"picked":"Redo+1","floor":18},{"not_picked":["Ball Lightning","Redo"],"picked":"Conserve Battery","floor":21},{"not_picked":["ReplayTheSpireMod:Repulse","Go for the Eyes"],"picked":"Fission","floor":23}],"player_experience":329591,"relics_obtained":[{"floor":6,"key":"Replay:WaspNest"},{"floor":9,"key":"Letter Opener"},{"floor":12,"key":"WingedGreaves"},{"floor":20,"key":"reliquary:PartyBalloon"},{"floor":23,"key":"Old Coin"},{"floor":23,"key":"PreservedInsect"}],"event_choices":[{"damage_healed":0,"gold_gain":0,"player_choice":"2 cards matched","damage_taken":0,"max_hp_gain":0,"max_hp_loss":0,"event_name":"Match and Keep!","floor":2,"gold_loss":0,"cards_obtained":["Zap","Beam Cell"]},{"damage_healed":0,"gold_gain":0,"player_choice":"Upgraded","damage_taken":0,"max_hp_gain":0,"max_hp_loss":0,"event_name":"Upgrade Shrine","floor":4,"gold_loss":0,"cards_upgraded":["ReplayTheSpireMod:Dual Polarity"]},{"damage_healed":0,"gold_gain":0,"player_choice":"Success","damage_taken":12,"relics_obtained":["reliquary:ShortFuse"],"max_hp_gain":0,"max_hp_loss":0,"event_name":"Scrap Ooze","floor":10,"gold_loss":0},{"damage_healed":0,"gold_gain":0,"player_choice":"Shed Blood","damage_taken":19,"max_hp_gain":5,"max_hp_loss":0,"event_name":"Forgotten Altar","floor":22,"gold_loss":0}],"is_beta":false,"boss_relics":[{"not_picked":["Kintsugi","Philosopher\u0027s Stone"],"picked":"Replay:Grab Bag"},{"not_picked":["Cursed Key","SlaversCollar"],"picked":"Coffee Dripper"},{"not_picked":["Busted Crown","Runic Dome"],"picked":"ChewingGum"},{"not_picked":["EasyGame_NEW","SacredBark"],"picked":"Black Star"}],"items_purged_floors":[],"is_endless":false,"potions_floor_spawned":[1,21,23],"killed_by":"Gremlin Leader","ascension_level":1}}