{"host":"fc5kl670efuhtomy","time":1613008148,"event":{"mods":["AchievementEnabler","BaseMod","Colored Powertips","Downfall","Marisa（F雨　魔理沙）","Minty Spire (QoL Compilation)","Quick Restart","Relic Stats","Replay The Spire","StSLib","The Bug Knight","The Construct","The Cursed","WarShipGirlsR/战舰少女R mod"],"gold_per_floor":[112,187,281,281,300,330,349,30,30,30,43,43,74,91,91,190,190,208,208,148,148],"floor_reached":20,"language":"ZHS","playtime":576,"items_purged":[],"score":207,"play_id":"b8a8bbcb-97a9-4a31-b3b5-ea498de39ac3","local_time":"20210211094908","is_ascension_mode":false,"campfire_choices":[{"data":"TheCursedMod:CursedWand","floor":10,"key":"SMITH"},{"floor":15,"key":"REST"}],"circlet_count":0,"master_deck":["TheCursedMod:Strike_TheCursed","TheCursedMod:Strike_TheCursed","TheCursedMod:Strike_TheCursed","TheCursedMod:Strike_TheCursed","TheCursedMod:Defend_TheCursed","TheCursedMod:Defend_TheCursed","TheCursedMod:Defend_TheCursed","TheCursedMod:Defend_TheCursed","TheCursedMod:CursedWand+1","TheCursedMod:CleanUpWorkshop","TheCursedMod:Dregs","TheCursedMod:Grudge","TheCursedMod:HellfireBreathing","TheCursedMod:CursedArmor","TheCursedMod:HellsGateOpen","TheCursedMod:LuckyCharm+1","TheCursedMod:CursedMace","TheCursedMod:RavingStaff","TheCursedMod:Wield","Sickly","TheCursedMod:HellfireBreathing+1","TheCursedMod:SpitefulStrike","TheCursedMod:VoidForm+1","TheCursedMod:CursedStaff"],"relics":["TheCursedMod:BlackMagicAdvanced","NeowsBlessing","Lantern","Garlic","Replay:Wax Seal","Gremlin Food","OrangePellets","Frozen Egg 2","Ring of Fury","Ring of Searing","MealTicket","CultistMask"],"acts_visited":["Exordium","TheCity"],"potions_floor_usage":[],"damage_taken":[{"damage":0,"enemies":"2 Louse","floor":1,"turns":1},{"damage":0,"enemies":"Small Slimes","floor":5,"turns":1},{"damage":0,"enemies":"Gremlin Nob","floor":6,"turns":1},{"damage":5,"enemies":"Jaw Worm","floor":7,"turns":5},{"damage":6,"enemies":"3 Louse","floor":11,"turns":4},{"damage":13,"enemies":"HollowMod:MossKnight","floor":13,"turns":6},{"damage":0,"enemies":"Looter","floor":14,"turns":2},{"damage":7,"enemies":"Slime Boss","floor":16,"turns":6},{"damage":23,"enemies":"Shell Parasite","floor":18,"turns":6},{"damage":161,"enemies":"2 Thieves","floor":20,"turns":3}],"seed_played":"4076211903700737082","potions_obtained":[{"floor":1,"key":"Swift Potion"},{"floor":5,"key":"Dexterity Potion"},{"floor":14,"key":"Fire Potion"},{"floor":18,"key":"ColorlessPotion"}],"is_trial":false,"path_per_floor":["M","?","?","T","M","E","M","$","T","R","M","?","E","M","R","B",null,"M","?","M"],"character_chosen":"THE_CURSED","items_purchased":["Replay:Wax Seal","Gremlin Food","OrangePellets"],"campfire_rested":1,"item_purchase_floors":[8,8,8],"current_hp_per_floor":[75,64,46,46,46,46,41,41,41,41,35,35,22,22,44,37,75,52,52,0,0],"gold":148,"neow_bonus":"THREE_ENEMY_KILL","is_daily":false,"chose_seed":false,"campfire_upgraded":1,"win_rate":0.0,"timestamp":1613008148,"path_taken":["M","?","?","?","M","E","M","$","T","R","M","?","E","M","R","BOSS","M","?","M"],"items_purchased_type":["Relic","Relic","Relic"],"build_version":"2020-12-22","purchased_purges":0,"victory":false,"max_hp_per_floor":[75,75,75,75,75,75,75,75,75,75,75,75,75,75,75,75,75,75,75,75,75],"relic_stats":{"OrangePellets":[5],"counters":[10,35],"MealTicket":0,"obtain_stats":[{"Gremlin Food":8,"TheCursedMod:BlackMagic101":0,"Lantern":4,"NeowsBlessing":0,"TheCursedMod:BlackMagicAdvanced":17,"Frozen Egg 2":9,"Ring of Searing":12,"OrangePellets":8,"Ring of Fury":12,"MealTicket":13,"CultistMask":19,"Garlic":6,"Replay:Wax Seal":8},{"Gremlin Food":4,"TheCursedMod:BlackMagic101":0,"Lantern":1,"NeowsBlessing":0,"TheCursedMod:BlackMagicAdvanced":8,"Frozen Egg 2":4,"Ring of Searing":5,"OrangePellets":4,"Ring of Fury":5,"MealTicket":6,"CultistMask":9,"Garlic":3,"Replay:Wax Seal":4},{"Gremlin Food":8,"TheCursedMod:BlackMagic101":0,"Lantern":1,"NeowsBlessing":0,"TheCursedMod:BlackMagicAdvanced":26,"Frozen Egg 2":8,"Ring of Searing":12,"OrangePellets":8,"Ring of Fury":12,"MealTicket":18,"CultistMask":32,"Garlic":3,"Replay:Wax Seal":8}]},"card_choices":[{"not_picked":["TheCursedMod:Hemoplague","TheCursedMod:Stigma"],"picked":"TheCursedMod:Grudge","floor":1},{"not_picked":["TheCursedMod:CursedBoomerang","TheCursedMod:SmokeScreen"],"picked":"TheCursedMod:HellfireBreathing","floor":3},{"not_picked":["TheCursedMod:WearCloak","TheCursedMod:SmokeScreen"],"picked":"TheCursedMod:CursedArmor","floor":3},{"not_picked":["TheCursedMod:Stretching","TheCursedMod:CursedShiv"],"picked":"TheCursedMod:HellsGateOpen","floor":3},{"not_picked":["TheCursedMod:RavingStaff","TheCursedMod:SpreadPlague"],"picked":"TheCursedMod:LuckyCharm","floor":5},{"not_picked":["TheCursedMod:CursedShiv","TheCursedMod:CircleOfFlame"],"picked":"TheCursedMod:CursedMace","floor":6},{"not_picked":["TheCursedMod:CursedShiv","TheCursedMod:StingEye"],"picked":"TheCursedMod:RavingStaff","floor":7},{"not_picked":["TheCursedMod:Stigma","TheCursedMod:Hemoplague+1"],"picked":"TheCursedMod:Wield","floor":11},{"not_picked":["TheCursedMod:CircleOfBlood","TheCursedMod:Obscuration"],"picked":"TheCursedMod:HellfireBreathing+1","floor":13},{"not_picked":["TheCursedMod:CursedBoomerang","TheCursedMod:AshesToAshes"],"picked":"TheCursedMod:SpitefulStrike","floor":14},{"not_picked":["TheCursedMod:Neurasthenia","TheCursedMod:ParallelWorld"],"picked":"TheCursedMod:VoidForm+1","floor":16},{"not_picked":["TheCursedMod:VitalStrike","TheCursedMod:CursedBoomerang"],"picked":"TheCursedMod:CursedStaff","floor":18}],"player_experience":218691,"relics_obtained":[{"floor":4,"key":"Lantern"},{"floor":6,"key":"Garlic"},{"floor":9,"key":"Frozen Egg 2"},{"floor":12,"key":"Ring of Fury"},{"floor":12,"key":"Ring of Searing"},{"floor":13,"key":"MealTicket"}],"event_choices":[{"damage_healed":0,"gold_gain":75,"player_choice":"Gather Gold","damage_taken":11,"max_hp_gain":0,"max_hp_loss":0,"event_name":"World of Goop","floor":2,"gold_loss":0},{"damage_healed":0,"gold_gain":0,"player_choice":"Trade","damage_taken":0,"relics_obtained":["CultistMask"],"max_hp_gain":0,"max_hp_loss":0,"event_name":"FaceTrader","floor":19,"gold_loss":0}],"is_beta":false,"boss_relics":[{"not_picked":["construct:ClawGrip","Empty Cage"],"picked":"TheCursedMod:BlackMagicAdvanced"}],"items_purged_floors":[],"is_endless":false,"potions_floor_spawned":[1,5,14,18],"killed_by":"2 Thieves","ascension_level":0}}