{"host":"sc0o2qwpf9j16a4i","time":1613048008,"event":{"mods":["AchievementEnabler","BaseMod","BetterRewards","Block Reminder","Colored Map","Colored Powertips","Custom Start","Highlight Path","Minty Spire (QoL Compilation)","Relic Stats"],"gold_per_floor":[112,128,128,128,47,77,92,103,103,115,115,131,131,162,162,259,259,271,271,29,29,29,29,41,52,52,152,182,202,202,202,202,299,299,316,5,5,25,37,62,62,112,112,128,139,167,184,213,213,213],"floor_reached":51,"language":"ENG","playtime":1692,"items_purged":[],"score":917,"play_id":"350846a9-6a37-4e9e-832c-9914acd8a3f3","local_time":"20210211145328","daily_mods":["Allstar","Colorless Cards","Lethality"],"is_ascension_mode":false,"campfire_choices":[{"data":"Limit Break","floor":11,"key":"SMITH"},{"data":"Clothesline","floor":15,"key":"SMITH"},{"data":"Armaments","floor":23,"key":"SMITH"},{"floor":32,"key":"REST"},{"floor":41,"key":"REST"},{"floor":49,"key":"REST"}],"circlet_count":0,"master_deck":["Strike_R+1","Strike_R+1","Strike_R+1","Defend_R+1","Defend_R+1","Defend_R+1","Defend_R+1","Bash","Discovery","Dramatic Entrance","Panache","Impatience","Magnetism","Battle Trance","Anger","Limit Break+1","Spot Weakness","Heavy Blade","Flame Barrier","Clothesline+1","Sword Boomerang","Trip","Corruption","True Grit+1","J.A.X.","Feel No Pain","Armaments+1","Body Slam","True Grit+1","Parasite","Blind+1","Juggernaut","Feel No Pain+1","Apotheosis","Battle Trance","Pommel Strike","Feel No Pain+1","Discovery","Whirlwind+1","Shrug It Off","Secret Technique","Heavy Blade","Infernal Blade","Havoc+1","Havoc+1","Injury","Flame Barrier+1","Infernal Blade+1","Dark Shackles+1","Disarm+1","Mind Blast","Pommel Strike","Metamorphosis","Sentinel+1"],"relics":["Burning Blood","Du-Vu Doll","Lizard Tail","Incense Burner","Mango","Cursed Key","Sling","Ornamental Fan","StoneCalendar","The Courier","Lantern","Self Forming Clay","Fusion Hammer","Orrery","Ice Cream","Prayer Wheel","Gambling Chip","Eternal Feather","Red Skull"],"acts_visited":["Exordium","TheCity","TheBeyond"],"potions_floor_usage":[16,16,28,33,50,50,50,50],"damage_taken":[{"damage":0,"enemies":"Cultist","floor":1,"turns":2},{"damage":0,"enemies":"Small Slimes","floor":2,"turns":1},{"damage":11,"enemies":"Lagavulin","floor":6,"turns":5},{"damage":0,"enemies":"Jaw Worm","floor":7,"turns":1},{"damage":0,"enemies":"Lots of Slimes","floor":8,"turns":1},{"damage":22,"enemies":"Large Slime","floor":10,"turns":4},{"damage":18,"enemies":"2 Fungi Beasts","floor":12,"turns":2},{"damage":13,"enemies":"Gremlin Nob","floor":14,"turns":3},{"damage":25,"enemies":"Hexaghost","floor":16,"turns":4},{"damage":20,"enemies":"Shell Parasite","floor":18,"turns":3},{"damage":12,"enemies":"3 Byrds","floor":24,"turns":3},{"damage":12,"enemies":"Centurion and Healer","floor":25,"turns":3},{"damage":2,"enemies":"Colosseum Slavers","floor":27,"turns":2},{"damage":31,"enemies":"Colosseum Nobs","floor":27,"turns":3},{"damage":16,"enemies":"Book of Stabbing","floor":28,"turns":5},{"damage":3,"enemies":"3 Cultists","floor":29,"turns":4},{"damage":10,"enemies":"Champ","floor":33,"turns":6},{"damage":0,"enemies":"3 Shapes","floor":35,"turns":3},{"damage":1,"enemies":"3 Darklings","floor":38,"turns":5},{"damage":3,"enemies":"Transient","floor":39,"turns":5},{"damage":17,"enemies":"Reptomancer","floor":40,"turns":4},{"damage":3,"enemies":"Mind Bloom Boss Battle","floor":42,"turns":4},{"damage":8,"enemies":"Writhing Mass","floor":44,"turns":3},{"damage":3,"enemies":"Maw","floor":45,"turns":5},{"damage":7,"enemies":"Giant Head","floor":46,"turns":3},{"damage":7,"enemies":"Jaw Worm Horde","floor":47,"turns":2},{"damage":18,"enemies":"Nemesis","floor":48,"turns":7},{"damage":41,"enemies":"Awakened One","floor":50,"turns":8}],"seed_played":"-1095261292313261938","potions_obtained":[{"floor":8,"key":"BloodPotion"},{"floor":14,"key":"ColorlessPotion"},{"floor":16,"key":"Ancient Potion"},{"floor":27,"key":"ColorlessPotion"},{"floor":29,"key":"LiquidMemories"},{"floor":33,"key":"BloodPotion"},{"floor":38,"key":"Weak Potion"},{"floor":42,"key":"PowerPotion"},{"floor":44,"key":"EntropicBrew"}],"is_trial":true,"path_per_floor":["M","M","?","?","$","E","M","M","T","M","R","M","T","E","R","B",null,"M","?","$","?","?","R","M","M","T","?","E","M","?","?","R","B",null,"M","$","?","M","M","E","R","?","T","M","M","E","M","E","R","B",null],"character_chosen":"IRONCLAD","items_purchased":["Spot Weakness","Feel No Pain","Sling","Armaments","Orrery","Shrug It Off","Secret Technique","Armaments"],"campfire_rested":3,"item_purchase_floors":[5,20,20,20,36,36,36,36],"current_hp_per_floor":[80,80,73,73,73,68,74,80,80,64,64,52,52,59,59,58,94,80,80,80,80,80,80,74,68,68,47,37,40,21,21,50,46,99,99,99,99,99,99,88,99,99,99,97,99,98,97,85,99,64],"gold":213,"neow_bonus":"","is_daily":false,"chose_seed":false,"campfire_upgraded":3,"win_rate":0.0,"timestamp":1613048008,"path_taken":["M","M","?","?","$","E","?","M","T","M","R","M","?","E","R","BOSS","M","?","$","?","?","R","?","M","T","?","E","M","?","?","R","BOSS","M","$","?","M","M","E","R","?","T","M","?","E","M","E","R","BOSS"],"items_purchased_type":["Card","Card","Relic","Card","Relic","Card","Card","Card"],"build_version":"2020-12-22","purchased_purges":0,"victory":true,"max_hp_per_floor":[80,80,80,80,80,80,80,80,80,80,80,80,80,94,94,94,94,94,94,94,94,94,94,94,94,94,94,94,94,99,99,99,99,99,99,99,99,99,99,99,99,99,99,99,99,99,99,99,99,99],"relic_stats":{"Lizard Tail":0,"counters":[28,101],"Ornamental Fan":[64],"Self Forming Clay":[63],"Gambling Chip":[10],"StoneCalendar":[52],"Prayer Wheel":3,"Eternal Feather":14,"Cursed Key":2,"obtain_stats":[{"Ice Cream":40,"Lantern":28,"Self Forming Clay":31,"Mango":14,"StoneCalendar":27,"Eternal Feather":46,"The Courier":27,"Incense Burner":13,"Cursed Key":17,"Sling":20,"Burning Blood":0,"Du-Vu Doll":6,"Lizard Tail":9,"Ornamental Fan":26,"Gambling Chip":43,"Orrery":36,"Prayer Wheel":42,"Fusion Hammer":34,"Red Skull":48},{"Ice Cream":21,"Lantern":15,"Self Forming Clay":16,"Mango":8,"StoneCalendar":14,"Eternal Feather":25,"The Courier":14,"Incense Burner":7,"Cursed Key":9,"Sling":10,"Burning Blood":0,"Du-Vu Doll":3,"Lizard Tail":5,"Ornamental Fan":12,"Gambling Chip":22,"Orrery":18,"Prayer Wheel":22,"Fusion Hammer":17,"Red Skull":27},{"Ice Cream":69,"Lantern":42,"Self Forming Clay":46,"Mango":19,"StoneCalendar":37,"Eternal Feather":84,"The Courier":37,"Incense Burner":16,"Cursed Key":23,"Sling":26,"Burning Blood":0,"Du-Vu Doll":8,"Lizard Tail":10,"Ornamental Fan":32,"Gambling Chip":73,"Orrery":55,"Prayer Wheel":73,"Fusion Hammer":52,"Red Skull":93}],"Burning Blood":138},"card_choices":[{"not_picked":["Wild Strike","Headbutt"],"picked":"Battle Trance","floor":1},{"not_picked":["Armaments","Iron Wave"],"picked":"Anger","floor":2},{"not_picked":["Forethought","Magnetism"],"picked":"Heavy Blade","floor":6},{"not_picked":["Wild Strike","Carnage","Perfected Strike"],"picked":"SKIP","floor":7},{"not_picked":["Warcry","Flex"],"picked":"Flame Barrier","floor":8},{"not_picked":["Anger","Impatience"],"picked":"Clothesline","floor":10},{"not_picked":["Madness","Blind"],"picked":"Sword Boomerang","floor":12},{"not_picked":["Twin Strike","Iron Wave"],"picked":"Trip","floor":14},{"not_picked":["Brutality","Impervious"],"picked":"Corruption","floor":16},{"not_picked":["Metallicize","Searing Blow"],"picked":"True Grit+1","floor":18},{"not_picked":["Purity","Headbutt"],"picked":"Body Slam","floor":24},{"not_picked":["Perfected Strike","Clash"],"picked":"True Grit+1","floor":25},{"not_picked":["Wild Strike","Body Slam"],"picked":"Blind+1","floor":27},{"not_picked":["Iron Wave","Pommel Strike"],"picked":"Juggernaut","floor":28},{"not_picked":["Body Slam","Havoc+1"],"picked":"Feel No Pain+1","floor":29},{"not_picked":["Bludgeon","Secret Technique"],"picked":"Apotheosis","floor":33},{"not_picked":["Wild Strike+1","Bandage Up","Bloodletting"],"picked":"SKIP","floor":35},{"not_picked":["Bloodletting+1","Combust+1"],"picked":"Battle Trance","floor":36},{"not_picked":["Sword Boomerang+1","Thunderclap+1"],"picked":"Pommel Strike","floor":36},{"not_picked":["Sadistic Nature","Shrug It Off"],"picked":"Feel No Pain+1","floor":36},{"not_picked":["Bloodletting","Jack Of All Trades+1"],"picked":"Discovery","floor":36},{"not_picked":["Clothesline","Perfected Strike"],"picked":"Whirlwind+1","floor":36},{"not_picked":["Clothesline","Anger"],"picked":"Heavy Blade","floor":38},{"not_picked":["Anger+1","Dropkick"],"picked":"Infernal Blade","floor":39},{"not_picked":["Searing Blow+1","The Bomb"],"picked":"Havoc+1","floor":40},{"not_picked":["Thunderclap","Clash"],"picked":"Havoc+1","floor":42},{"not_picked":["Searing Blow","Shrug It Off+1"],"picked":"Flame Barrier+1","floor":44},{"not_picked":["Whirlwind+1","Thunderclap+1"],"picked":"Infernal Blade+1","floor":44},{"not_picked":["Havoc","Finesse+1"],"picked":"Dark Shackles+1","floor":45},{"not_picked":["Dual Wield","Carnage"],"picked":"Disarm+1","floor":45},{"not_picked":["Impatience+1","Flash of Steel+1"],"picked":"Mind Blast","floor":46},{"not_picked":["Iron Wave","Sword Boomerang"],"picked":"Pommel Strike","floor":47},{"not_picked":["Headbutt+1","Madness","Metamorphosis"],"picked":"SKIP","floor":47},{"not_picked":["Headbutt+1","Madness"],"picked":"Metamorphosis","floor":47},{"not_picked":["Shrug It Off","Perfected Strike"],"picked":"Sentinel+1","floor":48}],"player_experience":1329083,"relics_obtained":[{"floor":6,"key":"Du-Vu Doll"},{"floor":9,"key":"Lizard Tail"},{"floor":13,"key":"Incense Burner"},{"floor":14,"key":"Mango"},{"floor":26,"key":"Ornamental Fan"},{"floor":27,"key":"StoneCalendar"},{"floor":27,"key":"The Courier"},{"floor":28,"key":"Lantern"},{"floor":40,"key":"Ice Cream"},{"floor":42,"key":"Prayer Wheel"},{"floor":43,"key":"Gambling Chip"},{"floor":46,"key":"Eternal Feather"},{"floor":48,"key":"Red Skull"}],"event_choices":[{"cards_removed":["Strike_R"],"damage_healed":0,"gold_gain":0,"player_choice":"Card Removal","damage_taken":7,"max_hp_gain":0,"max_hp_loss":0,"event_name":"Golden Wing","floor":3,"gold_loss":0},{"damage_healed":0,"gold_gain":0,"cards_transformed":["Strike_R"],"player_choice":"Transformed","damage_taken":0,"max_hp_gain":0,"max_hp_loss":0,"event_name":"Transmorgrifier","floor":4,"gold_loss":0,"cards_obtained":["Limit Break"]},{"damage_healed":0,"gold_gain":0,"player_choice":"Obtain J.A.X.","damage_taken":0,"max_hp_gain":0,"max_hp_loss":0,"event_name":"Drug Dealer","floor":19,"gold_loss":0,"cards_obtained":["J.A.X."]},{"damage_healed":0,"gold_gain":0,"player_choice":"Simplicity","damage_taken":0,"max_hp_gain":0,"max_hp_loss":0,"event_name":"Back to Basics","floor":21,"gold_loss":0,"cards_upgraded":["Strike_R","Strike_R","Strike_R","Defend_R","Defend_R","Defend_R","Defend_R"]},{"damage_healed":0,"gold_gain":0,"player_choice":"Ignored","damage_taken":0,"max_hp_gain":0,"max_hp_loss":0,"event_name":"Vampires","floor":22,"gold_loss":0},{"damage_healed":0,"gold_gain":0,"player_choice":"Fight","damage_taken":0,"max_hp_gain":0,"max_hp_loss":0,"event_name":"Colosseum","floor":27,"gold_loss":0},{"damage_healed":0,"gold_gain":0,"player_choice":"Fought Nobs","damage_taken":0,"max_hp_gain":0,"max_hp_loss":0,"event_name":"Colosseum","floor":27,"gold_loss":0},{"damage_healed":0,"gold_gain":0,"player_choice":"Shed Blood","damage_taken":24,"max_hp_gain":5,"max_hp_loss":0,"event_name":"Forgotten Altar","floor":30,"gold_loss":0},{"damage_healed":0,"gold_gain":0,"player_choice":"Opened","damage_taken":0,"relics_obtained":["Self Forming Clay"],"max_hp_gain":0,"max_hp_loss":0,"event_name":"The Mausoleum","floor":31,"gold_loss":0},{"cards_removed":["Armaments"],"damage_healed":0,"gold_gain":0,"player_choice":"Removed Skill","damage_taken":0,"max_hp_gain":0,"max_hp_loss":0,"event_name":"Falling","floor":37,"gold_loss":0},{"damage_healed":0,"gold_gain":0,"player_choice":"Fight","damage_taken":0,"max_hp_gain":0,"max_hp_loss":0,"event_name":"MindBloom","floor":42,"gold_loss":0}],"is_beta":false,"boss_relics":[{"not_picked":["Empty Cage","Runic Pyramid"],"picked":"Cursed Key"},{"not_picked":["Pandora\u0027s Box","Calling Bell"],"picked":"Fusion Hammer"}],"items_purged_floors":[],"is_endless":false,"potions_floor_spawned":[8,14,16,27,27,29,33,38,42,44,47,48],"ascension_level":0}}