{"host":"k0d0avqto4hu4k85","time":1613073999,"event":{"mods":["AchievementEnabler","BaseMod","BetterRewards","Colored Map","Colored Powertips","Minty Spire (QoL Compilation)"],"gold_per_floor":[112,131,86,105,46,46,56,56,56,56,74,85,85,120,120,219,219,234,234,234,254,274,274,309,160,160,160,173,173,98,111,111,207,207,225,225,575,585,585,585,585],"floor_reached":40,"language":"ENG","playtime":1178,"items_purged":[],"score":447,"play_id":"131bca8b-ceec-44b5-9732-63c5a37e62e5","local_time":"20210211150639","is_ascension_mode":true,"campfire_choices":[{"data":"Iron Wave","floor":6.0,"key":"SMITH"},{"data":"Shrug It Off","floor":10.0,"key":"SMITH"},{"data":"Cleave","floor":13.0,"key":"SMITH"},{"floor":15.0,"key":"REST"},{"floor":23.0,"key":"REST"},{"data":"Anger","floor":29.0,"key":"SMITH"},{"data":"Dropkick","floor":32.0,"key":"SMITH"}],"circlet_count":0,"master_deck":["Strike_R","Strike_R","Strike_R","Strike_R","Strike_R+1","Defend_R","Defend_R","Defend_R","Defend_R","Bash+1","Sword Boomerang","Cleave+1","Iron Wave+1","Shrug It Off+1","Blood for Blood","Reaper+1","Clash+1","Anger+1","Pommel Strike","Twin Strike","Armaments+1","Dropkick+1","Berserk","Iron Wave","Secret Weapon","Pommel Strike+1"],"relics":["Burning Blood","MealTicket","Paper Frog","Eternal Feather","Ornamental Fan","Philosopher\u0027s Stone","Shuriken","Whetstone","Meat on the Bone","Potion Belt","SlaversCollar","Old Coin"],"acts_visited":[],"potions_floor_usage":[],"damage_taken":[{"damage":3.0,"enemies":"2 Louse","floor":1.0,"turns":3.0},{"damage":6.0,"enemies":"Cultist","floor":2.0,"turns":3.0},{"damage":12.0,"enemies":"Jaw Worm","floor":4.0,"turns":2.0},{"damage":8.0,"enemies":"Blue Slaver","floor":7.0,"turns":3.0},{"damage":16.0,"enemies":"Lots of Slimes","floor":11.0,"turns":3.0},{"damage":7.0,"enemies":"Large Slime","floor":12.0,"turns":5.0},{"damage":27.0,"enemies":"3 Sentries","floor":14.0,"turns":5.0},{"damage":24.0,"enemies":"Hexaghost","floor":16.0,"turns":9.0},{"damage":22.0,"enemies":"Spheric Guardian","floor":18.0,"turns":4.0},{"damage":31.0,"enemies":"2 Thieves","floor":21.0,"turns":3.0},{"damage":35.0,"enemies":"Cultist and Chosen","floor":22.0,"turns":7.0},{"damage":40.0,"enemies":"Book of Stabbing","floor":24.0,"turns":5.0},{"damage":7.0,"enemies":"Snecko","floor":28.0,"turns":4.0},{"damage":18.0,"enemies":"Snake Plant","floor":31.0,"turns":3.0},{"damage":80.0,"enemies":"Collector","floor":33.0,"turns":9.0},{"damage":68.0,"enemies":"3 Shapes","floor":35.0,"turns":4.0},{"damage":2,"enemies":"Mind Bloom Boss Battle","floor":37,"turns":6},{"damage":38,"enemies":"3 Darklings","floor":38,"turns":4},{"damage":44,"enemies":"4 Shapes","floor":40,"turns":5}],"seed_played":"7657871560101366565","potions_obtained":[{"floor":1.0,"key":"Regen Potion"},{"floor":11.0,"key":"BloodPotion"},{"floor":12.0,"key":"Block Potion"},{"floor":24.0,"key":"EntropicBrew"},{"floor":38,"key":"Dexterity Potion"}],"is_trial":false,"path_per_floor":["M","M","$","M","?","R","M","T","T","R","M","M","R","E","R","B",null,"M","?","?","M","M","R","E","$","T","?","M","R","$","M","R","B",null,"M","?","?","M","?","M"],"character_chosen":"IRONCLAD","items_purchased":["Cleave","Whetstone","LiquidBronze"],"campfire_rested":2,"item_purchase_floors":[3,25,30],"current_hp_per_floor":[80,80,80,74,74,74,72,72,72,78,68,67,76,55,80,62,80,68,68,68,51,33,66,48,63,63,63,62,74,80,68,80,33,80,46,46,56,44,44,0,0],"gold":585,"neow_bonus":"UPGRADE_CARD","is_daily":false,"chose_seed":false,"campfire_upgraded":5,"win_rate":0.0,"timestamp":1613073999,"path_taken":["M","M","$","M","?","R","?","?","T","R","M","M","R","E","R","BOSS","M","?","?","M","?","R","E","$","T","?","M","R","$","M","R","BOSS","M","?","?","?","?","M"],"items_purchased_type":["Card","Relic","Potion"],"build_version":"2020-12-22","purchased_purges":0,"victory":false,"max_hp_per_floor":[80,80,80,80,80,80,80,80,80,80,80,80,80,80,80,80,80,80,80,80,80,80,80,80,80,80,80,80,80,80,80,80,80,80,80,80,80,80,80,80,80],"card_choices":[{"not_picked":["Feel No Pain","Heavy Blade","Perfected Strike"],"picked":"SKIP","floor":1.0},{"not_picked":["Wild Strike","Thunderclap"],"picked":"Sword Boomerang","floor":2.0},{"not_picked":["Perfected Strike","Headbutt"],"picked":"Iron Wave","floor":4.0},{"not_picked":["Dark Embrace","Clash"],"picked":"Shrug It Off","floor":7.0},{"not_picked":["Brutality","Ghostly Armor","True Grit"],"picked":"SKIP","floor":11.0},{"not_picked":["Hemokinesis","Iron Wave"],"picked":"Blood for Blood","floor":12.0},{"not_picked":["Corruption","Intimidate","Shockwave"],"picked":"SKIP","floor":14.0},{"not_picked":["Exhume","Bludgeon"],"picked":"Reaper","floor":16.0},{"not_picked":["Warcry","Wild Strike"],"picked":"Clash","floor":18.0},{"not_picked":["Headbutt","Flex"],"picked":"Anger","floor":21.0},{"not_picked":["Offering","Sever Soul+1"],"picked":"Pommel Strike","floor":22.0},{"not_picked":["Anger","Cleave"],"picked":"Twin Strike","floor":24.0},{"not_picked":["Pummel+1","Combust+1"],"picked":"Armaments+1","floor":28.0},{"not_picked":["Dual Wield","Wild Strike"],"picked":"Dropkick","floor":31.0},{"not_picked":["Barricade","Corruption"],"picked":"Berserk","floor":33.0},{"not_picked":["Flex","Sword Boomerang"],"picked":"Iron Wave","floor":35.0},{"not_picked":["Master of Strategy","Chrysalis"],"picked":"Secret Weapon","floor":36.0},{"not_picked":["Wild Strike","Entrench+1"],"picked":"Pommel Strike+1","floor":38}],"player_experience":1169063,"relics_obtained":[{"floor":8.0,"key":"Paper Frog"},{"floor":9.0,"key":"Eternal Feather"},{"floor":14.0,"key":"Ornamental Fan"},{"floor":24.0,"key":"Shuriken"},{"floor":26.0,"key":"Meat on the Bone"},{"floor":37,"key":"Old Coin"}],"event_choices":[{"damage_healed":0.0,"max_hp_gain":0.0,"max_hp_loss":0.0,"gold_gain":0.0,"event_name":"WeMeetAgain","player_choice":"Paid Gold","floor":5.0,"gold_loss":59.0,"damage_taken":0.0,"relics_obtained":["MealTicket"]},{"damage_healed":0.0,"max_hp_gain":0.0,"max_hp_loss":0.0,"gold_gain":0.0,"event_name":"Beggar","player_choice":"Ignored","floor":19.0,"gold_loss":0.0,"damage_taken":0.0},{"damage_healed":0.0,"max_hp_gain":0.0,"max_hp_loss":0.0,"gold_gain":0.0,"event_name":"Upgrade Shrine","player_choice":"Upgraded","floor":20.0,"gold_loss":0.0,"damage_taken":0.0,"cards_upgraded":["Clash"]},{"damage_healed":0.0,"max_hp_gain":0.0,"max_hp_loss":0.0,"gold_gain":0.0,"event_name":"The Mausoleum","player_choice":"Opened","floor":27.0,"gold_loss":0.0,"damage_taken":0.0,"relics_obtained":["Potion Belt"]},{"damage_healed":0.0,"max_hp_gain":0.0,"max_hp_loss":0.0,"gold_gain":0.0,"event_name":"SensoryStone","player_choice":"Memory 1","floor":36.0,"gold_loss":0.0,"damage_taken":0.0},{"damage_healed":0,"gold_gain":0,"player_choice":"Fight","damage_taken":0,"max_hp_gain":0,"max_hp_loss":0,"event_name":"MindBloom","floor":37,"gold_loss":0},{"damage_healed":0,"gold_gain":0,"player_choice":"Ignored","damage_taken":0,"max_hp_gain":0,"max_hp_loss":0,"event_name":"Mysterious Sphere","floor":39,"gold_loss":0}],"is_beta":false,"boss_relics":[{"not_picked":["Runic Cube","Cursed Key"],"picked":"Philosopher\u0027s Stone"},{"not_picked":["Busted Crown","Coffee Dripper"],"picked":"SlaversCollar"}],"items_purged_floors":[],"is_endless":false,"potions_floor_spawned":[1,11,12,24,28,31,38],"killed_by":"4 Shapes","ascension_level":2}}