{"host":"z2qbs5oitkx9dzyk","time":1613082408,"event":{"mods":["BaseMod","Colored Map","Colored Powertips","Minty Spire (QoL Compilation)"],"gold_per_floor":[117,127,127,140,140,140,175,175,228,0,44,64,64,64,64,64,64],"floor_reached":16,"language":"ENG","playtime":376,"items_purged":["Injury"],"score":108,"play_id":"2670a662-7ffa-4d58-b34e-6ec5a48e0ac3","local_time":"20210211162648","is_ascension_mode":false,"campfire_choices":[{"data":"Searing Blow","floor":6,"key":"SMITH"},{"data":"Searing Blow+1","floor":13,"key":"SMITH"},{"data":"Searing Blow+2","floor":15,"key":"SMITH"}],"circlet_count":0,"master_deck":["Strike_R","Strike_R","Strike_R","Strike_R","Strike_R","Defend_R","Defend_R","Defend_R","Defend_R","Bash","Shockwave","Carnage","Searing Blow+3","Inflame+1","Parasite","Rampage+1","Seeing Red"],"relics":["Burning Blood","NeowsBlessing","Golden Idol","Centennial Puzzle","Oddly Smooth Stone","Membership Card","Smiling Mask"],"acts_visited":["Exordium"],"potions_floor_usage":[11,12,16],"damage_taken":[{"damage":0,"enemies":"2 Louse","floor":1,"turns":1},{"damage":0,"enemies":"Cultist","floor":2,"turns":1},{"damage":0,"enemies":"Small Slimes","floor":4,"turns":2},{"damage":44,"enemies":"3 Sentries","floor":7,"turns":8},{"damage":26,"enemies":"Lagavulin","floor":11,"turns":5},{"damage":9,"enemies":"2 Fungi Beasts","floor":12,"turns":2},{"damage":25,"enemies":"The Guardian","floor":16,"turns":11}],"seed_played":"4147184748158136518","potions_obtained":[{"floor":1,"key":"PowerPotion"},{"floor":7,"key":"Explosive Potion"},{"floor":12,"key":"Energy Potion"}],"is_trial":false,"path_per_floor":["M","M","?","M","?","R","E","?","T","$","E","M","R","?","R","B"],"character_chosen":"IRONCLAD","items_purchased":["Membership Card","Rampage"],"campfire_rested":0,"item_purchase_floors":[10,10],"current_hp_per_floor":[80,80,80,80,80,80,42,62,62,62,42,39,39,23,23,0,0],"gold":64,"neow_bonus":"THREE_ENEMY_KILL","is_daily":false,"chose_seed":false,"campfire_upgraded":3,"win_rate":0.0,"timestamp":1613082408,"path_taken":["M","M","?","?","?","R","E","?","T","$","E","?","R","?","R","BOSS"],"items_purchased_type":["Relic","Card"],"build_version":"2020-12-22","purchased_purges":1,"victory":false,"max_hp_per_floor":[80,80,80,80,80,80,80,80,80,80,80,80,80,80,80,80,80],"card_choices":[{"not_picked":["Clothesline","Heavy Blade"],"picked":"Shockwave","floor":1},{"not_picked":["Uppercut","Headbutt"],"picked":"Carnage","floor":2},{"not_picked":["Clash","Rage"],"picked":"Searing Blow","floor":4},{"not_picked":["Armaments","Cleave"],"picked":"Inflame","floor":7},{"not_picked":["Cleave","Wild Strike"],"picked":"Seeing Red","floor":11},{"not_picked":["Body Slam","Wild Strike","Power Through"],"picked":"SKIP","floor":12}],"player_experience":403123,"relics_obtained":[{"floor":7,"key":"Centennial Puzzle"},{"floor":9,"key":"Oddly Smooth Stone"},{"floor":11,"key":"Smiling Mask"}],"event_choices":[{"damage_healed":0,"gold_gain":0,"player_choice":"Ignored","damage_taken":0,"max_hp_gain":0,"max_hp_loss":0,"event_name":"NoteForYourself","floor":3,"gold_loss":0},{"damage_healed":0,"gold_gain":0,"player_choice":"Take Wound","damage_taken":0,"relics_obtained":["Golden Idol"],"max_hp_gain":0,"max_hp_loss":0,"event_name":"Golden Idol","floor":5,"gold_loss":0,"cards_obtained":["Injury"]},{"damage_healed":20,"gold_gain":0,"player_choice":"Healed and dodged fight","damage_taken":0,"max_hp_gain":0,"max_hp_loss":0,"event_name":"Mushrooms","floor":8,"gold_loss":0,"cards_obtained":["Parasite"]},{"damage_healed":0,"gold_gain":0,"player_choice":"Entered Light","damage_taken":16,"max_hp_gain":0,"max_hp_loss":0,"event_name":"Shining Light","floor":14,"gold_loss":0,"cards_upgraded":["Rampage","Inflame"]}],"is_beta":false,"boss_relics":[],"items_purged_floors":[10],"is_endless":false,"potions_floor_spawned":[1,7,12],"killed_by":"The Guardian","ascension_level":0}}