{"host":"gtrx90x5hc2p0luo","time":1613067495,"event":{"mods":["BaseMod","BetterRewards","Colored Map","Downfall","Googly Eyes","Highlight Path","Minty Spire (QoL Compilation)","Shop Mod","StSLib","The Animator"],"gold_per_floor":[99,118,118,138,155,188,238,238,317,317,343,343,386,410,434,557,557,557,580,595,608,631,647,673,209,209,209,283,304,304,385,448,569,569,569,625,650,669,690,734,734,775,799,110,110,131,131,211,274,274],"floor_reached":51,"language":"ENG","playtime":4581,"items_purged":["downfall:Bewildered","Injury"],"score":938,"play_id":"181199cf-71ca-49fb-9061-b33b69df464f","local_time":"20210211191815","is_ascension_mode":true,"campfire_choices":[{"data":"Eruption","floor":1,"key":"SMITH"},{"floor":10,"key":"REST"},{"data":"Strike_P","floor":18,"key":"SMITH"},{"floor":30,"key":"REST"},{"data":"Strike_P","floor":35,"key":"SMITH"},{"floor":45,"key":"REST"}],"circlet_count":0,"master_deck":["Strike_P+1","Strike_P+1","Strike_P","Strike_P","Defend_P","Defend_P","Defend_P+1","Defend_P","Vigilance+1","BowlingBash+1","EmptyBody+1","ReachHeaven+1","Devotion+1","BowlingBash+1","TalkToTheHand+1","CrushJoints+1","DevaForm+1","EmptyFist+1","SandsOfTime+1","FlurryOfBlows+1","SashWhip+1","Collect+1","FlurryOfBlows+1","expansioncontent:StudyTheSpire+1","FlurryOfBlows+1","RitualDagger+1","FlurryOfBlows+1","BattleHymn+1","Conclude+1","CarveReality+1","FlyingSleeves+1","DevaForm+1","Consecrate+1","SashWhip+1","Pray+1","EmptyFist+1","DeusExMachina+1","Devotion+1","TalkToTheHand+1","FollowUp+1","SashWhip+1"],"relics":["HolyWater","Unceasing Top","Molten Egg 2","Frozen Egg 2","Toxic Egg 2","Tiny Chest","Happy Flower","Frozen Egg 2","White Beast Statue","Toy Ornithopter","Golden Idol","War Paint","Damaru","Cursed Key","PreservedInsect","Blood Vial","downfall:KnowingSkull","Bag of Marbles","Omamori","Ancient Tea Set","CaptainsWheel","Lizard Tail","Unceasing Top","Ginger","OrangePellets","Lantern","White Beast Statue"],"acts_visited":["Exordium","TheCity","TheBeyond"],"potions_floor_usage":[11,13,16,16,19,22,25,28,29,31,32,33,36,38,38,38,40,40,42,43,46,48,50,50],"damage_taken":[{"damage":3,"enemies":"2 Louse","floor":2,"turns":3},{"damage":2,"enemies":"Cultist","floor":4,"turns":4},{"damage":5,"enemies":"Small Slimes","floor":5,"turns":4},{"damage":56,"enemies":"Gremlin Nob","floor":6,"turns":5},{"damage":13,"enemies":"3 Sentries","floor":11,"turns":5},{"damage":3,"enemies":"Gremlin Nob","floor":13,"turns":3},{"damage":0,"enemies":"Looter","floor":15,"turns":3},{"damage":7,"enemies":"The Guardian","floor":16,"turns":6},{"damage":8,"enemies":"Chosen","floor":19,"turns":5},{"damage":7,"enemies":"Shell Parasite","floor":20,"turns":3},{"damage":13,"enemies":"Snake Plant","floor":21,"turns":4},{"damage":3,"enemies":"Cultist and Chosen","floor":22,"turns":4},{"damage":3,"enemies":"Centurion and Healer","floor":23,"turns":4},{"damage":0,"enemies":"downfall:FleeingMerchant","floor":25,"turns":4},{"damage":16,"enemies":"Slavers","floor":28,"turns":4},{"damage":8,"enemies":"downfall:FleeingMerchant","floor":29,"turns":3},{"damage":10,"enemies":"Gremlin Leader","floor":31,"turns":3},{"damage":20,"enemies":"Sentry and Sphere","floor":32,"turns":4},{"damage":16,"enemies":"IC_MUSHROOM_ARCHETYPE","floor":33,"turns":2},{"damage":13,"enemies":"3 Shapes","floor":36,"turns":3},{"damage":10,"enemies":"Orb Walker","floor":37,"turns":2},{"damage":16,"enemies":"Writhing Mass","floor":38,"turns":4},{"damage":11,"enemies":"Sphere and 2 Shapes","floor":39,"turns":3},{"damage":30,"enemies":"Reptomancer","floor":40,"turns":4},{"damage":8,"enemies":"Nemesis","floor":42,"turns":3},{"damage":11,"enemies":"Transient","floor":43,"turns":5},{"damage":25,"enemies":"Maw","floor":46,"turns":4},{"damage":16,"enemies":"Giant Head","floor":48,"turns":5},{"damage":15,"enemies":"Sphere and 2 Shapes","floor":49,"turns":1},{"damage":4,"enemies":"WA_ARCHETYPE_DIVINITY","floor":50,"turns":4}],"seed_played":"4644237404647404062","potions_obtained":[{"floor":6,"key":"DuplicationPotion"},{"floor":11,"key":"AttackPotion"},{"floor":13,"key":"Slimebound:ThreeZeroPotion"},{"floor":15,"key":"DuplicationPotion"},{"floor":16,"key":"sneckomod:MuddlingPotion"},{"floor":19,"key":"SmokeBomb"},{"floor":20,"key":"hexamod:SoulburnPotion"},{"floor":21,"key":"Ancient Potion"},{"floor":22,"key":"BlessingOfTheForge"},{"floor":23,"key":"GamblersBrew"},{"floor":25,"key":"BottledMiracle"},{"floor":28,"key":"Ambrosia"},{"floor":29,"key":"AttackPotion"},{"floor":31,"key":"SteroidPotion"},{"floor":32,"key":"ColorlessPotion"},{"floor":33,"key":"sneckomod:MuddlingPotion"},{"floor":36,"key":"Guardian:BlockOnCardUsePotion"},{"floor":37,"key":"LiquidMemories"},{"floor":38,"key":"Regen Potion"},{"floor":39,"key":"EssenceOfSteel"},{"floor":40,"key":"DistilledChaos"},{"floor":42,"key":"Explosive Potion"},{"floor":43,"key":"DuplicationPotion"},{"floor":46,"key":"BlessingOfTheForge"},{"floor":48,"key":"Swift Potion"},{"floor":49,"key":"Strength Potion"}],"is_trial":false,"path_per_floor":["R","M","?","M","M","E","T","?","?","R","E","?","E","T","M","B",null,"R","M","M","M","M","M","T","$","?","?","E","$","R","E","M","B",null,"R","M","M","M","M","E","T","E","M","$","R","M","$","E","M","B",null],"character_chosen":"WATCHER","items_purchased":["Blood Vial","expansioncontent:StudyTheSpire","FlurryOfBlows+1","Omamori","Conclude+1","Ginger","OrangePellets","Lantern","TalkToTheHand+1"],"campfire_rested":3,"item_purchase_floors":[25,25,25,29,29,44,44,44,44],"current_hp_per_floor":[79,76,76,74,69,13,13,6,6,29,16,16,18,18,18,21,79,79,71,64,51,53,50,50,55,49,45,36,35,58,55,42,33,79,79,66,58,59,50,41,41,40,36,36,59,41,41,32,19,27],"gold":274,"neow_bonus":"TEN_PERCENT_HP_BONUS","is_daily":false,"chose_seed":false,"campfire_upgraded":3,"win_rate":0.0,"timestamp":1613067495,"path_taken":["R","M","?","M","?","E","T","?","?","R","E","?","E","?","M","BOSS","R","M","M","M","M","M","T","$","?","?","E","$","R","E","M","BOSS","R","M","M","M","M","E","T","E","M","$","R","?","$","E","M","BOSS"],"items_purchased_type":["Relic","Card","Card","Relic","Card","Relic","Relic","Relic","Card"],"build_version":"2020-12-22","purchased_purges":2,"victory":true,"max_hp_per_floor":[79,79,79,79,79,79,79,79,79,79,79,79,79,79,79,79,79,79,79,79,79,79,79,79,79,79,79,79,79,79,79,79,79,79,79,79,79,79,79,79,79,79,79,79,79,79,79,79,79,79],"card_choices":[{"not_picked":["ClearTheMind+1","SashWhip+1"],"picked":"BowlingBash+1","floor":2},{"not_picked":["Crescendo+1","CrushJoints+1"],"picked":"EmptyBody+1","floor":4},{"not_picked":["Meditate+1","ThirdEye+1"],"picked":"ReachHeaven+1","floor":5},{"not_picked":["FollowUp+1","SashWhip+1"],"picked":"Devotion+1","floor":6},{"not_picked":["Swivel+1","PathToVictory+1"],"picked":"BowlingBash+1","floor":11},{"not_picked":["CutThroughFate+1","Halt+1"],"picked":"TalkToTheHand+1","floor":13},{"not_picked":["Pray+1","Consecrate+1"],"picked":"CrushJoints+1","floor":15},{"not_picked":["Devotion+1","Ragnarok+1"],"picked":"DevaForm+1","floor":16},{"not_picked":["Protect+1","CrushJoints+1"],"picked":"EmptyFist+1","floor":19},{"not_picked":["Consecrate+1","CutThroughFate+1"],"picked":"SandsOfTime+1","floor":20},{"not_picked":["ClearTheMind+1","EmptyBody+1"],"picked":"FlurryOfBlows+1","floor":21},{"not_picked":["Swivel+1","Protect+1"],"picked":"SashWhip+1","floor":22},{"not_picked":["CarveReality+1","JustLucky+1"],"picked":"Collect+1","floor":23},{"not_picked":["Ragnarok+1","SandsOfTime+1"],"picked":"FlurryOfBlows+1","floor":25},{"not_picked":["BowlingBash+1","Prostrate+1"],"picked":"FlurryOfBlows+1","floor":28},{"not_picked":["JustLucky+1","ThirdEye+1"],"picked":"BattleHymn+1","floor":29},{"not_picked":["BattleHymn+1","Vengeance+1"],"picked":"CarveReality+1","floor":31},{"not_picked":["CrushJoints+1","ReachHeaven+1"],"picked":"FlyingSleeves+1","floor":32},{"not_picked":["ConjureBlade+1","Blasphemy+1"],"picked":"DevaForm+1","floor":33},{"not_picked":["JustLucky+1","Fasting2+1"],"picked":"Consecrate+1","floor":36},{"not_picked":["EmptyBody+1","BowlingBash+1"],"picked":"SashWhip+1","floor":37},{"not_picked":["Protect+1","ThirdEye+1"],"picked":"Pray+1","floor":38},{"not_picked":["Protect+1","FearNoEvil+1"],"picked":"EmptyFist+1","floor":39},{"not_picked":["CrushJoints+1","MentalFortress+1"],"picked":"DeusExMachina+1","floor":40},{"not_picked":["WaveOfTheHand+1","ForeignInfluence+1"],"picked":"Devotion+1","floor":42},{"not_picked":["SignatureMove+1","LikeWater+1","ThirdEye+1"],"picked":"SKIP","floor":43},{"not_picked":["BowlingBash+1","CutThroughFate+1","ThirdEye+1"],"picked":"SKIP","floor":46},{"not_picked":["TalkToTheHand+1","BattleHymn+1"],"picked":"FollowUp+1","floor":48},{"not_picked":["EmptyMind+1","Perseverance+1"],"picked":"SashWhip+1","floor":49}],"player_experience":89107,"relics_obtained":[{"floor":6,"key":"Tiny Chest"},{"floor":7,"key":"Happy Flower"},{"floor":11,"key":"Toy Ornithopter"},{"floor":13,"key":"War Paint"},{"floor":14,"key":"Damaru"},{"floor":24,"key":"PreservedInsect"},{"floor":28,"key":"Bag of Marbles"},{"floor":31,"key":"Ancient Tea Set"},{"floor":40,"key":"CaptainsWheel"},{"floor":41,"key":"Lizard Tail"},{"floor":42,"key":"Unceasing Top"},{"floor":48,"key":"White Beast Statue"}],"event_choices":[{"cards_removed":["Eruption"],"damage_healed":0,"gold_gain":0,"player_choice":"Offered Basic","damage_taken":0,"max_hp_gain":0,"max_hp_loss":0,"event_name":"Bonfire Elementals","floor":3,"gold_loss":0},{"damage_healed":0,"gold_gain":0,"player_choice":"Success","damage_taken":7,"relics_obtained":["Frozen Egg 2"],"max_hp_gain":0,"max_hp_loss":0,"event_name":"Scrap Ooze","floor":8,"gold_loss":0},{"damage_healed":0,"gold_gain":79,"player_choice":"Gained Gold","damage_taken":0,"max_hp_gain":0,"max_hp_loss":0,"event_name":"Golden Wing","floor":9,"gold_loss":0},{"damage_healed":0,"gold_gain":0,"player_choice":"Take Wound","damage_taken":0,"relics_obtained":["Golden Idol"],"max_hp_gain":0,"max_hp_loss":0,"event_name":"Golden Idol","floor":12,"gold_loss":0,"cards_obtained":["Injury"]}],"is_beta":false,"boss_relics":[{"not_picked":["Velvet Choker","Sozu"],"picked":"Cursed Key"},{"not_picked":["Pandora\u0027s Box","Runic Pyramid"],"picked":"HolyWater"}],"items_purged_floors":[25,29],"is_endless":false,"potions_floor_spawned":[6,11,13,15,16,19,20,21,22,23,25,28,29,31,32,33,36,37,38,39,40,42,43,46,48,49],"ascension_level":1}}