{"host":"g2yp6paluzgljz05","time":1613058322,"event":{"mods":["BaseMod","Bestiary","Colored Powertips","DeckTracker","Highlight Path","Minty Spire (QoL Compilation)","Quick Restart"],"gold_per_floor":[118,41,116,116,19,19,53,53,79,109,126,137,37,7,7,111,111,122,136,11,11,25,60,80,106,118,130,142,164,176,201,213,321,333,363,387,449,311,328,328,345,375,375,375,375,51,78,0,0,0,0,0,0,34,34],"floor_reached":56,"language":"ENG","playtime":4620,"items_purged":["Strike_B","Strike_B","Strike_B","Strike_B","Defend_B"],"score":1570,"play_id":"cf8364ce-dafd-41b6-8b21-2bc1e95d5189","local_time":"20210212024522","is_ascension_mode":true,"campfire_choices":[{"data":"Coolheaded","floor":6.0,"key":"SMITH"},{"floor":8.0,"key":"REST"},{"floor":15.0,"key":"REST"},{"data":"Capacitor","floor":27.0,"key":"SMITH"},{"data":"Coolheaded","floor":32.0,"key":"SMITH"},{"data":"Fusion","floor":40,"key":"SMITH"},{"data":"Echo Form","floor":44,"key":"SMITH"},{"floor":49,"key":"RECALL"},{"data":"Consume","floor":52,"key":"SMITH"}],"circlet_count":0,"master_deck":["Defend_B","Defend_B","Defend_B","Zap+1","Dualcast+1","Glacier","Defragment","Coolheaded+1","Coolheaded+1","Capacitor+1","Consume+1","Electrodynamics","Ghostly","Ghostly","Ghostly","Ghostly","Ghostly","All For One","Echo Form+1","Loop","Fusion+1","Seek","Seek","Compile Driver+1"],"relics":["Cracked Core","Art of War","PreservedInsect","Ornamental Fan","Nuclear Battery","Gambling Chip","MawBank","Mercury Hourglass","Oddly Smooth Stone","Inserter","Prayer Wheel","Blue Candle","Strange Spoon","Bottled Flame","DataDisk"],"acts_visited":["TheEnding"],"potions_floor_usage":[55,55],"damage_taken":[{"damage":0.0,"enemies":"2 Louse","floor":1.0,"turns":1.0},{"damage":41.0,"enemies":"Gremlin Nob","floor":7.0,"turns":5.0},{"damage":7.0,"enemies":"3 Sentries","floor":10.0,"turns":9.0},{"damage":8.0,"enemies":"Jaw Worm","floor":11.0,"turns":4.0},{"damage":0.0,"enemies":"Cultist","floor":12.0,"turns":4.0},{"damage":0.0,"enemies":"Looter","floor":14.0,"turns":4.0},{"damage":0.0,"enemies":"The Guardian","floor":16.0,"turns":15.0},{"damage":13.0,"enemies":"Spheric Guardian","floor":18.0,"turns":4.0},{"damage":12.0,"enemies":"Chosen","floor":19.0,"turns":3.0},{"damage":0.0,"enemies":"Snecko","floor":22.0,"turns":7.0},{"damage":0.0,"enemies":"Slavers","floor":23.0,"turns":5.0},{"damage":2.0,"enemies":"Chosen and Byrds","floor":24.0,"turns":6.0},{"damage":0.0,"enemies":"Gremlin Leader","floor":25.0,"turns":5.0},{"damage":0.0,"enemies":"Snake Plant","floor":29.0,"turns":5.0},{"damage":0.0,"enemies":"Centurion and Healer","floor":31.0,"turns":7.0},{"damage":9.0,"enemies":"Collector","floor":33.0,"turns":10.0},{"damage":0.0,"enemies":"Orb Walker","floor":35.0,"turns":5.0},{"damage":1.0,"enemies":"3 Shapes","floor":36.0,"turns":3.0},{"damage":0.0,"enemies":"Mind Bloom Boss Battle","floor":37.0,"turns":5.0},{"damage":0,"enemies":"Writhing Mass","floor":39,"turns":7},{"damage":0,"enemies":"Transient","floor":41,"turns":5},{"damage":0,"enemies":"Nemesis","floor":42,"turns":9},{"damage":0,"enemies":"Giant Head","floor":47,"turns":9},{"damage":0,"enemies":"Awakened One","floor":50,"turns":17},{"damage":7,"enemies":"Shield and Spear","floor":54,"turns":5},{"damage":30,"enemies":"The Heart","floor":55,"turns":14}],"seed_played":"-8170168241026711983","potions_obtained":[{"floor":1.0,"key":"SkillPotion"},{"floor":7.0,"key":"LiquidMemories"},{"floor":19.0,"key":"FearPotion"},{"floor":33.0,"key":"FearPotion"},{"floor":37.0,"key":"ColorlessPotion"},{"floor":41,"key":"ColorlessPotion"}],"is_trial":false,"path_per_floor":["M","$","?","?","$","R","E","R","T","E","M","M","$","M","R","B",null,"M","M","$","?","M","E","M","E","T","R","?","M","?","M","R","B",null,"M","M","?","$","M","R","M","E","T","R","?","$","E","$","R","B",null,"R","$","E","B",null],"character_chosen":"DEFECT","items_purchased":["Defragment","Coolheaded","Strange Spoon","Seek"],"campfire_rested":2,"item_purchase_floors":[2,5,46,48],"current_hp_per_floor":[75,75,64,64,64,64,23,45,45,38,30,30,30,30,52,52,75,62,50,50,37,37,37,35,35,35,35,31,31,31,31,31,22,42,42,41,41,41,41,41,41,41,41,41,39,39,39,39,39,39,39,39,39,32,2],"gold":34,"neow_bonus":"UPGRADE_CARD","is_daily":false,"chose_seed":false,"campfire_upgraded":6,"win_rate":0.0,"timestamp":1613058322,"path_taken":["M","$","?","?","$","R","E","R","T","E","M","M","$","?","R","BOSS","M","M","$","?","M","E","M","E","T","R","?","M","?","M","R","BOSS","M","M","?","?","?","R","M","E","T","R","?","$","E","$","R","BOSS","R","$","E","BOSS"],"items_purchased_type":["Card","Card","Relic","Card"],"build_version":"2020-12-22","purchased_purges":5,"victory":true,"max_hp_per_floor":[75,75,75,75,75,75,75,75,75,75,75,75,75,75,75,75,75,75,75,75,37,37,37,37,37,37,37,42,42,42,42,42,42,42,42,42,42,42,42,42,42,42,42,42,39,39,39,39,39,39,39,39,39,39,39],"card_choices":[{"not_picked":["Tempest","Reinforced Body"],"picked":"Glacier","floor":1.0},{"not_picked":["Compile Driver","Beam Cell"],"picked":"Coolheaded","floor":7.0},{"not_picked":["Coolheaded","Melter"],"picked":"Capacitor","floor":10.0},{"not_picked":["Sunder","Beam Cell","Blizzard"],"picked":"SKIP","floor":11.0},{"not_picked":["Leap","Beam Cell","Compile Driver"],"picked":"SKIP","floor":12.0},{"not_picked":["Heatsinks","Rebound"],"picked":"Consume","floor":14.0},{"not_picked":["Hyperbeam","Machine Learning"],"picked":"Electrodynamics","floor":16.0},{"not_picked":["Ball Lightning+1","Redo+1","Reinforced Body"],"picked":"SKIP","floor":18.0},{"not_picked":["Turbo","Ball Lightning+1","Melter+1"],"picked":"SKIP","floor":19.0},{"not_picked":["Sweeping Beam","Coolheaded","BootSequence+1"],"picked":"SKIP","floor":22.0},{"not_picked":["Leap+1","Electrodynamics","Beam Cell"],"picked":"SKIP","floor":23.0},{"not_picked":["Hello World","Go for the Eyes","Stack"],"picked":"SKIP","floor":24.0},{"not_picked":["Skim","Lockon"],"picked":"All For One","floor":25.0},{"not_picked":["Cold Snap","Glacier","Turbo+1"],"picked":"SKIP","floor":29.0},{"not_picked":["Cold Snap","Glacier","Turbo+1"],"picked":"SKIP","floor":29.0},{"not_picked":["Streamline","Beam Cell","Doom and Gloom"],"picked":"SKIP","floor":31.0},{"not_picked":["Amplify","All For One"],"picked":"Echo Form","floor":33.0},{"not_picked":["Capacitor+1","Barrage+1","Streamline+1"],"picked":"SKIP","floor":35.0},{"not_picked":["Static Discharge","Gash+1"],"picked":"Loop","floor":36.0},{"not_picked":["Go for the Eyes","Skim"],"picked":"Fusion","floor":39},{"not_picked":["Conserve Battery","Gash+1","Ball Lightning"],"picked":"SKIP","floor":39},{"not_picked":["Beam Cell+1","Sweeping Beam","Rebound+1"],"picked":"SKIP","floor":41},{"not_picked":["Hyperbeam","Lockon","Rebound"],"picked":"SKIP","floor":41},{"not_picked":["Conserve Battery","Turbo+1","Recycle+1"],"picked":"SKIP","floor":42},{"not_picked":["Hologram+1","Go for the Eyes+1"],"picked":"Seek","floor":47},{"not_picked":["Turbo","Steam"],"picked":"Compile Driver+1","floor":54}],"player_experience":356110,"relics_obtained":[{"floor":7.0,"key":"Art of War"},{"floor":9.0,"key":"PreservedInsect"},{"floor":10.0,"key":"Ornamental Fan"},{"floor":23.0,"key":"Gambling Chip"},{"floor":25.0,"key":"MawBank"},{"floor":26.0,"key":"Mercury Hourglass"},{"floor":37.0,"key":"Prayer Wheel"},{"floor":42,"key":"Blue Candle"},{"floor":47,"key":"Bottled Flame"},{"floor":54,"key":"DataDisk"}],"event_choices":[{"damage_healed":0.0,"max_hp_gain":0.0,"max_hp_loss":0.0,"gold_gain":75.0,"event_name":"World of Goop","player_choice":"Gather Gold","floor":3.0,"gold_loss":0.0,"damage_taken":11.0},{"damage_healed":0.0,"max_hp_gain":0.0,"max_hp_loss":0.0,"gold_gain":0.0,"event_name":"Accursed Blacksmith","player_choice":"Forge","floor":4.0,"gold_loss":0.0,"damage_taken":0.0,"cards_upgraded":["Dualcast"]},{"damage_healed":0.0,"max_hp_gain":0.0,"max_hp_loss":38.0,"gold_gain":0.0,"event_name":"Ghosts","player_choice":"Became a Ghost","floor":21.0,"gold_loss":0.0,"damage_taken":0.0,"cards_obtained":["Ghostly","Ghostly","Ghostly","Ghostly","Ghostly"]},{"damage_healed":0.0,"max_hp_gain":5.0,"max_hp_loss":0.0,"gold_gain":0.0,"event_name":"Forgotten Altar","player_choice":"Shed Blood","floor":28.0,"gold_loss":0.0,"damage_taken":9.0},{"damage_healed":0.0,"max_hp_gain":0.0,"max_hp_loss":0.0,"gold_gain":0.0,"event_name":"WeMeetAgain","player_choice":"Gave Potion","floor":30.0,"gold_loss":0.0,"damage_taken":0.0,"relics_obtained":["Oddly Smooth Stone"]},{"damage_healed":0.0,"max_hp_gain":0.0,"max_hp_loss":0.0,"gold_gain":0.0,"event_name":"MindBloom","player_choice":"Fight","floor":37.0,"gold_loss":0.0,"damage_taken":0.0},{"cards_removed":["Parasite"],"damage_healed":0,"gold_gain":0,"player_choice":"Card Removal","damage_taken":0,"max_hp_gain":0,"max_hp_loss":0,"event_name":"Wheel of Change","floor":45,"gold_loss":0}],"is_beta":false,"boss_relics":[{"not_picked":["Coffee Dripper","Runic Dome"],"picked":"Nuclear Battery"},{"not_picked":["Sozu","Runic Pyramid"],"picked":"Inserter"}],"items_purged_floors":[5,13,20,38,46],"is_endless":false,"potions_floor_spawned":[1,7,19,25,29,33,37,41,54],"ascension_level":3}}