{"host":"28p8ce41sjwa6lzf","time":1613071778,"event":{"mods":["BaseMod","Bestiary","Colored Map","Colored Powertips","Dark Map","Highlight Path","Minty Spire (QoL Compilation)","Permanent Neow","Quick Restart","Random Character Button","Rare Cards Sparkle","Relic Stats","StSLib","Unceasing Turn Reminder"],"gold_per_floor":[115,126,142,160,23,50,67,217,262,288,288,288,317,0,0,75,75,88,88,88],"floor_reached":19,"language":"ENG","playtime":882,"items_purged":["Doubt"],"score":424,"play_id":"7cea143b-e5e4-4d41-8cd9-d62d408c3688","local_time":"20210211132938","is_ascension_mode":true,"campfire_choices":[{"floor":12.0,"key":"REST"},{"data":"Defragment","floor":15,"key":"SMITH"}],"circlet_count":0,"master_deck":["AscendersBane","Strike_B","Strike_B","Strike_B","Strike_B","Defend_B","Defend_B","Defend_B","Defend_B","Zap","Dualcast","Coolheaded","Consume","White Noise","Defragment","Defragment","Ball Lightning","Chill","Skim","Chill","Hologram","Defragment+1","Loop","Core Surge"],"relics":["Runic Dome","Calipers","Blood Vial","The Courier","Centennial Puzzle","DataDisk","Inserter"],"acts_visited":["Exordium","TheCity"],"potions_floor_usage":[],"damage_taken":[{"damage":5.0,"enemies":"Small Slimes","floor":1.0,"turns":3.0},{"damage":5.0,"enemies":"Jaw Worm","floor":2.0,"turns":5.0},{"damage":0.0,"enemies":"2 Louse","floor":3.0,"turns":3.0},{"damage":8.0,"enemies":"Blue Slaver","floor":4.0,"turns":6.0},{"damage":12.0,"enemies":"3 Sentries","floor":6.0,"turns":8.0},{"damage":15.0,"enemies":"Exordium Thugs","floor":7.0,"turns":3.0},{"damage":3.0,"enemies":"Gremlin Nob","floor":10.0,"turns":3.0},{"damage":0.0,"enemies":"Lagavulin","floor":13.0,"turns":7.0},{"damage":30,"enemies":"Hexaghost","floor":16,"turns":10},{"damage":8,"enemies":"Spheric Guardian","floor":18,"turns":9},{"damage":58,"enemies":"Masked Bandits","floor":19,"turns":3}],"seed_played":"4266444388725768185","potions_obtained":[{"floor":2.0,"key":"DistilledChaos"},{"floor":3.0,"key":"SkillPotion"},{"floor":7.0,"key":"SkillPotion"},{"floor":18,"key":"Energy Potion"}],"is_trial":false,"path_per_floor":["M","M","M","M","$","E","M","?","T","E","?","R","E","$","R","B",null,"M","?"],"character_chosen":"DEFECT","items_purchased":["Defragment","Ball Lightning","DataDisk","Defragment","Loop"],"campfire_rested":1,"item_purchase_floors":[5,5,14,14,14],"current_hp_per_floor":[59,54,54,46,46,34,19,19,19,18,18,39,41,41,41,13,57,51,0,0],"gold":88,"neow_bonus":"BOSS_RELIC","is_daily":false,"chose_seed":false,"campfire_upgraded":1,"win_rate":0.0,"timestamp":1613071778,"path_taken":["M","M","M","M","$","E","M","?","T","E","?","R","E","$","R","BOSS","M","?"],"items_purchased_type":["Card","Card","Relic","Card","Card"],"build_version":"2020-12-22","purchased_purges":1,"victory":false,"max_hp_per_floor":[71,71,71,71,71,71,71,71,71,71,71,71,71,71,71,71,71,71,71,71],"relic_stats":{"Blood Vial":10,"Centennial Puzzle":[9],"Inserter":[6],"counters":[11,59],"obtain_stats":[{"Blood Vial":9,"Runic Dome":0,"Centennial Puzzle":13,"DataDisk":14,"Calipers":6,"Inserter":17,"The Courier":10,"Cracked Core":0},{"Blood Vial":6,"Runic Dome":0,"Centennial Puzzle":8,"DataDisk":8,"Calipers":5,"Inserter":9,"The Courier":7,"Cracked Core":0},{"Blood Vial":27,"Runic Dome":0,"Centennial Puzzle":37,"DataDisk":37,"Calipers":24,"Inserter":47,"The Courier":30,"Cracked Core":0}]},"card_choices":[{"not_picked":["Sweeping Beam","Barrage"],"picked":"Coolheaded","floor":1.0},{"not_picked":["Rebound","Turbo"],"picked":"Consume","floor":2.0},{"not_picked":["Lockon","Reboot"],"picked":"White Noise","floor":3.0},{"not_picked":["Compile Driver","Redo"],"picked":"Defragment","floor":4.0},{"not_picked":["Redo","Steam"],"picked":"Chill","floor":6.0},{"not_picked":["Go for the Eyes","Conserve Battery"],"picked":"Skim","floor":7.0},{"not_picked":["Electrodynamics","Double Energy"],"picked":"Chill","floor":10.0},{"not_picked":["Skim","Darkness"],"picked":"Hologram","floor":13.0},{"not_picked":["Multi-Cast","Thunder Strike"],"picked":"Core Surge","floor":16},{"not_picked":["Steam Power","Stack","Beam Cell"],"picked":"SKIP","floor":18}],"player_experience":1029834,"relics_obtained":[{"floor":6.0,"key":"Calipers"},{"floor":9.0,"key":"Blood Vial"},{"floor":10.0,"key":"The Courier"},{"floor":13.0,"key":"Centennial Puzzle"}],"event_choices":[{"damage_healed":0.0,"max_hp_gain":0.0,"max_hp_loss":0.0,"gold_gain":150.0,"event_name":"Liars Game","player_choice":"AGREE","floor":8.0,"gold_loss":0.0,"damage_taken":0.0,"cards_obtained":["Doubt"]},{"damage_healed":0.0,"max_hp_gain":0.0,"max_hp_loss":0.0,"gold_gain":0.0,"event_name":"Shining Light","player_choice":"Ignored","floor":11.0,"gold_loss":0.0,"damage_taken":0.0},{"damage_healed":0,"gold_gain":0,"player_choice":"Fought Bandits","damage_taken":0,"max_hp_gain":0,"max_hp_loss":0,"event_name":"Masked Bandits","floor":19,"gold_loss":0}],"is_beta":false,"boss_relics":[{"not_picked":["Runic Pyramid","Coffee Dripper"],"picked":"Inserter"}],"items_purged_floors":[14],"is_endless":false,"potions_floor_spawned":[2,3,7,18],"killed_by":"Masked Bandits","ascension_level":20}}