{"host":"rolltorest","time":1613031296,"event":{"mods":["BaseMod","Minty Spire (QoL Compilation)","Relic Stats","Slay the Relics Exporter","StSLib"],"gold_per_floor":[116,129,147,147,166,166,195,206,229,41,41,68,68,22,22,95,95,114,114,114,128,28,28,354,354,354],"floor_reached":25,"language":"ENG","playtime":570,"items_purged":["Strike_R"],"score":558,"play_id":"21b2477e-37a5-4726-8ce2-e223bedadc4e","local_time":"20210211001456","is_ascension_mode":true,"campfire_choices":[{"data":"Searing Blow","floor":6,"key":"SMITH"},{"data":"Searing Blow+1","floor":11,"key":"SMITH"},{"data":"Searing Blow+2","floor":13,"key":"SMITH"},{"data":"Searing Blow+3","floor":15,"key":"SMITH"},{"data":"Searing Blow+4","floor":23,"key":"SMITH"}],"circlet_count":0,"master_deck":["AscendersBane","Strike_R","Defend_R","Defend_R","Defend_R","Defend_R","Bash","Bloodletting+1","Burning Pact+1","Power Through+1","Thunderclap","Shrug It Off","Searing Blow+5","Pommel Strike","Anger","Pommel Strike","Carnage","Dark Embrace","Corruption","Headbutt","Shrug It Off","Evolve"],"relics":["Astrolabe","NlothsMask","The Courier","Akabeko","Busted Crown","Regal Pillow","Old Coin"],"acts_visited":["Exordium","TheCity"],"potions_floor_usage":[7,12,16,24],"damage_taken":[{"damage":7,"enemies":"Jaw Worm","floor":1,"turns":5},{"damage":3,"enemies":"Cultist","floor":2,"turns":3},{"damage":1,"enemies":"Small Slimes","floor":3,"turns":5},{"damage":9,"enemies":"Blue Slaver","floor":5,"turns":7},{"damage":12,"enemies":"Gremlin Nob","floor":7,"turns":3},{"damage":11,"enemies":"Exordium Thugs","floor":8,"turns":6},{"damage":13,"enemies":"Lagavulin","floor":12,"turns":4},{"damage":0,"enemies":"Slime Boss","floor":16,"turns":7},{"damage":15,"enemies":"2 Thieves","floor":18,"turns":3},{"damage":14,"enemies":"Shell Parasite","floor":21,"turns":2},{"damage":26,"enemies":"Slavers","floor":24,"turns":5},{"damage":0,"enemies":"Snake Plant","floor":25,"turns":1}],"seed_played":"-445885966195942528","potions_obtained":[{"floor":5,"key":"ColorlessPotion"},{"floor":7,"key":"SmokeBomb"},{"floor":8,"key":"AttackPotion"}],"is_trial":false,"path_per_floor":["M","M","M","?","M","R","E","M","T","$","R","E","R","$","R","B",null,"M","?","?","M","$","R","E","M"],"character_chosen":"IRONCLAD","items_purchased":["Carnage","Dark Embrace","Fire Potion","Evolve","DuplicationPotion"],"campfire_rested":0,"item_purchase_floors":[10,10,14,22,22],"current_hp_per_floor":[61,58,57,57,48,48,36,25,25,25,25,12,12,12,12,12,59,44,44,44,30,30,30,4,4,4],"gold":354,"neow_bonus":"BOSS_RELIC","is_daily":false,"chose_seed":false,"campfire_upgraded":5,"win_rate":0.0,"timestamp":1613031296,"path_taken":["M","M","M","?","?","R","E","M","T","$","R","E","R","?","R","BOSS","M","?","?","?","$","R","E","M"],"items_purchased_type":["Card","Card","Potion","Card","Potion"],"build_version":"2020-12-18","purchased_purges":1,"victory":false,"max_hp_per_floor":[75,75,75,75,75,75,75,75,75,75,75,75,75,75,75,75,75,75,75,75,75,75,75,75,75,75],"relic_stats":{"Regal Pillow":0,"Busted Crown":6,"counters":[12,51],"Astrolabe":["Bloodletting","Burning Pact","Power Through"],"obtain_stats":[{"Regal Pillow":20,"Busted Crown":17,"Astrolabe":0,"The Courier":7,"Burning Blood":0,"Akabeko":12,"NlothsMask":4,"Old Coin":24},{"Regal Pillow":9,"Busted Crown":8,"Astrolabe":0,"The Courier":5,"Burning Blood":0,"Akabeko":7,"NlothsMask":3,"Old Coin":11},{"Regal Pillow":43,"Busted Crown":40,"Astrolabe":0,"The Courier":23,"Burning Blood":0,"Akabeko":33,"NlothsMask":13,"Old Coin":50}]},"card_choices":[{"not_picked":["Perfected Strike","Shrug It Off"],"picked":"Thunderclap","floor":1},{"not_picked":["Perfected Strike","Flex"],"picked":"Shrug It Off","floor":2},{"not_picked":["True Grit","Sentinel"],"picked":"Searing Blow","floor":3},{"not_picked":["Perfected Strike","Twin Strike"],"picked":"Pommel Strike","floor":5},{"not_picked":["Sword Boomerang","Berserk"],"picked":"Anger","floor":7},{"not_picked":["Thunderclap","Twin Strike"],"picked":"Pommel Strike","floor":8},{"not_picked":["Thunderclap","True Grit","Rage"],"picked":"SKIP","floor":12},{"not_picked":["Juggernaut","Brutality"],"picked":"Corruption","floor":16},{"not_picked":[],"picked":"Headbutt","floor":18},{"not_picked":[],"picked":"Shrug It Off","floor":21},{"not_picked":["Intimidate"],"picked":"SKIP","floor":24}],"player_experience":1951603,"relics_obtained":[{"floor":7,"key":"The Courier"},{"floor":12,"key":"Akabeko"},{"floor":24,"key":"Old Coin"}],"event_choices":[{"damage_healed":0,"gold_gain":0,"player_choice":"Trade","damage_taken":0,"relics_obtained":["NlothsMask"],"max_hp_gain":0,"max_hp_loss":0,"event_name":"FaceTrader","floor":4,"gold_loss":0},{"damage_healed":0,"gold_gain":0,"player_choice":"Ignored","damage_taken":0,"max_hp_gain":0,"max_hp_loss":0,"event_name":"Vampires","floor":19,"gold_loss":0},{"damage_healed":0,"gold_gain":0,"player_choice":"Gave Potion","damage_taken":0,"relics_obtained":["Regal Pillow"],"max_hp_gain":0,"max_hp_loss":0,"event_name":"WeMeetAgain","floor":20,"gold_loss":0}],"is_beta":true,"boss_relics":[{"not_picked":["Empty Cage","SacredBark"],"picked":"Busted Crown"}],"items_purged_floors":[10],"is_endless":false,"potions_floor_spawned":[5,7,8],"killed_by":"Snake Plant","ascension_level":20}}