{"host":"wghdsg8ym2wc7ov9","time":1613019513,"event":{"mods":["A Penny For Your Troubles","AchievementEnabler","Astrologer","BaseMod","Beaked The Cultist","Better Altar","Better Note","Bossed Relics","ChefMod","Colored Map","Evolution","Fox Events","Hermit","Highlight Path","Jorbs\u0027s Wanderer Trilogy","KinomotoSakuraMod(????)","Minty Spire (QoL Compilation)","Random Character Button","Relic Stats","SIMod","Shop Mod","StSLib","The Blackbeard","The Bladedancer","The Construct","The Cursed","The Death Knight","The Gatherer","The Hierophant","The Marked","The Mystic","The Necromancer","The Runesmith","The Senshi","The Servant 0.9.4","Weighted Paths"],"gold_per_floor":[114,131,148,168,187,218,234,234,234,14,14,34,61,61,61,163,163,182,171,171,171,171,171,184,184,184,200,216,216,253,272,272,272,272],"floor_reached":33,"language":"ENG","playtime":10219,"items_purged":[],"score":280,"play_id":"2abb5527-5258-4331-b6a5-c41c1ee1e023","local_time":"20210210205833","is_ascension_mode":false,"campfire_choices":[{"floor":11.0,"key":"REST"},{"floor":15.0,"key":"REST"},{"data":"construct:MemoryTap","floor":23.0,"key":"SMITH"},{"data":"construct:FierceBash","floor":25.0,"key":"SMITH"},{"floor":29,"key":"REST"},{"floor":32,"key":"REST"}],"circlet_count":0,"master_deck":["construct:SyphonStrike","construct:FierceBash+1","construct:Strike_Gold","construct:Strike_Gold","construct:Strike_Gold","construct:Defend_Gold","construct:Defend_Gold","construct:Defend_Gold","construct:Defend_Gold","construct:Defend_Gold","construct:AttackMode","construct:DefenseMode","construct:MemoryTap+1","construct:Versatility","construct:Stasis","construct:Forcefield","construct:ClusterMines","construct:Accumulate","construct:ShiftingStance","construct:FlameCore+1","construct:Failsafe","construct:Forcefield","construct:Versatility","construct:ClockworkEgg","construct:ElectricArmor","construct:ScopeCore","construct:ClusterMines","construct:Autoturret","construct:Versatility","construct:LaserCore+1","construct:Autoturret"],"relics":["construct:Cogwheel","EVO:Axolotl","Bottled Flame","Gremlin Horn","Vajra","Ice Cream","Astrolabe","Spirit Poop","Meat on the Bone","Kunai","CeramicFish"],"acts_visited":["Exordium","TheCity"],"potions_floor_usage":[28,30,30,33,33],"damage_taken":[{"damage":0.0,"enemies":"Jaw Worm","floor":1.0,"turns":3.0},{"damage":0.0,"enemies":"Cultist","floor":2.0,"turns":3.0},{"damage":6.0,"enemies":"2 Louse","floor":3.0,"turns":4.0},{"damage":7.0,"enemies":"2 Fungi Beasts","floor":4.0,"turns":5.0},{"damage":0.0,"enemies":"Looter","floor":5.0,"turns":3.0},{"damage":28.0,"enemies":"3 Sentries","floor":6.0,"turns":16.0},{"damage":12.0,"enemies":"Blue Slaver","floor":7.0,"turns":6.0},{"damage":6.0,"enemies":"2 Fungi Beasts","floor":12.0,"turns":2.0},{"damage":39.0,"enemies":"Gremlin Nob","floor":13.0,"turns":5.0},{"damage":32.0,"enemies":"Slime Boss","floor":16.0,"turns":5.0},{"damage":4.0,"enemies":"Shell Parasite","floor":18.0,"turns":4.0},{"damage":10.0,"enemies":"2 Thieves","floor":19.0,"turns":4.0},{"damage":0.0,"enemies":"3 Cultists","floor":24.0,"turns":2.0},{"damage":2,"enemies":"Shelled Parasite and Fungi","floor":27,"turns":7},{"damage":31,"enemies":"Chosen and Byrds","floor":28,"turns":8},{"damage":23,"enemies":"Slavers","floor":30,"turns":6},{"damage":8,"enemies":"Centurion and Healer","floor":31,"turns":5},{"damage":96,"enemies":"Collector","floor":33,"turns":7}],"seed_played":"-516613246702336385","potions_obtained":[{"floor":1.0,"key":"construct:ShiftPotion"},{"floor":4.0,"key":"Swift Potion"},{"floor":5.0,"key":"Ancient Potion"},{"floor":13.0,"key":"SkillPotion"},{"floor":27,"key":"Explosive Potion"},{"floor":28,"key":"Explosive Potion"},{"floor":30,"key":"Energy Potion"},{"floor":31,"key":"BlessingOfTheForge"}],"is_trial":false,"path_per_floor":["M","M","M","M","M","E","M","?","T","$","R","M","E","?","R","B",null,"M","M","?","?","?","R","M","R","T","M","M","R","E","M","R","B"],"character_chosen":"THE_CONSTRUCT_MOD","items_purchased":["construct:Failsafe","Vajra"],"campfire_rested":4,"item_purchase_floors":[10,10],"current_hp_per_floor":[85,85,79,72,72,44,32,32,32,32,57,51,12,12,37,5,85,81,71,71,71,71,71,71,71,71,69,50,75,52,44,69,0,0],"gold":272,"neow_bonus":"THREE_RARE_CARDS","is_daily":false,"chose_seed":false,"campfire_upgraded":2,"win_rate":0.0,"timestamp":1613019513,"path_taken":["M","M","M","M","M","E","M","?","T","?","R","M","E","?","R","BOSS","M","M","?","?","?","R","M","R","T","M","M","R","E","M","R","BOSS"],"items_purchased_type":["Card","Relic"],"build_version":"2020-12-22","purchased_purges":0,"victory":false,"max_hp_per_floor":[85,85,85,85,85,85,85,85,85,85,85,85,85,85,85,85,85,85,85,85,85,85,85,85,85,85,85,85,85,85,85,85,85,85],"relic_stats":{"Gremlin Horn":[12,13],"counters":[18,95],"Astrolabe":[],"CeramicFish":18,"Kunai":[9],"obtain_stats":[{"Ice Cream":13,"Bottled Flame":6,"Gremlin Horn":9,"construct:Cogwheel":0,"Astrolabe":17,"CeramicFish":30,"Vajra":10,"Spirit Poop":20,"EVO:Axolotl":0,"Kunai":26,"Meat on the Bone":22},{"Ice Cream":9,"Bottled Flame":6,"Gremlin Horn":7,"construct:Cogwheel":0,"Astrolabe":10,"CeramicFish":16,"Vajra":7,"Spirit Poop":12,"EVO:Axolotl":0,"Kunai":13,"Meat on the Bone":12},{"Ice Cream":47,"Bottled Flame":34,"Gremlin Horn":40,"construct:Cogwheel":0,"Astrolabe":52,"CeramicFish":83,"Vajra":40,"Spirit Poop":60,"EVO:Axolotl":0,"Kunai":62,"Meat on the Bone":60}],"Meat on the Bone":12},"card_choices":[{"not_picked":["construct:ClockworkEgg","construct:MassProduction"],"picked":"construct:MemoryTap","floor":0.0},{"not_picked":["construct:ShiftStrike","construct:Anticipate"],"picked":"construct:Versatility","floor":1.0},{"not_picked":["construct:Anticipate","construct:SweepLaser"],"picked":"construct:Stasis","floor":2.0},{"not_picked":["construct:ModeShift","construct:Reinforce"],"picked":"construct:Forcefield","floor":3.0},{"not_picked":["construct:Missile","construct:SyphonStrike"],"picked":"construct:ClusterMines","floor":4.0},{"not_picked":["construct:VentSteam","construct:ClusterMines"],"picked":"construct:Accumulate","floor":5.0},{"not_picked":["construct:SaveState","construct:Missile"],"picked":"construct:ShiftingStance","floor":6.0},{"not_picked":["construct:Backfire","construct:ModeShift"],"picked":"construct:FlameCore","floor":7.0},{"not_picked":["construct:ShiftStrike","construct:HeavyBolt"],"picked":"construct:Forcefield","floor":12.0},{"not_picked":["construct:SuppressiveFire","construct:SweepLaser"],"picked":"construct:Versatility","floor":13.0},{"not_picked":["construct:ShiftingStance","construct:GoldenBullet"],"picked":"construct:ClockworkEgg","floor":16.0},{"not_picked":["construct:Hazardproof","construct:HardReboot"],"picked":"construct:ElectricArmor","floor":18.0},{"not_picked":["construct:FierceBash","construct:SuppressiveFire"],"picked":"construct:ScopeCore","floor":19.0},{"not_picked":["construct:SaveState+1","construct:Versatility"],"picked":"construct:ClusterMines","floor":24.0},{"not_picked":["construct:FierceBash","construct:Accumulate+1"],"picked":"construct:Autoturret","floor":27},{"not_picked":["construct:VentSteam+1","construct:SweepLaser"],"picked":"construct:Versatility","floor":28},{"not_picked":["construct:ShiftStrike","construct:HeavyBolt+1"],"picked":"construct:LaserCore+1","floor":30},{"not_picked":["construct:SyphonStrike+1","construct:CriticalHit"],"picked":"construct:Autoturret","floor":31}],"player_experience":941352,"relics_obtained":[{"floor":6.0,"key":"Bottled Flame"},{"floor":9.0,"key":"Gremlin Horn"},{"floor":13.0,"key":"Ice Cream"},{"floor":26,"key":"Kunai"},{"floor":30,"key":"CeramicFish"}],"event_choices":[{"damage_healed":0.0,"max_hp_gain":0.0,"max_hp_loss":0.0,"gold_gain":0.0,"event_name":"Upgrade Shrine","player_choice":"Upgraded","floor":8.0,"gold_loss":0.0,"damage_taken":0.0,"cards_upgraded":["construct:FlameCore"]},{"damage_healed":0.0,"max_hp_gain":0.0,"max_hp_loss":0.0,"gold_gain":0.0,"event_name":"Shining Light","player_choice":"Ignored","floor":14.0,"gold_loss":0.0,"damage_taken":0.0},{"cards_removed":["Doubt"],"damage_healed":0.0,"max_hp_gain":0.0,"max_hp_loss":0.0,"gold_gain":0.0,"event_name":"Bonfire Elementals","player_choice":"Offered Curse","floor":20.0,"gold_loss":0.0,"damage_taken":0.0,"relics_obtained":["Spirit Poop"]},{"damage_healed":0.0,"max_hp_gain":0.0,"max_hp_loss":0.0,"gold_gain":0.0,"event_name":"Purifier","player_choice":"Ignored","floor":21.0,"gold_loss":0.0,"damage_taken":0.0},{"damage_healed":0.0,"max_hp_gain":0.0,"max_hp_loss":0.0,"gold_gain":0.0,"event_name":"WeMeetAgain","player_choice":"Gave Potion","floor":22.0,"gold_loss":0.0,"damage_taken":0.0,"relics_obtained":["Meat on the Bone"]}],"is_beta":false,"boss_relics":[{"not_picked":["beaked:SacredDeck","Calling Bell"],"picked":"Astrolabe"}],"items_purged_floors":[],"is_endless":false,"potions_floor_spawned":[1,4,5,12,13,27,28,30,31],"killed_by":"Collector","ascension_level":0}}