{"host":"7sni158j623xchr2","time":1613025162,"event":{"mods":["BaseMod","Colored Map","Highlight Path","Minty Spire (QoL Compilation)","Permanent Neow","Potion Indicator Mod","Rare Cards Sparkle","Relic Sorter","Relic Stats","StSLib","everything is the same but u backflip on backflip"],"gold_per_floor":[117,132,132,148,169,169,205,205,205,239,262,283,283,58,58,184,184,205,221,241,241,260,260,285,285,312,347,209,244,244,244,244,346,346,360,380,400,400,418,444,444,477,477,492,492,507,60,13,13,13,13,13,13,44,44],"floor_reached":56,"language":"ENG","playtime":2549,"items_purged":["Strike_R","Strike_R","Decay"],"score":1357,"play_id":"03f1ea42-b10d-47a9-9de7-ce3e4fbd84ce","local_time":"20210211003242","is_ascension_mode":true,"campfire_choices":[{"data":"Clothesline","floor":6,"key":"SMITH"},{"data":"Feed","floor":8,"key":"SMITH"},{"data":"Shrug It Off","floor":13,"key":"SMITH"},{"data":"Bash","floor":15,"key":"SMITH"},{"data":"Immolate","floor":23,"key":"SMITH"},{"data":"Rupture","floor":30,"key":"SMITH"},{"data":"Reaper","floor":32,"key":"SMITH"},{"floor":41,"key":"RECALL"},{"data":"Brutality","floor":45,"key":"SMITH"},{"data":"Battle Trance","floor":49,"key":"SMITH"},{"data":"Iron Wave","floor":52,"key":"SMITH"}],"circlet_count":0,"master_deck":["Defend_R","Defend_R","Bash+1","Feed+1","Brutality+1","Shrug It Off+1","Iron Wave+1","Clothesline+1","Battle Trance+1","Reaper+1","Disarm+1","Ghostly Armor+1","Disarm+1","Offering+1","True Grit+1","Immolate+1","Disarm+1","Burning Pact+1","Rupture+1","Dark Embrace+1","Exhume+1","Feel No Pain+1","Offering+1","Reaper+1","Master of Strategy+1","Shrug It Off+1","Offering+1"],"relics":["Burning Blood","Bloody Idol","Letter Opener","Toxic Egg 2","Orrery","Empty Cage","Happy Flower","Singing Bowl","Akabeko","Cursed Key","Molten Egg 2","Centennial Puzzle","Lee\u0027s Waffle","Bag of Marbles"],"acts_visited":["Exordium","TheCity","TheBeyond","TheEnding"],"potions_floor_usage":[10,10,27,39,55,55],"damage_taken":[{"damage":1,"enemies":"Jaw Worm","floor":1,"turns":3},{"damage":0,"enemies":"Small Slimes","floor":2,"turns":3},{"damage":7,"enemies":"2 Louse","floor":4,"turns":3},{"damage":22,"enemies":"Red Slaver","floor":5,"turns":6},{"damage":24,"enemies":"Gremlin Nob","floor":7,"turns":4},{"damage":18,"enemies":"Lagavulin","floor":10,"turns":6},{"damage":3,"enemies":"Exordium Thugs","floor":11,"turns":5},{"damage":2,"enemies":"3 Louse","floor":12,"turns":4},{"damage":23,"enemies":"The Guardian","floor":16,"turns":15},{"damage":27,"enemies":"3 Byrds","floor":18,"turns":7},{"damage":8,"enemies":"Chosen","floor":19,"turns":5},{"damage":35,"enemies":"Centurion and Healer","floor":20,"turns":11},{"damage":5,"enemies":"Snecko","floor":22,"turns":6},{"damage":16,"enemies":"3 Cultists","floor":24,"turns":4},{"damage":37,"enemies":"Gremlin Leader","floor":27,"turns":9},{"damage":14,"enemies":"Book of Stabbing","floor":29,"turns":8},{"damage":54,"enemies":"Collector","floor":33,"turns":12},{"damage":16,"enemies":"3 Darklings","floor":35,"turns":3},{"damage":34,"enemies":"3 Shapes","floor":36,"turns":5},{"damage":32,"enemies":"Maw","floor":37,"turns":8},{"damage":23,"enemies":"Jaw Worm Horde","floor":39,"turns":6},{"damage":58,"enemies":"Giant Head","floor":40,"turns":13},{"damage":16,"enemies":"Reptomancer","floor":42,"turns":6},{"damage":16,"enemies":"Transient","floor":44,"turns":5},{"damage":18,"enemies":"Spire Growth","floor":46,"turns":5},{"damage":82,"enemies":"Donu and Deca","floor":50,"turns":12},{"damage":37,"enemies":"Shield and Spear","floor":54,"turns":6},{"damage":222,"enemies":"The Heart","floor":55,"turns":12}],"seed_played":"6302453184677285449","potions_obtained":[{"floor":2,"key":"Dexterity Potion"},{"floor":7,"key":"BlessingOfTheForge"},{"floor":10,"key":"SpeedPotion"},{"floor":12,"key":"BloodPotion"},{"floor":18,"key":"Explosive Potion"},{"floor":24,"key":"HeartOfIron"},{"floor":29,"key":"FairyPotion"},{"floor":40,"key":"Strength Potion"},{"floor":44,"key":"BloodPotion"}],"is_trial":false,"path_per_floor":["M","M","?","M","M","R","E","R","T","E","M","M","R","$","R","B",null,"M","M","M","$","M","R","M","?","T","E","$","E","R","?","R","B",null,"M","M","M","T","M","E","R","E","T","M","R","M","$","$","R","B",null,"R","$","E","B",null],"character_chosen":"IRONCLAD","items_purchased":["Orrery","Rupture","Lee\u0027s Waffle","Master of Strategy+1","Shrug It Off+1"],"campfire_rested":0,"item_purchase_floors":[14,28,47,47,48],"current_hp_per_floor":[75,78,59,61,48,48,33,33,33,25,36,52,52,52,52,45,103,91,97,80,80,89,89,91,91,96,88,88,101,101,101,101,80,137,143,136,149,149,167,146,146,175,175,177,177,183,190,190,190,151,198,198,198,202,107],"gold":44,"neow_bonus":"TRANSFORM_TWO_CARDS","is_daily":false,"chose_seed":false,"campfire_upgraded":10,"win_rate":0.0,"timestamp":1613025162,"path_taken":["M","M","?","M","M","R","E","R","T","E","M","M","R","$","R","BOSS","M","M","M","$","M","R","M","?","T","E","$","E","R","?","R","BOSS","M","M","M","?","M","E","R","E","T","M","R","M","?","$","R","BOSS","R","$","E","BOSS"],"items_purchased_type":["Relic","Card","Relic","Card","Card"],"build_version":"2020-12-22","purchased_purges":3,"victory":true,"max_hp_per_floor":[75,78,78,81,84,84,87,87,87,91,95,99,99,99,99,103,103,107,111,115,115,119,119,123,123,123,129,129,133,133,133,133,137,137,143,153,157,157,167,171,171,175,175,177,177,183,190,190,190,198,198,198,198,202,202],"relic_stats":{"Centennial Puzzle":[15],"Lee\u0027s Waffle":7,"Happy Flower":[36],"Singing Bowl":12,"counters":[28,192],"Bloody Idol":46,"Letter Opener":[353],"Cursed Key":1,"obtain_stats":[{"Lee\u0027s Waffle":47,"Happy Flower":26,"Singing Bowl":27,"Golden Idol":3,"Letter Opener":9,"Empty Cage":17,"Cursed Key":34,"Burning Blood":0,"Akabeko":29,"Centennial Puzzle":42,"Bloody Idol":25,"Orrery":14,"Molten Egg 2":40,"Bag of Marbles":54,"Toxic Egg 2":10},{"Lee\u0027s Waffle":25,"Happy Flower":14,"Singing Bowl":15,"Golden Idol":2,"Letter Opener":5,"Empty Cage":9,"Cursed Key":17,"Burning Blood":0,"Akabeko":16,"Centennial Puzzle":23,"Bloody Idol":14,"Orrery":8,"Molten Egg 2":22,"Bag of Marbles":27,"Toxic Egg 2":6},{"Lee\u0027s Waffle":162,"Happy Flower":82,"Singing Bowl":91,"Golden Idol":6,"Letter Opener":19,"Empty Cage":49,"Cursed Key":111,"Burning Blood":0,"Akabeko":99,"Centennial Puzzle":152,"Bloody Idol":82,"Orrery":34,"Molten Egg 2":146,"Bag of Marbles":180,"Toxic Egg 2":25}],"Burning Blood":147},"card_choices":[{"not_picked":["Combust","Sword Boomerang"],"picked":"Shrug It Off","floor":1},{"not_picked":["Searing Blow","Wild Strike"],"picked":"Iron Wave","floor":2},{"not_picked":["Thunderclap","Perfected Strike"],"picked":"Clothesline","floor":4},{"not_picked":["Flex","Searing Blow","Iron Wave"],"picked":"SKIP","floor":5},{"not_picked":["Body Slam","Flex"],"picked":"Battle Trance","floor":7},{"not_picked":["Sever Soul","Perfected Strike"],"picked":"Reaper","floor":10},{"not_picked":["Wild Strike","Heavy Blade"],"picked":"Disarm+1","floor":11},{"not_picked":["Thunderclap","Heavy Blade","Body Slam"],"picked":"SKIP","floor":12},{"not_picked":["Anger","Twin Strike"],"picked":"Ghostly Armor+1","floor":14},{"not_picked":["Iron Wave","Ghostly Armor+1"],"picked":"Disarm+1","floor":14},{"not_picked":["Metallicize","Combust"],"picked":"Offering+1","floor":14},{"not_picked":["Warcry+1","Body Slam"],"picked":"True Grit+1","floor":14},{"not_picked":["Corruption","Double Tap+1"],"picked":"Immolate","floor":16},{"not_picked":["Rupture","Armaments+1"],"picked":"Disarm+1","floor":18},{"not_picked":["Cleave","Headbutt+1","Iron Wave+1"],"picked":"SKIP","floor":19},{"not_picked":["Havoc+1","Rampage+1"],"picked":"Burning Pact+1","floor":20},{"not_picked":["Clothesline+1","Metallicize","Armaments+1"],"picked":"SKIP","floor":22},{"not_picked":["Battle Trance+1","Heavy Blade","Juggernaut"],"picked":"SKIP","floor":24},{"not_picked":["Reckless Charge","Clothesline","Sentinel+1"],"picked":"Singing Bowl","floor":27},{"not_picked":["Fire Breathing","Power Through+1"],"picked":"Dark Embrace+1","floor":29},{"not_picked":["Feed","Immolate"],"picked":"Exhume+1","floor":33},{"not_picked":["Havoc+1","Dual Wield+1","Entrench+1"],"picked":"Singing Bowl","floor":35},{"not_picked":["Armaments+1","Warcry+1","Searing Blow"],"picked":"Singing Bowl","floor":36},{"not_picked":["Reckless Charge+1","Shrug It Off+1"],"picked":"Feel No Pain+1","floor":37},{"not_picked":["Twin Strike","Clothesline+1","Perfected Strike"],"picked":"Singing Bowl","floor":39},{"not_picked":["Anger+1","Disarm+1"],"picked":"Offering+1","floor":40},{"not_picked":["Anger+1","Twin Strike+1"],"picked":"Reaper+1","floor":42},{"not_picked":["Carnage+1","Battle Trance+1","Hemokinesis+1"],"picked":"Singing Bowl","floor":44},{"not_picked":["Wild Strike+1","Body Slam+1","Cleave+1"],"picked":"Singing Bowl","floor":46},{"not_picked":["Whirlwind+1","Perfected Strike+1"],"picked":"Offering+1","floor":54}],"player_experience":1780251,"relics_obtained":[{"floor":9,"key":"Letter Opener"},{"floor":10,"key":"Toxic Egg 2"},{"floor":26,"key":"Happy Flower"},{"floor":27,"key":"Singing Bowl"},{"floor":29,"key":"Akabeko"},{"floor":40,"key":"Molten Egg 2"},{"floor":42,"key":"Centennial Puzzle"},{"floor":54,"key":"Bag of Marbles"}],"event_choices":[{"damage_healed":0,"gold_gain":0,"player_choice":"Take Damage","damage_taken":19,"relics_obtained":["Golden Idol"],"max_hp_gain":0,"max_hp_loss":0,"event_name":"Golden Idol","floor":3,"gold_loss":0},{"damage_healed":0,"gold_gain":0,"player_choice":"Gave Idol","damage_taken":0,"relics_obtained":["Bloody Idol"],"max_hp_gain":0,"max_hp_loss":0,"event_name":"Forgotten Altar","floor":25,"relics_lost":["Golden Idol"],"gold_loss":0},{"cards_removed":["Strike_R"],"damage_healed":0,"gold_gain":0,"player_choice":"Offered Basic","damage_taken":0,"max_hp_gain":0,"max_hp_loss":0,"event_name":"Bonfire Elementals","floor":31,"gold_loss":0}],"is_beta":false,"boss_relics":[{"not_picked":["Tiny House","SacredBark"],"picked":"Empty Cage"},{"not_picked":["Busted Crown","SlaversCollar"],"picked":"Cursed Key"}],"items_purged_floors":[14,28,47],"is_endless":false,"potions_floor_spawned":[2,7,10,12,18,24,29,33,35,36,40,42,44],"ascension_level":1}}