{"host":"m0bekkrd201b63ug","time":1613044461,"event":{"mods":["AchievementEnabler","BaseMod","Colored Powertips","Minty Spire (QoL Compilation)","Rare Cards Sparkle","StSLib","SuperFastMode","everything is the same but u backflip on backflip","slay the spire mod where everything is the same but ironclad has a cowboy hat"],"gold_per_floor":[114,114,114,11,11,42,61,61,131,162,162,193,209,49,49,49,49],"floor_reached":16,"language":"ENG","playtime":385,"items_purged":["Strike_G"],"score":254,"play_id":"824c6d36-49af-4e77-b597-96c30fcf82bf","local_time":"20210211095421","is_ascension_mode":true,"campfire_choices":[{"floor":8,"key":"REST"},{"floor":11,"key":"REST"},{"data":"Backflip","floor":15,"key":"SMITH"}],"circlet_count":0,"master_deck":["AscendersBane","Strike_G","Strike_G","Strike_G","Defend_G","Defend_G+1","Defend_G","Defend_G","Defend_G","Survivor","Neutralize","Cloak And Dagger","Dagger Spray+1","Backflip+1","Escape Plan"],"relics":["Ring of the Snake","NeowsBlessing","Blood Vial","Ornamental Fan","Anchor","Happy Flower","Membership Card"],"acts_visited":["Exordium"],"potions_floor_usage":[12,16],"damage_taken":[{"damage":0,"enemies":"Jaw Worm","floor":1,"turns":1},{"damage":0,"enemies":"Gremlin Nob","floor":6,"turns":1},{"damage":0,"enemies":"2 Louse","floor":7,"turns":1},{"damage":43,"enemies":"Lagavulin","floor":10,"turns":11},{"damage":21,"enemies":"Gremlin Nob","floor":12,"turns":5},{"damage":0,"enemies":"Small Slimes","floor":13,"turns":3},{"damage":29,"enemies":"Hexaghost","floor":16,"turns":14}],"seed_played":"-7867364246321632837","potions_obtained":[{"floor":6,"key":"SkillPotion"},{"floor":7,"key":"EssenceOfSteel"}],"is_trial":false,"path_per_floor":["M","?","?","$","?","E","M","R","T","E","R","E","M","$","R","B"],"character_chosen":"THE_SILENT","items_purchased":["Dagger Spray","Membership Card"],"campfire_rested":2,"item_purchase_floors":[4,14],"current_hp_per_floor":[59,52,57,57,36,36,38,59,59,18,39,20,22,22,22,0,0],"gold":49,"neow_bonus":"THREE_ENEMY_KILL","is_daily":false,"chose_seed":false,"campfire_upgraded":1,"win_rate":0.0,"timestamp":1613044461,"path_taken":["M","?","?","$","?","E","M","R","T","E","R","E","M","$","R","BOSS"],"items_purchased_type":["Card","Relic"],"build_version":"2020-12-22","purchased_purges":1,"victory":false,"max_hp_per_floor":[66,66,71,71,71,71,71,71,71,71,71,71,71,71,71,71,71],"card_choices":[{"not_picked":["Flying Knee","Riddle With Holes"],"picked":"Cloak And Dagger","floor":1},{"not_picked":["Outmaneuver","Grand Finale","A Thousand Cuts"],"picked":"SKIP","floor":6},{"not_picked":["Acrobatics","Masterful Stab"],"picked":"Backflip","floor":7},{"not_picked":["Sucker Punch","Deflect","Slice"],"picked":"SKIP","floor":10},{"not_picked":["Prepared","Acrobatics"],"picked":"Escape Plan","floor":12},{"not_picked":["Cloak And Dagger","Dagger Throw","Prepared"],"picked":"SKIP","floor":13}],"player_experience":233867,"relics_obtained":[{"floor":6,"key":"Blood Vial"},{"floor":9,"key":"Ornamental Fan"},{"floor":10,"key":"Anchor"},{"floor":12,"key":"Happy Flower"}],"event_choices":[{"cards_removed":["Strike_G"],"damage_healed":0,"gold_gain":0,"player_choice":"Card Removal","damage_taken":7,"max_hp_gain":0,"max_hp_loss":0,"event_name":"Golden Wing","floor":2,"gold_loss":0},{"damage_healed":0,"gold_gain":0,"player_choice":"Donut","damage_taken":0,"max_hp_gain":5,"max_hp_loss":0,"event_name":"Big Fish","floor":3,"gold_loss":0},{"damage_healed":0,"gold_gain":0,"player_choice":"Entered Light","damage_taken":21,"max_hp_gain":0,"max_hp_loss":0,"event_name":"Shining Light","floor":5,"gold_loss":0,"cards_upgraded":["Defend_G","Dagger Spray"]}],"is_beta":false,"boss_relics":[],"items_purged_floors":[4],"is_endless":false,"potions_floor_spawned":[6,7],"killed_by":"Hexaghost","ascension_level":16}}