{"host":"7qoz5gmva6til3yp","time":1613049991,"event":{"mods":["2.2 Compatiblity","Astrologer","BaseMod","Minty Spire (QoL Compilation)","StSLib","SuperFastMode","The Poker Player"],"gold_per_floor":[117,137,147,147,166,166,201,215,215,280,294,319,319,369,369,467,467,485,504,554,554],"floor_reached":20,"language":"KOR","playtime":404,"items_purged":[],"score":274,"play_id":"9657a64c-cd71-465d-af35-a89483702cc3","local_time":"20210211222631","is_ascension_mode":true,"campfire_choices":[{"data":"astrologer:Fireball","floor":6.0,"key":"SMITH"},{"floor":13.0,"key":"REST"},{"floor":15.0,"key":"REST"}],"circlet_count":0,"master_deck":["astrologer:Strike","astrologer:Strike+1","astrologer:Strike","astrologer:Defend","astrologer:Defend","astrologer:Defend","astrologer:NorthStar","astrologer:TheFool+1","astrologer:Fireball+1","astrologer:Radiance","astrologer:StarOfRegret","astrologer:Opposition","astrologer:Sunrise","astrologer:TheStar"],"relics":["astrologer:SkyMirror","SsserpentHead","Girya","Frozen Egg 2","Bird Faced Urn","Black Star"],"acts_visited":["Exordium","TheCity"],"potions_floor_usage":[],"damage_taken":[{"damage":0.0,"enemies":"Jaw Worm","floor":1.0,"turns":3.0},{"damage":6.0,"enemies":"Cultist","floor":2.0,"turns":4.0},{"damage":0.0,"enemies":"Small Slimes","floor":3.0,"turns":3.0},{"damage":6.0,"enemies":"3 Louse","floor":5.0,"turns":3.0},{"damage":20.0,"enemies":"3 Sentries","floor":7.0,"turns":6.0},{"damage":0.0,"enemies":"Large Slime","floor":8.0,"turns":3.0},{"damage":0.0,"enemies":"Looter","floor":10.0,"turns":2.0},{"damage":0.0,"enemies":"Exordium Wildlife","floor":11.0,"turns":2.0},{"damage":16.0,"enemies":"Gremlin Nob","floor":12.0,"turns":3.0},{"damage":0.0,"enemies":"Slime Boss","floor":16.0,"turns":4.0},{"damage":19,"enemies":"2 Thieves","floor":18,"turns":3},{"damage":23,"enemies":"Spheric Guardian","floor":19,"turns":4},{"damage":24,"enemies":"Masked Bandits","floor":20,"turns":2}],"seed_played":"6093604992863053371","potions_obtained":[{"floor":1.0,"key":"FearPotion"},{"floor":2.0,"key":"SteroidPotion"},{"floor":5.0,"key":"Energy Potion"},{"floor":19,"key":"Energy Potion"}],"is_trial":false,"path_per_floor":["M","M","M","?","M","R","E","M","T","M","M","E","R","?","R","B",null,"M","M","?"],"character_chosen":"ASTROLOGER","items_purchased":[],"campfire_rested":2,"item_purchase_floors":[],"current_hp_per_floor":[63,57,57,57,51,51,31,31,31,31,31,15,33,20,38,38,63,44,21,0,0],"gold":554,"neow_bonus":"REMOVE_TWO","is_daily":false,"chose_seed":false,"campfire_upgraded":1,"win_rate":0.0,"timestamp":1613049991,"path_taken":["M","M","M","?","M","R","E","M","T","?","M","E","R","?","R","BOSS","M","M","?"],"items_purchased_type":[],"build_version":"2020-12-22","purchased_purges":0,"victory":false,"max_hp_per_floor":[63,63,63,63,63,63,63,63,63,63,63,63,63,63,63,63,63,63,63,63,63],"card_choices":[{"not_picked":["astrologer:Justice","astrologer:Eclipse","astrologer:FrozenStar"],"picked":"SKIP","floor":1.0},{"not_picked":["astrologer:ReadTheStars","astrologer:StarOfCourage"],"picked":"astrologer:Fireball","floor":2.0},{"not_picked":["astrologer:Prismatic","astrologer:TheDevil"],"picked":"astrologer:Radiance","floor":3.0},{"not_picked":["astrologer:Stardust","astrologer:FrozenStar","astrologer:Still"],"picked":"SKIP","floor":5.0},{"not_picked":["astrologer:Still","astrologer:TheHighPriestess"],"picked":"astrologer:StarOfRegret","floor":7.0},{"not_picked":["astrologer:ReadTheStars","astrologer:Stardust"],"picked":"astrologer:Opposition","floor":8.0},{"not_picked":["astrologer:TheTower","astrologer:FrozenStar","astrologer:Opposition"],"picked":"SKIP","floor":10.0},{"not_picked":["astrologer:Radiance","astrologer:Eclipse"],"picked":"astrologer:Sunrise","floor":11.0},{"not_picked":["astrologer:BlackHole","astrologer:Radiance","astrologer:TheLovers"],"picked":"SKIP","floor":12.0},{"not_picked":["astrologer:Observe","astrologer:StarOfChange"],"picked":"astrologer:TheStar","floor":18},{"not_picked":["astrologer:ReadTheStars+1","astrologer:Stardust","astrologer:Radiance"],"picked":"SKIP","floor":19}],"player_experience":498084,"relics_obtained":[{"floor":7.0,"key":"Girya"},{"floor":9.0,"key":"Frozen Egg 2"},{"floor":12.0,"key":"Bird Faced Urn"}],"event_choices":[{"damage_healed":0.0,"max_hp_gain":0.0,"max_hp_loss":0.0,"gold_gain":0.0,"event_name":"FaceTrader","player_choice":"Trade","floor":4.0,"gold_loss":0.0,"damage_taken":0.0,"relics_obtained":["SsserpentHead"]},{"damage_healed":0.0,"max_hp_gain":0.0,"max_hp_loss":0.0,"gold_gain":0.0,"event_name":"Shining Light","player_choice":"Entered Light","floor":14.0,"gold_loss":0.0,"damage_taken":13.0,"cards_upgraded":["astrologer:TheFool","astrologer:Strike"]},{"damage_healed":0,"gold_gain":0,"player_choice":"Fought Bandits","damage_taken":0,"max_hp_gain":0,"max_hp_loss":0,"event_name":"Masked Bandits","floor":20,"gold_loss":0}],"is_beta":false,"boss_relics":[{"not_picked":["SlaversCollar","Velvet Choker"],"picked":"Black Star"}],"items_purged_floors":[],"is_endless":false,"potions_floor_spawned":[1,2,5,10,11,19],"killed_by":"Masked Bandits","ascension_level":3}}