{"host":"42xf941fomyavgzy","time":1613037044,"event":{"mods":["Act Like it!","Astrologer","BaseMod","Colored Map","Minty Spire (QoL Compilation)","Shop Mod","StSLib","SuperFastMode","The Cursed"],"gold_per_floor":[112,129,146,163,163,163,163,163,163,193,210,220,220,220,220,320,320,309,322,322,337,337,337],"floor_reached":22,"language":"JPN","playtime":1057,"items_purged":[],"score":254,"play_id":"f726c5a1-b5a8-41ee-9df9-03f79e910a32","local_time":"20210211185044","is_ascension_mode":true,"campfire_choices":[{"data":"Trip","floor":6,"key":"SMITH"},{"data":"Wild Strike","floor":8,"key":"SMITH"},{"data":"Flame Barrier","floor":13,"key":"SMITH"},{"data":"Disarm","floor":15,"key":"SMITH"}],"circlet_count":0,"master_deck":["Strike_R","Strike_R","Strike_R","Defend_R+1","Defend_R","Defend_R","Defend_R+1","Bash","Trip+1","Headbutt","Iron Wave","Cleave","Wild Strike+1","Flame Barrier+1","Disarm+1","Flex","Reckless Charge","Barricade","Clothesline+1","Flame Barrier","Power Through","Body Slam"],"relics":["Burning Blood","PreservedInsect","Bottled Flame","Mark of Pain"],"acts_visited":["Exordium","TheCity"],"potions_floor_usage":[12,21],"damage_taken":[{"damage":0,"enemies":"Small Slimes","floor":1,"turns":3},{"damage":2,"enemies":"2 Louse","floor":2,"turns":2},{"damage":2,"enemies":"Jaw Worm","floor":3,"turns":3},{"damage":9,"enemies":"Blue Slaver","floor":4,"turns":4},{"damage":7,"enemies":"Gremlin Nob","floor":10,"turns":3},{"damage":1,"enemies":"Looter","floor":11,"turns":3},{"damage":1,"enemies":"Exordium Wildlife","floor":12,"turns":3},{"damage":31,"enemies":"The Guardian","floor":16,"turns":10},{"damage":22,"enemies":"2 Thieves","floor":18,"turns":4},{"damage":7,"enemies":"Shell Parasite","floor":19,"turns":5},{"damage":31,"enemies":"Cultist and Chosen","floor":21,"turns":9},{"damage":34,"enemies":"3 Cultists","floor":22,"turns":5}],"seed_played":"1883700038322003487","potions_obtained":[{"floor":1,"key":"BlessingOfTheForge"},{"floor":2,"key":"DistilledChaos"},{"floor":4,"key":"SpeedPotion"},{"floor":19,"key":"EssenceOfSteel"}],"is_trial":false,"path_per_floor":["M","M","M","M","?","R","?","R","T","E","M","M","R","?","R","B",null,"M","M","?","M","M"],"character_chosen":"IRONCLAD","items_purchased":[],"campfire_rested":0,"item_purchase_floors":[],"current_hp_per_floor":[78,80,80,77,61,61,54,54,54,53,58,63,63,63,63,38,70,54,53,53,28,0,0],"gold":337,"neow_bonus":"RANDOM_COLORLESS","is_daily":false,"chose_seed":false,"campfire_upgraded":4,"win_rate":0.0,"timestamp":1613037044,"path_taken":["M","M","M","M","?","R","?","R","T","E","M","M","R","?","R","BOSS","M","M","?","M","M"],"items_purchased_type":[],"build_version":"2020-12-22","purchased_purges":0,"victory":false,"max_hp_per_floor":[80,80,80,80,80,80,80,80,80,80,80,80,80,80,80,80,80,80,80,80,80,80,80],"card_choices":[{"not_picked":["Blind","Finesse"],"picked":"Trip","floor":0},{"not_picked":["Thunderclap","Intimidate"],"picked":"Headbutt","floor":1},{"not_picked":["Rupture","Thunderclap"],"picked":"Iron Wave","floor":2},{"not_picked":["Iron Wave","Entrench"],"picked":"Cleave","floor":3},{"not_picked":["Intimidate","True Grit"],"picked":"Wild Strike","floor":4},{"not_picked":["Warcry","Feed"],"picked":"Flame Barrier","floor":10},{"not_picked":["Shockwave","Heavy Blade"],"picked":"Disarm","floor":11},{"not_picked":["Thunderclap","Rage"],"picked":"Flex","floor":12},{"not_picked":["Bludgeon","Demon Form"],"picked":"Barricade","floor":16},{"not_picked":["Havoc+1","Dual Wield+1"],"picked":"Clothesline+1","floor":18},{"not_picked":["Twin Strike","Cleave"],"picked":"Flame Barrier","floor":19},{"not_picked":["Wild Strike","Intimidate"],"picked":"Body Slam","floor":21}],"player_experience":468018,"relics_obtained":[{"floor":9,"key":"PreservedInsect"},{"floor":10,"key":"Bottled Flame"}],"event_choices":[{"damage_healed":0,"gold_gain":0,"player_choice":"Entered Light","damage_taken":16,"max_hp_gain":0,"max_hp_loss":0,"event_name":"Shining Light","floor":5,"gold_loss":0,"cards_upgraded":["Defend_R","Defend_R"]},{"cards_removed":["Strike_R"],"damage_healed":0,"gold_gain":0,"player_choice":"Card Removal","damage_taken":7,"max_hp_gain":0,"max_hp_loss":0,"event_name":"Golden Wing","floor":7,"gold_loss":0},{"damage_healed":0,"gold_gain":0,"cards_transformed":["Strike_R"],"player_choice":"Change","damage_taken":0,"max_hp_gain":0,"max_hp_loss":0,"event_name":"Living Wall","floor":14,"gold_loss":0,"cards_obtained":["Reckless Charge"]},{"damage_healed":0,"gold_gain":0,"player_choice":"Read","damage_taken":0,"max_hp_gain":0,"max_hp_loss":0,"event_name":"The Library","floor":20,"gold_loss":0,"cards_obtained":["Power Through"]}],"is_beta":false,"boss_relics":[{"not_picked":["Black Star","Fusion Hammer"],"picked":"Mark of Pain"}],"items_purged_floors":[],"is_endless":false,"potions_floor_spawned":[1,2,4,19],"killed_by":"3 Cultists","ascension_level":7}}