{"host":"o3b7ow6d1xe49css","time":1613033991,"event":{"mods":["Act Like it!","Aspiration","BaseMod","Bestiary","Better Altar","Better Match","Better Note","Better Sensory Stone","Better Skull","Better Third Choice","Colored Powertips","Conspire","Energized Spire","GifTheSpireLib","Halation","Hermit","Hubris","Infinite Spire","Lobotomy","Marisa????????","Minty Spire (QoL Compilation)","Quick Restart","Rare Cards Sparkle","Relic Filter Mod","Reliquary","Replay The Spire","Spicy Shops","Spikes Relics","Spire Arcade","StSLib","Stuff the Spire","The Blue Laboratory","Wandering Minibosses"],"gold_per_floor":[119,132,144,161,185,185,185,214,214,240,240,265,265,2,2,2,2],"floor_reached":16,"language":"ENG","playtime":622,"items_purged":[],"score":204,"play_id":"a2318541-d214-41a3-8640-e2609529740b","local_time":"20210210235951","daily_mods":["Heirloom","Flight"],"is_ascension_mode":true,"campfire_choices":[{"data":"BlessedFruit","floor":6,"key":"SMITH"},{"data":"BlessedFruit","floor":7,"key":"SMITH"},{"data":"PropBag","floor":11,"key":"SMITH"},{"data":"WitchOfGreed","floor":15,"key":"SMITH"}],"circlet_count":0,"master_deck":["Strike_MRS","Strike_MRS","Strike_MRS","Strike_MRS","Defend_MRS","Defend_MRS","Defend_MRS","Defend_MRS","MasterSpark","UpSweep","BlessedFruit+1","BlessedFruit+1","PropBag+1","Scorched","EarthLightRay","GrandCross","EnergyRecoil","hubris:Gluttony","WitchOfGreed+1"],"relics":["MiniHakkero","HeavenlyBonsai","CogitoBucket","halation:KoshaPiece","reliquary:BoilingFlask","reliquary:Aerogel","Simple Rune","Vajra","Ring of Panic","Omamori","Mummified Hand"],"acts_visited":["Exordium"],"potions_floor_usage":[8,10,16],"damage_taken":[{"damage":5,"enemies":"Cultist","floor":1,"turns":4},{"damage":10,"enemies":"Small Slimes","floor":2,"turns":3},{"damage":2,"enemies":"Jaw Worm","floor":3,"turns":6},{"damage":8,"enemies":"Blue Slaver","floor":4,"turns":3},{"damage":15,"enemies":"3 Sentries","floor":8,"turns":5},{"damage":0,"enemies":"Gremlin Nob","floor":10,"turns":2},{"damage":7,"enemies":"3 Sentries","floor":12,"turns":3},{"damage":43,"enemies":"Hexaghost","floor":16,"turns":6}],"seed_played":"4923905915397829498","potions_obtained":[{"floor":4,"key":"BottledSpark"},{"floor":8,"key":"LiquidMemories"},{"floor":12,"key":"blueLaboratory:LouseDecoction"}],"is_trial":true,"path_per_floor":["M","M","M","M","T","R","R","E","T","E","R","E","?","$","R","B"],"character_chosen":"MARISA","items_purchased":["Omamori","WitchOfGreed","SkillPotion"],"campfire_rested":0,"item_purchase_floors":[14,14,14],"current_hp_per_floor":[72,64,64,61,61,61,61,54,54,58,58,55,55,55,55,20,20],"gold":2,"neow_bonus":"","is_daily":false,"chose_seed":false,"campfire_upgraded":4,"win_rate":0.0,"timestamp":1613033991,"path_taken":["M","M","M","M","?","R","R","E","T","E","R","E","?","$","R","BOSS"],"items_purchased_type":["Relic","Card","Potion"],"build_version":"2020-12-22","purchased_purges":0,"victory":false,"max_hp_per_floor":[77,79,81,82,82,82,82,86,86,86,86,90,90,90,90,94,94],"card_choices":[{"not_picked":["OSAHOGD","FairyFestival","WallGazer"],"picked":"Singing Bowl","floor":1},{"not_picked":["AsteroidBelt","ShootingEcho","DarkMatter"],"picked":"SKIP","floor":1},{"not_picked":["PulseMagic","Occultation"],"picked":"PropBag","floor":2},{"not_picked":["SpiderBud","QueenOfHatred"],"picked":"Scorched","floor":2},{"not_picked":["Orbital","IllusionStar"],"picked":"EarthLightRay","floor":3},{"not_picked":["SpiderBud","LittleHelper","LaLuna"],"picked":"Singing Bowl","floor":3},{"not_picked":["Wellcheers","VoidDream","FairyFestival"],"picked":"Singing Bowl","floor":4},{"not_picked":["GravityBeat","OneTimeOff","StarBarrage"],"picked":"SKIP","floor":4},{"not_picked":["Acceleration","AlicesGift"],"picked":"GrandCross","floor":8},{"not_picked":["LittleHelper","MeatLantern","SingingMachine"],"picked":"Singing Bowl","floor":10},{"not_picked":["Singularity","UnstableBomb","AlicesGift"],"picked":"SKIP","floor":10},{"not_picked":["UnstableBomb","CasketOfStar"],"picked":"EnergyRecoil","floor":12}],"player_experience":1362511,"relics_obtained":[{"floor":5,"key":"halation:KoshaPiece"},{"floor":8,"key":"reliquary:BoilingFlask"},{"floor":9,"key":"reliquary:Aerogel"},{"floor":10,"key":"Simple Rune"},{"floor":12,"key":"Vajra"},{"floor":13,"key":"Ring of Panic"}],"event_choices":[],"is_beta":false,"boss_relics":[],"items_purged_floors":[],"is_endless":false,"potions_floor_spawned":[4,8,12],"killed_by":"Hexaghost","ascension_level":5}}