{"host":"86nc795wsqxyrbm0","time":1613087803,"event":{"mods":["AchievementEnabler","BaseMod","Colored Map","Duelist Mod","Minty Spire (QoL Compilation)","StSLib"],"gold_per_floor":[114,124,144,219,219,219,248,260,332,343,343,367,367,245,245,324,324,339,358,371,187,200,200,219,219,219],"floor_reached":25,"language":"ENG","playtime":1459,"items_purged":["Strike_R","Strike_R"],"score":384,"play_id":"424d801b-cb74-4790-b398-abc3306ef338","local_time":"20210211235643","is_ascension_mode":true,"campfire_choices":[{"data":"Armaments","floor":6,"key":"SMITH"},{"floor":11,"key":"REST"},{"data":"Inflame","floor":13,"key":"SMITH"},{"floor":15,"key":"REST"},{"floor":23,"key":"REST"}],"circlet_count":0,"master_deck":["AscendersBane","Strike_R+1","Strike_R","Strike_R","Defend_R","Defend_R","Defend_R","Defend_R","Bash+1","Sword Boomerang","Armaments+1","Pommel Strike","Feed","Inflame+1","Ghostly Armor","Flex","Feed","Body Slam","Good Instincts","Entrench"],"relics":["Black Blood","Torii","Question Card","Whetstone"],"acts_visited":["Exordium","TheCity"],"potions_floor_usage":[8,10,19,20,22],"damage_taken":[{"damage":7,"enemies":"Jaw Worm","floor":1,"turns":5},{"damage":4,"enemies":"2 Louse","floor":2,"turns":3},{"damage":11,"enemies":"Cultist","floor":3,"turns":4},{"damage":45,"enemies":"Gremlin Nob","floor":7,"turns":5},{"damage":3,"enemies":"Exordium Thugs","floor":8,"turns":5},{"damage":25,"enemies":"Exordium Wildlife","floor":10,"turns":5},{"damage":40,"enemies":"Slime Boss","floor":16,"turns":11},{"damage":13,"enemies":"Chosen","floor":18,"turns":4},{"damage":22,"enemies":"3 Byrds","floor":19,"turns":8},{"damage":75,"enemies":"3 Cultists","floor":20,"turns":6},{"damage":23,"enemies":"Centurion and Healer","floor":22,"turns":7},{"damage":26,"enemies":"Snake Plant","floor":24,"turns":6},{"damage":45,"enemies":"theDuelist:KaibaA2","floor":25,"turns":11}],"seed_played":"9015806236315649819","potions_obtained":[{"floor":3,"key":"Energy Potion"},{"floor":8,"key":"Swift Potion"},{"floor":16,"key":"Regen Potion"},{"floor":19,"key":"ColorlessPotion"},{"floor":20,"key":"Swift Potion"}],"is_trial":false,"path_per_floor":["M","M","M","?","?","R","E","M","T","M","R","T","R","$","R","B",null,"M","M","M","$","M","R","M","E"],"character_chosen":"IRONCLAD","items_purchased":["Flex","Good Instincts"],"campfire_rested":3,"item_purchase_floors":[14,21],"current_hp_per_floor":[74,76,71,60,60,60,21,27,27,11,37,37,37,37,63,33,77,79,88,28,28,20,51,37,0,0],"gold":219,"neow_bonus":"TEN_PERCENT_HP_BONUS","is_daily":false,"chose_seed":false,"campfire_upgraded":2,"win_rate":0.0,"timestamp":1613087803,"path_taken":["M","M","M","?","?","R","E","?","T","M","R","?","R","?","R","BOSS","M","M","M","$","M","R","M","E"],"items_purchased_type":["Card","Card"],"build_version":"2020-12-22","purchased_purges":2,"victory":false,"max_hp_per_floor":[82,82,82,82,82,82,82,85,85,88,88,88,88,88,88,92,92,95,99,102,102,105,105,105,105,105],"card_choices":[{"not_picked":["Infernal Blade","Combust"],"picked":"Sword Boomerang","floor":1},{"not_picked":["Seeing Red","Cleave"],"picked":"Armaments","floor":2},{"not_picked":["Sever Soul","Sentinel"],"picked":"Pommel Strike","floor":3},{"not_picked":["Pummel","Infernal Blade"],"picked":"Feed","floor":7},{"not_picked":["Sentinel","Cleave"],"picked":"Inflame","floor":8},{"not_picked":["Shrug It Off","Rampage","Sword Boomerang"],"picked":"Ghostly Armor","floor":10},{"not_picked":["Exhume","Bludgeon","Immolate"],"picked":"Feed","floor":16},{"not_picked":["Seeing Red","Clothesline","Armaments","Wild Strike"],"picked":"SKIP","floor":18},{"not_picked":["True Grit","Metallicize+1","Headbutt"],"picked":"Body Slam","floor":19},{"not_picked":["Thunderclap","Immolate","Sword Boomerang","Combust"],"picked":"SKIP","floor":20},{"not_picked":["Clash","Hemokinesis","Second Wind"],"picked":"Entrench","floor":22},{"not_picked":["Flex","Searing Blow","Reckless Charge","Pommel Strike"],"picked":"SKIP","floor":24}],"player_experience":555396,"relics_obtained":[{"floor":7,"key":"Torii"},{"floor":9,"key":"Question Card"},{"floor":12,"key":"Whetstone"}],"event_choices":[{"damage_healed":0,"gold_gain":75,"player_choice":"Gather Gold","damage_taken":11,"max_hp_gain":0,"max_hp_loss":0,"event_name":"World of Goop","floor":4,"gold_loss":0},{"damage_healed":0,"gold_gain":0,"player_choice":"0 cards matched","damage_taken":0,"max_hp_gain":0,"max_hp_loss":0,"event_name":"Match and Keep!","floor":5,"gold_loss":0,"cards_obtained":[]}],"is_beta":false,"boss_relics":[{"not_picked":["Tiny House","Ectoplasm"],"picked":"Black Blood"}],"items_purged_floors":[14,21],"is_endless":false,"potions_floor_spawned":[3,8,16,19,20],"killed_by":"theDuelist:KaibaA2","ascension_level":15}}