{"host":"gaqyve1328ta0etl","time":1613025602,"event":{"mods":["BaseMod","Colored Map","Colored Powertips","Duelist Mod","Googly Eyes","Hero for Fun","Minty Spire (QoL Compilation)","Shop Mod","StSLib","SuperFastMode","The Hierophant","The Runesmith"],"gold_per_floor":[219,231,7,7,26,26,101,111,111,111,131,144,144,173,173,277,277,291,291,291],"floor_reached":19,"language":"ENG","playtime":532,"items_purged":[],"score":291,"play_id":"d488f882-fe34-4d9f-accd-be15a737fe42","local_time":"20210210224002","is_ascension_mode":true,"campfire_choices":[{"data":"Gash","floor":6.0,"key":"SMITH"},{"floor":10.0,"key":"REST"},{"floor":13.0,"key":"REST"},{"floor":15.0,"key":"REST"}],"circlet_count":0,"master_deck":["AscendersBane","Strike_B","Strike_B","Strike_B","Strike_B","Defend_B","Defend_B","Defend_B","Defend_B","Zap","Dualcast","Barrage","Ball Lightning","Reprogram","Gash+1","Hologram","Coolheaded","Biased Cognition"],"relics":["Cracked Core","Akabeko","Mummified Hand","StrikeDummy","Inserter"],"acts_visited":["Exordium","TheCity"],"potions_floor_usage":[],"damage_taken":[{"damage":0.0,"enemies":"2 Louse","floor":1.0,"turns":3.0},{"damage":1.0,"enemies":"Cultist","floor":2.0,"turns":4.0},{"damage":0.0,"enemies":"Small Slimes","floor":5.0,"turns":2.0},{"damage":25.0,"enemies":"Gremlin Gang","floor":8.0,"turns":3.0},{"damage":0.0,"enemies":"2 Fungi Beasts","floor":11.0,"turns":2.0},{"damage":44.0,"enemies":"Exordium Thugs","floor":12.0,"turns":5.0},{"damage":0.0,"enemies":"3 Sentries","floor":14.0,"turns":4.0},{"damage":33.0,"enemies":"The Guardian","floor":16.0,"turns":14.0},{"damage":33,"enemies":"2 Thieves","floor":18,"turns":4},{"damage":29,"enemies":"3 Byrds","floor":19,"turns":4}],"seed_played":"7740605769091406827","potions_obtained":[{"floor":4.0,"key":"LiquidMemories"},{"floor":4.0,"key":"EntropicBrew"},{"floor":4.0,"key":"DistilledChaos"},{"floor":12.0,"key":"Block Potion"},{"floor":14.0,"key":"PotionOfCapacity"},{"floor":16.0,"key":"Dexterity Potion"},{"floor":18,"key":"FearPotion"}],"is_trial":false,"path_per_floor":["M","M","$","?","M","R","?","M","T","R","M","M","R","E","R","B",null,"M","M"],"character_chosen":"DEFECT","items_purchased":["Akabeko","Reprogram"],"campfire_rested":3,"item_purchase_floors":[3,3],"current_hp_per_floor":[68,67,67,67,67,67,60,35,35,57,57,13,35,35,57,24,62,29,0,0],"gold":291,"neow_bonus":"HUNDRED_GOLD","is_daily":false,"chose_seed":false,"campfire_upgraded":1,"win_rate":0.0,"timestamp":1613025602,"path_taken":["M","M","$","?","?","R","?","M","T","R","?","M","R","E","R","BOSS","M","M"],"items_purchased_type":["Relic","Card"],"build_version":"2020-12-22","purchased_purges":0,"victory":false,"max_hp_per_floor":[75,75,75,75,75,75,75,75,75,75,75,75,75,75,75,75,75,75,75,75],"card_choices":[{"not_picked":["Compile Driver","Beam Cell"],"picked":"Barrage","floor":1.0},{"not_picked":["Sunder","Heatsinks"],"picked":"Ball Lightning","floor":2.0},{"not_picked":["Cold Snap","Streamline"],"picked":"Gash","floor":5.0},{"not_picked":["Sweeping Beam","Streamline"],"picked":"Hologram","floor":8.0},{"not_picked":["Steam Power","Hello World","Streamline"],"picked":"SKIP","floor":11.0},{"not_picked":["Turbo","Aggregate","Cold Snap"],"picked":"SKIP","floor":12.0},{"not_picked":["Turbo","Creative AI"],"picked":"Coolheaded","floor":14.0},{"not_picked":["Meteor Strike","Machine Learning"],"picked":"Biased Cognition","floor":16.0},{"not_picked":["Rebound","Static Discharge","Leap"],"picked":"SKIP","floor":18}],"player_experience":2111031,"relics_obtained":[{"floor":9.0,"key":"Mummified Hand"},{"floor":14.0,"key":"StrikeDummy"}],"event_choices":[{"damage_healed":0.0,"max_hp_gain":0.0,"max_hp_loss":0.0,"gold_gain":0.0,"event_name":"Lab","player_choice":"Got Potions","floor":4.0,"gold_loss":0.0,"damage_taken":0.0},{"damage_healed":0.0,"max_hp_gain":0.0,"max_hp_loss":0.0,"gold_gain":75.0,"event_name":"FaceTrader","player_choice":"Touch","floor":7.0,"gold_loss":0.0,"damage_taken":7.0}],"is_beta":false,"boss_relics":[{"not_picked":["Snecko Eye","SacredBark"],"picked":"Inserter"}],"items_purged_floors":[],"is_endless":false,"potions_floor_spawned":[11,12,14,16,18],"killed_by":"3 Byrds","ascension_level":10}}