{"host":"bplbr8uekuotory4","time":1613026646,"event":{"mods":["Act Like it!","BaseMod","GungeonMod","Hermit","KinomotoSakuraMod(ƒæ÷Æ±æ”£)","Marisa£®ÏF”Í°°ƒß¿Ì…≥£©","Minty Spire (QoL Compilation)","Prisma Mod","Quick Restart","Reimu£®≤©¿ˆ¡È√Œ£©","SOS£®Àπ∞Õ¥Ô÷Æ◊”£©","Spicy Shops","StSLib","TestMod","The Blackbeard","The Cursed","The Mystic","The Poker Player","The Saiyan","The Senshi","The Servant 0.9.4","Yuri Mod","[IsaacMod]“‘»ˆº‚À˛"],"gold_per_floor":[116,135,16,34,54,54,85,100,179,179,218,218,163,113,113,133,133,133],"floor_reached":16,"language":"ZHS","playtime":272,"items_purged":["blackbeard:BlackbeardDefend","blackbeard:BlackbeardStrike"],"score":210,"play_id":"c213254e-95da-44e8-8055-a7d5f53dbc48","local_time":"20210211145726","is_ascension_mode":true,"campfire_choices":[{"data":"blackbeard:Rum","floor":6,"key":"SMITH"},{"data":"blackbeard:BuriedTreasure","floor":12,"key":"SMITH"},{"data":"blackbeard:InfiniteBarrage","floor":15,"key":"SMITH"}],"circlet_count":0,"master_deck":["AscendersBane","blackbeard:BlackbeardStrike","blackbeard:BlackbeardStrike","blackbeard:IntimidatingStrike","blackbeard:BlackbeardDefend","blackbeard:BlackbeardDefend","blackbeard:BlackbeardDefend","blackbeard:Cutlass","blackbeard:Rum+1","blackbeard:JollyRoger","blackbeard:BuriedTreasure+1","blackbeard:Toast","blackbeard:InfiniteBarrage+1"],"relics":["blackbeard:LoadTheCannons","testmod-TestBox","HushsDoor","SteamSale","testmod-BlackFramedGlasses","NeowsBlessing","Bag of Marbles","Damocles","Matryoshka","PillsDrop","Letter Opener","InkBottle","Bottled Lightning","CeramicFish","DeadEye","Golden Idol","theSenshi:SailorFukuRelic","Membership Card","Juzu Bracelet","Strange Spoon","Ancient Tea Set","Pen Nib","DoctorsRemote"],"acts_visited":["Exordium"],"potions_floor_usage":[7,16],"damage_taken":[{"damage":0,"enemies":"Cultist","floor":1,"turns":1},{"damage":0,"enemies":"Small Slimes","floor":2,"turns":1},{"damage":0,"enemies":"Jaw Worm","floor":4,"turns":1},{"damage":0,"enemies":"Exordium Wildlife","floor":5,"turns":1},{"damage":0,"enemies":"Gremlin Nob","floor":7,"turns":2},{"damage":7,"enemies":"Blue Slaver","floor":8,"turns":3},{"damage":0,"enemies":"Gremlin Gang","floor":11,"turns":1},{"damage":10,"enemies":"The Guardian","floor":16,"turns":6}],"seed_played":"-6512694601555803513","potions_obtained":[{"floor":2,"key":"BlessingOfTheForge"},{"floor":8,"key":"AttackPotion"}],"is_trial":false,"path_per_floor":["M","M","$","M","M","R","E","M","T","?","M","R","$","?","R","B"],"character_chosen":"BLACKBEARD_CLASS","items_purchased":["Bag of Marbles","Damocles","Membership Card","Juzu Bracelet","Strange Spoon","Ancient Tea Set","Pen Nib","DoctorsRemote","blackbeard:Toast","PowerPotion","blackbeard:InfiniteBarrage"],"campfire_rested":0,"item_purchase_floors":[3,3,13,13,13,13,13,13,13,13,13],"current_hp_per_floor":[69,70,70,71,72,72,74,70,70,52,53,53,53,53,53,0,0,0],"gold":133,"neow_bonus":"THREE_ENEMY_KILL","is_daily":false,"chose_seed":false,"campfire_upgraded":3,"win_rate":0.0,"timestamp":1613026646,"path_taken":["M","M","$","M","M","R","E","M","T","?","M","R","$","?","R","BOSS"],"items_purchased_type":["Relic","Relic","Relic","Relic","Relic","Relic","Relic","Relic","Card","Potion","Card"],"build_version":"2020-12-22","purchased_purges":2,"victory":false,"max_hp_per_floor":[75,75,75,75,75,75,75,75,75,75,75,75,75,75,75,75,75,75],"card_choices":[{"not_picked":[],"picked":"Bomb","floor":0},{"not_picked":["blackbeard:Toast","blackbeard:BeatUp"],"picked":"Bomb","floor":1},{"not_picked":["blackbeard:CaptainsCabin","blackbeard:Shrapnel"],"picked":"blackbeard:Rum","floor":2},{"not_picked":["blackbeard:DoubleBottom","blackbeard:Parrot"],"picked":"Bomb","floor":4},{"not_picked":["blackbeard:InfiniteBarrage","blackbeard:Rum"],"picked":"blackbeard:JollyRoger","floor":5},{"not_picked":["blackbeard:Shrapnel","blackbeard:GhostInTheRum","blackbeard:DeadlyArsenal"],"picked":"SKIP","floor":7},{"not_picked":["blackbeard:PiratesWill","blackbeard:ChaoticDefense"],"picked":"blackbeard:BuriedTreasure","floor":8},{"not_picked":["blackbeard:SmithingHammer","blackbeard:Sharpening","blackbeard:TerrorOfTheSeas"],"picked":"SKIP","floor":11}],"player_experience":1136418,"relics_obtained":[{"floor":4,"key":"Matryoshka"},{"floor":5,"key":"PillsDrop"},{"floor":7,"key":"Letter Opener"},{"floor":7,"key":"InkBottle"},{"floor":8,"key":"Bottled Lightning"},{"floor":9,"key":"CeramicFish"},{"floor":9,"key":"DeadEye"},{"floor":11,"key":"theSenshi:SailorFukuRelic"}],"event_choices":[{"damage_healed":0,"gold_gain":0,"player_choice":"Take Damage","damage_taken":18,"relics_obtained":["Golden Idol"],"max_hp_gain":0,"max_hp_loss":0,"event_name":"Golden Idol","floor":10,"gold_loss":0},{"cards_removed":["blackbeard:BlackbeardStrike"],"damage_healed":0,"gold_gain":0,"player_choice":"Card Removal","damage_taken":0,"max_hp_gain":0,"max_hp_loss":0,"event_name":"The Cleric","floor":14,"gold_loss":50}],"is_beta":false,"boss_relics":[],"items_purged_floors":[3,13],"is_endless":false,"potions_floor_spawned":[2,8],"killed_by":"The Guardian","ascension_level":13}}