{"host":"42xf941fomyavgzy","time":1613008630,"event":{"mods":["Act Like it!","Astrologer","BaseMod","Colored Map","Minty Spire (QoL Compilation)","Shop Mod","StSLib","SuperFastMode","The Cursed"],"gold_per_floor":[112,74,84,184,194,219,219,253,301,301,331,331,348,405,405,505,505,515,546,645,645,232,232,232],"floor_reached":23,"language":"JPN","playtime":1198,"items_purged":["Strike_P"],"score":256,"play_id":"a1fc5ad1-00d8-4f7a-ace3-8b78ce47b12a","local_time":"20210211105710","is_ascension_mode":true,"campfire_choices":[{"data":"WheelKick","floor":7,"key":"SMITH"},{"floor":10,"key":"REST"},{"floor":15,"key":"REST"}],"circlet_count":0,"master_deck":["Strike_P","Strike_P","Strike_P","Defend_P","Defend_P","Defend_P","Defend_P","Eruption","Vigilance","Pray","WheelKick+1","DeceiveReality","CutThroughFate","Prostrate","EmptyFist","Tantrum","Evaluate","FollowUp","Brilliance","CurseOfTheBell","Adaptation","Fasting2","SashWhip","Enlightenment"],"relics":["PureWater","NeowsBlessing","StrikeDummy","Boot","Juzu Bracelet","Lantern","Du-Vu Doll","Calling Bell","Art of War","Pear","Torii","Red Mask","Regal Pillow"],"acts_visited":["Exordium","TheCity"],"potions_floor_usage":[16,19,23],"damage_taken":[{"damage":0,"enemies":"2 Louse","floor":1,"turns":1},{"damage":0,"enemies":"Cultist","floor":3,"turns":1},{"damage":0,"enemies":"Jaw Worm","floor":5,"turns":1},{"damage":49,"enemies":"Lagavulin","floor":6,"turns":10},{"damage":22,"enemies":"Gremlin Nob","floor":8,"turns":4},{"damage":13,"enemies":"Lagavulin","floor":11,"turns":7},{"damage":0,"enemies":"3 Louse","floor":13,"turns":1},{"damage":2,"enemies":"3 Sentries","floor":14,"turns":8},{"damage":5,"enemies":"The Guardian","floor":16,"turns":7},{"damage":0,"enemies":"Chosen","floor":18,"turns":3},{"damage":0,"enemies":"Masked Bandits","floor":19,"turns":2},{"damage":107,"enemies":"Slavers","floor":23,"turns":6}],"seed_played":"-2956601044308798095","potions_obtained":[{"floor":6,"key":"SneckoOil"},{"floor":8,"key":"FairyPotion"},{"floor":13,"key":"FearPotion"},{"floor":18,"key":"LiquidMemories"}],"is_trial":false,"path_per_floor":["M","$","M","?","M","E","R","E","T","R","E","?","M","?","R","B",null,"M","?","?","?","$","E"],"character_chosen":"WATCHER","items_purchased":["WheelKick","Regal Pillow","Fasting2","SashWhip","Enlightenment"],"campfire_rested":2,"item_purchase_floors":[2,22,22,22,22],"current_hp_per_floor":[72,72,72,72,72,23,23,1,1,22,9,9,9,7,28,23,70,70,70,70,70,70,0,0],"gold":232,"neow_bonus":"THREE_ENEMY_KILL","is_daily":false,"chose_seed":false,"campfire_upgraded":1,"win_rate":0.0,"timestamp":1613008630,"path_taken":["M","$","M","?","?","E","R","E","T","R","E","?","M","?","R","BOSS","M","?","?","?","$","E"],"items_purchased_type":["Card","Relic","Card","Card","Card"],"build_version":"2020-12-22","purchased_purges":1,"victory":false,"max_hp_per_floor":[72,72,72,72,72,72,72,72,72,72,72,72,72,72,72,72,82,82,82,82,82,82,82,82],"card_choices":[{"not_picked":["PathToVictory","WindmillStrike"],"picked":"Pray","floor":1},{"not_picked":["Crescendo","PathToVictory"],"picked":"DeceiveReality","floor":3},{"not_picked":["Sanctity","ThirdEye"],"picked":"CutThroughFate","floor":5},{"not_picked":["Meditate","WaveOfTheHand"],"picked":"Prostrate","floor":6},{"not_picked":["SpiritShield","EmptyBody"],"picked":"EmptyFist","floor":8},{"not_picked":["Sanctity","Consecrate"],"picked":"Tantrum","floor":11},{"not_picked":["EmptyMind","CarveReality"],"picked":"Evaluate","floor":13},{"not_picked":["Collect","WreathOfFlame"],"picked":"FollowUp","floor":14},{"not_picked":["Alpha","Judgement"],"picked":"Brilliance","floor":16},{"not_picked":["Halt","Nirvana","Evaluate"],"picked":"SKIP","floor":18},{"not_picked":["Wireheading","SandsOfTime"],"picked":"Adaptation","floor":19}],"player_experience":462223,"relics_obtained":[{"floor":6,"key":"StrikeDummy"},{"floor":8,"key":"Boot"},{"floor":9,"key":"Juzu Bracelet"},{"floor":11,"key":"Lantern"},{"floor":14,"key":"Du-Vu Doll"},{"floor":17,"key":"Art of War"},{"floor":17,"key":"Pear"},{"floor":17,"key":"Torii"},{"floor":19,"key":"Red Mask"}],"event_choices":[{"damage_healed":0,"gold_gain":100,"player_choice":"Gold","damage_taken":0,"max_hp_gain":0,"max_hp_loss":0,"event_name":"Wheel of Change","floor":4,"gold_loss":0},{"damage_healed":0,"gold_gain":0,"player_choice":"Fled","damage_taken":0,"max_hp_gain":0,"max_hp_loss":0,"event_name":"Scrap Ooze","floor":12,"gold_loss":0},{"damage_healed":0,"gold_gain":0,"player_choice":"Searched \u00272\u0027 times","damage_taken":0,"max_hp_gain":0,"max_hp_loss":0,"event_name":"Dead Adventurer","floor":14,"gold_loss":0},{"damage_healed":0,"gold_gain":0,"player_choice":"Fought Bandits","damage_taken":0,"max_hp_gain":0,"max_hp_loss":0,"event_name":"Masked Bandits","floor":19,"gold_loss":0},{"damage_healed":0,"gold_gain":99,"player_choice":"Stole From Cult","damage_taken":0,"max_hp_gain":0,"max_hp_loss":0,"event_name":"Nest","floor":20,"gold_loss":0},{"damage_healed":0,"gold_gain":0,"player_choice":"Ignored","damage_taken":0,"max_hp_gain":0,"max_hp_loss":0,"event_name":"Vampires","floor":21,"gold_loss":0}],"is_beta":false,"boss_relics":[{"not_picked":["Sozu","HolyWater"],"picked":"Calling Bell"}],"items_purged_floors":[22],"is_endless":false,"potions_floor_spawned":[6,8,13,18],"killed_by":"Slavers","ascension_level":5}}