{"host":"s3c8j1or2dc1kvg3","time":1613031419,"event":{"mods":["Act Like it!","BaseMod","Friendly Minions","Gensokyo","HololiveMod","Kiyohime（清姬）","Lobotomy","Minty Spire (QoL Compilation)","Prisma Mod","Replay The Spire","RumiaBox-露米娅的神秘盒子","Spicy Shops","StSLib","Td1madao Mod","The Animator","WarShipGirlsR/战舰少女R mod","Yakumo Yukari mod","Youmu（魂魄妖梦）","Yuri Mod"],"gold_per_floor":[117,127,140,153,153,182,199,199,246,246,246,321,321,348,348,450,500,519,532,543,570,4,4,4,15,15,47,47,47,47,73,73,193,193,223,223,253,279,299,299],"floor_reached":39,"language":"ZHS","playtime":2167,"items_purged":[],"score":408,"play_id":"2edaecbd-a241-40d4-86cf-c46b8780f603","local_time":"20210211161659","is_ascension_mode":false,"campfire_choices":[{"floor":8,"key":"REST"},{"floor":11,"key":"DIG"},{"floor":13,"key":"REST"},{"floor":15,"key":"RECALL"},{"floor":23,"key":"REST"},{"floor":32,"key":"REST"}],"circlet_count":0,"master_deck":["yuri:SelfHarm","yuri:HeavierStrike","yuri:MPose","yuri:BookPurple","yuri:Parry","yuri:Spin+1","Hololive_DiamondStrike","Blade Dance+1","Bait_HighSpeedFlying_purple","WaveOfTheHand+1","Charmbait_purple","yuri:TPose+1","yuri:TPose+1","Apotheosis+1","yuri:StealPen","animator:MisakiNakahara+1","yuri:Virus+1","yuri:RemoveSafetyChecks","yuri:NoEscape","yuri:DisableStrike","yuri:BlackTea+1","yuri:MagneticKnives","yuri:DragonForm","yuri:RemoveSafetyChecks","yuri:RelentlessStrikes","yuri:Torment+1","yuri:RelentlessStrikes","yuri:Torment+1","Melter","Amnesia","animator:YaoHaDucy","Optimization+1","Realm_recovery_purpleEX+1","Pain","ThreeKonsSevenHakus+1","animator:Kuribayashi"],"relics":["yuri:yuriKnife","Replay:Multitool","Blue Doll","Smiling Mask","PrismaticShard","Toxic Egg 2","Tiny House","ZombieArmy","yuri:PortableGlitches","Eternal Feather","SumBook","Nilry\u0027s Codex","WarpedTongs"],"acts_visited":["Exordium","TheCity","TheBeyond"],"potions_floor_usage":[33,38],"damage_taken":[{"damage":2,"enemies":"2 Louse","floor":1,"turns":3},{"damage":8,"enemies":"Cultist","floor":2,"turns":3},{"damage":2,"enemies":"Small Slimes","floor":3,"turns":3},{"damage":7,"enemies":"2 Fungi Beasts","floor":4,"turns":3},{"damage":37,"enemies":"Lagavulin","floor":6,"turns":6},{"damage":4,"enemies":"Blue Slaver","floor":7,"turns":3},{"damage":30,"enemies":"The Guardian","floor":16,"turns":8},{"damage":3,"enemies":"Chosen","floor":18,"turns":3},{"damage":12,"enemies":"3 Byrds","floor":19,"turns":4},{"damage":29,"enemies":"Shelled Parasite and Fungi","floor":20,"turns":5},{"damage":11,"enemies":"Centurion and Healer","floor":25,"turns":4},{"damage":8,"enemies":"Cultist and Chosen","floor":27,"turns":5},{"damage":15,"enemies":"Chosen and Byrds","floor":31,"turns":4},{"damage":33,"enemies":"Champ","floor":33,"turns":7},{"damage":18,"enemies":"3 Shapes","floor":35,"turns":3},{"damage":20,"enemies":"Orb Walker","floor":37,"turns":4},{"damage":34,"enemies":"Maw","floor":38,"turns":5},{"damage":8,"enemies":"4 Shapes","floor":39,"turns":1}],"seed_played":"6940293427586286118","potions_obtained":[{"floor":1,"key":"Regen Potion"},{"floor":4,"key":"AttackPotion"},{"floor":7,"key":"Elixir"},{"floor":37,"key":"BlessingOfTheForge"}],"is_trial":false,"path_per_floor":["M","M","M","M","?","E","M","R","T","?","R","?","R","T","R","B",null,"M","M","M","T","$","R","?","M","T","M","?","?","?","M","R","B",null,"M","?","M","M","M"],"character_chosen":"YURI","items_purchased":["yuri:TPose+1","Apotheosis+1","yuri:StealPen","yuri:PortableGlitches"],"campfire_rested":4,"item_purchase_floors":[22,22,22,22],"current_hp_per_floor":[70,66,68,65,65,35,38,59,59,59,59,48,69,69,69,46,77,74,62,40,40,40,63,63,59,59,51,51,35,35,20,61,40,77,59,59,39,5,0,0],"gold":299,"neow_bonus":"ONE_RARE_RELIC","is_daily":false,"chose_seed":false,"campfire_upgraded":0,"win_rate":0.0,"timestamp":1613031419,"path_taken":["M","M","M","M","?","E","?","R","T","?","R","?","R","?","R","BOSS","M","M","?","?","$","R","?","?","T","M","?","?","?","M","R","BOSS","M","?","M","M","M"],"items_purchased_type":["Card","Card","Card","Relic"],"build_version":"2020-12-22","purchased_purges":0,"victory":false,"max_hp_per_floor":[72,72,72,72,72,72,72,72,72,72,72,72,72,72,72,72,77,77,77,77,77,77,77,77,77,77,77,77,77,77,77,77,77,77,77,77,77,77,77,77],"card_choices":[{"not_picked":["yuri:ThornRemove","yuri:Skip"],"picked":"yuri:SelfHarm","floor":1},{"not_picked":["yuri:Stalk","yuri:Skip"],"picked":"yuri:HeavierStrike","floor":2},{"not_picked":["yuri:DeepBreathing","yuri:GrowingInsanity"],"picked":"yuri:MPose","floor":3},{"not_picked":["yuri:UnstableStrike","yuri:ChibiInvasion"],"picked":"yuri:BookPurple","floor":4},{"not_picked":["yuri:NerfBat","yuri:BookGreen"],"picked":"yuri:Parry","floor":6},{"not_picked":["yuri:ChibiInvasion","yuri:RepairCode"],"picked":"yuri:Spin","floor":7},{"not_picked":["SlashOfTheEternalFuture","Pod Laser"],"picked":"Hololive_DiamondStrike","floor":16},{"not_picked":["Three Hit","AdvanceAttack_purple"],"picked":"Blade Dance+1","floor":17},{"not_picked":["yuri:WickedSlash+1","animator:QuestionMark+1"],"picked":"Bait_HighSpeedFlying_purple","floor":18},{"not_picked":["KiyohimeMod:Berserker","animator:IzunaHatsuse+1"],"picked":"WaveOfTheHand+1","floor":19},{"not_picked":["Tough","ExistenceContinue_purple"],"picked":"Charmbait_purple","floor":20},{"not_picked":["PrismaMod:IllyaCheapChannelDefend+1","KiyohimeMod:BeastOfBillows"],"picked":"animator:MisakiNakahara+1","floor":25},{"not_picked":["Thunder Jump","yuri:InsanityDefense+1"],"picked":"Melter","floor":27},{"not_picked":["SwordExtraction+1","Blizzard"],"picked":"animator:YaoHaDucy","floor":31},{"not_picked":["WasteWire_Metro_purple","KiyohimeMod:CastleOfTheSun"],"picked":"Optimization+1","floor":33},{"not_picked":["KiyohimeMod:WaterTurn+1","Diffraction+1"],"picked":"Realm_recovery_purpleEX+1","floor":35},{"not_picked":["ThirdEye+1","Cleave"],"picked":"ThreeKonsSevenHakus+1","floor":37},{"not_picked":["Hololive_LuckPotion+1","Flex+1"],"picked":"animator:Kuribayashi","floor":38}],"player_experience":151426,"relics_obtained":[{"floor":6,"key":"Blue Doll"},{"floor":9,"key":"Smiling Mask"},{"floor":11,"key":"Toxic Egg 2"},{"floor":21,"key":"ZombieArmy"},{"floor":24,"key":"Eternal Feather"},{"floor":26,"key":"SumBook"},{"floor":29,"key":"Nilry\u0027s Codex"}],"event_choices":[{"damage_healed":0,"gold_gain":0,"player_choice":"Upgraded","damage_taken":0,"max_hp_gain":0,"max_hp_loss":0,"event_name":"Upgrade Shrine","floor":5,"gold_loss":0,"cards_upgraded":["yuri:Oolong"]},{"damage_healed":0,"gold_gain":75,"player_choice":"Gather Gold","damage_taken":11,"max_hp_gain":0,"max_hp_loss":0,"event_name":"World of Goop","floor":12,"gold_loss":0},{"damage_healed":0,"gold_gain":0,"player_choice":"Relic","damage_taken":0,"max_hp_gain":0,"max_hp_loss":0,"event_name":"Wheel of Change","floor":24,"gold_loss":0},{"damage_healed":0,"gold_gain":0,"player_choice":"Obtained Book","damage_taken":16,"max_hp_gain":0,"max_hp_loss":0,"event_name":"Cursed Tome","floor":29,"gold_loss":0},{"damage_healed":0,"gold_gain":0,"player_choice":"Rummage","damage_taken":0,"relics_obtained":["WarpedTongs"],"max_hp_gain":0,"max_hp_loss":0,"event_name":"Accursed Blacksmith","floor":36,"gold_loss":0,"cards_obtained":["Pain"]}],"is_beta":false,"boss_relics":[{"not_picked":["Velvet Choker","Black Star"],"picked":"Tiny House"},{"not_picked":["ReplayTheSpireMod:DimensionalGlitch","Cursed Key","Painkiller Herb"]}],"items_purged_floors":[],"is_endless":false,"potions_floor_spawned":[1,4,7,19,25,27,37],"killed_by":"4 Shapes","ascension_level":0}}