{"host":"yans4pr1zf0lm9bx","time":1613052687,"event":{"mods":["AchievementEnabler","BaseMod","Minty Spire (QoL Compilation)","Replay The Spire","StSLib","SuperFastMode","slay the spire mod where everything is the same but ironclad has a cowboy hat"],"gold_per_floor":[116,116,35,45,9,35,57,57,81,112,125,159,159,169,169,169,169],"floor_reached":16,"language":"ENG","playtime":472,"items_purged":[],"score":172,"play_id":"572a8465-8788-443e-9bad-8d91c51b7b94","local_time":"20210211091127","is_ascension_mode":true,"campfire_choices":[{"data":"Zap","floor":8,"key":"SMITH"},{"data":"Strike_B","floor":15,"key":"PURGE"}],"circlet_count":0,"master_deck":["Strike_B","Strike_B+1","Strike_B+1","Defend_B","Defend_B","Defend_B","Defend_B","Zap+1","Dualcast","Chill+1","Defragment","Ball Lightning","Scrape","Steam","BootSequence"],"relics":["Cracked Core","NeowsBlessing","Solar Panel","Odd Mushroom","Blue Doll","ReplayTheSpireMod:Shallot","Bottled Lightning"],"acts_visited":["Exordium"],"potions_floor_usage":[7],"damage_taken":[{"damage":0,"enemies":"Jaw Worm","floor":1,"turns":1},{"damage":0,"enemies":"Cultist","floor":4,"turns":1},{"damage":0,"enemies":"Lagavulin","floor":6,"turns":1},{"damage":11,"enemies":"The Mushroom Lair","floor":7,"turns":4},{"damage":7,"enemies":"3 Sentries","floor":10,"turns":7},{"damage":0,"enemies":"2 Louse","floor":11,"turns":2},{"damage":11,"enemies":"Gremlin Nob","floor":12,"turns":4},{"damage":0,"enemies":"2 Fungi Beasts","floor":14,"turns":3},{"damage":68,"enemies":"Fading Forest","floor":16,"turns":9}],"seed_played":"5035068975976235021","potions_obtained":[{"floor":6,"key":"DistilledChaos"},{"floor":11,"key":"Reflective Coating"}],"is_trial":false,"path_per_floor":["M","?","$","M","$","E","?","R","T","E","M","E","?","M","R","B"],"character_chosen":"DEFECT","items_purchased":["Defragment","Scrape"],"campfire_rested":0,"item_purchase_floors":[3,5],"current_hp_per_floor":[75,75,75,75,75,75,66,66,66,65,67,60,45,51,51,0,0],"gold":169,"neow_bonus":"THREE_ENEMY_KILL","is_daily":false,"chose_seed":false,"campfire_upgraded":1,"win_rate":0.0,"timestamp":1613052687,"path_taken":["M","?","$","?","$","E","?","R","T","E","M","E","?","M","R","BOSS"],"items_purchased_type":["Card","Card"],"build_version":"2020-12-22","purchased_purges":0,"victory":false,"max_hp_per_floor":[75,75,75,75,75,75,75,75,75,75,75,75,75,75,75,75,75],"card_choices":[{"not_picked":["Beam Cell","Redo"],"picked":"Chill","floor":1},{"not_picked":["Reinforced Body","ReplaySort"],"picked":"Ball Lightning","floor":4},{"not_picked":["BasicCrystalCard","Compile Driver","Leap"],"picked":"SKIP","floor":6},{"not_picked":["Compile Driver","Hologram"],"picked":"Steam","floor":7},{"not_picked":["FIFO Queue","Sweeping Beam","Creative AI"],"picked":"SKIP","floor":10},{"not_picked":["Reprogram","Cold Snap","Streamline"],"picked":"SKIP","floor":11},{"not_picked":["Darkness","ReplayTheSpireMod:Repulse","Stack"],"picked":"SKIP","floor":12},{"not_picked":["Self Repair","ReplayTheSpireMod:Reroute Power"],"picked":"BootSequence","floor":14}],"player_experience":278619,"relics_obtained":[{"floor":6,"key":"Solar Panel"},{"floor":7,"key":"Odd Mushroom"},{"floor":9,"key":"Blue Doll"},{"floor":10,"key":"ReplayTheSpireMod:Shallot"},{"floor":12,"key":"Bottled Lightning"}],"event_choices":[{"damage_healed":0,"gold_gain":0,"player_choice":"Forge","damage_taken":0,"max_hp_gain":0,"max_hp_loss":0,"event_name":"Accursed Blacksmith","floor":2,"gold_loss":0,"cards_upgraded":["Strike_B"]},{"damage_healed":0,"gold_gain":0,"player_choice":"Fought Mushrooms","damage_taken":0,"max_hp_gain":0,"max_hp_loss":0,"event_name":"Mushrooms","floor":7,"gold_loss":0},{"damage_healed":0,"gold_gain":0,"player_choice":"Entered Light","damage_taken":15,"max_hp_gain":0,"max_hp_loss":0,"event_name":"Shining Light","floor":13,"gold_loss":0,"cards_upgraded":["Chill","Strike_B"]}],"is_beta":false,"boss_relics":[],"items_purged_floors":[],"is_endless":false,"potions_floor_spawned":[6,11],"killed_by":"Fading Forest","ascension_level":4}}