{"host":"cyiefo55v5hz1ih5","time":1613017370,"event":{"mods":["2.2 Compatiblity","AchievementEnabler","BaseMod","Downfall","GifTheSpireLib","Hubris","Minty Spire (QoL Compilation)","Reliquary","Replay The Spire","Spicy Shops","StSLib","The Marked"],"gold_per_floor":[217,317,331,351,59,86,86,86,86,86,100,0,11,30,30,126,126,142,156,156,156,31,31,43,43,43,56,82,82,82,100,100,196,196,206,218,218,231,79,160,160,187,187,187,200,212,237,256,256,256,256,256,17,49,49,49],"floor_reached":55,"language":"ENG","playtime":5164,"items_purged":["theMarked:Strike","theMarked:Strike","theMarked:Strike","theMarked:Strike"],"score":824,"play_id":"e3577889-b186-43b6-88e9-15e00a3a4df4","local_time":"20210210232250","is_ascension_mode":false,"campfire_choices":[{"data":"theMarked:SoldierOfQuellstein","floor":8.0,"key":"SMITH"},{"floor":15.0,"key":"RECALL"},{"data":"theMarked:Static","floor":23.0,"key":"SMITH"},{"data":"theMarked:SwordAndMagic","floor":25.0,"key":"SMITH"},{"floor":30.0,"key":"REST"},{"data":"theMarked:EmpowerWeapon","floor":32.0,"key":"SMITH"},{"data":"theMarked:ComboAttacks","floor":44.0,"key":"SMITH"},{"floor":49.0,"key":"REST"},{"data":"theMarked:GodGivenPower","floor":52,"key":"SMITH"}],"circlet_count":0,"master_deck":["theMarked:Defend","theMarked:Defend","theMarked:Defend","theMarked:Defend","theMarked:SoldierOfQuellstein+1","theMarked:EmpowerWeapon+1","theMarked:Static+1","theMarked:EnhanceMovement+1","theMarked:Levitate+1","theMarked:SwordAndMagic+1","theMarked:EternalStudent+1","theMarked:Parkour+1","theMarked:TwofoldDefense+1","Ghostly+1","Ghostly+1","Ghostly+1","Ghostly+1","Ghostly+1","theMarked:Friction+1","theMarked:TurnInvisible+1","theMarked:PowerFlow+1","theMarked:GodGivenPower+1","Ghostly+1","theMarked:ComboAttacks+1","theMarked:TakeOffHeels+1"],"relics":["theMarked:ArtifactOfAir","theMarked:VonisonLock","reliquary:Aerogel","Potion Belt","hubris:DisguiseKit","Toxic Egg 2","Ring of Chaos","InkBottle","Replay:Bottled Steam","Meat on the Bone","Replay:Bronze Core","Lantern","reliquary:PrincelyHelmet","hubris:PeanutButter","White Beast Statue","Mirror","Nunchaku"],"acts_visited":["Exordium","TheCity","TheBeyond","TheEnding"],"potions_floor_usage":[50,55,55,55],"damage_taken":[{"damage":5.0,"enemies":"Jaw Worm","floor":1.0,"turns":4.0},{"damage":1.0,"enemies":"Cultist","floor":3.0,"turns":3.0},{"damage":0.0,"enemies":"Small Slimes","floor":4.0,"turns":3.0},{"damage":8.0,"enemies":"Lagavulin","floor":6.0,"turns":5.0},{"damage":2.0,"enemies":"Exordium Thugs","floor":11.0,"turns":4.0},{"damage":0.0,"enemies":"Looter","floor":13.0,"turns":4.0},{"damage":0.0,"enemies":"Large Slime","floor":14.0,"turns":5.0},{"damage":0.0,"enemies":"Fading Forest","floor":16.0,"turns":11.0},{"damage":1.0,"enemies":"Spheric Guardian","floor":18.0,"turns":3.0},{"damage":0.0,"enemies":"3 Byrds","floor":19.0,"turns":4.0},{"damage":3.0,"enemies":"Snake Plant","floor":24.0,"turns":5.0},{"damage":3.0,"enemies":"Centurion and Healer","floor":27.0,"turns":5.0},{"damage":2.0,"enemies":"Slavers","floor":28.0,"turns":4.0},{"damage":0.0,"enemies":"3 Cultists","floor":31.0,"turns":4.0},{"damage":21.0,"enemies":"Collector","floor":33.0,"turns":11.0},{"damage":1.0,"enemies":"Orb Walker","floor":35.0,"turns":5.0},{"damage":0.0,"enemies":"3 Darklings","floor":36.0,"turns":5.0},{"damage":1.0,"enemies":"Sphere and 2 Shapes","floor":38.0,"turns":5.0},{"damage":4.0,"enemies":"Reptomancer","floor":42.0,"turns":7.0},{"damage":0.0,"enemies":"Maw","floor":45.0,"turns":7.0},{"damage":0.0,"enemies":"3 Darklings","floor":46.0,"turns":6.0},{"damage":0.0,"enemies":"Nemesis","floor":47.0,"turns":5.0},{"damage":0.0,"enemies":"Spire Growth","floor":48.0,"turns":5.0},{"damage":20,"enemies":"Donu and Deca","floor":50,"turns":12},{"damage":0,"enemies":"Shield and Spear","floor":54,"turns":8},{"damage":30,"enemies":"The Heart","floor":55,"turns":10}],"seed_played":"6260977384261296976","potions_obtained":[{"floor":3.0,"key":"Flashbang"},{"floor":4.0,"key":"Block Potion"},{"floor":6.0,"key":"sneckomod:MuddlingPotion"},{"floor":11.0,"key":"Strength Potion"},{"floor":27.0,"key":"hexamod:SoulburnPotion"},{"floor":31.0,"key":"Fire Potion"},{"floor":46.0,"key":"EssenceOfSteel"},{"floor":47.0,"key":"hexamod:SoulburnPotion"},{"floor":54,"key":"FearPotion"}],"is_trial":false,"path_per_floor":["M","?","M","M","$","E","?","R","T","?","M","$","M","M","R","B",null,"M","M","?","?","$","R","M","R","T","M","E","$","R","M","R","B",null,"M","M","?","M","$","T","?","E","T","R","M","M","E","M","R","B",null,"R","$","E","B"],"character_chosen":"THE_DEFAULT","items_purchased":["theMarked:VonisonLock","reliquary:Aerogel","Meat on the Bone","theMarked:GodGivenPower","Lantern","Mirror"],"campfire_rested":2,"item_purchase_floors":[5,5,29,39,39,53],"current_hp_per_floor":[65,65,64,64,64,56,56,56,56,56,54,54,54,54,54,54,70,69,69,35,35,35,35,32,32,32,29,27,7,17,29,29,20,35,34,34,34,33,33,33,33,29,29,29,29,29,29,29,35,27,35,35,35,35,5,5],"gold":49,"neow_bonus":"HUNDRED_GOLD","is_daily":false,"chose_seed":false,"campfire_upgraded":6,"win_rate":0.0,"timestamp":1613017370,"path_taken":["M","?","?","M","$","E","?","R","T","?","?","?","M","M","R","BOSS","M","M","?","?","$","R","M","R","T","M","E","?","R","M","R","BOSS","M","M","?","?","$","?","?","E","T","R","M","M","E","M","R","BOSS","R","$","E","BOSS"],"items_purchased_type":["Relic","Relic","Relic","Card","Relic","Relic"],"build_version":"2020-12-22","purchased_purges":4,"victory":false,"max_hp_per_floor":[70,70,70,70,70,70,70,70,70,70,70,70,70,70,70,70,70,70,70,35,35,35,35,35,35,35,35,35,35,35,35,35,35,35,35,35,35,35,35,35,35,35,35,35,35,35,35,35,35,35,35,35,35,35,35,35],"card_choices":[{"not_picked":["theMarked:WardOff","theMarked:RepellingDischarge"],"picked":"theMarked:EmpowerWeapon","floor":1.0},{"not_picked":["theMarked:WastefulAttack","theMarked:Improvise","theMarked:Frustration"],"picked":"SKIP","floor":3.0},{"not_picked":["theMarked:WastefulAttack","theMarked:Seal"],"picked":"theMarked:Static","floor":4.0},{"not_picked":["theMarked:ChainLightning","theMarked:Frustration","theMarked:Reabsorb"],"picked":"SKIP","floor":6.0},{"not_picked":["theMarked:ElectricStrings","theMarked:Memento+1","Thunderclap"],"picked":"theMarked:EnhanceMovement+1","floor":11.0},{"not_picked":["theMarked:HeightenedSenses+1","theMarked:Memento+1","Battle Trance"],"picked":"theMarked:Levitate+1","floor":13.0},{"not_picked":["theMarked:WardOff+1","theMarked:Aftermath+1","Rage"],"picked":"theMarked:SwordAndMagic","floor":14.0},{"not_picked":["theMarked:TakeOffHeels+1","theMarked:Vacuum","Demon Form"],"picked":"theMarked:EternalStudent+1","floor":16.0},{"not_picked":["theMarked:TakeCover+1","theMarked:Improvise+1","ReplayTheSpireMod:Strike From Hell"],"picked":"theMarked:Parkour+1","floor":18.0},{"not_picked":["theMarked:HeightenedSenses+1","theMarked:UnarmedFury","Iron Wave"],"picked":"theMarked:TwofoldDefense+1","floor":19.0},{"not_picked":["theMarked:Memento+1","theMarked:WastefulAttack","theMarked:SwordAndMagic","Seeing Red"],"picked":"SKIP","floor":24.0},{"not_picked":["theMarked:Improvise+1","theMarked:SwordAndMagic","Massacre"],"picked":"theMarked:Friction+1","floor":27.0},{"not_picked":["theMarked:SwordAndMagic","theMarked:Indomitable+1","theMarked:ContemptForTheProud","Shockwave"],"picked":"SKIP","floor":28.0},{"not_picked":["theMarked:Snap","theMarked:ChainLightning+1","theMarked:WardOff+1","Flex"],"picked":"SKIP","floor":31.0},{"not_picked":["theMarked:UnarmedFury","theMarked:ThrowWeapon","Juggernaut"],"picked":"theMarked:TurnInvisible+1","floor":33.0},{"not_picked":["theMarked:Memento+1","theMarked:ElectricStrings","theMarked:BanishingWave+1","ReplayTheSpireMod:LeadingStrike"],"picked":"SKIP","floor":35.0},{"not_picked":["theMarked:KeepCalmAndFight","theMarked:RepellingDischarge+1","theMarked:AttractMetal+1","Headbutt"],"picked":"SKIP","floor":36.0},{"not_picked":["theMarked:ResourceFulStrike+1","theMarked:TakeOffHeels+1","Warcry"],"picked":"theMarked:PowerFlow+1","floor":38.0},{"not_picked":["theMarked:Convert+1","theMarked:TwofoldDefense+1","Flame Barrier"],"picked":"theMarked:ComboAttacks","floor":42.0},{"not_picked":["theMarked:Memento+1","theMarked:BanishingStrike","theMarked:SwordAndMagic+1","Shrug It Off"],"picked":"SKIP","floor":45.0},{"not_picked":["theMarked:Memento+1","theMarked:BanishingStrike","theMarked:SwordAndMagic+1","Shrug It Off"],"picked":"SKIP","floor":45.0},{"not_picked":["theMarked:Improvise+1","theMarked:WastefulAttack","theMarked:Opportunist+1","Uppercut"],"picked":"SKIP","floor":46.0},{"not_picked":["theMarked:WardOff+1","theMarked:ElectricStrings+1","theMarked:Parry+1","Armaments"],"picked":"SKIP","floor":47.0},{"not_picked":["theMarked:Parkour","theMarked:HeightenedSenses+1","theMarked:Frustration+1","Eclipse"],"picked":"SKIP","floor":48.0},{"not_picked":["theMarked:ResourceFulStrike","theMarked:RepellingDischarge+1","Pummel"],"picked":"theMarked:TakeOffHeels+1","floor":54}],"player_experience":840043,"relics_obtained":[{"floor":6.0,"key":"Potion Belt"},{"floor":9.0,"key":"Toxic Egg 2"},{"floor":26.0,"key":"InkBottle"},{"floor":28.0,"key":"Replay:Bottled Steam"},{"floor":42.0,"key":"reliquary:PrincelyHelmet"},{"floor":43.0,"key":"hubris:PeanutButter"},{"floor":47.0,"key":"White Beast Statue"},{"floor":54,"key":"Nunchaku"}],"event_choices":[{"damage_healed":0.0,"max_hp_gain":0.0,"max_hp_loss":0.0,"gold_gain":100.0,"event_name":"Golden Shrine","player_choice":"Pray","floor":2.0,"gold_loss":0.0,"damage_taken":0.0},{"cards_removed":["theMarked:Strike"],"damage_healed":0.0,"max_hp_gain":0.0,"max_hp_loss":0.0,"gold_gain":0.0,"event_name":"Purifier","player_choice":"Purged","floor":10.0,"gold_loss":0.0,"damage_taken":0.0},{"damage_healed":0.0,"max_hp_gain":0.0,"max_hp_loss":35.0,"gold_gain":0.0,"event_name":"Ghosts","player_choice":"Became a Ghost","floor":20.0,"gold_loss":0.0,"damage_taken":0.0,"cards_obtained":["Ghostly","Ghostly","Ghostly","Ghostly","Ghostly"]},{"damage_healed":0.0,"max_hp_gain":0.0,"max_hp_loss":0.0,"gold_gain":0.0,"event_name":"Vampires","player_choice":"Ignored","floor":21.0,"gold_loss":0.0,"damage_taken":0.0},{"damage_healed":0.0,"max_hp_gain":0.0,"max_hp_loss":0.0,"gold_gain":0.0,"event_name":"The Woman in Blue","player_choice":"Bought 0 Potions","floor":37.0,"gold_loss":0.0,"damage_taken":0.0},{"damage_healed":0.0,"max_hp_gain":0.0,"max_hp_loss":0.0,"gold_gain":0.0,"event_name":"Duplicator","player_choice":"Copied","floor":41.0,"gold_loss":0.0,"damage_taken":0.0,"cards_obtained":["Ghostly"]}],"is_beta":false,"boss_relics":[{"not_picked":["hubris:GrandSneckoEye","Sozu"],"picked":"Ring of Chaos"},{"not_picked":["hubris:Stopwatch","Snecko Eye"],"picked":"Replay:Bronze Core"}],"items_purged_floors":[5,12,22,29],"is_endless":false,"potions_floor_spawned":[3,4,6,11,27,31,33,36,46,47,48,54],"killed_by":"The Heart","ascension_level":0}}