{"host":"nlbr7nnijupf3yfg","time":1613003975,"event":{"mods":["AchievementEnabler","BaseMod","Colored Powertips","Hubris","Minty Spire (QoL Compilation)","Replay The Spire","StSLib","SuperFastMode"],"gold_per_floor":[110,110,121,121,121,152,152,152,152,172,187,187,225,190,190,314,314,328,328,344,344,344],"floor_reached":21,"language":"ENG","playtime":310,"items_purged":[],"score":271,"play_id":"0054abca-dd2f-4f0e-8f2b-e4294ce61d7b","local_time":"20210210193935","is_ascension_mode":true,"campfire_choices":[{"floor":7,"key":"REST"},{"floor":15,"key":"REST"}],"circlet_count":0,"master_deck":["Strike_R","Strike_R","Strike_R","Strike_R","Strike_R","Defend_R+1","Defend_R","Defend_R","Bash","Thunderclap","Sword Boomerang+1","Spot Weakness","Perfected Strike","Carnage","Perfected Strike","Perfected Strike","Anger","Havoc+1"],"relics":["Burning Blood","Golden Idol","Lantern","hubris:DeckOfHolding","Replay:Ringing Soul","hubris:CrackedHourglass","Nloth\u0027s Gift"],"acts_visited":["Exordium","TheCity"],"potions_floor_usage":[16,16,21],"damage_taken":[{"damage":10,"enemies":"Small Slimes","floor":1,"turns":4},{"damage":8,"enemies":"2 Louse","floor":3,"turns":3},{"damage":62,"enemies":"Gremlin Nob","floor":6,"turns":5},{"damage":0,"enemies":"Cultist","floor":10,"turns":2},{"damage":0,"enemies":"3 Louse","floor":11,"turns":3},{"damage":30,"enemies":"3 Sentries","floor":13,"turns":4},{"damage":48,"enemies":"Slime Boss","floor":16,"turns":8},{"damage":27,"enemies":"3 Byrds","floor":18,"turns":5},{"damage":33,"enemies":"2 Thieves","floor":20,"turns":3},{"damage":28,"enemies":"Centurion and Healer","floor":21,"turns":2}],"seed_played":"-4612767483380009126","potions_obtained":[{"floor":1,"key":"SkillPotion"},{"floor":6,"key":"LifebloodPotion"},{"floor":13,"key":"Elixir"},{"floor":18,"key":"AttackPotion"}],"is_trial":false,"path_per_floor":["M","?","M","$","?","E","R","?","T","M","M","?","E","?","R","B",null,"M","?","M","M"],"character_chosen":"IRONCLAD","items_purchased":[],"campfire_rested":2,"item_purchase_floors":[],"current_hp_per_floor":[68,68,66,66,66,10,34,34,34,40,46,46,25,45,69,27,69,51,51,27,0,0],"gold":344,"neow_bonus":"RANDOM_COMMON_RELIC","is_daily":false,"chose_seed":false,"campfire_upgraded":0,"win_rate":0.0,"timestamp":1613003975,"path_taken":["M","?","M","$","?","E","R","?","T","?","M","?","E","?","R","BOSS","M","?","M","?"],"items_purchased_type":[],"build_version":"2020-12-22","purchased_purges":0,"victory":false,"max_hp_per_floor":[80,80,80,80,80,80,80,80,80,80,80,80,83,83,83,83,83,86,86,89,89,89],"card_choices":[{"not_picked":["Abandon","Iron Wave"],"picked":"Thunderclap","floor":1},{"not_picked":["ReplayReversal","Massacre"],"picked":"Spot Weakness","floor":3},{"not_picked":["Exhume","Sword Boomerang"],"picked":"Perfected Strike","floor":6},{"not_picked":["Run Through","Armaments"],"picked":"Carnage","floor":10},{"not_picked":["Second Wind","Burning Pact"],"picked":"Perfected Strike","floor":11},{"not_picked":["ReplayTheSpireMod:Stacked","Life Link"],"picked":"Perfected Strike","floor":13},{"not_picked":["Havoc","Clash+1"],"picked":"Anger","floor":18},{"not_picked":["Entrench","ReplayTheSpireMod:Strike From Hell"],"picked":"Havoc+1","floor":20}],"player_experience":49870,"relics_obtained":[{"floor":6,"key":"Lantern"},{"floor":9,"key":"hubris:DeckOfHolding"},{"floor":13,"key":"Replay:Ringing Soul"}],"event_choices":[{"damage_healed":0,"gold_gain":0,"player_choice":"Take Wound","damage_taken":0,"relics_obtained":["Golden Idol"],"max_hp_gain":0,"max_hp_loss":0,"event_name":"Golden Idol","floor":5,"gold_loss":0,"cards_obtained":["Injury"]},{"cards_removed":["Injury"],"damage_healed":0,"gold_gain":0,"player_choice":"Purged","damage_taken":0,"max_hp_gain":0,"max_hp_loss":0,"event_name":"Purifier","floor":8,"gold_loss":0},{"damage_healed":20,"gold_gain":0,"player_choice":"Healed","damage_taken":0,"max_hp_gain":0,"max_hp_loss":0,"event_name":"The Cleric","floor":14,"gold_loss":35},{"damage_healed":0,"gold_gain":0,"player_choice":"Traded Relic","damage_taken":0,"relics_obtained":["Nloth\u0027s Gift"],"max_hp_gain":0,"max_hp_loss":0,"event_name":"N\u0027loth","floor":19,"relics_lost":["Bag of Preparation"],"gold_loss":0}],"is_beta":false,"boss_relics":[{"not_picked":["Ooze Armor","Replay:Drink Me"],"picked":"hubris:CrackedHourglass"}],"items_purged_floors":[],"is_endless":false,"potions_floor_spawned":[1,6,13,18],"killed_by":"Centurion and Healer","ascension_level":9}}