{"host":"x5w9zppki4gdwvc7","time":1613063674,"event":{"mods":["AchievementEnabler","BaseMod","Colored Powertips","DeckTracker","Minty Spire (QoL Compilation)","SuperFastMode"],"gold_per_floor":[114,132,148,158,177,204,204,379,379,46,46,46,46,73,73,176,176,196,295,220,220,120,120,146,146,193,193,226,239,256,275,275,374,374,393,413,428,428,149,149,169,186,209,259,259,287,287,304,304,304,304],"floor_reached":50,"language":"ENG","playtime":3454,"items_purged":["Doubt","Defend_P","Defend_P"],"score":620,"play_id":"32bdeb1e-e6e7-4acd-a666-aaa404f561cb","local_time":"20210211181434","is_ascension_mode":false,"campfire_choices":[{"data":"Eruption","floor":7.0,"key":"SMITH"},{"data":"SashWhip","floor":11.0,"key":"SMITH"},{"data":"CrushJoints","floor":13.0,"key":"SMITH"},{"data":"WheelKick","floor":15.0,"key":"SMITH"},{"data":"Vigilance","floor":23.0,"key":"SMITH"},{"data":"Evaluate","floor":25.0,"key":"SMITH"},{"floor":27.0,"key":"REST"},{"data":"Bite","floor":32.0,"key":"SMITH"},{"floor":40.0,"key":"RECALL"},{"data":"Bite","floor":45.0,"key":"SMITH"},{"data":"Bite","floor":49,"key":"SMITH"}],"circlet_count":0,"master_deck":["Defend_P+1","Defend_P+1","Eruption+1","Vigilance+1","Evaluate+1","CrushJoints+1","SashWhip+1","WheelKick+1","BowlingBash+1","FollowUp+1","Swivel+1","LessonLearned+1","SandsOfTime+1","Bite+1","Bite+1","Bite+1","Bite+1","Bite+1","Adaptation+1","DevaForm+1","Evaluate+1","Ragnarok+1","Perseverance+1","Evaluate+1","Evaluate+1","ClearTheMind+1","WreathOfFlame+1","Swivel+1","ReachHeaven+1","Fasting2+1","Halt+1","Alpha+1"],"relics":["HolyWater","NeowsBlessing","Centennial Puzzle","Bird Faced Urn","Toxic Egg 2","Gambling Chip","Incense Burner","Dream Catcher","Ancient Tea Set","Sozu","Question Card","Orrery","CloakClasp","Mummified Hand"],"acts_visited":["Exordium","TheCity","TheBeyond"],"potions_floor_usage":[],"damage_taken":[{"damage":0.0,"enemies":"Jaw Worm","floor":1.0,"turns":1.0},{"damage":0.0,"enemies":"Small Slimes","floor":2.0,"turns":1.0},{"damage":0.0,"enemies":"2 Louse","floor":3.0,"turns":1.0},{"damage":2.0,"enemies":"Blue Slaver","floor":4.0,"turns":4.0},{"damage":2.0,"enemies":"Exordium Wildlife","floor":5.0,"turns":4.0},{"damage":0.0,"enemies":"Gremlin Nob","floor":6.0,"turns":2.0},{"damage":18.0,"enemies":"3 Sentries","floor":14.0,"turns":3.0},{"damage":21.0,"enemies":"The Guardian","floor":16.0,"turns":11.0},{"damage":3.0,"enemies":"2 Thieves","floor":18.0,"turns":3.0},{"damage":31.0,"enemies":"Gremlin Leader","floor":24.0,"turns":6.0},{"damage":20.0,"enemies":"Slavers","floor":28.0,"turns":5.0},{"damage":0.0,"enemies":"Spheric Guardian","floor":29.0,"turns":3.0},{"damage":5.0,"enemies":"Chosen and Byrds","floor":30.0,"turns":7.0},{"damage":0.0,"enemies":"Snecko","floor":31.0,"turns":2.0},{"damage":10.0,"enemies":"Champ","floor":33.0,"turns":10.0},{"damage":26.0,"enemies":"3 Darklings","floor":35.0,"turns":4.0},{"damage":1.0,"enemies":"3 Shapes","floor":36.0,"turns":7.0},{"damage":17.0,"enemies":"Transient","floor":37.0,"turns":5.0},{"damage":25.0,"enemies":"Sphere and 2 Shapes","floor":41.0,"turns":15.0},{"damage":6.0,"enemies":"Jaw Worm Horde","floor":42.0,"turns":8.0},{"damage":0.0,"enemies":"Mind Bloom Boss Battle","floor":44.0,"turns":8.0},{"damage":12,"enemies":"Nemesis","floor":46,"turns":5},{"damage":0,"enemies":"Transient","floor":48,"turns":5},{"damage":70,"enemies":"Donu and Deca","floor":50,"turns":7}],"seed_played":"-8515313416983981802","potions_obtained":[{"floor":1.0,"key":"SpeedPotion"},{"floor":4.0,"key":"EntropicBrew"},{"floor":16.0,"key":"LiquidMemories"},{"floor":24.0,"key":"Dexterity Potion"},{"floor":29.0,"key":"LiquidMemories"},{"floor":33.0,"key":"EssenceOfSteel"}],"is_trial":false,"path_per_floor":["M","M","M","M","M","E","R","?","T","$","R","?","R","E","R","B",null,"M","?","?","?","$","R","E","R","T","R","E","M","M","M","R","B",null,"M","M","M","?","$","R","M","M","T","?","R","E","?","M","R","B"],"character_chosen":"WATCHER","items_purchased":["Toxic Egg 2","Orrery"],"campfire_rested":1,"item_purchase_floors":[10,39],"current_hp_per_floor":[72,72,72,70,68,68,68,68,68,68,68,54,54,36,36,15,72,69,69,69,50,50,50,19,19,19,34,16,22,33,43,43,44,50,28,42,45,45,45,45,50,47,47,50,50,50,50,50,50,0,0],"gold":304,"neow_bonus":"THREE_ENEMY_KILL","is_daily":false,"chose_seed":false,"campfire_upgraded":9,"win_rate":0.0,"timestamp":1613063674,"path_taken":["M","M","M","M","M","E","R","?","T","$","R","?","R","E","R","BOSS","M","?","?","?","?","R","E","R","T","R","E","M","M","M","R","BOSS","M","M","M","?","$","R","M","?","T","?","R","E","?","?","R","BOSS"],"items_purchased_type":["Relic","Relic"],"build_version":"2020-12-22","purchased_purges":3,"victory":false,"max_hp_per_floor":[72,72,72,72,72,72,72,72,72,72,72,72,72,72,72,72,72,72,72,72,50,50,50,50,50,50,50,50,50,50,50,50,50,50,50,50,50,50,50,50,50,50,50,50,50,50,50,50,50,50,50],"card_choices":[{"not_picked":["SignatureMove","Protect"],"picked":"Evaluate","floor":1.0},{"not_picked":["EmptyFist","FollowUp"],"picked":"CrushJoints","floor":2.0},{"not_picked":["ForeignInfluence","Weave"],"picked":"SashWhip","floor":3.0},{"not_picked":["CutThroughFate","Wireheading"],"picked":"WheelKick","floor":4.0},{"not_picked":["WindmillStrike","Conclude"],"picked":"BowlingBash","floor":5.0},{"not_picked":["Vengeance","FlyingSleeves"],"picked":"FollowUp","floor":6.0},{"not_picked":["PathToVictory+1","EmptyMind+1"],"picked":"Swivel+1","floor":14.0},{"not_picked":["MasterReality","Blasphemy+1"],"picked":"LessonLearned","floor":16.0},{"not_picked":["EmptyFist","ThirdEye+1"],"picked":"SandsOfTime+1","floor":18.0},{"not_picked":["SashWhip+1","ThirdEye+1","CutThroughFate"],"picked":"SKIP","floor":24.0},{"not_picked":["EmptyMind+1","Conclude+1","CrushJoints"],"picked":"SKIP","floor":28.0},{"not_picked":["CarveReality","Nirvana"],"picked":"Adaptation+1","floor":29.0},{"not_picked":["FollowUp+1","Halt+1"],"picked":"DevaForm","floor":30.0},{"not_picked":["FollowUp","Perseverance+1"],"picked":"Evaluate+1","floor":31.0},{"not_picked":["Alpha+1","Blasphemy+1"],"picked":"Ragnarok","floor":33.0},{"not_picked":["Adaptation","WreathOfFlame+1"],"picked":"Perseverance+1","floor":35.0},{"not_picked":["ThirdEye+1","Prostrate+1","Evaluate+1"],"picked":"SKIP","floor":36.0},{"not_picked":["ThirdEye+1","Prostrate+1"],"picked":"Evaluate+1","floor":36.0},{"not_picked":["JustLucky+1","Prostrate+1"],"picked":"Evaluate+1","floor":37.0},{"not_picked":["Conclude","JustLucky","Prostrate+1"],"picked":"ClearTheMind+1","floor":39.0},{"not_picked":["FlyingSleeves+1","Scrawl+1","CutThroughFate"],"picked":"WreathOfFlame+1","floor":39.0},{"not_picked":["FollowUp+1","CrushJoints","SashWhip"],"picked":"Swivel+1","floor":39.0},{"not_picked":["EmptyBody+1","EmptyFist","CutThroughFate+1"],"picked":"ReachHeaven+1","floor":39.0},{"not_picked":["EmptyBody+1","CutThroughFate+1","FollowUp","FlurryOfBlows"],"picked":"SKIP","floor":41.0},{"not_picked":["Halt+1","EmptyBody+1","Consecrate"],"picked":"Fasting2+1","floor":42.0},{"not_picked":["WindmillStrike","Crescendo+1","TalkToTheHand+1"],"picked":"Halt+1","floor":44.0},{"not_picked":["FollowUp+1","BowlingBash","WindmillStrike+1"],"picked":"Alpha+1","floor":46},{"not_picked":["JustLucky+1","SandsOfTime","Nirvana+1","FlurryOfBlows"],"picked":"SKIP","floor":48}],"player_experience":612417,"relics_obtained":[{"floor":6.0,"key":"Centennial Puzzle"},{"floor":9.0,"key":"Bird Faced Urn"},{"floor":14.0,"key":"Gambling Chip"},{"floor":24.0,"key":"Incense Burner"},{"floor":26.0,"key":"Dream Catcher"},{"floor":28.0,"key":"Ancient Tea Set"},{"floor":44.0,"key":"CloakClasp"},{"floor":46,"key":"Mummified Hand"}],"event_choices":[{"damage_healed":0.0,"max_hp_gain":0.0,"max_hp_loss":0.0,"gold_gain":175.0,"event_name":"Liars Game","player_choice":"AGREE","floor":8.0,"gold_loss":0.0,"damage_taken":0.0,"cards_obtained":["Doubt"]},{"damage_healed":0.0,"max_hp_gain":0.0,"max_hp_loss":0.0,"gold_gain":0.0,"event_name":"Shining Light","player_choice":"Entered Light","floor":12.0,"gold_loss":0.0,"damage_taken":14.0,"cards_upgraded":["BowlingBash","FollowUp"]},{"damage_healed":0.0,"max_hp_gain":0.0,"max_hp_loss":0.0,"gold_gain":99.0,"event_name":"Nest","player_choice":"Stole From Cult","floor":19.0,"gold_loss":0.0,"damage_taken":0.0},{"cards_removed":["Strike_P"],"damage_healed":0.0,"max_hp_gain":0.0,"max_hp_loss":0.0,"gold_gain":0.0,"event_name":"Beggar","player_choice":"Gave Gold","floor":20.0,"gold_loss":75.0,"damage_taken":0.0},{"damage_healed":0.0,"max_hp_gain":0.0,"max_hp_loss":22.0,"gold_gain":0.0,"event_name":"Vampires","player_choice":"Became a vampire","floor":21.0,"gold_loss":0.0,"damage_taken":0.0,"cards_obtained":["Bite","Bite","Bite","Bite","Bite"]},{"damage_healed":0.0,"max_hp_gain":0.0,"max_hp_loss":0.0,"gold_gain":0.0,"event_name":"WeMeetAgain","player_choice":"Gave Potion","floor":38.0,"gold_loss":0.0,"damage_taken":0.0,"relics_obtained":["Question Card"]},{"damage_healed":0.0,"max_hp_gain":0.0,"max_hp_loss":0.0,"gold_gain":0.0,"event_name":"MindBloom","player_choice":"Fight","floor":44.0,"gold_loss":0.0,"damage_taken":0.0},{"damage_healed":0,"gold_gain":0,"player_choice":"Ignored","damage_taken":0,"max_hp_gain":0,"max_hp_loss":0,"event_name":"Tomb of Lord Red Mask","floor":47,"gold_loss":0}],"is_beta":false,"boss_relics":[{"not_picked":["Tiny House","Velvet Choker"],"picked":"HolyWater"},{"not_picked":["Black Star","SlaversCollar"],"picked":"Sozu"}],"items_purged_floors":[10,22,39],"is_endless":false,"potions_floor_spawned":[1,4,16,24,29,33,36,37,48],"killed_by":"Donu and Deca","ascension_level":0}}