{"host":"82vjcvwyw2j7afb1","time":1613048061,"event":{"mods":["BaseMod","Colored Map","DeckTracker","Keyboard Shortcuts","Minty Spire (QoL Compilation)","Permanent Neow","Quick Restart","StSLib","SuperFastMode","everything is the same but u backflip on backflip"],"gold_per_floor":[112,127,142,159,48,48,83,83,110,110,110,110,125,138,138,234,234,250,165,90,90,103,103,138,138,138],"floor_reached":25,"language":"KOR","playtime":1010,"items_purged":["Defend_R"],"score":254,"play_id":"d7b32b62-1b0a-400c-ba76-48a2fa48982a","local_time":"20210211215421","is_ascension_mode":true,"campfire_choices":[{"data":"Bloodletting","floor":6.0,"key":"SMITH"},{"data":"Warcry","floor":8,"key":"SMITH"},{"floor":11,"key":"RECALL"},{"floor":15,"key":"REST"},{"data":"Armaments","floor":23,"key":"SMITH"}],"circlet_count":0,"master_deck":["Strike_R","Strike_R","Strike_R","Defend_R","Defend_R","Bash+1","Spot Weakness","Warcry+1","Bloodletting+1","Clash","Metallicize","Shockwave","Exhume","Armaments+1","Bludgeon"],"relics":["Black Blood","Regal Pillow","Nloth\u0027s Gift","Gremlin Horn"],"acts_visited":["Exordium","TheCity"],"potions_floor_usage":[16,16,24,25],"damage_taken":[{"damage":1.0,"enemies":"Cultist","floor":1.0,"turns":3.0},{"damage":5.0,"enemies":"Small Slimes","floor":2.0,"turns":4.0},{"damage":4.0,"enemies":"2 Louse","floor":3.0,"turns":3.0},{"damage":23.0,"enemies":"Exordium Thugs","floor":4.0,"turns":4.0},{"damage":27,"enemies":"Lagavulin","floor":7,"turns":6},{"damage":17,"enemies":"Exordium Wildlife","floor":13,"turns":4},{"damage":11,"enemies":"Blue Slaver","floor":14,"turns":3},{"damage":28,"enemies":"Hexaghost","floor":16,"turns":7},{"damage":22,"enemies":"2 Thieves","floor":18,"turns":3},{"damage":11,"enemies":"3 Byrds","floor":22,"turns":5},{"damage":78,"enemies":"Slavers","floor":24,"turns":6},{"damage":24,"enemies":"Sentry and Sphere","floor":25,"turns":3}],"seed_played":"4222028490040413819","potions_obtained":[{"floor":7,"key":"LiquidMemories"},{"floor":14,"key":"EssenceOfSteel"},{"floor":22,"key":"Regen Potion"},{"floor":24,"key":"LiquidMemories"}],"is_trial":false,"path_per_floor":["M","M","M","M","$","R","E","R","T","?","R","?","M","M","R","B",null,"M","?","?","?","M","R","E","M"],"character_chosen":"IRONCLAD","items_purchased":["Metallicize"],"campfire_rested":1,"item_purchase_floors":[5],"current_hp_per_floor":[80,80,80,63,63,63,42,42,42,42,42,42,31,26,65,43,80,70,70,70,70,71,71,19,0,0],"gold":138,"neow_bonus":"UPGRADE_CARD","is_daily":false,"chose_seed":false,"campfire_upgraded":3,"win_rate":0.0,"timestamp":1613048061,"path_taken":["M","M","M","M","?","R","E","R","T","?","R","?","M","M","R","BOSS","M","?","?","?","M","R","E","?"],"items_purchased_type":["Card"],"build_version":"2020-12-22","purchased_purges":1,"victory":false,"max_hp_per_floor":[80,80,80,80,80,80,80,80,80,80,80,80,80,80,80,80,80,80,80,80,80,80,80,80,80,80],"card_choices":[{"not_picked":["Shrug It Off","Armaments"],"picked":"Spot Weakness","floor":1.0},{"not_picked":["Sword Boomerang","Cleave"],"picked":"Warcry","floor":2.0},{"not_picked":["Clash","Sever Soul"],"picked":"Bloodletting","floor":3.0},{"not_picked":["Rage","Warcry"],"picked":"Clash","floor":4.0},{"not_picked":["Anger","Shockwave","Uppercut"],"picked":"SKIP","floor":7},{"not_picked":["Bloodletting","Uppercut","Anger"],"picked":"SKIP","floor":13},{"not_picked":["Fire Breathing","Anger"],"picked":"Armaments","floor":14},{"not_picked":["Feed","Impervious"],"picked":"Bludgeon","floor":16},{"not_picked":["Armaments","Body Slam","Disarm"],"picked":"SKIP","floor":18},{"not_picked":["Anger","Feel No Pain","Havoc"],"picked":"SKIP","floor":22},{"not_picked":["Bloodletting","Havoc","Entrench"],"picked":"SKIP","floor":24}],"player_experience":65604,"relics_obtained":[{"floor":7,"key":"Regal Pillow"},{"floor":24,"key":"Gremlin Horn"}],"event_choices":[{"damage_healed":0,"gold_gain":0,"cards_transformed":["Strike_R"],"player_choice":"Change","damage_taken":0,"max_hp_gain":0,"max_hp_loss":0,"event_name":"Living Wall","floor":10,"gold_loss":0,"cards_obtained":["Shockwave"]},{"damage_healed":0,"gold_gain":0,"cards_transformed":["Defend_R"],"player_choice":"Transformed","damage_taken":0,"max_hp_gain":0,"max_hp_loss":0,"event_name":"Transmorgrifier","floor":12,"gold_loss":0,"cards_obtained":["Exhume"]},{"damage_healed":0,"gold_gain":0,"player_choice":"Obtained Relic","damage_taken":0,"relics_obtained":["Nunchaku"],"max_hp_gain":0,"max_hp_loss":0,"event_name":"Addict","floor":19,"gold_loss":85},{"cards_removed":["Strike_R"],"damage_healed":0,"gold_gain":0,"player_choice":"Gave Gold","damage_taken":0,"max_hp_gain":0,"max_hp_loss":0,"event_name":"Beggar","floor":20,"gold_loss":75},{"damage_healed":0,"gold_gain":0,"player_choice":"Traded Relic","damage_taken":0,"relics_obtained":["Nloth\u0027s Gift"],"max_hp_gain":0,"max_hp_loss":0,"event_name":"N\u0027loth","floor":21,"relics_lost":["Nunchaku"],"gold_loss":0}],"is_beta":false,"boss_relics":[{"not_picked":["Runic Dome","Calling Bell"],"picked":"Black Blood"}],"items_purged_floors":[5],"is_endless":false,"potions_floor_spawned":[7,14,22,24],"killed_by":"Sentry and Sphere","ascension_level":3}}