{"host":"9b7hrp48q3pna783","time":1613067116,"event":{"mods":["BaseMod","Colored Map","Colored Powertips","Highlight Path","Minty Spire (QoL Compilation)","Relic Stats"],"gold_per_floor":[116,116,129,148,161,161,201,201,224,224,299,299,173,207,207,207,207],"floor_reached":16,"language":"ENG","playtime":437,"items_purged":["Strike_B"],"score":119,"play_id":"b9e0044b-f712-42dd-91e5-70f62e5c4154","local_time":"20210211131156","is_ascension_mode":true,"campfire_choices":[{"data":"Zap","floor":6,"key":"SMITH"},{"data":"Sweeping Beam","floor":8,"key":"SMITH"},{"data":"Dualcast","floor":10,"key":"SMITH"},{"data":"Ball Lightning","floor":15,"key":"SMITH"}],"circlet_count":0,"master_deck":["Strike_B","Strike_B","Strike_B","Defend_B","Defend_B","Defend_B+1","Defend_B","Zap+1","Dualcast+1","Leap+1","Sweeping Beam+1","Ball Lightning+1","Skim"],"relics":["Cracked Core","NeowsBlessing","Golden Idol","PreservedInsect","Tiny Chest","War Paint"],"acts_visited":["Exordium"],"potions_floor_usage":[7,7],"damage_taken":[{"damage":0,"enemies":"Cultist","floor":1,"turns":1},{"damage":0,"enemies":"2 Louse","floor":3,"turns":1},{"damage":0,"enemies":"Jaw Worm","floor":4,"turns":1},{"damage":13,"enemies":"Looter","floor":5,"turns":3},{"damage":21,"enemies":"3 Sentries","floor":7,"turns":10},{"damage":12,"enemies":"Lagavulin","floor":14,"turns":5},{"damage":20,"enemies":"Hexaghost","floor":16,"turns":9}],"seed_played":"8984643379097095323","potions_obtained":[{"floor":3,"key":"GamblersBrew"},{"floor":4,"key":"SkillPotion"}],"is_trial":false,"path_per_floor":["M","?","M","M","M","R","E","R","T","R","?","?","$","E","R","B"],"character_chosen":"DEFECT","items_purchased":["Ball Lightning"],"campfire_rested":0,"item_purchase_floors":[13],"current_hp_per_floor":[75,69,69,69,56,56,35,35,35,35,24,29,29,17,17,0,0],"gold":207,"neow_bonus":"THREE_ENEMY_KILL","is_daily":false,"chose_seed":false,"campfire_upgraded":4,"win_rate":0.0,"timestamp":1613067116,"path_taken":["M","?","M","M","M","R","E","R","T","R","?","?","$","E","R","BOSS"],"items_purchased_type":["Card"],"build_version":"2020-12-22","purchased_purges":1,"victory":false,"max_hp_per_floor":[75,69,69,69,69,69,69,69,69,69,69,74,74,74,74,74,74],"relic_stats":{"counters":[7,30],"Golden Idol":25,"Tiny Chest":0,"PreservedInsect":28,"War Paint":["Defend_B","Leap"],"obtain_stats":[{"NeowsBlessing":0,"Golden Idol":2,"Tiny Chest":9,"PreservedInsect":7,"War Paint":14,"Cracked Core":0},{"NeowsBlessing":0,"Golden Idol":1,"Tiny Chest":5,"PreservedInsect":5,"War Paint":6,"Cracked Core":0},{"NeowsBlessing":0,"Golden Idol":1,"Tiny Chest":16,"PreservedInsect":16,"War Paint":21,"Cracked Core":0}]},"card_choices":[{"not_picked":["Barrage","Turbo","Force Field"],"picked":"SKIP","floor":1},{"not_picked":["Hello World","Hologram"],"picked":"Leap","floor":3},{"not_picked":["Conserve Battery","Leap","BootSequence"],"picked":"SKIP","floor":4},{"not_picked":["Hologram","Rebound","Turbo"],"picked":"SKIP","floor":5},{"not_picked":["Tempest","Rebound"],"picked":"Sweeping Beam","floor":7},{"not_picked":["Turbo","Beam Cell"],"picked":"Skim","floor":14}],"player_experience":153800,"relics_obtained":[{"floor":7,"key":"PreservedInsect"},{"floor":9,"key":"Tiny Chest"},{"floor":14,"key":"War Paint"}],"event_choices":[{"damage_healed":0,"gold_gain":0,"player_choice":"Lose Max HP","damage_taken":0,"relics_obtained":["Golden Idol"],"max_hp_gain":0,"max_hp_loss":6,"event_name":"Golden Idol","floor":2,"gold_loss":0},{"damage_healed":0,"gold_gain":75,"player_choice":"Gather Gold","damage_taken":11,"max_hp_gain":0,"max_hp_loss":0,"event_name":"World of Goop","floor":11,"gold_loss":0},{"damage_healed":0,"gold_gain":0,"player_choice":"Donut","damage_taken":0,"max_hp_gain":5,"max_hp_loss":0,"event_name":"Big Fish","floor":12,"gold_loss":0}],"is_beta":false,"boss_relics":[],"items_purged_floors":[13],"is_endless":false,"potions_floor_spawned":[3,4],"killed_by":"Hexaghost","ascension_level":2}}