{"host":"3d7yvplr5ovcyppx","time":1613066951,"event":{"mods":["AchievementEnabler","BaseMod","Hermit","Jorbs\u0027s Wanderer Trilogy","Minty Spire (QoL Compilation)","Quick Restart","Somnambulant","StSLib","The Cursed","The Disciple","The Servant 0.9.4"],"gold_per_floor":[115,115,38,38,50,81,81,93,162,162,172,184,201,231,231,330,330,345,345,359,379,224,255,255,280,280,280,58,58,69,94,94,197,197,216,216,226,576,576,576,576],"floor_reached":40,"language":"ENG","playtime":2165,"items_purged":[],"score":580,"play_id":"5464b060-3428-4a24-8ef9-f2043b3dce6f","local_time":"20210211233911","is_ascension_mode":true,"campfire_choices":[{"data":"Zap","floor":7.0,"key":"SMITH"},{"data":"Redo","floor":10.0,"key":"SMITH"},{"data":"White Noise","floor":15.0,"key":"SMITH"},{"data":"White Noise","floor":29.0,"key":"SMITH"},{"data":"Seek","floor":32,"key":"SMITH"}],"circlet_count":0,"master_deck":["Strike_B","Strike_B","Strike_B","Strike_B","Defend_B","Defend_B","Defend_B","Defend_B","Zap+1","Dualcast","Aggregate","White Noise+1","Melter","Reinforced Body","Redo+1","Skim","Seek+1","Leap","White Noise+1","Electrodynamics","Aggregate","RitualDagger","Stack","Stack+1","Sweeping Beam+1","Beam Cell+1","Loop","Rebound","Rainbow","Streamline+1","BootSequence","Rebound+1","Apotheosis","Enlightenment","Thinking Ahead"],"relics":["Cracked Core","NeowsBlessing","Letter Opener","Pantograph","Bird Faced Urn","HornCleat","Bronze Scales","Nuclear Battery","ClockworkSouvenir","Pear","Pen Nib","Ice Cream","TheAbacus","Orichalcum","Black Star","Old Coin"],"acts_visited":["Exordium","TheCity","TheBeyond"],"potions_floor_usage":[31,33],"damage_taken":[{"damage":0.0,"enemies":"Jaw Worm","floor":1.0,"turns":1.0},{"damage":0.0,"enemies":"Cultist","floor":5.0,"turns":1.0},{"damage":0.0,"enemies":"3 Sentries","floor":6.0,"turns":1.0},{"damage":0.0,"enemies":"2 Louse","floor":8.0,"turns":2.0},{"damage":0.0,"enemies":"Looter","floor":11.0,"turns":2.0},{"damage":0.0,"enemies":"Blue Slaver","floor":12.0,"turns":2.0},{"damage":0.0,"enemies":"Gremlin Gang","floor":13.0,"turns":2.0},{"damage":18.0,"enemies":"Lagavulin","floor":14.0,"turns":4.0},{"damage":26.0,"enemies":"Hexaghost","floor":16.0,"turns":6.0},{"damage":2.0,"enemies":"Shell Parasite","floor":18.0,"turns":3.0},{"damage":0.0,"enemies":"3 Byrds","floor":20.0,"turns":2.0},{"damage":1.0,"enemies":"Centurion and Healer","floor":21.0,"turns":4.0},{"damage":14.0,"enemies":"Book of Stabbing","floor":23.0,"turns":5.0},{"damage":16.0,"enemies":"Slavers","floor":25.0,"turns":3.0},{"damage":14.0,"enemies":"Snake Plant","floor":30.0,"turns":2.0},{"damage":28,"enemies":"Book of Stabbing","floor":31,"turns":4},{"damage":0,"enemies":"Automaton","floor":33,"turns":8},{"damage":4,"enemies":"Orb Walker","floor":35,"turns":3},{"damage":26,"enemies":"3 Darklings","floor":37,"turns":4},{"damage":20,"enemies":"Mind Bloom Boss Battle","floor":38,"turns":6},{"damage":103,"enemies":"Giant Head","floor":40,"turns":9}],"seed_played":"-1166676756935169408","potions_obtained":[{"floor":5.0,"key":"SteroidPotion"},{"floor":11.0,"key":"FearPotion"},{"floor":16.0,"key":"FocusPotion"},{"floor":18.0,"key":"PotionOfCapacity"},{"floor":25.0,"key":"Dexterity Potion"},{"floor":37,"key":"Energy Potion"},{"floor":38,"key":"BlessingOfTheForge"}],"is_trial":false,"path_per_floor":["M","?","$","T","M","E","R","M","T","R","M","M","M","E","R","B",null,"M","?","M","M","$","E","?","E","T","?","$","R","M","E","R","B",null,"M","?","M","?","?","E"],"character_chosen":"DEFECT","items_purchased":["White Noise","ClockworkSouvenir","TheAbacus","Loop"],"campfire_rested":0,"item_purchase_floors":[3,22,28,28],"current_hp_per_floor":[75,75,75,75,75,75,75,75,75,75,75,75,75,57,57,63,75,75,69,73,75,75,71,71,59,59,59,59,59,47,29,29,64,85,81,85,65,71,61,0,0],"gold":576,"neow_bonus":"THREE_ENEMY_KILL","is_daily":false,"chose_seed":false,"campfire_upgraded":5,"win_rate":0.0,"timestamp":1613066951,"path_taken":["M","?","$","?","M","E","R","M","T","R","M","M","M","E","R","BOSS","M","?","M","M","$","E","?","E","T","?","?","R","?","E","R","BOSS","M","?","?","?","?","E"],"items_purchased_type":["Card","Relic","Relic","Card"],"build_version":"2020-12-22","purchased_purges":0,"victory":false,"max_hp_per_floor":[75,75,75,75,75,75,75,75,75,75,75,75,75,75,75,75,75,75,75,75,75,75,85,85,85,85,85,85,85,85,85,85,85,85,85,85,85,85,85,85,85],"card_choices":[{"not_picked":["Stack","Streamline"],"picked":"Aggregate","floor":1.0},{"not_picked":["Rebound","Conserve Battery"],"picked":"Melter","floor":5.0},{"not_picked":["Force Field","Go for the Eyes"],"picked":"Reinforced Body","floor":6.0},{"not_picked":["Reinforced Body","Ball Lightning"],"picked":"Redo","floor":8.0},{"not_picked":["Recycle","Rebound"],"picked":"Skim","floor":11.0},{"not_picked":["Scrape","Self Repair"],"picked":"Seek","floor":12.0},{"not_picked":["Cold Snap","Hologram"],"picked":"Leap","floor":13.0},{"not_picked":["Steam","Compile Driver"],"picked":"White Noise","floor":14.0},{"not_picked":["Machine Learning","Buffer"],"picked":"Electrodynamics","floor":16.0},{"not_picked":["Hologram+1","Streamline"],"picked":"Aggregate","floor":18.0},{"not_picked":["Genetic Algorithm","Hologram"],"picked":"Stack","floor":20.0},{"not_picked":["Rebound","Steam+1"],"picked":"Stack+1","floor":21.0},{"not_picked":["Ball Lightning","Undo+1"],"picked":"Sweeping Beam+1","floor":23.0},{"not_picked":["Ball Lightning","Turbo"],"picked":"Beam Cell+1","floor":25.0},{"not_picked":["Biased Cognition","Coolheaded+1"],"picked":"Hello World","floor":30},{"not_picked":["Fusion","Reprogram+1"],"picked":"Rebound","floor":31},{"not_picked":["Core Surge","Meteor Strike"],"picked":"Rainbow","floor":33},{"not_picked":["Cold Snap","Undo"],"picked":"Streamline+1","floor":35},{"not_picked":["Darkness","Gash"],"picked":"BootSequence","floor":37},{"not_picked":["Coolheaded","Sweeping Beam"],"picked":"Rebound+1","floor":38},{"not_picked":["Swift Strike","Finesse"],"picked":"Apotheosis","floor":39},{"not_picked":["Trip","Panacea"],"picked":"Enlightenment","floor":39},{"not_picked":["Good Instincts","Apotheosis"],"picked":"Thinking Ahead","floor":39}],"player_experience":31752,"relics_obtained":[{"floor":2.0,"key":"Letter Opener"},{"floor":4.0,"key":"Pantograph"},{"floor":6.0,"key":"Bird Faced Urn"},{"floor":9.0,"key":"HornCleat"},{"floor":14.0,"key":"Bronze Scales"},{"floor":23.0,"key":"Pear"},{"floor":25.0,"key":"Pen Nib"},{"floor":26.0,"key":"Ice Cream"},{"floor":31,"key":"Orichalcum"},{"floor":38,"key":"Old Coin"}],"event_choices":[{"damage_healed":0.0,"max_hp_gain":0.0,"max_hp_loss":0.0,"gold_gain":0.0,"event_name":"Wheel of Change","player_choice":"Relic","floor":2.0,"gold_loss":0.0,"damage_taken":0.0},{"damage_healed":0.0,"max_hp_gain":0.0,"max_hp_loss":0.0,"gold_gain":0.0,"event_name":"Nest","player_choice":"Joined the Cult","floor":19.0,"gold_loss":0.0,"damage_taken":6.0,"cards_obtained":["RitualDagger"]},{"damage_healed":0.0,"max_hp_gain":0.0,"max_hp_loss":0.0,"gold_gain":0.0,"event_name":"Beggar","player_choice":"Ignored","floor":24.0,"gold_loss":0.0,"damage_taken":0.0},{"damage_healed":0.0,"max_hp_gain":0.0,"max_hp_loss":0.0,"gold_gain":0.0,"event_name":"Ghosts","player_choice":"Ignored","floor":27.0,"gold_loss":0.0,"damage_taken":0.0},{"cards_removed":["Hello World"],"damage_healed":4,"gold_gain":0,"player_choice":"Offered Uncommon","damage_taken":0,"max_hp_gain":0,"max_hp_loss":0,"event_name":"Bonfire Elementals","floor":36,"gold_loss":0},{"damage_healed":0,"gold_gain":0,"player_choice":"Fight","damage_taken":0,"max_hp_gain":0,"max_hp_loss":0,"event_name":"MindBloom","floor":38,"gold_loss":0},{"damage_healed":0,"gold_gain":0,"player_choice":"Memory 3","damage_taken":10,"max_hp_gain":0,"max_hp_loss":0,"event_name":"SensoryStone","floor":39,"gold_loss":0}],"is_beta":false,"boss_relics":[{"not_picked":["Calling Bell","Philosopher\u0027s Stone"],"picked":"Nuclear Battery"},{"not_picked":["Sozu","SlaversCollar"],"picked":"Black Star"}],"items_purged_floors":[],"is_endless":false,"potions_floor_spawned":[5,11,16,18,25,37,38],"killed_by":"Giant Head","ascension_level":1}}