{"host":"a3wpq7kyokchzawk","time":1613007935,"event":{"mods":["BaseMod","Colored Map","Highlight Path","Minty Spire (QoL Compilation)","Permanent Neow","Potion Indicator Mod","Relic Stats","Weighted Paths"],"gold_per_floor":[115,115,130,201,221,221,248,261,261,261,277,4,4,332,332,332,332],"floor_reached":16,"language":"ENG","playtime":1255,"items_purged":[],"score":220,"play_id":"04bb6d7d-b228-498e-8992-7fc2affc957b","local_time":"20210210234535","is_ascension_mode":true,"campfire_choices":[{"data":"Neutralize","floor":6.0,"key":"SMITH"},{"floor":10.0,"key":"REST"},{"data":"Blade Dance","floor":13.0,"key":"SMITH"},{"floor":15,"key":"REST"}],"circlet_count":0,"master_deck":["AscendersBane","Strike_G","Strike_G","Strike_G","Strike_G","Strike_G","Defend_G+1","Defend_G","Defend_G+1","Defend_G","Defend_G","Survivor","Neutralize+1","Wraith Form v2+1","Masterful Stab","Blade Dance","Flechettes","Blade Dance+1","PiercingWail","Backstab+1"],"relics":["Ring of the Snake","War Paint","Matryoshka","Molten Egg 2","Old Coin"],"acts_visited":["Exordium"],"potions_floor_usage":[14,16],"damage_taken":[{"damage":7.0,"enemies":"Jaw Worm","floor":1.0,"turns":6.0},{"damage":1.0,"enemies":"Small Slimes","floor":3.0,"turns":4.0},{"damage":0.0,"enemies":"2 Louse","floor":5.0,"turns":4.0},{"damage":34.0,"enemies":"3 Sentries","floor":7.0,"turns":13.0},{"damage":8.0,"enemies":"Large Slime","floor":8.0,"turns":6.0},{"damage":0.0,"enemies":"Blue Slaver","floor":11.0,"turns":3.0},{"damage":17,"enemies":"Lagavulin","floor":14,"turns":4},{"damage":33,"enemies":"Slime Boss","floor":16,"turns":7}],"seed_played":"6853037540265287632","potions_obtained":[{"floor":1.0,"key":"Block Potion"},{"floor":7.0,"key":"Strength Potion"},{"floor":11.0,"key":"CunningPotion"}],"is_trial":false,"path_per_floor":["M","?","M","?","M","R","E","M","T","R","M","$","R","E","R","B"],"character_chosen":"THE_SILENT","items_purchased":["Molten Egg 2"],"campfire_rested":2,"item_purchase_floors":[12],"current_hp_per_floor":[52,52,51,51,51,51,17,9,9,28,28,28,28,11,30,0,0],"gold":332,"neow_bonus":"ONE_RANDOM_RARE_CARD","is_daily":false,"chose_seed":false,"campfire_upgraded":2,"win_rate":0.0,"timestamp":1613007935,"path_taken":["M","?","M","?","M","R","E","M","T","R","M","$","R","E","R","BOSS"],"items_purchased_type":["Relic"],"build_version":"2020-12-22","purchased_purges":0,"victory":false,"max_hp_per_floor":[66,66,66,66,66,66,66,66,66,66,66,66,66,66,66,66,66],"relic_stats":{"counters":[8,47],"War Paint":["Defend_G","Defend_G"],"obtain_stats":[{"Matryoshka":9,"Molten Egg 2":12,"War Paint":7,"Ring of the Snake":0,"Old Coin":14},{"Matryoshka":5,"Molten Egg 2":6,"War Paint":4,"Ring of the Snake":0,"Old Coin":7},{"Matryoshka":33,"Molten Egg 2":36,"War Paint":27,"Ring of the Snake":0,"Old Coin":40}],"Ring of the Snake":[16]},"card_choices":[{"not_picked":["Bane","Acrobatics"],"picked":"Masterful Stab","floor":1.0},{"not_picked":["Calculated Gamble","PiercingWail"],"picked":"Blade Dance","floor":3.0},{"not_picked":["Tactician","Cloak And Dagger"],"picked":"Flechettes","floor":5.0},{"not_picked":["Tactician","Outmaneuver"],"picked":"Blade Dance","floor":7.0},{"not_picked":["Expertise","Deadly Poison","Dodge and Roll"],"picked":"SKIP","floor":8.0},{"not_picked":["Deadly Poison","Dodge and Roll"],"picked":"PiercingWail","floor":11.0},{"not_picked":["Crippling Poison","Setup"],"picked":"Backstab+1","floor":14}],"player_experience":2683219,"relics_obtained":[{"floor":7.0,"key":"War Paint"},{"floor":9.0,"key":"Matryoshka"},{"floor":14,"key":"Old Coin"}],"event_choices":[{"damage_healed":0.0,"max_hp_gain":0.0,"max_hp_loss":0.0,"gold_gain":0.0,"event_name":"Living Wall","player_choice":"Grow","floor":2.0,"gold_loss":0.0,"damage_taken":0.0,"cards_upgraded":["Wraith Form v2"]},{"damage_healed":0.0,"max_hp_gain":0.0,"max_hp_loss":0.0,"gold_gain":71.0,"event_name":"Golden Wing","player_choice":"Gained Gold","floor":4.0,"gold_loss":0.0,"damage_taken":0.0}],"is_beta":false,"boss_relics":[],"items_purged_floors":[],"is_endless":false,"potions_floor_spawned":[1,7,11],"killed_by":"Slime Boss","ascension_level":20}}