{"host":"5hsgormuu0lj4iiq","time":1613080863,"event":{"mods":["AchievementEnabler","BaseMod","Colored Map","Colored Powertips","Minty Spire (QoL Compilation)","Quick Restart","Relic Stats","SuperFastMode","everything is the same but u backflip on backflip","slay the spire mod where everything is the same but ironclad has a cowboy hat"],"gold_per_floor":[111,129,81,97,272,272,304,319,319,331,347,120,120,152,152,249,249,239,239,239,258,258,258],"floor_reached":22,"language":"ENG","playtime":537,"items_purged":[],"score":284,"play_id":"5f4ffa12-94b1-451c-a2ab-bee45c57c3b0","local_time":"20210211170103","is_ascension_mode":true,"campfire_choices":[{"data":"Dagger Spray","floor":6,"key":"SMITH"},{"floor":13,"key":"REST"},{"floor":15,"key":"REST"}],"circlet_count":0,"master_deck":["Strike_G+1","Strike_G+1","Strike_G+1","Strike_G+1","Strike_G+1","Defend_G+1","Defend_G+1","Defend_G+1","Defend_G+1","Defend_G+1","Survivor","Neutralize","Dagger Spray+1","Deflect","Doubt","Deadly Poison","Riddle With Holes","Deadly Poison","Bouncing Flask","Bouncing Flask","Dash","Crippling Poison"],"relics":["Ring of the Snake","NeowsBlessing","Eternal Feather","ClockworkSouvenir","Oddly Smooth Stone","Black Star"],"acts_visited":["Exordium","TheCity"],"potions_floor_usage":[7,16,22],"damage_taken":[{"damage":0,"enemies":"Cultist","floor":1,"turns":1},{"damage":0,"enemies":"Jaw Worm","floor":2,"turns":1},{"damage":0,"enemies":"2 Louse","floor":4,"turns":1},{"damage":32,"enemies":"3 Sentries","floor":7,"turns":11},{"damage":1,"enemies":"2 Fungi Beasts","floor":8,"turns":5},{"damage":6,"enemies":"Looter","floor":10,"turns":4},{"damage":0,"enemies":"Exordium Wildlife","floor":11,"turns":4},{"damage":40,"enemies":"Lagavulin","floor":14,"turns":5},{"damage":35,"enemies":"The Guardian","floor":16,"turns":8},{"damage":21,"enemies":"2 Thieves","floor":18,"turns":5},{"damage":25,"enemies":"3 Byrds","floor":21,"turns":6},{"damage":33,"enemies":"3 Cultists","floor":22,"turns":5}],"seed_played":"3811783802709988730","potions_obtained":[{"floor":1,"key":"CunningPotion"},{"floor":7,"key":"GhostInAJar"},{"floor":11,"key":"Block Potion"},{"floor":14,"key":"CultistPotion"}],"is_trial":false,"path_per_floor":["M","M","$","M","?","R","E","M","T","M","M","$","R","E","R","B",null,"M","?","?","M","M"],"character_chosen":"THE_SILENT","items_purchased":["Dagger Spray","Bouncing Flask","ClockworkSouvenir"],"campfire_rested":2,"item_purchase_floors":[3,12,12],"current_hp_per_floor":[63,63,63,63,63,63,31,30,30,24,24,24,54,14,47,12,56,35,58,58,33,0,0],"gold":258,"neow_bonus":"THREE_ENEMY_KILL","is_daily":false,"chose_seed":false,"campfire_upgraded":1,"win_rate":0.0,"timestamp":1613080863,"path_taken":["M","M","$","?","?","R","E","M","T","M","M","$","R","E","R","BOSS","M","?","?","M","M"],"items_purchased_type":["Card","Card","Relic"],"build_version":"2020-12-22","purchased_purges":0,"victory":false,"max_hp_per_floor":[70,70,70,70,70,70,70,70,70,70,70,70,70,70,70,70,70,70,70,70,70,70,70],"relic_stats":{"counters":[12,56],"Eternal Feather":21,"Black Star":0,"obtain_stats":[{"NeowsBlessing":0,"Oddly Smooth Stone":14,"Eternal Feather":7,"Black Star":17,"Ring of the Snake":0,"ClockworkSouvenir":12},{"NeowsBlessing":0,"Oddly Smooth Stone":8,"Eternal Feather":4,"Black Star":9,"Ring of the Snake":0,"ClockworkSouvenir":7},{"NeowsBlessing":0,"Oddly Smooth Stone":32,"Eternal Feather":14,"Black Star":40,"Ring of the Snake":0,"ClockworkSouvenir":27}],"Ring of the Snake":[24]},"card_choices":[{"not_picked":["Infinite Blades","Blade Dance","Calculated Gamble"],"picked":"SKIP","floor":1},{"not_picked":["Predator","Heel Hook","Poisoned Stab"],"picked":"SKIP","floor":2},{"not_picked":["Cloak And Dagger","Backflip"],"picked":"Deflect","floor":4},{"not_picked":["Outmaneuver","Prepared","Underhanded Strike"],"picked":"SKIP","floor":7},{"not_picked":["Catalyst","Reflex"],"picked":"Deadly Poison","floor":8},{"not_picked":["Outmaneuver","Wraith Form v2"],"picked":"Riddle With Holes","floor":10},{"not_picked":["Backflip","Underhanded Strike"],"picked":"Deadly Poison","floor":11},{"not_picked":["Blade Dance","Bane"],"picked":"Bouncing Flask","floor":14},{"not_picked":["Backflip","Deflect"],"picked":"Dash","floor":18},{"not_picked":["Dagger Throw","Bane"],"picked":"Crippling Poison","floor":21}],"player_experience":727085,"relics_obtained":[{"floor":7,"key":"Eternal Feather"},{"floor":14,"key":"Oddly Smooth Stone"}],"event_choices":[{"damage_healed":0,"gold_gain":175,"player_choice":"AGREE","damage_taken":0,"max_hp_gain":0,"max_hp_loss":0,"event_name":"Liars Game","floor":5,"gold_loss":0,"cards_obtained":["Doubt"]},{"damage_healed":23,"gold_gain":0,"player_choice":"Heal","damage_taken":0,"max_hp_gain":0,"max_hp_loss":0,"event_name":"The Library","floor":19,"gold_loss":0},{"damage_healed":0,"gold_gain":0,"player_choice":"Simplicity","damage_taken":0,"max_hp_gain":0,"max_hp_loss":0,"event_name":"Back to Basics","floor":20,"gold_loss":0,"cards_upgraded":["Strike_G","Strike_G","Strike_G","Strike_G","Strike_G","Defend_G","Defend_G","Defend_G","Defend_G","Defend_G"]}],"is_beta":false,"boss_relics":[{"not_picked":["SlaversCollar","Coffee Dripper"],"picked":"Black Star"}],"items_purged_floors":[],"is_endless":false,"potions_floor_spawned":[1,7,11,14],"killed_by":"3 Cultists","ascension_level":9}}