{"host":"bf5upntvbdompq33","time":1613027470,"event":{"mods":["BaseMod","Colored Map","Colored Powertips","Curses Come First","Minty Spire (QoL Compilation)","StSLib","The Dragon Tamer","The Hierophant","The Marked","The Mystic","The Servant 0.9.4"],"gold_per_floor":[110,110,124,124,25,60,60,80,80,109,109,109,128,152,152,152,152],"floor_reached":16,"language":"ENG","playtime":367,"items_purged":["Strike_B"],"score":209,"play_id":"34485a27-fd60-4736-b7e5-c39087a1e740","local_time":"20210211001110","is_ascension_mode":true,"campfire_choices":[{"data":"Streamline","floor":7,"key":"SMITH"},{"floor":12,"key":"REST"},{"floor":15,"key":"REST"}],"circlet_count":0,"master_deck":["AscendersBane","Strike_B","Strike_B","Strike_B","Defend_B","Defend_B","Defend_B","Defend_B","Zap","Dualcast","Coolheaded","Streamline+1","Redo","Doom and Gloom","Cold Snap","Capacitor","Genetic Algorithm","Hologram"],"relics":["Cracked Core","NeowsBlessing","GremlinMask","Symbiotic Virus","Singing Bowl","Nunchaku","Golden Idol"],"acts_visited":["Exordium"],"potions_floor_usage":[],"damage_taken":[{"damage":6,"enemies":"2 Louse","floor":1,"turns":2},{"damage":0,"enemies":"Cultist","floor":3,"turns":1},{"damage":0,"enemies":"3 Sentries","floor":6,"turns":1},{"damage":13,"enemies":"Small Slimes","floor":8,"turns":3},{"damage":38,"enemies":"Lagavulin","floor":10,"turns":6},{"damage":22,"enemies":"Exordium Wildlife","floor":13,"turns":4},{"damage":9,"enemies":"Looter","floor":14,"turns":2},{"damage":36,"enemies":"The Guardian","floor":16,"turns":6}],"seed_played":"-7405819708284127020","potions_obtained":[{"floor":1,"key":"AttackPotion"},{"floor":8,"key":"LiquidMemories"}],"is_trial":false,"path_per_floor":["M","?","M","?","$","E","R","M","T","E","?","R","M","M","R","B"],"character_chosen":"DEFECT","items_purchased":["Redo"],"campfire_rested":2,"item_purchase_floors":[5],"current_hp_per_floor":[62,62,62,75,75,75,75,62,62,24,24,44,22,13,33,0,0],"gold":152,"neow_bonus":"THREE_ENEMY_KILL","is_daily":false,"chose_seed":false,"campfire_upgraded":1,"win_rate":0.0,"timestamp":1613027470,"path_taken":["M","?","?","?","?","E","R","M","T","E","?","R","M","M","R","BOSS"],"items_purchased_type":["Card"],"build_version":"2020-12-22","purchased_purges":1,"victory":false,"max_hp_per_floor":[75,75,75,75,75,75,75,75,75,75,69,69,69,69,69,69,69],"card_choices":[{"not_picked":["Blizzard","Force Field"],"picked":"Coolheaded","floor":1},{"not_picked":["Conserve Battery","Undo"],"picked":"Streamline","floor":3},{"not_picked":["Fission","Steam Power"],"picked":"Doom and Gloom","floor":6},{"not_picked":["Leap","Rebound"],"picked":"Cold Snap","floor":8},{"not_picked":["Rip and Tear","Auto Shields"],"picked":"Capacitor","floor":10},{"not_picked":["Barrage","Redo"],"picked":"Genetic Algorithm","floor":13},{"not_picked":["Beam Cell","Fusion"],"picked":"Hologram","floor":14}],"player_experience":1535715,"relics_obtained":[{"floor":6,"key":"Symbiotic Virus"},{"floor":9,"key":"Singing Bowl"},{"floor":10,"key":"Nunchaku"}],"event_choices":[{"damage_healed":0,"gold_gain":0,"player_choice":"Trade","damage_taken":0,"relics_obtained":["GremlinMask"],"max_hp_gain":0,"max_hp_loss":0,"event_name":"FaceTrader","floor":2,"gold_loss":0},{"damage_healed":25,"gold_gain":0,"player_choice":"Banana","damage_taken":0,"max_hp_gain":0,"max_hp_loss":0,"event_name":"Big Fish","floor":4,"gold_loss":0},{"damage_healed":0,"gold_gain":0,"player_choice":"Lose Max HP","damage_taken":0,"relics_obtained":["Golden Idol"],"max_hp_gain":0,"max_hp_loss":6,"event_name":"Golden Idol","floor":11,"gold_loss":0}],"is_beta":false,"boss_relics":[],"items_purged_floors":[5],"is_endless":false,"potions_floor_spawned":[1,8,10,14],"killed_by":"The Guardian","ascension_level":11}}