{"host":"g75gtovmj0ine2rf","time":1613042128,"event":{"mods":["2.2 Compatiblity","AchievementEnabler","Act Like it!","Arknights","Aspiration","Astrologer","Bard","BaseMod","Better Match","BetterRewards","Bossed Relics","CapriCore","Challenge The Spire","ChefMod","Clockwork Mod","Colored Map","Conspire","Elementarium","Energized Spire","Friendly Minions","Gensokyo","Halation","Hallownest","Hermit","HexUI Lib","Highlight Path","Hubris","Infinite Spire","Jedi Mod","Lobotomy","Menagerie","Minty Spire (QoL Compilation)","Puzzle Mod","Quick Restart","Rare Cards Sparkle","Relic Stats","Replay The Spire","Robot Space Explorer","Shade Mod","Shop Mod","Spicy Shops","StSLib","SuperFastMode","The Construct","The Cursed","The Dragon Tamer","The Juggle","The Jungle","The Marked","The Runesmith","The Showman","The Witch","TheBandit","TheFirefly","TheSwordswoman","TheVacant","TheVelvet","Transform Curses","Wandering Minibosses","thorton"],"gold_per_floor":[112,42,42,61,77,77,77,77],"floor_reached":7,"language":"ENG","playtime":163,"items_purged":[],"score":41,"play_id":"7ce90ed5-bf09-454b-bd35-c9dd4ea395e6","local_time":"20210211221528","is_ascension_mode":false,"campfire_choices":[{"data":"Menagerie:CrumblingSanctuary","floor":6,"key":"SMITH"}],"circlet_count":0,"master_deck":["theShowman:VanishingStrike","theShowman:VanishingStrike","theShowman:BasicStrike","theShowman:BasicStrike","theShowman:BasicDefend","theShowman:BasicDefend","theShowman:VanishingDefend","theShowman:VanishingDefend","theShowman:CardPickup52","theShowman:StageHook","theShowman:SpeechCard","theShowman:ThreeCardMonty","Menagerie:CrumblingSanctuary+1","Menagerie:LoxodonWarhammer","theShowman:DivertingDisplay"],"relics":["theShowman:ThirdTimeCharm","NeowsBlessing"],"acts_visited":["Exordium"],"potions_floor_usage":[],"damage_taken":[{"damage":0,"enemies":"Menagerie:WhisperingWraith","floor":1,"turns":1},{"damage":0,"enemies":"Menagerie:MonstrousExperiment","floor":4,"turns":1},{"damage":0,"enemies":"Menagerie:2_RABBITS","floor":5,"turns":1},{"damage":17,"enemies":"Menagerie:Hydra","floor":7,"turns":3}],"seed_played":"-707048679196877696","potions_obtained":[{"floor":4,"key":"EssenceOfSteel"},{"floor":5,"key":"jedi:holywater"}],"is_trial":false,"path_per_floor":["M","?","?","M","M","R","E"],"character_chosen":"THE_SHOWMAN","items_purchased":[],"campfire_rested":0,"item_purchase_floors":[],"current_hp_per_floor":[75,75,75,75,75,75,58,58],"gold":77,"neow_bonus":"THREE_ENEMY_KILL","is_daily":false,"chose_seed":false,"campfire_upgraded":1,"win_rate":0.0,"timestamp":1613042128,"path_taken":["M","?","?","?","?","R","E"],"items_purchased_type":[],"build_version":"2020-12-22","purchased_purges":0,"victory":false,"max_hp_per_floor":[75,75,75,75,75,75,75,75],"relic_stats":{"counters":[4,6],"obtain_stats":[{"NeowsBlessing":0,"theShowman:ThirdTimeCharm":0},{"NeowsBlessing":0,"theShowman:ThirdTimeCharm":0},{"NeowsBlessing":0,"theShowman:ThirdTimeCharm":0}]},"card_choices":[{"not_picked":["theShowman:BafflingShuffle","theShowman:GotYourNose"],"picked":"theShowman:ThreeCardMonty","floor":1},{"not_picked":["Menagerie:Staggershock","Menagerie:Skullclamp"],"picked":"Menagerie:CrumblingSanctuary","floor":2},{"not_picked":["Menagerie:RelicOfProgenitus","Menagerie:Skullclamp"],"picked":"Menagerie:LoxodonWarhammer","floor":2},{"not_picked":["theShowman:SleeveStash","theShowman:WardrobeWarding"],"picked":"theShowman:DivertingDisplay","floor":4},{"not_picked":["theShowman:KiblerFlick","theShowman:RazzleDazzle","theShowman:StrongArm"],"picked":"SKIP","floor":5}],"player_experience":1424642,"relics_obtained":[],"event_choices":[{"damage_healed":0,"gold_gain":0,"player_choice":"Spells","damage_taken":0,"max_hp_gain":0,"max_hp_loss":0,"event_name":"Menagerie:MagicPeddler","floor":2,"gold_loss":70}],"is_beta":false,"boss_relics":[],"items_purged_floors":[],"is_endless":false,"potions_floor_spawned":[4,5],"killed_by":"Menagerie:Hydra","ascension_level":0}}