{"host":"q8ewzd1tf4mqkgtb","time":1613004027,"event":{"mods":["Ascension Unlocker","BaseMod","Colored Map","Faster Ascension Climbing","Hermit","Minty Spire (QoL Compilation)","Relic Stats","StSLib","UnlockEverythingMod"],"gold_per_floor":[109,109,109,128,93,93,137,150,176,196,196,220,258,299,299,394,394,417,431,431,470,470,470,509,523,523,567,592,592,592,608,608,701,701,719,742,27,51,384,384,414,414,414,414,430,430,430],"floor_reached":46,"language":"ENG","playtime":8199,"items_purged":[],"score":1121,"play_id":"80b9994a-708f-4f97-8186-0bd53ac6762c","local_time":"20210210184027","is_ascension_mode":true,"campfire_choices":[{"data":"Bash","floor":6,"key":"SMITH"},{"data":"Perfected Strike","floor":11,"key":"SMITH"},{"data":"Perfected Strike","floor":15,"key":"SMITH"},{"data":"Offering","floor":23,"key":"SMITH"},{"floor":30,"key":"REST"},{"data":"Pommel Strike","floor":32,"key":"SMITH"},{"floor":40,"key":"RECALL"}],"circlet_count":0,"master_deck":["AscendersBane","Strike_R+1","Strike_R+1","Strike_R+1","Strike_R+1","Strike_R+1","Defend_R+1","Defend_R+1","Defend_R+1","Defend_R+1","Bash+1","Shockwave","Limit Break","Perfected Strike+1","Armaments","Fire Breathing","Offering+1","Shrug It Off","Perfected Strike+1","Perfected Strike+1","Ghostly","Ghostly","Ghostly","Impervious","Pommel Strike+1","Shrug It Off","Bloodletting","Reaper","Dual Wield","Shrug It Off","Corruption","Offering","Spot Weakness"],"relics":["Velvet Choker","Pen Nib","Sundial","Odd Mushroom","Prayer Wheel","Runic Pyramid","Red Mask","Whetstone","Ancient Tea Set","Bottled Flame","Fusion Hammer","Bronze Scales","Vajra","OrangePellets","Omamori","StoneCalendar"],"acts_visited":["Exordium","TheCity","TheBeyond"],"potions_floor_usage":[13,27,28,28,28,33,33,46],"damage_taken":[{"damage":1,"enemies":"2 Louse","floor":1,"turns":3},{"damage":4,"enemies":"Jaw Worm","floor":4,"turns":3},{"damage":25,"enemies":"3 Sentries","floor":7,"turns":6},{"damage":3,"enemies":"Small Slimes","floor":8,"turns":3},{"damage":9,"enemies":"Red Slaver","floor":10,"turns":4},{"damage":6,"enemies":"3 Louse","floor":12,"turns":3},{"damage":7,"enemies":"The Mushroom Lair","floor":13,"turns":6},{"damage":0,"enemies":"Gremlin Nob","floor":14,"turns":2},{"damage":11,"enemies":"Hexaghost","floor":16,"turns":8},{"damage":0,"enemies":"Chosen","floor":18,"turns":3},{"damage":11,"enemies":"2 Thieves","floor":19,"turns":4},{"damage":7,"enemies":"Masked Bandits","floor":21,"turns":4},{"damage":1,"enemies":"Gremlin Leader","floor":24,"turns":7},{"damage":0,"enemies":"Cultist and Chosen","floor":25,"turns":5},{"damage":32,"enemies":"Slavers","floor":27,"turns":5},{"damage":0,"enemies":"Snake Plant","floor":28,"turns":3},{"damage":0,"enemies":"Centurion and Healer","floor":31,"turns":5},{"damage":13,"enemies":"Champ","floor":33,"turns":8},{"damage":0,"enemies":"Orb Walker","floor":35,"turns":6},{"damage":0,"enemies":"3 Shapes","floor":36,"turns":5},{"damage":14,"enemies":"3 Darklings","floor":38,"turns":7},{"damage":9,"enemies":"Reptomancer","floor":41,"turns":6},{"damage":6,"enemies":"4 Shapes","floor":45,"turns":7},{"damage":49,"enemies":"Giant Head","floor":46,"turns":6}],"seed_played":"-9072172321925118607","potions_obtained":[{"floor":1,"key":"Weak Potion"},{"floor":7,"key":"Swift Potion"},{"floor":13,"key":"Fire Potion"},{"floor":21,"key":"SteroidPotion"},{"floor":27,"key":"EntropicBrew"},{"floor":28,"key":"GamblersBrew"},{"floor":29,"key":"HeartOfIron"},{"floor":35,"key":"Ancient Potion"},{"floor":45,"key":"DistilledChaos"}],"is_trial":false,"path_per_floor":["M","?","?","M","?","R","E","M","T","M","R","M","?","E","R","B",null,"M","M","?","?","?","R","E","M","T","E","M","?","R","M","R","B",null,"M","M","$","M","?","R","E","?","T","?","M","E"],"character_chosen":"IRONCLAD","items_purchased":["Bronze Scales","Vajra","OrangePellets","Shrug It Off","Corruption"],"campfire_rested":1,"item_purchase_floors":[37,37,37,37,37],"current_hp_per_floor":[67,56,56,52,68,68,43,40,40,31,31,25,18,18,18,7,53,53,42,42,35,34,34,33,33,33,1,7,7,17,17,17,4,27,33,34,34,34,34,34,34,24,24,24,18,0,0],"gold":430,"neow_bonus":"BOSS_RELIC","is_daily":false,"chose_seed":false,"campfire_upgraded":5,"win_rate":0.0,"timestamp":1613004027,"path_taken":["M","?","?","M","?","R","E","M","T","M","R","M","?","E","R","BOSS","M","M","?","?","?","R","E","M","T","E","M","?","R","M","R","BOSS","M","M","$","M","?","R","E","?","T","?","M","E"],"items_purchased_type":["Relic","Relic","Relic","Card","Card"],"build_version":"2020-12-22","purchased_purges":0,"victory":false,"max_hp_per_floor":[75,75,68,68,68,68,68,68,68,68,68,68,68,68,68,68,68,68,68,68,68,34,34,34,34,34,34,34,34,34,34,34,34,34,34,34,34,34,34,34,34,34,34,34,34,34,34],"relic_stats":{"OrangePellets":[1],"counters":[24,119],"Sundial":[8],"Bronze Scales":[97],"Prayer Wheel":9,"StoneCalendar":[1],"Pen Nib":[19],"Whetstone":["Perfected Strike","Perfected Strike"],"obtain_stats":[{"Golden Idol":3,"Velvet Choker":0,"Vajra":37,"StoneCalendar":43,"Pen Nib":2,"Omamori":41,"Whetstone":24,"Odd Mushroom":13,"Ancient Tea Set":26,"Burning Blood":0,"OrangePellets":37,"Bottled Flame":27,"Sundial":7,"Bronze Scales":37,"Prayer Wheel":14,"Fusion Hammer":34,"Red Mask":21,"Runic Pyramid":17},{"Golden Idol":1,"Velvet Choker":0,"Vajra":20,"StoneCalendar":22,"Pen Nib":1,"Omamori":22,"Whetstone":13,"Odd Mushroom":7,"Ancient Tea Set":14,"Burning Blood":0,"OrangePellets":20,"Bottled Flame":15,"Sundial":3,"Bronze Scales":20,"Prayer Wheel":8,"Fusion Hammer":18,"Red Mask":12,"Runic Pyramid":9},{"Golden Idol":3,"Velvet Choker":0,"Vajra":93,"StoneCalendar":106,"Pen Nib":3,"Omamori":106,"Whetstone":56,"Odd Mushroom":28,"Ancient Tea Set":61,"Burning Blood":0,"OrangePellets":93,"Bottled Flame":66,"Sundial":12,"Bronze Scales":93,"Prayer Wheel":30,"Fusion Hammer":82,"Red Mask":49,"Runic Pyramid":38}]},"card_choices":[{"not_picked":["Uppercut","Clash"],"picked":"Shockwave","floor":1},{"not_picked":["Flex","Shrug It Off"],"picked":"Perfected Strike","floor":4},{"not_picked":["Thunderclap","Anger"],"picked":"Limit Break","floor":7},{"not_picked":["Clothesline","Whirlwind"],"picked":"Perfected Strike","floor":8},{"not_picked":["Uppercut","Body Slam","Sever Soul"],"picked":"SKIP","floor":10},{"not_picked":["Heavy Blade","Rupture"],"picked":"Armaments","floor":12},{"not_picked":["Heavy Blade","Hemokinesis"],"picked":"Fire Breathing","floor":13},{"not_picked":["Flex","Exhume","Warcry"],"picked":"SKIP","floor":14},{"not_picked":["Exhume","Double Tap"],"picked":"Offering","floor":16},{"not_picked":["Combust","Iron Wave+1"],"picked":"Shrug It Off","floor":18},{"not_picked":["Body Slam","Shrug It Off"],"picked":"Perfected Strike","floor":18},{"not_picked":["Twin Strike","Clothesline"],"picked":"Perfected Strike","floor":19},{"not_picked":["Clothesline","Heavy Blade+1","Blood for Blood"],"picked":"SKIP","floor":19},{"not_picked":["Rage","True Grit"],"picked":"Impervious","floor":24},{"not_picked":["Cleave","Shockwave"],"picked":"Pommel Strike","floor":27},{"not_picked":["Clothesline+1","Anger"],"picked":"Shrug It Off","floor":28},{"not_picked":["Twin Strike","Anger","Fire Breathing"],"picked":"SKIP","floor":28},{"not_picked":["Anger","Sword Boomerang"],"picked":"Bloodletting","floor":31},{"not_picked":["Limit Break","Intimidate","Fire Breathing"],"picked":"SKIP","floor":31},{"not_picked":["Demon Form","Juggernaut"],"picked":"Reaper","floor":33},{"not_picked":["Clash","Headbutt","Rampage"],"picked":"SKIP","floor":35},{"not_picked":["True Grit","Warcry","Clash"],"picked":"SKIP","floor":35},{"not_picked":["Havoc","Uppercut"],"picked":"Dual Wield","floor":36},{"not_picked":["Hemokinesis","Reckless Charge","Anger"],"picked":"SKIP","floor":36},{"not_picked":["Pummel+1","Sword Boomerang","Rampage"],"picked":"SKIP","floor":38},{"not_picked":["Sword Boomerang+1","Fire Breathing","Twin Strike"],"picked":"SKIP","floor":38},{"not_picked":["Dark Embrace+1","Iron Wave"],"picked":"Offering","floor":41},{"not_picked":["Pummel+1","Anger"],"picked":"Spot Weakness","floor":45},{"not_picked":["Sword Boomerang","Wild Strike","Power Through"],"picked":"SKIP","floor":45}],"player_experience":575595,"relics_obtained":[{"floor":7,"key":"Sundial"},{"floor":13,"key":"Odd Mushroom"},{"floor":14,"key":"Prayer Wheel"},{"floor":21,"key":"Red Mask"},{"floor":24,"key":"Whetstone"},{"floor":26,"key":"Ancient Tea Set"},{"floor":27,"key":"Bottled Flame"},{"floor":41,"key":"Omamori"},{"floor":43,"key":"StoneCalendar"}],"event_choices":[{"damage_healed":0,"gold_gain":0,"player_choice":"Success","damage_taken":11,"relics_obtained":["Pen Nib"],"max_hp_gain":0,"max_hp_loss":0,"event_name":"Scrap Ooze","floor":2,"gold_loss":0},{"damage_healed":0,"gold_gain":0,"player_choice":"Lose Max HP","damage_taken":0,"relics_obtained":["Golden Idol"],"max_hp_gain":0,"max_hp_loss":7,"event_name":"Golden Idol","floor":3,"gold_loss":0},{"damage_healed":17,"gold_gain":0,"player_choice":"Healed","damage_taken":0,"max_hp_gain":0,"max_hp_loss":0,"event_name":"The Cleric","floor":5,"gold_loss":35},{"damage_healed":0,"gold_gain":0,"player_choice":"Fought Mushrooms","damage_taken":0,"max_hp_gain":0,"max_hp_loss":0,"event_name":"Mushrooms","floor":13,"gold_loss":0},{"damage_healed":0,"gold_gain":0,"player_choice":"Simplicity","damage_taken":0,"max_hp_gain":0,"max_hp_loss":0,"event_name":"Back to Basics","floor":20,"gold_loss":0,"cards_upgraded":["Strike_R","Strike_R","Strike_R","Strike_R","Strike_R","Defend_R","Defend_R","Defend_R","Defend_R"]},{"damage_healed":0,"gold_gain":0,"player_choice":"Fought Bandits","damage_taken":0,"max_hp_gain":0,"max_hp_loss":0,"event_name":"Masked Bandits","floor":21,"gold_loss":0},{"damage_healed":0,"gold_gain":0,"player_choice":"Became a Ghost","damage_taken":0,"max_hp_gain":0,"max_hp_loss":34,"event_name":"Ghosts","floor":22,"gold_loss":0,"cards_obtained":["Ghostly","Ghostly","Ghostly"]},{"damage_healed":0,"gold_gain":0,"player_choice":"Got Potions","damage_taken":0,"max_hp_gain":0,"max_hp_loss":0,"event_name":"Lab","floor":29,"gold_loss":0},{"damage_healed":0,"gold_gain":333,"player_choice":"Gave Idol","damage_taken":0,"max_hp_gain":0,"max_hp_loss":0,"event_name":"The Moai Head","floor":39,"relics_lost":["Golden Idol"],"gold_loss":0},{"damage_healed":0,"gold_gain":0,"player_choice":"Memory 3","damage_taken":10,"max_hp_gain":0,"max_hp_loss":0,"event_name":"SensoryStone","floor":42,"gold_loss":0},{"cards_removed":["Perfected Strike"],"damage_healed":0,"gold_gain":0,"player_choice":"Removed Attack","damage_taken":0,"max_hp_gain":0,"max_hp_loss":0,"event_name":"Falling","floor":44,"gold_loss":0}],"is_beta":false,"boss_relics":[{"not_picked":["Busted Crown","Sozu"],"picked":"Runic Pyramid"},{"not_picked":["Black Star","Tiny House"],"picked":"Fusion Hammer"}],"items_purged_floors":[],"is_endless":false,"potions_floor_spawned":[1,7,13,21,27,28,31,35,45],"killed_by":"Giant Head","ascension_level":20}}