{"host":"f5n4tidiz2n5sooh","time":1613034546,"event":{"mods":["BaseMod","Colored Map","Minty Spire (QoL Compilation)","Relic Stats","StSLib"],"gold_per_floor":[114,134,151,201,220,220,220,239,539,539,20,40,40,40,40,117,117,136,136,146,146,71,71,71,71],"floor_reached":24,"language":"ENG","playtime":773,"items_purged":["Strike_G"],"score":391,"play_id":"861fad0b-2a07-4635-afb1-13e099b42e46","local_time":"20210211030906","is_ascension_mode":true,"campfire_choices":[{"floor":7,"key":"REST"},{"data":"All Out Attack","floor":10,"key":"SMITH"},{"floor":15,"key":"REST"},{"data":"Ghostly","floor":23,"key":"SMITH"}],"circlet_count":0,"master_deck":["AscendersBane","Strike_G","Strike_G+1","Strike_G","Strike_G","Defend_G","Defend_G","Defend_G","Defend_G","Defend_G","Survivor","Neutralize","Flying Knee+1","Bouncing Flask","Quick Slash","All Out Attack+1","Bane","Footwork","Dodge and Roll","Glass Knife","Dash","Ghostly+1","Ghostly","Ghostly","Well Laid Plans"],"relics":["Black Star","Old Coin","TwistedFunnel","Bag of Marbles","Velvet Choker","Spirit Poop"],"acts_visited":["Exordium","TheCity"],"potions_floor_usage":[6,16,16,24],"damage_taken":[{"damage":4,"enemies":"Small Slimes","floor":1,"turns":4},{"damage":8,"enemies":"Cultist","floor":2,"turns":6},{"damage":7,"enemies":"Jaw Worm","floor":3,"turns":3},{"damage":4,"enemies":"2 Fungi Beasts","floor":5,"turns":3},{"damage":32,"enemies":"3 Sentries","floor":6,"turns":6},{"damage":7,"enemies":"Large Slime","floor":8,"turns":5},{"damage":8,"enemies":"Lots of Slimes","floor":12,"turns":3},{"damage":6,"enemies":"The Guardian","floor":16,"turns":9},{"damage":17,"enemies":"2 Thieves","floor":18,"turns":4},{"damage":18,"enemies":"Spheric Guardian","floor":20,"turns":4},{"damage":26,"enemies":"Book of Stabbing","floor":24,"turns":8}],"seed_played":"-3550905837221853069","potions_obtained":[{"floor":5,"key":"SmokeBomb"},{"floor":8,"key":"SkillPotion"},{"floor":20,"key":"GhostInAJar"}],"is_trial":false,"path_per_floor":["M","M","M","?","M","E","R","M","T","R","$","M","?","?","R","B",null,"M","?","M","?","$","R","E"],"character_chosen":"THE_SILENT","items_purchased":["Footwork","TwistedFunnel","Bag of Marbles","Regen Potion","Well Laid Plans"],"campfire_rested":2,"item_purchase_floors":[11,11,11,11,22],"current_hp_per_floor":[55,47,40,40,36,4,23,16,16,16,16,8,24,4,23,32,58,41,41,23,23,23,23,0,0],"gold":71,"neow_bonus":"BOSS_RELIC","is_daily":false,"chose_seed":false,"campfire_upgraded":2,"win_rate":0.0,"timestamp":1613034546,"path_taken":["M","M","M","?","M","E","R","?","T","R","?","?","?","?","R","BOSS","M","?","?","?","?","R","E"],"items_purchased_type":["Card","Relic","Relic","Potion","Card"],"build_version":"2020-12-22","purchased_purges":1,"victory":false,"max_hp_per_floor":[66,66,66,66,66,66,66,66,66,66,66,66,66,66,66,66,66,66,63,63,31,31,31,31,31],"relic_stats":{"counters":[11,55],"Black Star":1,"obtain_stats":[{"TwistedFunnel":11,"Velvet Choker":17,"Spirit Poop":19,"Black Star":0,"Bag of Marbles":11,"Ring of the Snake":0,"Old Coin":9},{"TwistedFunnel":6,"Velvet Choker":8,"Spirit Poop":9,"Black Star":0,"Bag of Marbles":6,"Ring of the Snake":0,"Old Coin":6},{"TwistedFunnel":27,"Velvet Choker":39,"Spirit Poop":43,"Black Star":0,"Bag of Marbles":27,"Ring of the Snake":0,"Old Coin":27}]},"card_choices":[{"not_picked":["Outmaneuver","Acrobatics"],"picked":"Flying Knee","floor":1},{"not_picked":["Acrobatics","Escape Plan"],"picked":"Bouncing Flask","floor":2},{"not_picked":["Acrobatics","Dodge and Roll"],"picked":"Quick Slash","floor":3},{"not_picked":["Footwork","Catalyst"],"picked":"All Out Attack","floor":5},{"not_picked":["Infinite Blades","Outmaneuver"],"picked":"Bane","floor":8},{"not_picked":["Masterful Stab","Deflect"],"picked":"Dodge and Roll","floor":12},{"not_picked":["Envenom","After Image"],"picked":"Glass Knife","floor":16},{"not_picked":["Quick Slash+1","Flying Knee","Underhanded Strike"],"picked":"SKIP","floor":18},{"not_picked":["Concentrate","Finisher"],"picked":"Dash","floor":20}],"player_experience":2048390,"relics_obtained":[{"floor":9,"key":"Old Coin"}],"event_choices":[{"damage_healed":0,"gold_gain":50,"player_choice":"Pray","damage_taken":0,"max_hp_gain":0,"max_hp_loss":0,"event_name":"Golden Shrine","floor":4,"gold_loss":0},{"damage_healed":16,"gold_gain":0,"player_choice":"Healed and dodged fight","damage_taken":0,"max_hp_gain":0,"max_hp_loss":0,"event_name":"Mushrooms","floor":13,"gold_loss":0,"cards_obtained":["Parasite"]},{"damage_healed":0,"gold_gain":0,"player_choice":"Entered Light","damage_taken":20,"max_hp_gain":0,"max_hp_loss":0,"event_name":"Shining Light","floor":14,"gold_loss":0,"cards_upgraded":["Strike_G","Flying Knee"]},{"cards_removed":["Parasite"],"damage_healed":0,"gold_gain":0,"player_choice":"Offered Curse","damage_taken":0,"relics_obtained":["Spirit Poop"],"max_hp_gain":0,"max_hp_loss":0,"event_name":"Bonfire Elementals","floor":19,"gold_loss":0},{"damage_healed":0,"gold_gain":0,"player_choice":"Became a Ghost","damage_taken":0,"max_hp_gain":0,"max_hp_loss":32,"event_name":"Ghosts","floor":21,"gold_loss":0,"cards_obtained":["Ghostly","Ghostly","Ghostly"]}],"is_beta":false,"boss_relics":[{"not_picked":["Ectoplasm","Empty Cage"],"picked":"Velvet Choker"}],"items_purged_floors":[11],"is_endless":false,"potions_floor_spawned":[5,6,8,20],"killed_by":"Book of Stabbing","ascension_level":20}}