{"host":"ajxvnmsjfcleb5r5","time":1613019480,"event":{"mods":["2.2 Compatiblity","AchievementEnabler","BaseMod","Beaked The Cultist","Better Note","BetterRewards","Card Forge","Clockwork Mod","Colored Powertips","DNKmod","Friendly Minions","Infinite Spire","Minty Spire (QoL Compilation)","Quick Restart","Shop Mod","StSLib","SuperFastMode"],"gold_per_floor":[117,6,6,18,30,30,44,75,75,75,88,17,17,70,70,175,175,175,175],"floor_reached":18,"language":"KOR","playtime":1027,"items_purged":["Clockwork:Strike"],"score":162,"play_id":"2301d121-ddd2-4f19-bf5b-cfa155d8a4f6","local_time":"20210211135800","is_ascension_mode":false,"campfire_choices":[{"data":"Clockwork:RevUp","floor":6.0,"key":"SMITH"},{"floor":15.0,"key":"REST"}],"circlet_count":0,"master_deck":["Clockwork:Strike","Clockwork:Strike","Clockwork:Strike","Clockwork:Shield","Clockwork:Shield","Clockwork:Shield","Clockwork:Shield+1","Clockwork:Tinker","Clockwork:WarmUp","Clockwork:Handicap+1","Clockwork:PerfectedShield","Clockwork:RevUp+1","Clockwork:AssemblyLine","Clockwork:EnthusiasticStrike","Clockwork:OccamsRazor+1","Clockwork:SiegeStrike","Clockwork:Enhance+1"],"relics":["Clockwork:MomentumEngine","Hammer of Thor","Seething Fire","Anvil of the Gods","infinitespire:CursedDice","Calipers","NeowsBlessing","War Paint","Blue Candle","Clockwork:BloodPhial","Nunchaku","Ectoplasm"],"acts_visited":["Exordium","TheCity"],"potions_floor_usage":[],"damage_taken":[{"damage":0.0,"enemies":"Cultist","floor":1.0,"turns":4.0},{"damage":4.0,"enemies":"infinitespire:Voidling","floor":4.0,"turns":2.0},{"damage":0.0,"enemies":"Small Slimes","floor":5.0,"turns":2.0},{"damage":4.0,"enemies":"Blue Slaver","floor":7.0,"turns":6.0},{"damage":61.0,"enemies":"Gremlin Nob","floor":8.0,"turns":8.0},{"damage":8.0,"enemies":"Red Slaver","floor":11.0,"turns":8.0},{"damage":17.0,"enemies":"The Guardian","floor":16.0,"turns":15.0},{"damage":27,"enemies":"3 Byrds","floor":18,"turns":8}],"seed_played":"-5219401636592764925","potions_obtained":[{"floor":1.0,"key":"FairyPotion"},{"floor":7.0,"key":"Dexterity Potion"},{"floor":8.0,"key":"Block Potion"}],"is_trial":false,"path_per_floor":["M","$","$","M","M","R","M","E","T","?","M","$","?","T","R","B",null,"M"],"character_chosen":"CLOCKWORK","items_purchased":["Clockwork:RevUp","Clockwork:OccamsRazor"],"campfire_rested":1,"item_purchase_floors":[2,12],"current_hp_per_floor":[85,85,85,81,81,81,77,16,16,16,14,14,14,14,39,30,85,58,58],"gold":175,"neow_bonus":"THREE_ENEMY_KILL","is_daily":false,"chose_seed":false,"campfire_upgraded":1,"win_rate":0.0,"timestamp":1613019480,"path_taken":["M","?","$","?","M","R","M","E","T","?","M","$","?","?","R","BOSS","M"],"items_purchased_type":["Card","Card"],"build_version":"2020-12-22","purchased_purges":1,"victory":false,"max_hp_per_floor":[85,85,85,85,85,85,85,85,85,85,85,85,85,85,85,85,85,85,85],"card_choices":[{"not_picked":["Clockwork:SystemHardening","Clockwork:CogShield"],"picked":"Clockwork:PerfectedShield","floor":1.0},{"not_picked":["Clockwork:SearchingStrike","Clockwork:AdaptiveShield"],"picked":"Clockwork:AssemblyLine","floor":4.0},{"not_picked":["Clockwork:Redundancy","Clockwork:ChargingBlade"],"picked":"Clockwork:EnthusiasticStrike","floor":5.0},{"not_picked":["Clockwork:CogShield","Clockwork:SystemHardening","Clockwork:Minimalism"],"picked":"SKIP","floor":7.0},{"not_picked":["Clockwork:Roundhouse","Clockwork:DefectiveParts"],"picked":"Clockwork:CraftBloodPhial","floor":8.0},{"not_picked":["Clockwork:RampUp","Clockwork:MechanicalBulk"],"picked":"Clockwork:CraftBloodPhial","floor":11.0},{"not_picked":["Clockwork:WindupStrike","Clockwork:KaliMa"],"picked":"Clockwork:SiegeStrike","floor":16.0},{"not_picked":["Clockwork:CogToss","Clockwork:CraftBloodPhial"],"picked":"Clockwork:Enhance+1","floor":18}],"player_experience":184258,"relics_obtained":[{"floor":8.0,"key":"War Paint"},{"floor":9.0,"key":"Blue Candle"},{"floor":14.0,"key":"Nunchaku"}],"event_choices":[{"damage_healed":0.0,"max_hp_gain":0.0,"max_hp_loss":0.0,"gold_gain":0.0,"event_name":"Liars Game","player_choice":"Ignored","floor":10.0,"gold_loss":0.0,"damage_taken":0.0},{"damage_healed":0.0,"max_hp_gain":0.0,"max_hp_loss":0.0,"gold_gain":0.0,"event_name":"Living Wall","player_choice":"Grow","floor":13.0,"gold_loss":0.0,"damage_taken":0.0,"cards_upgraded":["Clockwork:OccamsRazor"]}],"is_beta":false,"boss_relics":[{"not_picked":["SacredBark","Velvet Choker"],"picked":"Ectoplasm"}],"items_purged_floors":[2],"is_endless":false,"potions_floor_spawned":[1,7,8],"killed_by":"3 Byrds","ascension_level":0}}