{"host":"5raohst9sk3kvp5v","time":1613018240,"event":{"mods":["BaseMod","Colored Powertips","Highlight Path","Minty Spire (QoL Compilation)","Quick Restart","Relic Stats","StSLib"],"gold_per_floor":[114,126,145,157,45,78,78,112,139,139,158,193,193,193,193,267,267,285,285,285,335,349,349,384,384,384,384,384,394,9,9,9,9,9],"floor_reached":33,"language":"ENG","playtime":1467,"items_purged":["Strike_R"],"score":548,"play_id":"627b0d34-d057-42c9-bf56-926df0c5984d","local_time":"20210210223720","is_ascension_mode":true,"campfire_choices":[{"data":"Uppercut","floor":7.0,"key":"SMITH"},{"floor":10.0,"key":"REST"},{"data":"Body Slam","floor":13.0,"key":"SMITH"},{"data":"Flame Barrier","floor":15.0,"key":"SMITH"},{"data":"Double Tap","floor":23.0,"key":"SMITH"},{"data":"Flame Barrier","floor":25.0,"key":"SMITH"},{"data":"Entrench","floor":27.0,"key":"SMITH"},{"floor":32,"key":"REST"}],"circlet_count":0,"master_deck":["AscendersBane","Strike_R","Strike_R+1","Strike_R","Defend_R","Defend_R","Defend_R","Defend_R","Bash","Carnage","Feel No Pain","Rage","Power Through","Uppercut+1","Flame Barrier+1","Carnage+1","Body Slam+1","Double Tap+1","Pommel Strike","Entrench+1","Flame Barrier+1","Iron Wave+1","True Grit"],"relics":["Burning Blood","Centennial Puzzle","Juzu Bracelet","Bag of Marbles","Whetstone","Cursed Key","Paper Frog","Champion Belt"],"acts_visited":["TheCity"],"potions_floor_usage":[],"damage_taken":[{"damage":2.0,"enemies":"Cultist","floor":1.0,"turns":4.0},{"damage":5.0,"enemies":"Small Slimes","floor":2.0,"turns":4.0},{"damage":6.0,"enemies":"Jaw Worm","floor":3.0,"turns":3.0},{"damage":13.0,"enemies":"Blue Slaver","floor":4.0,"turns":3.0},{"damage":31.0,"enemies":"Lagavulin","floor":6.0,"turns":10.0},{"damage":20.0,"enemies":"Gremlin Nob","floor":8.0,"turns":5.0},{"damage":2.0,"enemies":"Red Slaver","floor":11.0,"turns":4.0},{"damage":10.0,"enemies":"Lagavulin","floor":12.0,"turns":5.0},{"damage":23.0,"enemies":"The Guardian","floor":16.0,"turns":9.0},{"damage":11.0,"enemies":"Shell Parasite","floor":18.0,"turns":2.0},{"damage":0.0,"enemies":"Chosen","floor":22.0,"turns":3.0},{"damage":6.0,"enemies":"Book of Stabbing","floor":24.0,"turns":4.0},{"damage":7,"enemies":"3 Cultists","floor":29,"turns":5},{"damage":67,"enemies":"Collector","floor":33,"turns":7}],"seed_played":"4211902601143923392","potions_obtained":[{"floor":1.0,"key":"Ancient Potion"},{"floor":4.0,"key":"SkillPotion"},{"floor":6.0,"key":"DuplicationPotion"},{"floor":12.0,"key":"Strength Potion"},{"floor":18.0,"key":"AttackPotion"},{"floor":24.0,"key":"Explosive Potion"}],"is_trial":false,"path_per_floor":["M","M","M","M","$","E","R","E","T","R","M","E","R","?","R","B",null,"M","?","?","?","M","R","E","R","T","R","T","M","$","?","R","B"],"character_chosen":"IRONCLAD","items_purchased":["Uppercut","Champion Belt","True Grit"],"campfire_rested":2,"item_purchase_floors":[5,30,30],"current_hp_per_floor":[72,73,73,66,66,41,41,27,27,49,53,49,49,49,49,32,64,59,38,38,38,44,44,44,44,44,44,44,43,43,43,67,0,0],"gold":9,"neow_bonus":"RANDOM_COMMON_RELIC","is_daily":false,"chose_seed":false,"campfire_upgraded":6,"win_rate":0.0,"timestamp":1613018240,"path_taken":["M","M","M","M","$","E","R","E","T","R","M","E","R","?","R","BOSS","M","?","?","?","M","R","E","R","T","R","?","M","$","?","R","BOSS"],"items_purchased_type":["Card","Relic","Card"],"build_version":"2020-12-22","purchased_purges":1,"victory":false,"max_hp_per_floor":[75,75,75,75,75,75,75,75,75,75,75,75,75,75,75,75,75,75,80,80,80,80,80,80,80,80,80,80,80,80,80,80,80,80],"relic_stats":{"Centennial Puzzle":[39],"counters":[14,68],"Juzu Bracelet":3,"Whetstone":["Carnage","Strike_R"],"Champion Belt":[5],"Cursed Key":0,"obtain_stats":[{"Centennial Puzzle":0,"Juzu Bracelet":6,"Bag of Marbles":8,"Whetstone":12,"Champion Belt":30,"Cursed Key":17,"Burning Blood":0,"Paper Frog":24},{"Centennial Puzzle":0,"Juzu Bracelet":5,"Bag of Marbles":6,"Whetstone":8,"Champion Belt":13,"Cursed Key":9,"Burning Blood":0,"Paper Frog":12},{"Centennial Puzzle":0,"Juzu Bracelet":24,"Bag of Marbles":29,"Whetstone":38,"Champion Belt":61,"Cursed Key":47,"Burning Blood":0,"Paper Frog":56}],"Burning Blood":78},"card_choices":[{"not_picked":["Combust","Shrug It Off"],"picked":"Carnage","floor":1.0},{"not_picked":["Body Slam","Anger"],"picked":"Feel No Pain","floor":2.0},{"not_picked":["Pommel Strike","Twin Strike"],"picked":"Rage","floor":3.0},{"not_picked":["Clash","Flex"],"picked":"Power Through","floor":4.0},{"not_picked":["Perfected Strike","Twin Strike"],"picked":"Flame Barrier","floor":6.0},{"not_picked":["Rage","Pummel","Wild Strike"],"picked":"SKIP","floor":8.0},{"not_picked":["Cleave","Dropkick"],"picked":"Carnage","floor":11.0},{"not_picked":["Rupture","Disarm"],"picked":"Body Slam","floor":12.0},{"not_picked":["Reaper","Berserk"],"picked":"Double Tap","floor":16.0},{"not_picked":["Combust","Blood for Blood"],"picked":"Pommel Strike","floor":18.0},{"not_picked":["Rupture","Clothesline","Sword Boomerang"],"picked":"SKIP","floor":22.0},{"not_picked":["Inflame","Rage"],"picked":"Flame Barrier","floor":24.0},{"not_picked":["Pommel Strike","Shockwave"],"picked":"Iron Wave+1","floor":29}],"player_experience":1729923,"relics_obtained":[{"floor":6.0,"key":"Juzu Bracelet"},{"floor":8.0,"key":"Bag of Marbles"},{"floor":12.0,"key":"Whetstone"},{"floor":24.0,"key":"Paper Frog"}],"event_choices":[{"cards_removed":["Strike_R"],"damage_healed":0.0,"max_hp_gain":0.0,"max_hp_loss":0.0,"gold_gain":0.0,"event_name":"Wheel of Change","player_choice":"Card Removal","floor":14.0,"gold_loss":0.0,"damage_taken":0.0},{"damage_healed":0.0,"max_hp_gain":5.0,"max_hp_loss":0.0,"gold_gain":0.0,"event_name":"Forgotten Altar","player_choice":"Shed Blood","floor":19.0,"gold_loss":0.0,"damage_taken":26.0},{"damage_healed":0.0,"max_hp_gain":0.0,"max_hp_loss":0.0,"gold_gain":0.0,"event_name":"The Library","player_choice":"Read","floor":20.0,"gold_loss":0.0,"damage_taken":0.0,"cards_obtained":["Entrench"]},{"damage_healed":0.0,"max_hp_gain":0.0,"max_hp_loss":0.0,"gold_gain":50.0,"event_name":"Nest","player_choice":"Stole From Cult","floor":21.0,"gold_loss":0.0,"damage_taken":0.0},{"damage_healed":0,"gold_gain":0,"player_choice":"Ignored","damage_taken":0,"max_hp_gain":0,"max_hp_loss":0,"event_name":"The Mausoleum","floor":31,"gold_loss":0}],"is_beta":false,"boss_relics":[{"not_picked":["Runic Cube","Coffee Dripper"],"picked":"Cursed Key"}],"items_purged_floors":[5],"is_endless":false,"potions_floor_spawned":[1,4,6,12,18,24],"killed_by":"Collector","ascension_level":19}}