{"host":"jpzdg3po3tjxdjri","time":1613040813,"event":{"mods":["BaseMod","Better Third Choice","Colored Map","Colored Powertips","Minty Spire (QoL Compilation)","StSLib"],"gold_per_floor":[117,130,146,160,17,32,32,61,61,88,88,103,131,131,131,236,236,254,266,266,34,34,34,69,88,88,107,123,123,138,38,38,134,184,201,251,251,264,68,101,101,114,192,0,31,31,31,44,44,44,44,44,44,73,73,73],"floor_reached":55,"language":"ENG","playtime":2918,"items_purged":["Strike_R","Shame"],"score":778,"play_id":"19e9bd9d-c94e-4061-92c0-818ba6737259","local_time":"20210211105333","is_ascension_mode":true,"campfire_choices":[{"data":"Searing Blow","floor":7,"key":"SMITH"},{"data":"True Grit","floor":11,"key":"SMITH"},{"data":"Searing Blow+1","floor":15,"key":"SMITH"},{"data":"Searing Blow+2","floor":23,"key":"SMITH"},{"data":"Feel No Pain","floor":32,"key":"SMITH"},{"floor":41,"key":"RECALL"},{"data":"Shockwave","floor":47,"key":"SMITH"},{"data":"Searing Blow+3","floor":49,"key":"SMITH"},{"data":"Searing Blow+4","floor":52,"key":"SMITH"}],"circlet_count":0,"master_deck":["Strike_R","Strike_R","Defend_R","Defend_R","Defend_R","Defend_R","Bash","Shockwave+1","Searing Blow+5","Intimidate","Shrug It Off","Pommel Strike","Inflame+1","Reaper","Inflame","Cleave","Rampage","Disarm","True Grit+1","Feel No Pain+1","Hemokinesis","Feed","Berserk","Thunderclap","Spot Weakness","Demon Form","Clumsy","Burning Pact+1","Double Tap","Shrug It Off","Fire Breathing","Feel No Pain","Pain","Reaper"],"relics":["Burning Blood","Orrery","Blue Candle","Akabeko","Pantograph","Cursed Key","MutagenicStrength","Strange Spoon","Dead Branch","Bird Faced Urn","Pear","Tiny House","TungstenRod","Oddly Smooth Stone","Thread and Needle","StrikeDummy","Red Mask","Bag of Marbles","Vajra"],"acts_visited":["Exordium","TheCity","TheBeyond","TheEnding"],"potions_floor_usage":[8,10,24,33,50,50,54,55],"damage_taken":[{"damage":10,"enemies":"Small Slimes","floor":1,"turns":4},{"damage":4,"enemies":"Cultist","floor":2,"turns":3},{"damage":9,"enemies":"2 Louse","floor":3,"turns":3},{"damage":6,"enemies":"Blue Slaver","floor":4,"turns":4},{"damage":6,"enemies":"Large Slime","floor":6,"turns":4},{"damage":32,"enemies":"Lagavulin","floor":8,"turns":7},{"damage":46,"enemies":"Gremlin Nob","floor":10,"turns":6},{"damage":17,"enemies":"Exordium Thugs","floor":12,"turns":3},{"damage":14,"enemies":"Lagavulin","floor":13,"turns":6},{"damage":40,"enemies":"Hexaghost","floor":16,"turns":14},{"damage":17,"enemies":"2 Thieves","floor":18,"turns":4},{"damage":0,"enemies":"Chosen","floor":19,"turns":6},{"damage":22,"enemies":"Gremlin Leader","floor":24,"turns":7},{"damage":21,"enemies":"Snecko","floor":25,"turns":6},{"damage":16,"enemies":"Centurion and Healer","floor":27,"turns":6},{"damage":29,"enemies":"Snake Plant","floor":28,"turns":4},{"damage":15,"enemies":"Chosen and Byrds","floor":30,"turns":6},{"damage":74,"enemies":"Collector","floor":33,"turns":10},{"damage":15,"enemies":"3 Shapes","floor":35,"turns":5},{"damage":6,"enemies":"Mind Bloom Boss Battle","floor":36,"turns":5},{"damage":23,"enemies":"3 Darklings","floor":38,"turns":5},{"damage":111,"enemies":"Giant Head","floor":40,"turns":11},{"damage":28,"enemies":"Spire Growth","floor":42,"turns":6},{"damage":44,"enemies":"Nemesis","floor":45,"turns":11},{"damage":0,"enemies":"Jaw Worm Horde","floor":48,"turns":1},{"damage":56,"enemies":"Donu and Deca","floor":50,"turns":9},{"damage":103,"enemies":"Shield and Spear","floor":54,"turns":11},{"damage":127,"enemies":"The Heart","floor":55,"turns":8}],"seed_played":"-8539559905325089389","potions_obtained":[{"floor":1,"key":"ElixirPotion"},{"floor":8,"key":"Ancient Potion"},{"floor":10,"key":"BloodPotion"},{"floor":12,"key":"Ancient Potion"},{"floor":13,"key":"Block Potion"},{"floor":24,"key":"DuplicationPotion"},{"floor":34,"key":"Ancient Potion"},{"floor":54,"key":"Regen Potion"}],"is_trial":false,"path_per_floor":["M","M","M","M","$","M","R","E","T","E","R","M","E","?","R","B",null,"M","M","?","$","?","R","E","M","T","M","M","?","M","$","R","B",null,"M","?","?","M","$","E","R","M","T","?","E","$","R","M","R","B",null,"R","$","E","B"],"character_chosen":"IRONCLAD","items_purchased":["Orrery","Strange Spoon","Oddly Smooth Stone","Feel No Pain"],"campfire_rested":0,"item_purchase_floors":[5,21,39,39],"current_hp_per_floor":[76,78,75,75,75,80,80,54,54,39,39,70,62,62,62,46,80,72,78,78,78,78,78,65,73,83,83,60,41,74,74,74,65,109,112,115,109,99,99,62,62,59,59,59,58,58,58,66,66,109,109,109,109,51,0,0],"gold":73,"neow_bonus":"TRANSFORM_CARD","is_daily":false,"chose_seed":false,"campfire_upgraded":8,"win_rate":0.0,"timestamp":1613040813,"path_taken":["M","M","M","M","$","M","R","E","T","E","R","M","E","?","R","BOSS","M","M","?","$","?","R","E","M","T","M","M","?","M","$","R","BOSS","M","?","?","M","$","E","R","?","T","?","E","?","R","M","R","BOSS","R","$","E","BOSS"],"items_purchased_type":["Relic","Relic","Relic","Card"],"build_version":"2020-12-22","purchased_purges":2,"victory":false,"max_hp_per_floor":[80,80,80,80,80,80,80,80,80,80,80,80,80,80,80,80,80,83,83,83,83,83,83,86,86,96,96,96,101,104,104,104,104,109,112,115,109,109,109,109,109,109,109,109,109,109,109,109,109,109,109,109,109,109,109,109],"card_choices":[{"not_picked":["Clash","Perfected Strike"],"picked":"Searing Blow","floor":1},{"not_picked":["Heavy Blade","Body Slam"],"picked":"Intimidate","floor":2},{"not_picked":["True Grit","Rampage"],"picked":"Shrug It Off","floor":3},{"not_picked":["Twin Strike","Sword Boomerang"],"picked":"Pommel Strike","floor":4},{"not_picked":["Dual Wield","Searing Blow"],"picked":"Inflame","floor":5},{"not_picked":["Sever Soul","Corruption"],"picked":"Reaper","floor":5},{"not_picked":["Heavy Blade","Armaments"],"picked":"Inflame","floor":5},{"not_picked":["Anger","Havoc"],"picked":"Cleave","floor":5},{"not_picked":["Wild Strike","Anger"],"picked":"Rampage","floor":5},{"not_picked":["Clothesline","Twin Strike"],"picked":"Disarm","floor":6},{"not_picked":["Havoc","Warcry"],"picked":"True Grit","floor":8},{"not_picked":["Heavy Blade","Iron Wave"],"picked":"Feel No Pain","floor":10},{"not_picked":["Thunderclap","Wild Strike"],"picked":"Hemokinesis","floor":12},{"not_picked":["Sentinel","Heavy Blade"],"picked":"Feed","floor":13},{"not_picked":["Barricade","Exhume"],"picked":"Berserk","floor":16},{"not_picked":["Wild Strike","Heavy Blade"],"picked":"Thunderclap","floor":18},{"not_picked":["Clothesline","Twin Strike"],"picked":"Spot Weakness","floor":19},{"not_picked":["Warcry+1","Clothesline"],"picked":"Demon Form","floor":24},{"not_picked":["Body Slam","Clothesline","Twin Strike"],"picked":"SKIP","floor":25},{"not_picked":["Clothesline","Twin Strike+1","Shockwave"],"picked":"SKIP","floor":27},{"not_picked":["Iron Wave+1","Shrug It Off"],"picked":"Burning Pact+1","floor":28},{"not_picked":["Cleave","Sword Boomerang","Twin Strike"],"picked":"SKIP","floor":30},{"not_picked":["Cleave","Sword Boomerang","Twin Strike"],"picked":"SKIP","floor":30},{"not_picked":["Bludgeon","Demon Form"],"picked":"Double Tap","floor":33},{"not_picked":["Iron Wave+1","Twin Strike","Pommel Strike"],"picked":"SKIP","floor":35},{"not_picked":["Rampage+1","Ghostly Armor"],"picked":"Shrug It Off","floor":36},{"not_picked":["Hemokinesis","Rampage+1"],"picked":"Fire Breathing","floor":38},{"not_picked":["Power Through","Uppercut","Combust"],"picked":"SKIP","floor":40},{"not_picked":["Power Through","Uppercut","Combust"],"picked":"SKIP","floor":40},{"not_picked":["Headbutt","Thunderclap+1","Intimidate+1"],"picked":"SKIP","floor":42},{"not_picked":["Ghostly Armor+1","Clothesline","Clash"],"picked":"SKIP","floor":45},{"not_picked":["Infernal Blade","Body Slam"],"picked":"Reaper","floor":48},{"not_picked":["Sword Boomerang+1","Shrug It Off","Iron Wave"],"picked":"SKIP","floor":54}],"player_experience":891139,"relics_obtained":[{"floor":8,"key":"Blue Candle"},{"floor":10,"key":"Akabeko"},{"floor":13,"key":"Pantograph"},{"floor":24,"key":"Bird Faced Urn"},{"floor":26,"key":"Pear"},{"floor":36,"key":"TungstenRod"},{"floor":40,"key":"Thread and Needle"},{"floor":43,"key":"StrikeDummy"},{"floor":45,"key":"Bag of Marbles"},{"floor":54,"key":"Vajra"}],"event_choices":[{"cards_removed":["Strike_R"],"damage_healed":0,"gold_gain":0,"player_choice":"Offered Basic","damage_taken":0,"max_hp_gain":0,"max_hp_loss":0,"event_name":"Bonfire Elementals","floor":14,"gold_loss":0},{"damage_healed":0,"gold_gain":0,"player_choice":"Inject Mutagens","damage_taken":0,"relics_obtained":["MutagenicStrength"],"max_hp_gain":0,"max_hp_loss":0,"event_name":"Drug Dealer","floor":20,"gold_loss":0},{"damage_healed":0,"gold_gain":0,"player_choice":"Stole Relic","damage_taken":0,"relics_obtained":["Dead Branch"],"max_hp_gain":0,"max_hp_loss":0,"event_name":"Addict","floor":22,"gold_loss":0,"cards_obtained":["Shame"]},{"damage_healed":0,"gold_gain":0,"player_choice":"Shed Blood","damage_taken":24,"max_hp_gain":5,"max_hp_loss":0,"event_name":"Forgotten Altar","floor":29,"gold_loss":0},{"damage_healed":0,"gold_gain":0,"player_choice":"Fight","damage_taken":0,"max_hp_gain":0,"max_hp_loss":0,"event_name":"MindBloom","floor":36,"gold_loss":0},{"damage_healed":0,"gold_gain":0,"player_choice":"Max HP","damage_taken":0,"max_hp_gain":0,"max_hp_loss":6,"event_name":"Winding Halls","floor":37,"gold_loss":0},{"damage_healed":0,"gold_gain":0,"player_choice":"Paid","damage_taken":0,"relics_obtained":["Red Mask"],"max_hp_gain":0,"max_hp_loss":0,"event_name":"Tomb of Lord Red Mask","floor":44,"gold_loss":192}],"is_beta":false,"boss_relics":[{"not_picked":["Runic Cube","SacredBark"],"picked":"Cursed Key"},{"not_picked":["Runic Pyramid","Pandora\u0027s Box"],"picked":"Tiny House"}],"items_purged_floors":[21,31],"is_endless":false,"potions_floor_spawned":[1,8,10,12,13,16,18,24,28,30,35,38,45,48,54],"killed_by":"The Heart","ascension_level":1}}