{"host":"gfxjwtol062e9znw","time":1613048799,"event":{"mods":["BaseMod","Colored Map","Minty Spire (QoL Compilation)","Rare Cards Sparkle"],"gold_per_floor":[117,130,205,220,239,239,250,282,308,2,2,2,12,32,32,131,131,143,154,166,69,69,69,96,96,96,111,123,153,153,167,167,167,167],"floor_reached":33,"language":"ENG","playtime":1668,"items_purged":["Strike_G"],"score":422,"play_id":"2e5f9e22-0bd1-45a7-b83a-f94abf1883eb","local_time":"20210212000639","is_ascension_mode":true,"campfire_choices":[{"floor":6.0,"key":"REST"},{"data":"Bullet Time","floor":12.0,"key":"SMITH"},{"data":"Crippling Poison","floor":15.0,"key":"SMITH"},{"floor":23,"key":"REST"},{"floor":30,"key":"REST"},{"floor":32,"key":"DIG"}],"circlet_count":0,"master_deck":["Strike_G","Strike_G","Strike_G","Strike_G","Defend_G","Defend_G","Defend_G","Defend_G","Survivor","Neutralize","Finisher","Sucker Punch","PiercingWail","Dodge and Roll","Bullet Time+1","Crippling Poison+1","Deflect","Adrenaline+1","Bane+1","Dagger Throw+1","Well Laid Plans","Sucker Punch","Quick Slash+1","Blade Dance","Wraith Form v2","Prepared"],"relics":["Ring of the Snake","Bag of Marbles","White Beast Statue","Bronze Scales","Lee\u0027s Waffle","Happy Flower","Regal Pillow","Fusion Hammer","Art of War","Shovel","Smiling Mask","Nunchaku"],"acts_visited":["Exordium","TheCity"],"potions_floor_usage":[20,24,24,27,29,29,33,33,33],"damage_taken":[{"damage":0.0,"enemies":"2 Louse","floor":1.0,"turns":3.0},{"damage":0.0,"enemies":"Cultist","floor":2.0,"turns":3.0},{"damage":4.0,"enemies":"Jaw Worm","floor":4.0,"turns":4.0},{"damage":5.0,"enemies":"2 Fungi Beasts","floor":5.0,"turns":4.0},{"damage":8.0,"enemies":"Gremlin Gang","floor":7.0,"turns":7.0},{"damage":35.0,"enemies":"Lagavulin","floor":8.0,"turns":8.0},{"damage":6.0,"enemies":"3 Louse","floor":13.0,"turns":3.0},{"damage":0.0,"enemies":"2 Fungi Beasts","floor":14.0,"turns":4.0},{"damage":28.0,"enemies":"Hexaghost","floor":16.0,"turns":14.0},{"damage":4.0,"enemies":"Spheric Guardian","floor":18.0,"turns":5.0},{"damage":0,"enemies":"3 Byrds","floor":19,"turns":2},{"damage":12,"enemies":"Shelled Parasite and Fungi","floor":20,"turns":5},{"damage":8,"enemies":"Gremlin Leader","floor":24,"turns":4},{"damage":0,"enemies":"Snake Plant","floor":27,"turns":3},{"damage":1,"enemies":"Cultist and Chosen","floor":28,"turns":5},{"damage":27,"enemies":"Book of Stabbing","floor":29,"turns":5},{"damage":6,"enemies":"Snecko","floor":31,"turns":4},{"damage":86,"enemies":"Champ","floor":33,"turns":14}],"seed_played":"2452347241414058986","potions_obtained":[{"floor":1.0,"key":"Energy Potion"},{"floor":7.0,"key":"BlessingOfTheForge"},{"floor":8.0,"key":"GamblersBrew"},{"floor":13.0,"key":"Regen Potion"},{"floor":14.0,"key":"Dexterity Potion"},{"floor":16.0,"key":"CunningPotion"},{"floor":18.0,"key":"SkillPotion"},{"floor":20,"key":"SkillPotion"},{"floor":24,"key":"BlessingOfTheForge"},{"floor":27,"key":"PowerPotion"},{"floor":28,"key":"Weak Potion"},{"floor":29,"key":"SkillPotion"},{"floor":31,"key":"DistilledChaos"}],"is_trial":false,"path_per_floor":["M","M","?","M","M","R","M","E","T","$","T","R","M","M","R","B",null,"M","M","M","$","?","R","E","?","T","M","M","E","R","M","R","B"],"character_chosen":"THE_SILENT","items_purchased":["Lee\u0027s Waffle","Happy Flower","Sucker Punch"],"campfire_rested":3,"item_purchase_floors":[10,10,21],"current_hp_per_floor":[63,63,56,52,47,68,60,25,25,77,77,77,71,71,71,43,69,65,65,53,53,53,77,69,69,69,69,68,41,77,71,71,0,0],"gold":167,"neow_bonus":"RANDOM_COMMON_RELIC","is_daily":false,"chose_seed":false,"campfire_upgraded":2,"win_rate":0.0,"timestamp":1613048799,"path_taken":["M","M","?","M","M","R","M","E","T","$","?","R","M","M","R","BOSS","M","M","M","$","?","R","E","?","T","M","M","E","R","?","R","BOSS"],"items_purchased_type":["Relic","Relic","Card"],"build_version":"2020-12-22","purchased_purges":1,"victory":false,"max_hp_per_floor":[70,70,70,70,70,70,70,70,70,77,77,77,77,77,77,77,77,77,77,77,77,77,77,77,77,77,77,77,77,77,77,77,77,77],"card_choices":[{"not_picked":["Endless Agony","Poisoned Stab"],"picked":"Finisher","floor":1.0},{"not_picked":["Poisoned Stab","Slice"],"picked":"Sucker Punch","floor":2.0},{"not_picked":["Bane","Underhanded Strike","Flying Knee"],"picked":"SKIP","floor":4.0},{"not_picked":["Sucker Punch","Poisoned Stab"],"picked":"PiercingWail","floor":5.0},{"not_picked":["Slice","Deadly Poison"],"picked":"Dodge and Roll","floor":7.0},{"not_picked":["Finisher","Outmaneuver"],"picked":"Bullet Time","floor":8.0},{"not_picked":["Outmaneuver","Catalyst"],"picked":"Crippling Poison","floor":13.0},{"not_picked":["Quick Slash","Infinite Blades"],"picked":"Deflect","floor":14.0},{"not_picked":["Burst","Night Terror"],"picked":"Adrenaline","floor":16.0},{"not_picked":["Bouncing Flask","Concentrate"],"picked":"Bane+1","floor":18.0},{"not_picked":["Sucker Punch","Underhanded Strike+1"],"picked":"Dagger Throw+1","floor":19},{"not_picked":["Bane","Masterful Stab"],"picked":"Well Laid Plans","floor":20},{"not_picked":["Backflip","Bane"],"picked":"Quick Slash+1","floor":24},{"not_picked":["Expertise+1","Bane"],"picked":"Blade Dance","floor":27},{"not_picked":["Dagger Spray","Eviscerate+1"],"picked":"Wraith Form v2","floor":28},{"not_picked":["Quick Slash","Blade Dance","Dagger Spray"],"picked":"SKIP","floor":29},{"not_picked":["Bouncing Flask","Outmaneuver"],"picked":"Prepared","floor":31}],"player_experience":145240,"relics_obtained":[{"floor":8.0,"key":"White Beast Statue"},{"floor":9.0,"key":"Bronze Scales"},{"floor":11.0,"key":"Regal Pillow"},{"floor":24,"key":"Art of War"},{"floor":26,"key":"Shovel"},{"floor":29,"key":"Smiling Mask"},{"floor":32,"key":"Nunchaku"}],"event_choices":[{"damage_healed":0.0,"max_hp_gain":0.0,"max_hp_loss":0.0,"gold_gain":75.0,"event_name":"FaceTrader","player_choice":"Touch","floor":3.0,"gold_loss":0.0,"damage_taken":7.0},{"cards_removed":["Defend_G"],"damage_healed":0,"gold_gain":0,"player_choice":"Elegance","damage_taken":0,"max_hp_gain":0,"max_hp_loss":0,"event_name":"Back to Basics","floor":22,"gold_loss":0},{"damage_healed":0,"gold_gain":0,"player_choice":"Upgraded","damage_taken":0,"max_hp_gain":0,"max_hp_loss":0,"event_name":"Upgrade Shrine","floor":25,"gold_loss":0,"cards_upgraded":["Adrenaline"]}],"is_beta":false,"boss_relics":[{"not_picked":["Snecko Eye","Ectoplasm"],"picked":"Fusion Hammer"}],"items_purged_floors":[21],"is_endless":false,"potions_floor_spawned":[1,7,8,13,14,16,18,19,20,24,27,28,29,31],"killed_by":"Champ","ascension_level":9}}