{"host":"fj5i6t4nkss7815d","time":1613023837,"event":{"mods":["AchievementEnabler","BaseMod","Minty Spire (QoL Compilation)","Quick Restart","Relic Stats"],"gold_per_floor":[119,44,64,79,91,119,56,68,104,151,163,187,199,226,238,326,338,364,376,399,14,14,14],"floor_reached":22,"language":"ENG","playtime":1023,"items_purged":["Clumsy"],"score":392,"play_id":"33f82f56-18f0-4e96-b78e-cbaa4f725f49","local_time":"20210210221037","is_ascension_mode":true,"campfire_choices":[{"floor":8.0,"key":"REST"},{"floor":11.0,"key":"REST"},{"floor":15.0,"key":"REST"}],"circlet_count":0,"master_deck":["AscendersBane","Strike_B+1","Strike_B","Defend_B","Defend_B","Zap","Dualcast","Electrodynamics","Undo","Gash+1","Beam Cell","Streamline","Sweeping Beam","Leap","Core Surge","Amplify+1","Storm+1","Lockon+1","Glacier","RitualDagger","Defragment"],"relics":["Cracked Core","MawBank","Boot","Whetstone","Astrolabe","Bird Faced Urn"],"acts_visited":["Exordium","TheCity"],"potions_floor_usage":[22],"damage_taken":[{"damage":0.0,"enemies":"Small Slimes","floor":1.0,"turns":2.0},{"damage":2.0,"enemies":"Jaw Worm","floor":3.0,"turns":5.0},{"damage":9.0,"enemies":"2 Louse","floor":4.0,"turns":2.0},{"damage":8.0,"enemies":"Blue Slaver","floor":5.0,"turns":4.0},{"damage":22.0,"enemies":"Lagavulin","floor":6.0,"turns":6.0},{"damage":12.0,"enemies":"3 Sentries","floor":10.0,"turns":3.0},{"damage":9.0,"enemies":"Exordium Wildlife","floor":12.0,"turns":5.0},{"damage":9.0,"enemies":"3 Louse","floor":14.0,"turns":2.0},{"damage":41.0,"enemies":"The Guardian","floor":16.0,"turns":11.0},{"damage":9.0,"enemies":"3 Byrds","floor":18.0,"turns":2.0},{"damage":23.0,"enemies":"Shell Parasite","floor":20.0,"turns":3.0},{"damage":14,"enemies":"3 Cultists","floor":22,"turns":3}],"seed_played":"445536662493706342","potions_obtained":[{"floor":6.0,"key":"LiquidBronze"},{"floor":14.0,"key":"FocusPotion"},{"floor":16.0,"key":"EssenceOfDarkness"},{"floor":20.0,"key":"AttackPotion"}],"is_trial":false,"path_per_floor":["M","$","M","M","M","E","?","R","T","E","R","M","?","M","R","B",null,"M","?","M","$","M"],"character_chosen":"DEFECT","items_purchased":["Bird Faced Urn","Defragment"],"campfire_rested":3,"item_purchase_floors":[21,21],"current_hp_per_floor":[64,64,62,53,45,23,23,44,44,32,53,44,37,28,49,8,55,46,40,17,17,5,5],"gold":14,"neow_bonus":"THREE_RARE_CARDS","is_daily":false,"chose_seed":false,"campfire_upgraded":0,"win_rate":0.0,"timestamp":1613023837,"path_taken":["M","$","M","M","M","E","?","R","T","E","R","M","?","?","R","BOSS","M","?","M","$","M"],"items_purchased_type":["Relic","Card"],"build_version":"2020-12-22","purchased_purges":1,"victory":false,"max_hp_per_floor":[71,71,71,71,71,71,71,71,71,71,71,71,71,71,71,71,71,71,71,71,71,71,71],"relic_stats":{"counters":[12,48],"Astrolabe":["Amplify","Storm","Lockon"],"Bird Faced Urn":[2],"Whetstone":["Strike_B","Gash"],"MawBank":180,"Boot":[25],"obtain_stats":[{"Astrolabe":17,"Bird Faced Urn":21,"Whetstone":10,"Cracked Core":0,"MawBank":6,"Boot":9},{"Astrolabe":9,"Bird Faced Urn":11,"Whetstone":6,"Cracked Core":0,"MawBank":5,"Boot":5},{"Astrolabe":40,"Bird Faced Urn":45,"Whetstone":22,"Cracked Core":0,"MawBank":19,"Boot":19}]},"card_choices":[{"not_picked":["Reboot","Seek"],"picked":"Electrodynamics","floor":0.0},{"not_picked":["Go for the Eyes","Hologram"],"picked":"Undo","floor":1.0},{"not_picked":["Force Field","Steam"],"picked":"Gash","floor":3.0},{"not_picked":["Meteor Strike","Steam","Stack"],"picked":"SKIP","floor":4.0},{"not_picked":["Ball Lightning","Go for the Eyes"],"picked":"Beam Cell","floor":5.0},{"not_picked":["Conserve Battery","Leap"],"picked":"Streamline","floor":6.0},{"not_picked":["Steam","Amplify","Compile Driver"],"picked":"SKIP","floor":10.0},{"not_picked":["Turbo","Steam Power"],"picked":"Sweeping Beam","floor":12.0},{"not_picked":["Tempest","Stack"],"picked":"Leap","floor":14.0},{"not_picked":["Creative AI","Seek"],"picked":"Core Surge","floor":16.0},{"not_picked":["Cold Snap","Steam"],"picked":"Glacier","floor":18.0},{"not_picked":["Steam","Hologram","Sunder"],"picked":"SKIP","floor":20.0}],"player_experience":1041104,"relics_obtained":[{"floor":6.0,"key":"MawBank"},{"floor":9.0,"key":"Boot"},{"floor":10.0,"key":"Whetstone"}],"event_choices":[{"damage_healed":0.0,"max_hp_gain":0.0,"max_hp_loss":0.0,"gold_gain":0.0,"event_name":"World of Goop","player_choice":"Left Gold","floor":7.0,"gold_loss":75.0,"damage_taken":0.0},{"cards_removed":["Strike_B"],"damage_healed":0.0,"max_hp_gain":0.0,"max_hp_loss":0.0,"gold_gain":0.0,"event_name":"Golden Wing","player_choice":"Card Removal","floor":13.0,"gold_loss":0.0,"damage_taken":7.0},{"damage_healed":0.0,"max_hp_gain":0.0,"max_hp_loss":0.0,"gold_gain":0.0,"event_name":"Nest","player_choice":"Joined the Cult","floor":19.0,"gold_loss":0.0,"damage_taken":6.0,"cards_obtained":["RitualDagger"]}],"is_beta":false,"boss_relics":[{"not_picked":["SacredBark","Runic Pyramid"],"picked":"Astrolabe"}],"items_purged_floors":[2],"is_endless":false,"potions_floor_spawned":[6,14,16,20],"killed_by":"3 Cultists","ascension_level":20}}