{"host":"lehbxtjrpalkmwwj","time":1613035002,"event":{"mods":["ATMod(°¢èªMod)","Aspiration","BaseMod","Challenge The Spire","Colored Map","Colored Powertips","Conspire","Dota2Spire","Energized Spire","Hunter ÁÔÈË","Minty Spire (QoL Compilation)","Quick Restart","Relic Stats","Reliquary","Replay The Spire","Spicy Shops","StSLib","TestMod","The Cursed","The IronCluck","The Poker Player","Waifu the Spire","Wide Potions","[IsaacMod]ÒÔÈö¼âËþ","¡¾ÒÅÎï¿¨ÅÆ¡¿REMEMod","É³µñ²ÄÖÊ°ümod","óô»ðÖ¸ÄÏ"],"gold_per_floor":[116,16,16,39,49,78,89,109,136,149,180,198,230,30,30,176,176,241,241,241,6,30,30,136,207,254,314,349,349,444,501,570,700,700,734,734,190,206,19,19,68,68,143,203,245,276,286,335,28,51,51,51,6,43,63],"floor_reached":56,"language":"ZHS","playtime":2472,"items_purged":["Strike_G"],"score":1910,"play_id":"f7ef4b4d-9bd4-4909-a630-d2347be96145","local_time":"20210211171642","is_ascension_mode":true,"campfire_choices":[{"data":"EpicFetus","floor":15.0,"key":"SMITH"},{"data":"1","floor":23.0,"key":"LIFT"},{"data":"2","floor":29.0,"key":"LIFT"},{"data":"3","floor":40,"key":"LIFT"},{"floor":42,"key":"RECALL"},{"data":"testmod-AutoReboundSystem","floor":52,"key":"SMITH"}],"circlet_count":0,"master_deck":["Strike_G","Strike_G","Strike_G","Strike_G","Defend_G","Defend_G","Defend_G","Defend_G","Defend_G","Survivor","Neutralize+1","EpicFetus+1","EpicFetus+1","testmod-AutoReboundSystem+1","AT_ShrugMaster+1","ReplayTheSpireMod:From All Sides","Ghostly","Pot Of Greed","Pot Of Greed","ReplayTheSpireMod:The Works","ReplayTheSpireMod:Speed Training","Prepared","Backflip","REME_ShadowForm","Pot Of Greed","ReplayTheSpireMod:Scrap Shanks","Draining Mist","conspire:SpireCoStock","conspire:SpireCoStock","conspire:SpireCoStock","conspire:SpireCoStock","Envenom","ReplayTheSpireMod:Brewmster","Dodge and Roll+1","Delirium","Poisoned Stab+1","Calculated Gamble","Pot Of Greed","Heel Hook+1","Doppelganger","Terror+1","REME_LeechingPoison","Tools of the Trade","Riddle With Holes+1","Acrobatics","All Out Attack+1","Flechettes","Venomology","AT_EssenceShift","REME_GrazeFinale","Pot Of Greed","Dagger Throw","Replay:Poison Smokescreen","Hidden Blade+1","Deadly Poison+1","Blade Dance+1","Masterful Stab+1","ReplayTheSpireMod:Scrap Shanks","ReplayTheSpireMod:Brewmster","Cloak And Dagger","Bane","Masterful Stab+1","Reflex","AT_WindFlip","ReplayTheSpireMod:Speed Training","Pot Of Greed","Flying Knee+1","Bouncing Flask+1","AT_FocusSwordFire+1","Blade Dance+1","Outmaneuver","Riddle With Holes","Poisoned Stab+1","PiercingWail+1","Blade Dance","Deflect","REME_GreenPollution","conspire:PoisonWeapons+1","Pot Of Greed","ReplayTheSpireMod:IOU","Sucker Punch","Deadly Poison","conspire:Banana","testmod-VirtualReality","Skewer","PiercingWail","Catalyst","Caltrops"],"relics":["Ring of the Serpent","HushsDoor","AT_ATBox","testmod-TestBox","REME_ComplimentaryCards","testmod-Maize","NeowsBlessing","SteamSale","Grinning Jar","Happy Flower","reliquary:PorcupineQuills","testmod-Nyarlathotep","aspiration:Lifesprig","conspire:RoyalGoblet","Ring of Fury","Ring of Misfortune","Strange Spoon","Girya","Mummified Hand","Durian","BelialBook","reliquary:Buckler","REME_IWantAll","GuppysHairball","ReplayFunnel","Replay:Ringing Soul","Dota2Spire:HeartOfTarrasque","aspiration:HummingbirdHeart","HowToJump","DollysMirror","AT_BladeRuinedKing","Vajra","SharpPlug","Dota2Spire:AghanimScepter","testmod-Justice","TheBean","ReplayTheSpireMod:CursedCoin","reliquary:BallBearing","REME_HandOfSuture","NineVolt","Dota2Spire:MagicBottle","Snack Pack"],"acts_visited":["Exordium","TheCity","TheBeyond","TheEnding"],"potions_floor_usage":[46,50,50,55,55,55,55,55,55],"damage_taken":[{"damage":0.0,"enemies":"Small Slimes","floor":1.0,"turns":1.0},{"damage":0.0,"enemies":"Cultist","floor":5.0,"turns":1.0},{"damage":0.0,"enemies":"Gremlin Nob","floor":6.0,"turns":1.0},{"damage":1.0,"enemies":"Jaw Worm","floor":7.0,"turns":4.0},{"damage":11.0,"enemies":"Blue Slaver","floor":8.0,"turns":5.0},{"damage":0.0,"enemies":"Lots of Slimes","floor":10.0,"turns":1.0},{"damage":0.0,"enemies":"Lagavulin","floor":11.0,"turns":6.0},{"damage":6.0,"enemies":"2 Fungi Beasts","floor":12.0,"turns":5.0},{"damage":2.0,"enemies":"3 Sentries","floor":13.0,"turns":6.0},{"damage":0.0,"enemies":"Hexaghost","floor":16.0,"turns":7.0},{"damage":9.0,"enemies":"Chosen","floor":18.0,"turns":4.0},{"damage":7.0,"enemies":"Spheric Guardian","floor":22.0,"turns":5.0},{"damage":13.0,"enemies":"Replay:Snechameleon","floor":24.0,"turns":8.0},{"damage":18.0,"enemies":"conspire:MimicChest","floor":25.0,"turns":5.0},{"damage":0.0,"enemies":"Book of Stabbing","floor":27.0,"turns":3.0},{"damage":0.0,"enemies":"Snecko","floor":28.0,"turns":3.0},{"damage":0.0,"enemies":"Gremlin Leader","floor":30.0,"turns":4.0},{"damage":0.0,"enemies":"conspire:HollyBat","floor":31.0,"turns":6.0},{"damage":0.0,"enemies":"Champ","floor":33.0,"turns":7.0},{"damage":0.0,"enemies":"Orb Walker","floor":35.0,"turns":2.0},{"damage":0.0,"enemies":"3 Shapes","floor":38.0,"turns":3.0},{"damage":6,"enemies":"Nemesis","floor":41,"turns":4},{"damage":0,"enemies":"Jaw Worm Horde","floor":44,"turns":3},{"damage":0,"enemies":"Maw","floor":45,"turns":3},{"damage":0,"enemies":"Giant Head","floor":46,"turns":3},{"damage":0,"enemies":"3 Darklings","floor":47,"turns":2},{"damage":0,"enemies":"R_Hoarder","floor":48,"turns":3},{"damage":0,"enemies":"Replay:Hell Engine","floor":50,"turns":4},{"damage":0,"enemies":"Shield and Spear","floor":54,"turns":3},{"damage":2,"enemies":"The Heart","floor":55,"turns":5}],"seed_played":"-4660840057805782144","potions_obtained":[{"floor":5.0,"key":"Weak Potion"},{"floor":6.0,"key":"Elixir"},{"floor":7.0,"key":"Reflective Coating"},{"floor":8.0,"key":"Venom Potion"},{"floor":16.0,"key":"Strength Potion"},{"floor":18.0,"key":"Dota2Spire:Clarity"},{"floor":22.0,"key":"BlessingOfTheForge"},{"floor":33.0,"key":"LiquidBronze"},{"floor":35.0,"key":"SteroidPotion"},{"floor":46,"key":"ColorlessPotion"}],"is_trial":false,"path_per_floor":["M","?","?","T","M","E","M","M","T","M","E","M","E","?","R","B",null,"M","?","?","$","M","R","E","?","T","E","M","R","E","M","R_BF","B",null,"M","?","$","M","$","R","E","R","T","M","M","E","M","E","R","B",null,"R","$","E","B",null],"character_chosen":"THE_SILENT","items_purchased":["ReplayTheSpireMod:Brewmster","Strange Spoon","Girya","GuppysHairball","Replay:Ringing Soul","Dota2Spire:HeartOfTarrasque","Deadly Poison+1","aspiration:HummingbirdHeart","HowToJump","DollysMirror","AT_BladeRuinedKing","Vajra","ReplayTheSpireMod:CursedCoin","reliquary:BallBearing","REME_HandOfSuture","NineVolt","Sucker Punch","Deadly Poison","Dota2Spire:MagicBottle","conspire:Banana","testmod-VirtualReality","Skewer","Elixir"],"campfire_rested":0,"item_purchase_floors":[17,21,21,34,37,37,37,37,37,39,39,39,49,49,49,49,49,49,49,49,53,53,53],"current_hp_per_floor":[63,63,48,48,48,48,47,36,36,36,36,30,28,28,28,28,57,48,48,48,48,41,41,28,15,15,15,15,15,18,72,72,80,70,73,58,69,75,78,78,78,78,78,84,99,117,123,129,132,132,132,132,135,141,141],"gold":63,"neow_bonus":"THREE_ENEMY_KILL","is_daily":false,"chose_seed":false,"campfire_upgraded":2,"win_rate":0.0,"timestamp":1613035002,"path_taken":["M","?","?","?","?","E","M","M","T","M","E","M","E","?","R","BOSS","M","?","?","$","M","R","E","?","T","E","M","R","E","?","R_BF","BOSS","M","?","?","M","$","R","E","R","T","?","M","E","M","E","R","BOSS","R","$","E","BOSS"],"items_purchased_type":["Card","Relic","Relic","Relic","Relic","Relic","Card","Relic","Relic","Relic","Relic","Relic","Relic","Relic","Relic","Relic","Card","Card","Relic","Card","Card","Card","Potion"],"build_version":"2020-12-22","purchased_purges":1,"victory":true,"max_hp_per_floor":[70,70,70,70,70,70,70,70,70,70,70,70,70,70,70,70,66,66,66,66,66,66,66,66,71,71,71,71,71,74,77,77,80,70,73,73,84,90,93,93,99,99,99,105,111,117,123,129,132,132,132,132,135,141,141],"relic_stats":{"Strange Spoon":[86],"Happy Flower":[38],"counters":[30,117],"Mummified Hand":[451],"obtain_stats":[{"ReplayFunnel":36,"aspiration:Lifesprig":13,"AT_ATBox":0,"conspire:RoyalGoblet":17,"NineVolt":49,"Vajra":39,"SharpPlug":41,"testmod-Nyarlathotep":11,"REME_IWantAll":30,"Dota2Spire:MagicBottle":49,"Replay:Ringing Soul":37,"TheBean":48,"Mummified Hand":24,"DollysMirror":39,"reliquary:Buckler":27,"Ring of the Snake":0,"KeepersGift":0,"testmod-Maize":0,"Girya":21,"testmod-TestBox":0,"NeowsBlessing":0,"Happy Flower":4,"HowToJump":37,"ReplayTheSpireMod:CursedCoin":49,"BelialBook":26,"AT_BladeRuinedKing":39,"Dota2Spire:HeartOfTarrasque":37,"aspiration:HummingbirdHeart":37,"testmod-Justice":46,"SteamSale":0,"Strange Spoon":21,"Dota2Spire:AghanimScepter":43,"reliquary:PorcupineQuills":6,"Ring of Misfortune":19,"Ring of Fury":19,"reliquary:BallBearing":49,"REME_HandOfSuture":49,"Durian":25,"Snack Pack":54,"GuppysHairball":34,"Grinning Jar":3,"HushsDoor":0,"Ring of the Serpent":34,"REME_ComplimentaryCards":0},{"ReplayFunnel":20,"aspiration:Lifesprig":9,"AT_ATBox":0,"conspire:RoyalGoblet":10,"NineVolt":27,"Vajra":21,"SharpPlug":22,"testmod-Nyarlathotep":7,"REME_IWantAll":17,"Dota2Spire:MagicBottle":27,"Replay:Ringing Soul":20,"TheBean":27,"Mummified Hand":13,"DollysMirror":21,"reliquary:Buckler":15,"Ring of the Snake":0,"KeepersGift":0,"testmod-Maize":0,"Girya":11,"testmod-TestBox":0,"NeowsBlessing":0,"Happy Flower":1,"HowToJump":20,"ReplayTheSpireMod:CursedCoin":27,"BelialBook":14,"AT_BladeRuinedKing":21,"Dota2Spire:HeartOfTarrasque":20,"aspiration:HummingbirdHeart":20,"testmod-Justice":25,"SteamSale":0,"Strange Spoon":11,"Dota2Spire:AghanimScepter":22,"reliquary:PorcupineQuills":3,"Ring of Misfortune":11,"Ring of Fury":11,"reliquary:BallBearing":27,"REME_HandOfSuture":27,"Durian":14,"Snack Pack":29,"GuppysHairball":19,"Grinning Jar":1,"HushsDoor":0,"Ring of the Serpent":19,"REME_ComplimentaryCards":0},{"ReplayFunnel":84,"aspiration:Lifesprig":30,"AT_ATBox":0,"conspire:RoyalGoblet":37,"NineVolt":105,"Vajra":87,"SharpPlug":91,"testmod-Nyarlathotep":19,"REME_IWantAll":69,"Dota2Spire:MagicBottle":105,"Replay:Ringing Soul":84,"TheBean":105,"Mummified Hand":54,"DollysMirror":87,"reliquary:Buckler":62,"Ring of the Snake":0,"KeepersGift":0,"testmod-Maize":0,"Girya":41,"testmod-TestBox":0,"NeowsBlessing":0,"Happy Flower":1,"HowToJump":84,"ReplayTheSpireMod:CursedCoin":105,"BelialBook":59,"AT_BladeRuinedKing":87,"Dota2Spire:HeartOfTarrasque":84,"aspiration:HummingbirdHeart":84,"testmod-Justice":100,"SteamSale":0,"Strange Spoon":41,"Dota2Spire:AghanimScepter":91,"reliquary:PorcupineQuills":3,"Ring of Misfortune":41,"Ring of Fury":41,"reliquary:BallBearing":105,"REME_HandOfSuture":105,"Durian":59,"Snack Pack":112,"GuppysHairball":82,"Grinning Jar":1,"HushsDoor":0,"Ring of the Serpent":82,"REME_ComplimentaryCards":0}]},"card_choices":[{"not_picked":[],"picked":"EpicFetus","floor":0.0},{"not_picked":[],"picked":"EpicFetus","floor":0.0},{"not_picked":["PiercingWail","Poisoned Stab"],"picked":"ReplayTheSpireMod:From All Sides","floor":1.0},{"not_picked":["Deflect","ReplayTheSpireMod:Exploit Weakness"],"picked":"Bomb","floor":5.0},{"not_picked":["Dagger Throw","Expertise"],"picked":"ReplayTheSpireMod:The Works","floor":6.0},{"not_picked":["Riddle With Holes","Deadly Poison"],"picked":"ReplayTheSpireMod:Speed Training","floor":7.0},{"not_picked":["Endless Agony","Dodge and Roll"],"picked":"Prepared","floor":8.0},{"not_picked":["Acrobatics","Dodge and Roll"],"picked":"Backflip","floor":10.0},{"not_picked":["AT_ArcaneSupremacy","ReplayTheSpireMod:Scrap Shanks"],"picked":"REME_ShadowForm","floor":11.0},{"not_picked":["Cloak And Dagger","Deflect"],"picked":"ReplayTheSpireMod:Scrap Shanks","floor":12.0},{"not_picked":["Dagger Throw","Deadly Poison"],"picked":"Draining Mist","floor":13.0},{"not_picked":["Venomology","Bullet Time"],"picked":"Envenom","floor":16.0},{"not_picked":["Dagger Throw","Bane"],"picked":"Dodge and Roll+1","floor":18.0},{"not_picked":["Dagger Throw","Blade Dance"],"picked":"Poisoned Stab+1","floor":22.0},{"not_picked":["Underhanded Strike","Tactician"],"picked":"Calculated Gamble","floor":24.0},{"not_picked":["Bane","PiercingWail"],"picked":"Heel Hook+1","floor":25.0},{"not_picked":["ReplayTheSpireMod:Tripwire","Deflect"],"picked":"Doppelganger","floor":27.0},{"not_picked":["Bane","Expertise"],"picked":"Terror+1","floor":28.0},{"not_picked":["REME_LeechingPoison","Tools of the Trade","Riddle With Holes+1"],"picked":"Singing Bowl","floor":30.0},{"not_picked":["Acrobatics","All Out Attack+1","Flechettes"],"picked":"Singing Bowl","floor":31.0},{"not_picked":["Venomology","AT_EssenceShift","REME_GrazeFinale"],"picked":"Singing Bowl","floor":33.0},{"not_picked":["Dagger Throw","Replay:Poison Smokescreen","Hidden Blade+1"],"picked":"Singing Bowl","floor":35.0},{"not_picked":["Blade Dance+1","Masterful Stab+1","ReplayTheSpireMod:Scrap Shanks"],"picked":"Singing Bowl","floor":38.0},{"not_picked":["Cloak And Dagger","Bane","Masterful Stab+1"],"picked":"Singing Bowl","floor":41},{"not_picked":["Reflex","AT_WindFlip","ReplayTheSpireMod:Speed Training"],"picked":"Singing Bowl","floor":44},{"not_picked":["Flying Knee+1","Bouncing Flask+1","AT_FocusSwordFire+1"],"picked":"Singing Bowl","floor":45},{"not_picked":["Blade Dance+1","Outmaneuver","Riddle With Holes"],"picked":"Singing Bowl","floor":46},{"not_picked":["Poisoned Stab+1","PiercingWail+1","Blade Dance"],"picked":"Singing Bowl","floor":47},{"not_picked":["Deflect","REME_GreenPollution","conspire:PoisonWeapons+1"],"picked":"Singing Bowl","floor":48},{"not_picked":["PiercingWail","Catalyst","Caltrops"],"picked":"Singing Bowl","floor":54}],"player_experience":162039,"relics_obtained":[{"floor":4.0,"key":"Happy Flower"},{"floor":6.0,"key":"reliquary:PorcupineQuills"},{"floor":11.0,"key":"testmod-Nyarlathotep"},{"floor":13.0,"key":"aspiration:Lifesprig"},{"floor":19.0,"key":"Ring of Fury"},{"floor":19.0,"key":"Ring of Misfortune"},{"floor":24.0,"key":"Mummified Hand"},{"floor":25.0,"key":"Durian"},{"floor":26.0,"key":"BelialBook"},{"floor":27.0,"key":"reliquary:Buckler"},{"floor":30.0,"key":"REME_IWantAll"},{"floor":41,"key":"SharpPlug"},{"floor":43,"key":"Dota2Spire:AghanimScepter"},{"floor":46,"key":"testmod-Justice"},{"floor":48,"key":"TheBean"},{"floor":54,"key":"Snack Pack"}],"event_choices":[{"damage_healed":0.0,"max_hp_gain":0.0,"max_hp_loss":0.0,"gold_gain":0.0,"event_name":"conspire:LoneGhost","player_choice":"Argue","floor":2.0,"gold_loss":0.0,"damage_taken":0.0},{"damage_healed":0.0,"max_hp_gain":0.0,"max_hp_loss":0.0,"gold_gain":0.0,"event_name":"conspire:Investor","player_choice":"Invest 4","floor":14.0,"gold_loss":0.0,"damage_taken":0.0},{"damage_healed":0.0,"max_hp_gain":0.0,"max_hp_loss":0.0,"gold_gain":0.0,"event_name":"Ghosts","player_choice":"Ignored","floor":20.0,"gold_loss":0.0,"damage_taken":0.0}],"is_beta":false,"boss_relics":[{"not_picked":["aspiration:SecretTechniqueScroll","aspiration:FutureDiary"],"picked":"conspire:RoyalGoblet"},{"not_picked":[]},{"not_picked":["reliquary:KinkedSpring","testmod-Nine"],"picked":"Ring of the Serpent"},{"not_picked":[]}],"items_purged_floors":[37],"is_endless":false,"potions_floor_spawned":[5,6,7,8,16,18,22,31,33,35,46],"ascension_level":6}}