{"host":"wrdw6zkxuilnr6rg","time":1612675320,"event":{"mods":["BaseMod","Bestiary","Colored Powertips","Hermit","Highlight Path","Minty Spire (QoL Compilation)","Quick Restart","Relic Stats","StSLib"],"gold_per_floor":[113,113,123,123,135,169,188,223,249,269,269,295,47,57,57,157,157,112,22,22,22,22,22,22,22,22,22,22,22,22,22,22,22,22,22,22,22,22,22,22,22,22,22,22,22,22,22,22,22,22,22,22,22,22,22],"floor_reached":56,"language":"ENG","playtime":4242,"items_purged":["Strike_B"],"score":1309,"play_id":"647945aa-b1ef-4122-a2df-b168d5c61806","local_time":"20210207082200","is_ascension_mode":true,"campfire_choices":[{"data":"Defragment","floor":11,"key":"SMITH"},{"data":"Redo","floor":15,"key":"SMITH"},{"data":"Rainbow","floor":23,"key":"SMITH"},{"data":"Hologram","floor":28,"key":"SMITH"},{"floor":32,"key":"DIG"},{"floor":40,"key":"RECALL"},{"floor":42,"key":"DIG"},{"floor":49,"key":"DIG"},{"data":"Dualcast","floor":52,"key":"SMITH"}],"circlet_count":0,"master_deck":["Strike_B","Strike_B","Defend_B","Defend_B","Defend_B","Zap","Dualcast+1","Coolheaded","Defragment+1","Compile Driver+1","Conserve Battery","Ball Lightning","Echo Form","Barrage+1","Self Repair","Redo+1","Rainbow+1","Beam Cell+1","Capacitor","Leap","Hologram+1","RitualDagger","Force Field","Amplify","Core Surge","Barrage","Sweeping Beam","Biased Cognition","Hologram","Coolheaded","Coolheaded","Defragment+1","Darkness+1","Reboot","Stack+1","Defragment+1","Skim+1","Leap+1"],"relics":["Cracked Core","PreservedInsect","Happy Flower","Akabeko","Centennial Puzzle","Odd Mushroom","Whetstone","HandDrill","Ectoplasm","FossilizedHelix","Shovel","Eternal Feather","Shuriken","Pocketwatch","Coffee Dripper","Lizard Tail","Turnip","Strawberry","Potion Belt","MawBank","Bird Faced Urn","TungstenRod"],"acts_visited":["Exordium","TheCity","TheBeyond","TheEnding"],"potions_floor_usage":[6,8,16,24,37,38,50,55,55,55,55,55,55,55],"damage_taken":[{"damage":0,"enemies":"Small Slimes","floor":1,"turns":2},{"damage":0,"enemies":"Cultist","floor":3,"turns":3},{"damage":6,"enemies":"Jaw Worm","floor":5,"turns":5},{"damage":9,"enemies":"Lagavulin","floor":6,"turns":5},{"damage":0,"enemies":"Blue Slaver","floor":7,"turns":4},{"damage":2,"enemies":"3 Sentries","floor":8,"turns":3},{"damage":18,"enemies":"The Mushroom Lair","floor":10,"turns":4},{"damage":3,"enemies":"Gremlin Nob","floor":12,"turns":3},{"damage":5,"enemies":"Looter","floor":14,"turns":2},{"damage":24,"enemies":"Slime Boss","floor":16,"turns":6},{"damage":9,"enemies":"2 Thieves","floor":18,"turns":3},{"damage":12,"enemies":"Shell Parasite","floor":20,"turns":4},{"damage":13,"enemies":"Gremlin Leader","floor":24,"turns":6},{"damage":13,"enemies":"Centurion and Healer","floor":25,"turns":5},{"damage":3,"enemies":"Book of Stabbing","floor":27,"turns":4},{"damage":13,"enemies":"Slavers","floor":29,"turns":4},{"damage":18,"enemies":"3 Cultists","floor":31,"turns":4},{"damage":8,"enemies":"Collector","floor":33,"turns":7},{"damage":0,"enemies":"Orb Walker","floor":35,"turns":2},{"damage":0,"enemies":"Mind Bloom Boss Battle","floor":36,"turns":6},{"damage":20,"enemies":"3 Darklings","floor":37,"turns":6},{"damage":13,"enemies":"2 Orb Walkers","floor":38,"turns":5},{"damage":0,"enemies":"Giant Head","floor":41,"turns":6},{"damage":16,"enemies":"Spire Growth","floor":44,"turns":5},{"damage":14,"enemies":"Sphere and 2 Shapes","floor":45,"turns":5},{"damage":0,"enemies":"3 Darklings","floor":46,"turns":6},{"damage":6,"enemies":"Nemesis","floor":47,"turns":5},{"damage":20,"enemies":"4 Shapes","floor":48,"turns":4},{"damage":31,"enemies":"Awakened One","floor":50,"turns":10},{"damage":71,"enemies":"Shield and Spear","floor":54,"turns":6},{"damage":30,"enemies":"The Heart","floor":55,"turns":8}],"seed_played":"1362573910849213829","potions_obtained":[{"floor":5,"key":"Swift Potion"},{"floor":6,"key":"Explosive Potion"},{"floor":14,"key":"AttackPotion"},{"floor":16,"key":"PowerPotion"},{"floor":24,"key":"GamblersBrew"},{"floor":27,"key":"EntropicBrew"},{"floor":29,"key":"EssenceOfSteel"},{"floor":37,"key":"AttackPotion"},{"floor":38,"key":"Strength Potion"},{"floor":41,"key":"DuplicationPotion"},{"floor":44,"key":"ColorlessPotion"}],"is_trial":false,"path_per_floor":["M","?","M","?","M","E","M","E","T","?","R","E","$","M","R","B",null,"M","$","M","?","?","R","E","M","T","E","R","E","?","M","R","B",null,"M","?","M","?","$","R","E","R","T","M","M","M","E","M","R","B",null,"R","$","E","B",null],"character_chosen":"DEFECT","items_purchased":["HandDrill","Redo","Capacitor","Leap"],"campfire_rested":0,"item_purchase_floors":[13,13,19,19],"current_hp_per_floor":[75,75,75,68,62,53,53,51,51,33,33,30,30,25,25,8,75,73,73,75,75,69,69,70,71,71,75,75,75,75,64,75,75,75,75,75,62,63,63,75,82,82,82,80,73,80,81,68,82,72,82,82,82,34,40],"gold":22,"neow_bonus":"RANDOM_COMMON_RELIC","is_daily":false,"chose_seed":false,"campfire_upgraded":5,"win_rate":0.0,"timestamp":1612675320,"path_taken":["M","?","?","?","M","E","M","E","T","?","R","E","$","M","R","BOSS","M","$","M","?","?","R","E","M","T","E","R","E","?","?","R","BOSS","M","?","M","?","$","R","E","R","T","M","M","M","E","M","R","BOSS","R","$","E","BOSS"],"items_purchased_type":["Relic","Card","Card","Card"],"build_version":"2020-12-22","purchased_purges":1,"victory":true,"max_hp_per_floor":[75,75,75,75,75,75,75,75,75,75,75,75,75,75,75,75,75,75,75,75,75,75,75,75,75,75,75,75,75,75,75,75,75,75,75,75,75,75,75,75,82,82,82,82,82,82,82,82,82,82,82,82,82,82,82],"relic_stats":{"Happy Flower":[44],"counters":[31,148],"Eternal Feather":37,"PreservedInsect":444,"Whetstone":["Compile Driver","Barrage"],"MawBank":0,"Centennial Puzzle":[63],"Lizard Tail":0,"Shovel":3,"Shuriken":[24],"Bird Faced Urn":[52],"Ectoplasm":840,"Turnip":[7],"HandDrill":[44],"obtain_stats":[{"Potion Belt":42,"Happy Flower":6,"Eternal Feather":27,"PreservedInsect":0,"Whetstone":12,"Odd Mushroom":10,"MawBank":47,"Akabeko":8,"Centennial Puzzle":9,"Lizard Tail":36,"Shovel":26,"Shuriken":29,"Strawberry":41,"Bird Faced Urn":49,"Ectoplasm":17,"Turnip":38,"HandDrill":13,"Coffee Dripper":34,"Cracked Core":0,"FossilizedHelix":24,"TungstenRod":54,"Pocketwatch":32},{"Potion Belt":23,"Happy Flower":4,"Eternal Feather":15,"PreservedInsect":0,"Whetstone":8,"Odd Mushroom":7,"MawBank":27,"Akabeko":6,"Centennial Puzzle":6,"Lizard Tail":20,"Shovel":14,"Shuriken":16,"Strawberry":23,"Bird Faced Urn":28,"Ectoplasm":10,"Turnip":22,"HandDrill":8,"Coffee Dripper":18,"Cracked Core":0,"FossilizedHelix":13,"TungstenRod":30,"Pocketwatch":17},{"Potion Belt":99,"Happy Flower":15,"Eternal Feather":59,"PreservedInsect":0,"Whetstone":29,"Odd Mushroom":26,"MawBank":120,"Akabeko":22,"Centennial Puzzle":22,"Lizard Tail":82,"Shovel":55,"Shuriken":63,"Strawberry":99,"Bird Faced Urn":124,"Ectoplasm":37,"Turnip":93,"HandDrill":29,"Coffee Dripper":74,"Cracked Core":0,"FossilizedHelix":50,"TungstenRod":140,"Pocketwatch":67}],"TungstenRod":22,"Pocketwatch":[27]},"card_choices":[{"not_picked":["Barrage","Storm"],"picked":"Coolheaded","floor":1},{"not_picked":["Steam","Beam Cell"],"picked":"Defragment","floor":3},{"not_picked":["Barrage","Go for the Eyes"],"picked":"Compile Driver","floor":5},{"not_picked":["Go for the Eyes","Hologram"],"picked":"Conserve Battery","floor":6},{"not_picked":["Steam","Rebound"],"picked":"Ball Lightning","floor":7},{"not_picked":["Barrage","White Noise"],"picked":"Echo Form","floor":8},{"not_picked":["Conserve Battery","Gash"],"picked":"Barrage","floor":10},{"not_picked":["Redo","Heatsinks"],"picked":"Self Repair","floor":12},{"not_picked":["Multi-Cast","Buffer"],"picked":"Rainbow","floor":16},{"not_picked":["Fusion+1","Heatsinks+1"],"picked":"Beam Cell+1","floor":18},{"not_picked":["Rip and Tear","Recycle"],"picked":"Hologram","floor":20},{"not_picked":["Leap","Turbo"],"picked":"Force Field","floor":24},{"not_picked":["Reprogram","Undo"],"picked":"Amplify","floor":25},{"not_picked":["Barrage+1","Loop"],"picked":"Core Surge","floor":27},{"not_picked":["Chill","Loop"],"picked":"Barrage","floor":29},{"not_picked":["Tempest","Chaos+1","Sweeping Beam"],"picked":"SKIP","floor":31},{"not_picked":["Tempest","Chaos+1"],"picked":"Sweeping Beam","floor":31},{"not_picked":["Rainbow","Echo Form"],"picked":"Biased Cognition","floor":33},{"not_picked":["Coolheaded","Self Repair"],"picked":"Hologram","floor":35},{"not_picked":["Rip and Tear","Leap+1"],"picked":"Coolheaded","floor":36},{"not_picked":["Ball Lightning","Redo+1"],"picked":"Coolheaded","floor":37},{"not_picked":["Skim+1","Chill+1"],"picked":"Defragment+1","floor":38},{"not_picked":["Rebound+1","Steam","Go for the Eyes+1"],"picked":"SKIP","floor":41},{"not_picked":["Cold Snap+1","Self Repair"],"picked":"Darkness+1","floor":44},{"not_picked":["Rebound+1","Self Repair+1"],"picked":"Reboot","floor":45},{"not_picked":["Redo+1","Conserve Battery+1","Stack+1"],"picked":"SKIP","floor":46},{"not_picked":["Redo+1","Conserve Battery+1"],"picked":"Stack+1","floor":46},{"not_picked":["Skim+1","Rebound+1"],"picked":"Defragment+1","floor":47},{"not_picked":["Gash","Beam Cell"],"picked":"Skim+1","floor":48},{"not_picked":["Beam Cell","Consume"],"picked":"Leap+1","floor":54}],"player_experience":1518114,"relics_obtained":[{"floor":6,"key":"Happy Flower"},{"floor":8,"key":"Akabeko"},{"floor":9,"key":"Centennial Puzzle"},{"floor":10,"key":"Odd Mushroom"},{"floor":12,"key":"Whetstone"},{"floor":24,"key":"FossilizedHelix"},{"floor":26,"key":"Shovel"},{"floor":27,"key":"Eternal Feather"},{"floor":29,"key":"Shuriken"},{"floor":32,"key":"Pocketwatch"},{"floor":36,"key":"Lizard Tail"},{"floor":38,"key":"Turnip"},{"floor":41,"key":"Strawberry"},{"floor":42,"key":"Potion Belt"},{"floor":47,"key":"MawBank"},{"floor":49,"key":"Bird Faced Urn"},{"floor":54,"key":"TungstenRod"}],"event_choices":[{"cards_removed":["Defend_B"],"damage_healed":0,"gold_gain":0,"player_choice":"Offered Basic","damage_taken":0,"max_hp_gain":0,"max_hp_loss":0,"event_name":"Bonfire Elementals","floor":2,"gold_loss":0},{"cards_removed":["Strike_B"],"damage_healed":0,"gold_gain":0,"player_choice":"Card Removal","damage_taken":7,"max_hp_gain":0,"max_hp_loss":0,"event_name":"Golden Wing","floor":4,"gold_loss":0},{"damage_healed":0,"gold_gain":0,"player_choice":"Fought Mushrooms","damage_taken":0,"max_hp_gain":0,"max_hp_loss":0,"event_name":"Mushrooms","floor":10,"gold_loss":0},{"damage_healed":0,"gold_gain":0,"player_choice":"Ignored","damage_taken":0,"max_hp_gain":0,"max_hp_loss":0,"event_name":"Vampires","floor":21,"gold_loss":0},{"damage_healed":0,"gold_gain":0,"player_choice":"Joined the Cult","damage_taken":6,"max_hp_gain":0,"max_hp_loss":0,"event_name":"Nest","floor":22,"gold_loss":0,"cards_obtained":["RitualDagger"]},{"damage_healed":0,"gold_gain":100,"player_choice":"Pray","damage_taken":0,"max_hp_gain":0,"max_hp_loss":0,"event_name":"Golden Shrine","floor":30,"gold_loss":0},{"damage_healed":0,"gold_gain":0,"player_choice":"Fight","damage_taken":0,"max_hp_gain":0,"max_hp_loss":0,"event_name":"MindBloom","floor":36,"gold_loss":0},{"damage_healed":0,"gold_gain":0,"player_choice":"Fight","damage_taken":0,"max_hp_gain":0,"max_hp_loss":0,"event_name":"Mysterious Sphere","floor":38,"gold_loss":0}],"is_beta":false,"boss_relics":[{"not_picked":["Runic Dome","Fusion Hammer"],"picked":"Ectoplasm"},{"not_picked":["Cursed Key","Tiny House"],"picked":"Coffee Dripper"}],"items_purged_floors":[13],"is_endless":false,"potions_floor_spawned":[5,6,14,16,24,27,29,37,38,41,44],"ascension_level":1}}