{"host":"2rbn7ywmirq5y689","time":1613034029,"event":{"mods":["BaseMod","Colored Map","Colored Powertips","Highlight Path","Minty Spire (QoL Compilation)","Rare Cards Sparkle","Relic Stats","StSLib"],"gold_per_floor":[118,128,128,144,162,192,204,227,239,226,253,265,277,323,335,449,461,486,498,524,461,376,376,376],"floor_reached":23,"language":"ENG","playtime":1229,"items_purged":["Strike_P"],"score":246,"play_id":"a11aa11b-c66c-4fe0-af7b-e0555207f3ef","local_time":"20210211170029","is_ascension_mode":true,"campfire_choices":[{"data":"Eruption","floor":7,"key":"SMITH"},{"data":"PathToVictory","floor":13,"key":"SMITH"},{"floor":15,"key":"REST"}],"circlet_count":0,"master_deck":["Strike_P","Strike_P","Defend_P","Defend_P","Defend_P","Defend_P+1","Eruption+1","Vigilance+1","CutThroughFate","EmptyFist","SandsOfTime","PathToVictory+1","EmptyBody","Conclude","Fasting2","CutThroughFate","PathToVictory","Scrawl","PathToVictory","EmptyBody"],"relics":["PureWater","Orichalcum","MawBank","Pear","Du-Vu Doll","Philosopher\u0027s Stone","Matryoshka"],"acts_visited":["Exordium","TheCity"],"potions_floor_usage":[11,23,23],"damage_taken":[{"damage":6,"enemies":"Jaw Worm","floor":1,"turns":5},{"damage":0,"enemies":"Cultist","floor":2,"turns":2},{"damage":9,"enemies":"Small Slimes","floor":4,"turns":3},{"damage":1,"enemies":"3 Louse","floor":5,"turns":3},{"damage":10,"enemies":"Gremlin Nob","floor":6,"turns":3},{"damage":6,"enemies":"Looter","floor":8,"turns":3},{"damage":0,"enemies":"Lots of Slimes","floor":11,"turns":1},{"damage":4,"enemies":"3 Sentries","floor":14,"turns":5},{"damage":13,"enemies":"The Guardian","floor":16,"turns":6},{"damage":37,"enemies":"2 Thieves","floor":18,"turns":4},{"damage":1,"enemies":"Chosen","floor":20,"turns":3},{"damage":49,"enemies":"Slavers","floor":23,"turns":2}],"seed_played":"-2189747831311831660","potions_obtained":[{"floor":4,"key":"Energy Potion"},{"floor":5,"key":"DuplicationPotion"},{"floor":11,"key":"Fruit Juice"},{"floor":14,"key":"Weak Potion"}],"is_trial":false,"path_per_floor":["M","M","?","M","M","E","R","M","T","?","M","?","R","E","R","B",null,"M","?","M","$","?","E"],"character_chosen":"WATCHER","items_purchased":[],"campfire_rested":1,"item_purchase_floors":[],"current_hp_per_floor":[66,66,66,57,56,46,46,40,50,50,55,38,38,34,60,47,87,50,50,49,49,49,0,0],"gold":376,"neow_bonus":"RANDOM_COMMON_RELIC","is_daily":false,"chose_seed":false,"campfire_upgraded":2,"win_rate":0.0,"timestamp":1613034029,"path_taken":["M","M","?","?","M","E","R","M","T","?","M","?","R","E","R","BOSS","M","?","?","?","?","E"],"items_purchased_type":[],"build_version":"2020-12-22","purchased_purges":1,"victory":false,"max_hp_per_floor":[72,72,72,72,72,72,72,72,82,82,87,87,87,87,87,87,87,87,87,87,87,87,87,87],"relic_stats":{"counters":[12,40],"Orichalcum":[72],"MawBank":180,"obtain_stats":[{"Du-Vu Doll":14,"Pear":9,"Matryoshka":22,"Philosopher\u0027s Stone":17,"PureWater":0,"Orichalcum":0,"MawBank":6},{"Du-Vu Doll":8,"Pear":6,"Matryoshka":11,"Philosopher\u0027s Stone":9,"PureWater":0,"Orichalcum":0,"MawBank":5},{"Du-Vu Doll":25,"Pear":19,"Matryoshka":38,"Philosopher\u0027s Stone":31,"PureWater":0,"Orichalcum":0,"MawBank":16}]},"card_choices":[{"not_picked":["FollowUp","TalkToTheHand"],"picked":"CutThroughFate","floor":1},{"not_picked":["ThirdEye","Protect"],"picked":"EmptyFist","floor":2},{"not_picked":["EmptyFist","ThirdEye"],"picked":"PathToVictory","floor":4},{"not_picked":["CrushJoints","Nirvana"],"picked":"EmptyBody","floor":5},{"not_picked":["MasterReality","Protect"],"picked":"Conclude","floor":6},{"not_picked":["FlyingSleeves","Pray"],"picked":"Fasting2","floor":8},{"not_picked":["ThirdEye","Perseverance"],"picked":"CutThroughFate","floor":11},{"not_picked":["WreathOfFlame","Prostrate"],"picked":"PathToVictory","floor":14},{"not_picked":["Alpha","DeusExMachina"],"picked":"Scrawl","floor":16},{"not_picked":["Protect+1","Crescendo"],"picked":"PathToVictory","floor":18},{"not_picked":["EmptyFist","Swivel+1"],"picked":"EmptyBody","floor":20}],"player_experience":204913,"relics_obtained":[{"floor":6,"key":"MawBank"},{"floor":9,"key":"Pear"},{"floor":14,"key":"Du-Vu Doll"}],"event_choices":[{"damage_healed":0,"gold_gain":0,"player_choice":"1 cards matched","damage_taken":0,"max_hp_gain":0,"max_hp_loss":0,"event_name":"Match and Keep!","floor":3,"gold_loss":0,"cards_obtained":["SandsOfTime"]},{"damage_healed":0,"gold_gain":0,"player_choice":"Left Gold","damage_taken":0,"max_hp_gain":0,"max_hp_loss":0,"event_name":"World of Goop","floor":10,"gold_loss":25},{"damage_healed":0,"gold_gain":0,"player_choice":"Entered Light","damage_taken":17,"max_hp_gain":0,"max_hp_loss":0,"event_name":"Shining Light","floor":12,"gold_loss":0,"cards_upgraded":["Vigilance","Defend_P"]},{"cards_removed":["Strike_P"],"damage_healed":0,"gold_gain":0,"player_choice":"Purged","damage_taken":0,"max_hp_gain":0,"max_hp_loss":0,"event_name":"Purifier","floor":19,"gold_loss":0},{"damage_healed":0,"gold_gain":0,"player_choice":"Obtained Relic","damage_taken":0,"relics_obtained":["Matryoshka"],"max_hp_gain":0,"max_hp_loss":0,"event_name":"Addict","floor":22,"gold_loss":85}],"is_beta":false,"boss_relics":[{"not_picked":["Runic Pyramid","Calling Bell"],"picked":"Philosopher\u0027s Stone"}],"items_purged_floors":[21],"is_endless":false,"potions_floor_spawned":[4,5,11,14,20],"killed_by":"Slavers","ascension_level":2}}