{"host":"xo0glkmxta74xh34","time":1613079893,"event":{"mods":["BaseMod","Downfall","Minty Spire (QoL Compilation)","Reliquary","Replay The Spire","StSLib"],"gold_per_floor":[99,114,114,24,24,59,104,132,132,146,146,31,41,60,76,179,179,179,195,195,180,214,3,3,3,3,31,51,385,385,412,430,526,526,526,546,136,148,9,9,9,28,28,46,77,121,156,156,167,167],"floor_reached":51,"language":"ENG","playtime":2212,"items_purged":["downfall:Malfunctioning","Pain"],"score":962,"play_id":"5a6a31d6-91bf-4667-9f51-dc2a39ad83cf","local_time":"20210211154453","is_ascension_mode":true,"campfire_choices":[{"floor":9.0,"key":"REST"},{"data":"champ:TornadoPunch","floor":11.0,"key":"SMITH"},{"data":"champ:CheapShot","floor":18.0,"key":"SMITH"},{"data":"champ:Improvising","floor":25.0,"key":"SMITH"},{"data":"champ:FlashCut","floor":30.0,"key":"SMITH"},{"data":"champ:TripleStrike","floor":40.0,"key":"SMITH"}],"circlet_count":0,"master_deck":["champ:Strike","champ:Strike","champ:Strike","champ:Defend","champ:Defend","champ:Defend","champ:Defend+1","champ:Execute","champ:Taunt+1","CurseOfTheBell","CurseOfTheBell","champ:TornadoPunch+1","champ:PerfectedStrike+1","champ:FlashCut+1","champ:RisingSlash","champ:Improvising+1","champ:PerfectedStrike+1","champ:CheapShot+1","champ:PerfectedStrike+1","champ:ShieldWall","champ:PerfectedStrike+1","champ:Improvising","champ:TripleStrike+1","champ:BladeFlurry","champ:ShieldWall","champ:HoldFirm","champ:EndlessRage+1","champ:PerfectedStrike+1","champ:FlashCut+1","champ:VampiricStrike","champ:DefensiveStyle+1","champ:BladeFlurry+1","champ:ShieldWall+1","champ:DefensiveStyle+1"],"relics":["champ:ChampionCrownUpgraded","downfall:ExtraCursedBell","Thread and Needle","WarpedTongs","ReplayFunnel","War Paint","Replay:Bottled Eggs","reliquary:RedPaperclip","Red Mask","reliquary:Firecrackers","Replay:WaspNest","reliquary:Sideboard","Regal Pillow","Old Coin","Replay:Bottled Snecko","Replay:Baseball","HornCleat","Omamori","Replay:Wax Seal","PreservedInsect","Frozen Egg 2"],"acts_visited":["Exordium","TheCity","TheBeyond"],"potions_floor_usage":[50,50,50],"damage_taken":[{"damage":30.0,"enemies":"Jaw Worm","floor":2.0,"turns":5.0},{"damage":6.0,"enemies":"downfall:FleeingMerchant","floor":4.0,"turns":4.0},{"damage":15.0,"enemies":"Replay:BlueRogue","floor":6.0,"turns":6.0},{"damage":14.0,"enemies":"Lagavulin","floor":8.0,"turns":6.0},{"damage":3.0,"enemies":"2 Louse","floor":10.0,"turns":2.0},{"damage":12.0,"enemies":"downfall:FleeingMerchant","floor":12.0,"turns":4.0},{"damage":0.0,"enemies":"Small Slimes","floor":13.0,"turns":1.0},{"damage":0.0,"enemies":"Blue Slaver","floor":14.0,"turns":1.0},{"damage":3.0,"enemies":"Gremlin Gang","floor":15.0,"turns":2.0},{"damage":7.0,"enemies":"DF_ARCHETYPE_STREAMLINE","floor":16.0,"turns":8.0},{"damage":1.0,"enemies":"3 Byrds","floor":19.0,"turns":3.0},{"damage":0.0,"enemies":"downfall:FleeingMerchant","floor":21.0,"turns":5.0},{"damage":2.0,"enemies":"Masked Bandits","floor":22.0,"turns":3.0},{"damage":0.0,"enemies":"downfall:FleeingMerchant","floor":23.0,"turns":4.0},{"damage":3.0,"enemies":"Slavers","floor":27.0,"turns":3.0},{"damage":0.0,"enemies":"Shell Parasite","floor":28.0,"turns":2.0},{"damage":10.0,"enemies":"Book of Stabbing","floor":29.0,"turns":4.0},{"damage":0.0,"enemies":"Slavers","floor":31.0,"turns":3.0},{"damage":0.0,"enemies":"Snecko","floor":32.0,"turns":3.0},{"damage":0.0,"enemies":"WA_ARCHETYPE_CALM","floor":33.0,"turns":5.0},{"damage":15.0,"enemies":"3 Darklings","floor":36.0,"turns":2.0},{"damage":15.0,"enemies":"Orb Walker","floor":38.0,"turns":2.0},{"damage":25.0,"enemies":"4 Shapes","floor":42.0,"turns":3.0},{"damage":22.0,"enemies":"Maw","floor":44.0,"turns":6.0},{"damage":40.0,"enemies":"Nemesis","floor":45.0,"turns":5.0},{"damage":16.0,"enemies":"R_Hoarder","floor":47.0,"turns":4.0},{"damage":20.0,"enemies":"Spire Growth","floor":49.0,"turns":3.0},{"damage":93,"enemies":"IC_BLOCK_ARCHETYPE","floor":50,"turns":10}],"seed_played":"8588929869005954448","potions_obtained":[{"floor":2.0,"key":"Strength Potion"},{"floor":13.0,"key":"AttackPotion"},{"floor":14.0,"key":"Toxic Potion"},{"floor":22.0,"key":"Block Potion"},{"floor":27.0,"key":"hexamod:SoulburnPotion"},{"floor":28.0,"key":"CultistPotion"},{"floor":42.0,"key":"EssenceOfSteel"},{"floor":46.0,"key":"LifebloodPotion"}],"is_trial":false,"path_per_floor":["R","M","?","$","?","E","T","E","R","M","R","$","M","M","M","B",null,"R","M","?","$","?","$","T","R","?","E","M","E","R","E","M","B",null,"R","M","$","M","$","R","T","M","?","M","E","?","E","?","M","B",null],"character_chosen":"THE_CHAMP","items_purchased":["reliquary:Firecrackers","champ:PerfectedStrike","Replay:WaspNest","Replay:Baseball","HornCleat","champ:HoldFirm"],"campfire_rested":1,"item_purchase_floors":[23,23,23,37,37,39],"current_hp_per_floor":[99,89,89,83,83,78,78,64,93,90,90,88,88,88,85,78,99,99,98,98,98,96,96,96,96,96,93,93,83,83,83,83,83,99,99,99,99,99,99,99,99,99,99,97,72,72,71,99,99,36],"gold":167,"neow_bonus":"TEN_PERCENT_HP_BONUS","is_daily":false,"chose_seed":false,"campfire_upgraded":5,"win_rate":0.0,"timestamp":1613079893,"path_taken":["R","M","?","$","?","E","T","E","R","M","R","$","M","?","M","BOSS","R","M","?","$","?","?","T","R","?","E","M","E","R","E","M","BOSS","R","M","?","M","$","R","T","M","?","M","E","?","E","?","M","BOSS"],"items_purchased_type":["Relic","Card","Relic","Relic","Relic","Card"],"build_version":"2020-12-22","purchased_purges":2,"victory":true,"max_hp_per_floor":[99,99,99,99,99,99,99,99,99,99,99,99,99,99,99,99,99,99,99,99,99,99,99,99,99,99,99,99,99,99,99,99,99,99,99,99,99,99,99,99,99,99,99,99,99,99,99,99,99,99],"card_choices":[{"not_picked":["champ:GutPunch","champ:Haymaker"],"picked":"champ:TornadoPunch","floor":2.0},{"not_picked":["champ:EndlessRage","champ:Lariat"],"picked":"champ:PerfectedStrike","floor":4.0},{"not_picked":["champ:Circumvent","champ:EnGarde","champ:ShieldSigil"],"picked":"SKIP","floor":6.0},{"not_picked":["champ:AdrenalArmor","champ:Haymaker"],"picked":"champ:FlashCut","floor":8.0},{"not_picked":["champ:CrownThrow","champ:PreciseThrust","champ:GutPunch"],"picked":"SKIP","floor":10.0},{"not_picked":["champ:EnGarde","champ:SwordSigil"],"picked":"champ:RisingSlash","floor":12.0},{"not_picked":["champ:BladeFlurry","champ:EnGarde"],"picked":"champ:Improvising","floor":13.0},{"not_picked":["champ:Duel","champ:CrownThrow","champ:BringItOn"],"picked":"SKIP","floor":14.0},{"not_picked":["champ:SkillfulDodge","champ:Circumvent"],"picked":"champ:PerfectedStrike","floor":15.0},{"not_picked":["champ:LastStand","champ:DancingMaster"],"picked":"champ:CheapShot","floor":16.0},{"not_picked":["champ:EnGarde","champ:GladiatorStyle"],"picked":"champ:PerfectedStrike","floor":19.0},{"not_picked":["champ:BringItOn","champ:PreciseThrust","champ:HeartStrike"],"picked":"SKIP","floor":21.0},{"not_picked":["champ:GladiatorStyle","champ:PreemptiveStrike"],"picked":"champ:ShieldWall","floor":23.0},{"not_picked":["champ:Shatter","champ:Haymaker"],"picked":"champ:ShieldWall","floor":27.0},{"not_picked":["champ:PreciseThrust","champ:RecklessLeap","champ:ShieldSigil+1"],"picked":"SKIP","floor":28.0},{"not_picked":["champ:Encircle","champ:GutPunch"],"picked":"champ:BladeFlurry","floor":29.0},{"not_picked":["champ:HeartStrike","champ:Haymaker+1","champ:Circumvent+1"],"picked":"SKIP","floor":31.0},{"not_picked":["champ:Shatter","champ:Haymaker","champ:BerserkerStyle+1"],"picked":"SKIP","floor":32.0},{"not_picked":["champ:SwordThrow","champ:IgnorePain"],"picked":"champ:TripleStrike","floor":33.0},{"not_picked":["champ:Endure+1","champ:TornadoPunch+1"],"picked":"champ:PerfectedStrike+1","floor":36.0},{"not_picked":["champ:SetATrap","champ:FanOfKnives+1"],"picked":"champ:EndlessRage+1","floor":38.0},{"not_picked":["champ:EnGarde+1","champ:BringItOn+1"],"picked":"champ:FlashCut+1","floor":42.0},{"not_picked":["champ:EnGarde","champ:Haymaker+1","champ:AdrenalArmor"],"picked":"SKIP","floor":44.0},{"not_picked":["champ:RisingSlash+1","champ:BerserkersShout"],"picked":"champ:VampiricStrike","floor":45.0},{"not_picked":["champ:ShieldSigil","champ:AdrenalArmor"],"picked":"champ:DefensiveStyle+1","floor":46.0},{"not_picked":["champ:TornadoPunch+1","champ:GutPunch"],"picked":"champ:BladeFlurry+1","floor":46.0},{"not_picked":["champ:BerserkerStyle+1","champ:DancingMaster+1"],"picked":"champ:ShieldWall+1","floor":47.0},{"not_picked":["champ:CrownThrow+1","champ:Backstep+1"],"picked":"champ:DefensiveStyle+1","floor":49.0}],"player_experience":459123,"relics_obtained":[{"floor":1.0,"key":"reliquary:SharkskinSheath"},{"floor":1.0,"key":"Matryoshka"},{"floor":1.0,"key":"Thread and Needle"},{"floor":6.0,"key":"Akabeko"},{"floor":7.0,"key":"ReplayFunnel"},{"floor":7.0,"key":"War Paint"},{"floor":8.0,"key":"Replay:Bottled Eggs"},{"floor":22.0,"key":"Red Mask"},{"floor":24.0,"key":"reliquary:Sideboard"},{"floor":27.0,"key":"Regal Pillow"},{"floor":29.0,"key":"Old Coin"},{"floor":31.0,"key":"Replay:Bottled Snecko"},{"floor":41.0,"key":"Omamori"},{"floor":45.0,"key":"Replay:Wax Seal"},{"floor":46.0,"key":"PreservedInsect"},{"floor":47.0,"key":"Frozen Egg 2"}],"event_choices":[{"damage_healed":0.0,"max_hp_gain":0.0,"max_hp_loss":0.0,"gold_gain":0.0,"event_name":"Accursed Blacksmith","player_choice":"Rummage","floor":5.0,"gold_loss":0.0,"damage_taken":0.0,"relics_obtained":["WarpedTongs"],"cards_obtained":["Pain"]},{"damage_healed":0.0,"max_hp_gain":0.0,"max_hp_loss":0.0,"gold_gain":0.0,"event_name":"Masked Bandits","player_choice":"Fought Bandits","floor":22.0,"gold_loss":0.0,"damage_taken":0.0},{"cards_removed":["champ:GladiatorForm"],"damage_healed":0.0,"max_hp_gain":0.0,"max_hp_loss":0.0,"gold_gain":0.0,"event_name":"Falling","player_choice":"Removed Power","floor":43.0,"gold_loss":0.0,"damage_taken":0.0},{"damage_healed":28.0,"max_hp_gain":0.0,"max_hp_loss":0.0,"gold_gain":0.0,"event_name":"Wheel of Change","player_choice":"Full Heal","floor":48.0,"gold_loss":0.0,"damage_taken":0.0}],"is_beta":false,"boss_relics":[{"not_picked":["reliquary:RedCape","reliquary:Ember"],"picked":"reliquary:RedPaperclip"},{"not_picked":["Runic Pyramid","reliquary:Craggleroot"],"picked":"champ:ChampionCrownUpgraded"}],"items_purged_floors":[4,12],"is_endless":false,"potions_floor_spawned":[2,13,14,22,27,28,31,42,45,47],"ascension_level":1}}