{"host":"7iv10lxbxedtd0qh","time":1613082430,"event":{"mods":["100% Spire Juice","Act Like it!","BaseMod","Bestiary","Colored Map","Colored Powertips","Downfall","Minty Spire (QoL Compilation)","Spire Arcade","StSLib","The Alterego","The Marked"],"gold_per_floor":[115,132,82,97,117,152,168,196,196,222,147,172,72,72,72,168,168,186,186,204,204,204],"floor_reached":21,"language":"ENG","playtime":382,"items_purged":["Moonworks:Strike","Moonworks:Strike"],"score":377,"play_id":"92b681ec-2e7e-4d1d-af15-db5afbb1f836","local_time":"20210211232710","is_ascension_mode":true,"campfire_choices":[{"data":"Moonworks:ImOnFire","floor":15,"key":"SMITH"}],"circlet_count":0,"master_deck":["Moonworks:Strike","Moonworks:Defend","Moonworks:Defend","Moonworks:Defend","Moonworks:Defend","Moonworks:Ambush","Moonworks:LongDistanceShot","Moonworks:Gamble","Moonworks:ImOnFire+1","Moonworks:ImOnFire+1","Moonworks:IndiscriminateFireSupport","Moonworks:Wanted","Bandage Up","Moonworks:NicePresent"],"relics":["Moonworks:BrokenBomb","Moonworks:Homemark","hexamod:CandleOfCauterizing","Mercury Hourglass","Happy Flower","Blood Vial","Eternal Feather","Coffee Dripper"],"acts_visited":["Exordium","TheCity"],"potions_floor_usage":[18],"damage_taken":[{"damage":0,"enemies":"Small Slimes","floor":1,"turns":2},{"damage":0,"enemies":"Cultist","floor":2,"turns":2},{"damage":1,"enemies":"Jaw Worm","floor":4,"turns":2},{"damage":0,"enemies":"Blue Slaver","floor":5,"turns":1},{"damage":0,"enemies":"Gremlin Nob","floor":6,"turns":1},{"damage":0,"enemies":"2 Fungi Beasts","floor":7,"turns":1},{"damage":0,"enemies":"Lagavulin","floor":8,"turns":2},{"damage":8,"enemies":"3 Sentries","floor":10,"turns":2},{"damage":0,"enemies":"Lagavulin","floor":12,"turns":1},{"damage":0,"enemies":"Hexaghost","floor":16,"turns":1},{"damage":0,"enemies":"Chosen","floor":18,"turns":2},{"damage":0,"enemies":"Shell Parasite","floor":20,"turns":1},{"damage":1013,"enemies":"3 Cultists","floor":21,"turns":2}],"seed_played":"2761303123476815221","potions_obtained":[{"floor":5,"key":"ColorlessPotion"},{"floor":6,"key":"SneckoOil"},{"floor":7,"key":"SpeedPotion"},{"floor":20,"key":"Weak Potion"}],"is_trial":false,"path_per_floor":["M","M","?","M","M","E","M","E","T","E","$","E","$","?","R","B",null,"M","?","M","M"],"character_chosen":"THE_STARBREAKER","items_purchased":[],"campfire_rested":0,"item_purchase_floors":[],"current_hp_per_floor":[60,60,60,59,59,59,59,59,59,51,51,53,53,53,59,60,60,60,60,60,0,0],"gold":204,"neow_bonus":"ONE_RANDOM_RARE_CARD","is_daily":false,"chose_seed":false,"campfire_upgraded":1,"win_rate":0.0,"timestamp":1613082430,"path_taken":["M","M","?","M","M","E","M","E","T","E","$","E","$","?","R","BOSS","M","?","M","M"],"items_purchased_type":[],"build_version":"2020-12-22","purchased_purges":2,"victory":false,"max_hp_per_floor":[60,60,60,60,60,60,60,60,60,60,60,60,60,60,60,60,60,60,60,60,60,60],"card_choices":[{"not_picked":["Moonworks:Assault","Moonworks:SakisCookie"],"picked":"Moonworks:ImOnFire","floor":1},{"not_picked":["Moonworks:DeployBits","Moonworks:BigMagnum","Moonworks:Assault"],"picked":"SKIP","floor":2},{"not_picked":["Moonworks:DeployBits","Moonworks:BigMagnum"],"picked":"Moonworks:ImOnFire","floor":4},{"not_picked":["Moonworks:Assault","Moonworks:ImOnFire","Moonworks:IndiscriminateFireSupport"],"picked":"SKIP","floor":5},{"not_picked":["Moonworks:Assault","Moonworks:ImOnFire"],"picked":"Moonworks:IndiscriminateFireSupport","floor":5},{"not_picked":["Moonworks:EvilSpyWorkPreparation","Moonworks:Heat300Percent","Moonworks:SakisCookie"],"picked":"SKIP","floor":6},{"not_picked":["Moonworks:Poppoformation","Moonworks:BigMagnum","Moonworks:SakisCookie"],"picked":"SKIP","floor":7},{"not_picked":["Moonworks:DeployBits","Moonworks:WindyEnchantment"],"picked":"Moonworks:Wanted","floor":8},{"not_picked":["Moonworks:LuckyCharm","Moonworks:IndiscriminateFireSupport","Moonworks:CookingTime"],"picked":"SKIP","floor":10},{"not_picked":["Moonworks:MixPhenomenon","Moonworks:FinalSurgery","Moonworks:SweetBattle"],"picked":"SKIP","floor":12},{"not_picked":["Moonworks:ImOnFire+1","Moonworks:Poppoformation","Moonworks:BigMagnum"],"picked":"SKIP","floor":18},{"not_picked":["Moonworks:JonathanRush+1","Moonworks:SakisCookie"],"picked":"Moonworks:NicePresent","floor":20}],"player_experience":845009,"relics_obtained":[{"floor":6,"key":"hexamod:CandleOfCauterizing"},{"floor":8,"key":"Mercury Hourglass"},{"floor":9,"key":"Happy Flower"},{"floor":10,"key":"Blood Vial"},{"floor":12,"key":"Eternal Feather"}],"event_choices":[{"cards_removed":["Moonworks:Strike"],"damage_healed":0,"gold_gain":0,"player_choice":"Card Removal","damage_taken":0,"max_hp_gain":0,"max_hp_loss":0,"event_name":"The Cleric","floor":3,"gold_loss":50},{"damage_healed":0,"gold_gain":0,"player_choice":"1 cards matched","damage_taken":0,"max_hp_gain":0,"max_hp_loss":0,"event_name":"Match and Keep!","floor":14,"gold_loss":0,"cards_obtained":["Bandage Up"]},{"damage_healed":0,"gold_gain":0,"player_choice":"Upgraded","damage_taken":0,"max_hp_gain":0,"max_hp_loss":0,"event_name":"Upgrade Shrine","floor":19,"gold_loss":0,"cards_upgraded":["Moonworks:ImOnFire"]}],"is_beta":false,"boss_relics":[{"not_picked":["SlaversCollar","Calling Bell"],"picked":"Coffee Dripper"}],"items_purged_floors":[11,13],"is_endless":false,"potions_floor_spawned":[5,6,7,10,12,20],"killed_by":"3 Cultists","ascension_level":1}}