{"host":"pqs17sqrgflf4eqa","time":1613085167,"event":{"mods":["AchievementEnabler","BaseMod","Bestiary","Better Altar","Colored Map","Colored Powertips","Emptier Cage","Googly Eyes","Highlight Path","Minty Spire (QoL Compilation)","Quick Restart","StSLib","SuperFastMode","Transform Curses","slay the spire mod where everything is the same but ironclad has a cowboy hat"],"gold_per_floor":[115,115,115,129,3,34,34,59,59,99,99,113,113,156,156,156,156],"floor_reached":16,"language":"ENG","playtime":366,"items_purged":[],"score":148,"play_id":"d2e60d28-400b-49fe-9953-4bad0487e885","local_time":"20210211181247","is_ascension_mode":true,"campfire_choices":[{"data":"Dualcast","floor":7,"key":"SMITH"},{"data":"Genetic Algorithm","floor":11,"key":"SMITH"},{"floor":15,"key":"REST"}],"circlet_count":0,"master_deck":["Strike_B","Strike_B+1","Strike_B+1","Strike_B","Defend_B","Defend_B","Defend_B","Defend_B","Zap+1","Dualcast+1","Gash","Hologram","Conserve Battery","Hologram","Compile Driver","Doom and Gloom","Genetic Algorithm+1","Self Repair","Loop","Streamline"],"relics":["Cracked Core","Oddly Smooth Stone","Golden Idol","Whetstone","Bottled Flame","Meat on the Bone","Cables","Frozen Egg 2"],"acts_visited":["Exordium"],"potions_floor_usage":[16,16,16],"damage_taken":[{"damage":6,"enemies":"Cultist","floor":1,"turns":3},{"damage":0,"enemies":"Small Slimes","floor":4,"turns":3},{"damage":28,"enemies":"Lagavulin","floor":6,"turns":5},{"damage":0,"enemies":"Jaw Worm","floor":8,"turns":2},{"damage":16,"enemies":"Gremlin Nob","floor":10,"turns":3},{"damage":9,"enemies":"Red Slaver","floor":12,"turns":4},{"damage":21,"enemies":"3 Sentries","floor":14,"turns":6},{"damage":50,"enemies":"Hexaghost","floor":16,"turns":7}],"seed_played":"-2165556476656237034","potions_obtained":[{"floor":4,"key":"Strength Potion"},{"floor":10,"key":"PowerPotion"},{"floor":12,"key":"Fire Potion"},{"floor":14,"key":"FearPotion"}],"is_trial":false,"path_per_floor":["M","?","?","M","$","E","R","M","T","E","R","M","?","E","R","B"],"character_chosen":"DEFECT","items_purchased":["Conserve Battery","Hologram","Compile Driver"],"campfire_rested":1,"item_purchase_floors":[5,5,5],"current_hp_per_floor":[69,69,69,69,69,41,41,41,41,25,25,35,32,30,50,0,0],"gold":156,"neow_bonus":"RANDOM_COMMON_RELIC","is_daily":false,"chose_seed":false,"campfire_upgraded":2,"win_rate":0.0,"timestamp":1613085167,"path_taken":["M","?","?","M","$","E","R","M","T","E","R","M","?","E","R","BOSS"],"items_purchased_type":["Card","Card","Card"],"build_version":"2020-12-22","purchased_purges":0,"victory":false,"max_hp_per_floor":[75,75,69,69,69,69,69,69,69,69,69,69,69,69,69,69,69],"card_choices":[{"not_picked":["Barrage","Conserve Battery"],"picked":"Gash","floor":1},{"not_picked":["Rebound","BootSequence"],"picked":"Hologram","floor":4},{"not_picked":["Consume","Steam Power"],"picked":"Doom and Gloom","floor":6},{"not_picked":["Steam","Beam Cell"],"picked":"Genetic Algorithm","floor":8},{"not_picked":["Chaos","Barrage"],"picked":"Self Repair","floor":10},{"not_picked":["Beam Cell","Reboot"],"picked":"Loop","floor":12},{"not_picked":["Reboot","Go for the Eyes"],"picked":"Streamline","floor":14}],"player_experience":165219,"relics_obtained":[{"floor":6,"key":"Whetstone"},{"floor":9,"key":"Bottled Flame"},{"floor":10,"key":"Meat on the Bone"},{"floor":14,"key":"Frozen Egg 2"}],"event_choices":[{"damage_healed":0,"gold_gain":0,"player_choice":"Grow","damage_taken":0,"max_hp_gain":0,"max_hp_loss":0,"event_name":"Living Wall","floor":2,"gold_loss":0,"cards_upgraded":["Zap"]},{"damage_healed":0,"gold_gain":0,"player_choice":"Lose Max HP","damage_taken":0,"relics_obtained":["Golden Idol"],"max_hp_gain":0,"max_hp_loss":6,"event_name":"Golden Idol","floor":3,"gold_loss":0},{"damage_healed":0,"gold_gain":0,"player_choice":"Success","damage_taken":3,"relics_obtained":["Cables"],"max_hp_gain":0,"max_hp_loss":0,"event_name":"Scrap Ooze","floor":13,"gold_loss":0}],"is_beta":false,"boss_relics":[],"items_purged_floors":[],"is_endless":false,"potions_floor_spawned":[4,10,12,14],"killed_by":"Hexaghost","ascension_level":5}}