{"host":"k2mw1od0xoi9pcfj","time":1613074967,"event":{"mods":["AchievementEnabler","BaseMod","Highlight Path","Minty Spire (QoL Compilation)","Relic Stats","StSLib"],"gold_per_floor":[109,184,134,16,31,63,79,79,79,79,110,110,128,141,141,238,238,253,273,105,117,136,136,151,151,151,151,169,183,183,7,7,106,106,118,4,4,17,29,29,29,29],"floor_reached":41,"language":"ENG","playtime":1405,"items_purged":[],"score":455,"play_id":"1f607874-55c0-491a-9bef-beec82811a47","local_time":"20210211142247","is_ascension_mode":false,"campfire_choices":[{"data":"Zap","floor":8,"key":"SMITH"},{"floor":12,"key":"REST"},{"floor":15,"key":"RECALL"},{"floor":23,"key":"REST"},{"data":"Creative AI","floor":25,"key":"SMITH"},{"data":"Defragment","floor":32,"key":"SMITH"},{"floor":40,"key":"REST"}],"circlet_count":0,"master_deck":["Strike_B","Strike_B","Defend_B","Defend_B","Defend_B","Defend_B","Zap+1","Dualcast","Storm","Gash","Go for the Eyes","Gash","Electrodynamics","Leap","Recycle","Creative AI+1","Turbo","Heatsinks","Gash","Leap","Gash","Leap+1","Defragment+1","Doubt","Lockon","Gash","Shame","Scrape","Writhe","Skim","Conserve Battery"],"relics":["Cracked Core","NeowsBlessing","Question Card","Gambling Chip","Cursed Key","Symbiotic Virus","The Courier","Lee\u0027s Waffle","Runic Dome","Chemical X"],"acts_visited":["Exordium","TheCity","TheBeyond"],"potions_floor_usage":[],"damage_taken":[{"damage":0,"enemies":"Cultist","floor":1,"turns":1},{"damage":0,"enemies":"Jaw Worm","floor":5,"turns":1},{"damage":0,"enemies":"Lagavulin","floor":6,"turns":1},{"damage":0,"enemies":"Small Slimes","floor":7,"turns":2},{"damage":60,"enemies":"3 Sentries","floor":11,"turns":12},{"damage":0,"enemies":"Gremlin Gang","floor":13,"turns":3},{"damage":9,"enemies":"Exordium Wildlife","floor":14,"turns":2},{"damage":10,"enemies":"Slime Boss","floor":16,"turns":8},{"damage":17,"enemies":"2 Thieves","floor":18,"turns":3},{"damage":9,"enemies":"Chosen","floor":19,"turns":4},{"damage":22,"enemies":"3 Cultists","floor":21,"turns":5},{"damage":17,"enemies":"Cultist and Chosen","floor":22,"turns":5},{"damage":3,"enemies":"Centurion and Healer","floor":24,"turns":6},{"damage":12,"enemies":"Snecko","floor":28,"turns":5},{"damage":3,"enemies":"3 Cultists","floor":29,"turns":4},{"damage":71,"enemies":"Automaton","floor":33,"turns":7},{"damage":27,"enemies":"Orb Walker","floor":35,"turns":5},{"damage":32,"enemies":"3 Darklings","floor":38,"turns":3},{"damage":6,"enemies":"4 Shapes","floor":39,"turns":4},{"damage":74,"enemies":"Reptomancer","floor":41,"turns":4}],"seed_played":"3344325635473777482","potions_obtained":[{"floor":5,"key":"SteroidPotion"},{"floor":11,"key":"LiquidBronze"},{"floor":13,"key":"Energy Potion"}],"is_trial":false,"path_per_floor":["M","?","?","$","M","E","M","R","T","?","E","R","M","M","R","B",null,"M","M","$","M","M","R","M","R","T","?","M","M","?","$","R","B",null,"M","$","?","M","M","R","E"],"character_chosen":"DEFECT","items_purchased":["Storm","Gash","Heatsinks","Gash","Leap","Lee\u0027s Waffle","Scrape","Chemical X"],"campfire_rested":3,"item_purchase_floors":[4,4,20,20,20,31,31,36],"current_hp_per_floor":[75,64,64,64,64,64,64,64,64,64,4,26,26,17,17,7,75,58,49,49,27,10,32,29,29,29,29,17,14,14,82,82,11,82,55,55,76,44,38,62,0,0],"gold":29,"neow_bonus":"THREE_ENEMY_KILL","is_daily":false,"chose_seed":false,"campfire_upgraded":3,"win_rate":0.0,"timestamp":1613074967,"path_taken":["M","?","?","$","M","E","M","R","T","?","E","R","M","M","R","BOSS","M","M","$","M","M","R","?","R","T","?","M","M","?","?","R","BOSS","M","$","?","M","M","R","E"],"items_purchased_type":["Card","Card","Card","Card","Card","Relic","Card","Relic"],"build_version":"2020-12-22","purchased_purges":0,"victory":false,"max_hp_per_floor":[75,75,75,75,75,75,75,75,75,75,75,75,75,75,75,75,75,75,75,75,75,75,75,75,75,75,75,75,75,75,82,82,82,82,82,82,82,82,82,82,82,82],"relic_stats":{"Lee\u0027s Waffle":68,"counters":[20,85],"Gambling Chip":[34],"Chemical X":[1],"Question Card":16,"Cursed Key":1,"obtain_stats":[{"Runic Dome":34,"Lee\u0027s Waffle":31,"NeowsBlessing":0,"Gambling Chip":11,"The Courier":30,"Chemical X":36,"Cracked Core":0,"Question Card":6,"Cursed Key":17,"Symbiotic Virus":26},{"Runic Dome":16,"Lee\u0027s Waffle":15,"NeowsBlessing":0,"Gambling Chip":5,"The Courier":15,"Chemical X":17,"Cracked Core":0,"Question Card":3,"Cursed Key":8,"Symbiotic Virus":13},{"Runic Dome":69,"Lee\u0027s Waffle":62,"NeowsBlessing":0,"Gambling Chip":17,"The Courier":62,"Chemical X":74,"Cracked Core":0,"Question Card":3,"Cursed Key":30,"Symbiotic Virus":53}]},"card_choices":[{"not_picked":["Rebound","Hologram","Steam"],"picked":"SKIP","floor":1},{"not_picked":["Ball Lightning","Cold Snap","Barrage"],"picked":"SKIP","floor":5},{"not_picked":["Barrage","Ball Lightning"],"picked":"Go for the Eyes","floor":6},{"not_picked":["Tempest","Blizzard","BootSequence"],"picked":"Gash","floor":7},{"not_picked":["Leap","Double Energy","Static Discharge"],"picked":"Electrodynamics","floor":11},{"not_picked":["Tempest","BootSequence","Coolheaded"],"picked":"Leap","floor":13},{"not_picked":["Blizzard","Hologram","Compile Driver"],"picked":"Recycle","floor":14},{"not_picked":["Multi-Cast","Biased Cognition","Seek"],"picked":"Creative AI","floor":16},{"not_picked":["Chill","Reinforced Body","Static Discharge"],"picked":"Turbo","floor":18},{"not_picked":["Streamline","Sweeping Beam","Cold Snap","Darkness"],"picked":"SKIP","floor":19},{"not_picked":["Steam","Blizzard+1","Sunder"],"picked":"Gash","floor":21},{"not_picked":["Compile Driver","Doom and Gloom","Ball Lightning+1"],"picked":"Leap+1","floor":22},{"not_picked":["Barrage","Sweeping Beam+1","Biased Cognition"],"picked":"Defragment","floor":24},{"not_picked":["Go for the Eyes","Leap","Darkness+1"],"picked":"Lockon","floor":28},{"not_picked":["Sunder","Steam","Sweeping Beam"],"picked":"Gash","floor":29},{"not_picked":["Steam+1","Ball Lightning","Stack+1","Compile Driver"],"picked":"SKIP","floor":35},{"not_picked":["Stack","Steam+1","Ball Lightning"],"picked":"Skim","floor":38},{"not_picked":["Leap+1","Go for the Eyes","Rip and Tear+1"],"picked":"Conserve Battery","floor":39}],"player_experience":551525,"relics_obtained":[{"floor":6,"key":"Question Card"},{"floor":11,"key":"Gambling Chip"},{"floor":26,"key":"Symbiotic Virus"}],"event_choices":[{"damage_healed":0,"gold_gain":75,"player_choice":"Gather Gold","damage_taken":11,"max_hp_gain":0,"max_hp_loss":0,"event_name":"World of Goop","floor":2,"gold_loss":0},{"cards_removed":["Strike_B"],"damage_healed":0,"gold_gain":0,"player_choice":"Card Removal","damage_taken":0,"max_hp_gain":0,"max_hp_loss":0,"event_name":"The Cleric","floor":3,"gold_loss":50},{"cards_removed":["Strike_B"],"damage_healed":0,"gold_gain":0,"player_choice":"Offered Basic","damage_taken":0,"max_hp_gain":0,"max_hp_loss":0,"event_name":"Bonfire Elementals","floor":10,"gold_loss":0},{"damage_healed":0,"gold_gain":0,"player_choice":"Ignored","damage_taken":0,"max_hp_gain":0,"max_hp_loss":0,"event_name":"Ghosts","floor":27,"gold_loss":0},{"damage_healed":0,"gold_gain":0,"player_choice":"Stole Relic","damage_taken":0,"relics_obtained":["The Courier"],"max_hp_gain":0,"max_hp_loss":0,"event_name":"Addict","floor":30,"gold_loss":0,"cards_obtained":["Shame"]},{"damage_healed":21,"gold_gain":0,"player_choice":"Writhe","damage_taken":0,"max_hp_gain":0,"max_hp_loss":0,"event_name":"Winding Halls","floor":37,"gold_loss":0,"cards_obtained":["Writhe"]}],"is_beta":false,"boss_relics":[{"not_picked":["Runic Pyramid","SlaversCollar"],"picked":"Cursed Key"},{"not_picked":["Inserter","Calling Bell"],"picked":"Runic Dome"}],"items_purged_floors":[],"is_endless":false,"potions_floor_spawned":[5,11,13,22,24,33,39],"killed_by":"Reptomancer","ascension_level":0}}