{"host":"ls51t9cob9m2p2s9","time":1613015008,"event":{"mods":["AchievementEnabler","BaseMod","Become a monster ???","Colored Powertips","Downfall","Highlight Path","Minty Spire (QoL Compilation)","Quick Restart","Rare Cards Sparkle","StSLib","Uncapped"],"gold_per_floor":[99,116,130,144,162,196,196,196,96,96,113,13,0,0,11,109,109,109,123,123,123,137,137,186,218,234,263,276,276,226,243,263,358,358,258,275,31,50,150,150,150,165,178,191,204,233,233,293,309,309,309,334,0,0,0,0],"floor_reached":57,"language":"ENG","playtime":9965,"items_purged":[],"score":1303,"play_id":"c45c3bd6-ecf3-4a38-a32b-ebc1e23e1e67","local_time":"20210211034328","is_ascension_mode":false,"campfire_choices":[{"floor":1,"key":"RECALL"},{"data":"sneckomod:UnknownUncommonPower","floor":9,"key":"SMITH"},{"floor":12,"key":"REST"},{"data":"sneckomod:MorePower","floor":18,"key":"SMITH"},{"data":"sneckomod:UnendingSupply","floor":23,"key":"SMITH"},{"data":"sneckomod:UnlimitedRolls","floor":35,"key":"SMITH"},{"data":"sneckomod:UnknownRarePower","floor":40,"key":"SMITH"},{"data":"sneckomod:SnekBeam","floor":47,"key":"SMITH"},{"floor":54,"key":"REST"}],"circlet_count":0,"master_deck":["sneckomod:SnekBite","sneckomod:Unknown","sneckomod:Unknown","sneckomod:ImprovisedGuard+1","sneckomod:QuickBite+1","sneckomod:SnekBeam+1","sneckomod:UnknownBlock","sneckomod:UnknownUncommonSkill","sneckomod:ImprovisedGuard","sneckomod:UnknownUncommonPower+1","sneckomod:SoulRoll","sneckomod:UnknownClassBLUE+1","sneckomod:MorePower+1","sneckomod:UnknownBoss+1","sneckomod:UnknownUncommonSkill","sneckomod:UnendingSupply+1","sneckomod:IronFang","sneckomod:UnknownExhaust","sneckomod:UnknownVulnerable","sneckomod:UnknownDraw","sneckomod:UnknownColorless","sneckomod:UnknownBoss+1","sneckomod:UnknownClassTHE_BRONZE_AUTOMATON","sneckomod:UnknownRareAttack+1","sneckomod:SnekBeam+1","sneckomod:UnknownExhaust+1","sneckomod:QuickMove","sneckomod:Unknown3Cost+1","sneckomod:MasterEye","sneckomod:UnknownClassBLUE+1","sneckomod:UnlimitedRolls+1","sneckomod:UnknownBoss+1","sneckomod:UnknownX","sneckomod:UnknownBoss+1","sneckomod:UnknownCommonAttack+1","sneckomod:UnknownRareSkill+1","sneckomod:SerpentMind","sneckomod:UnknownDraw+1","sneckomod:UnknownClassBLUE+1","sneckomod:UnknownRarePower+1","sneckomod:UnknownClassPURPLE+1","sneckomod:QuickMove","sneckomod:DefensiveFlair+1","sneckomod:UnknownBlock+1","sneckomod:QuickMove+1","sneckomod:UnknownClassTHE_CHAMP_GRAY","sneckomod:UnknownClassGREEN+1","sneckomod:QuickMove+1","sneckomod:UnknownUncommonPower","sneckomod:Unknown3Cost+1","sneckomod:UnknownClassPURPLE+1","sneckomod:DiceBlock","sneckomod:DiceBlock","expansioncontent:QuickStudy+1"],"relics":["Astrolabe","Omamori","downfall:ShatteredFragment","downfall:HeartBlessingBlue","TungstenRod","downfall:HeartBlessingRed","SacredBark","Oddly Smooth Stone","Eternal Feather","Akabeko","Necronomicon","SlaversCollar","downfall:HeartBlessingGreen","Membership Card","Lantern","Art of War","Mummified Hand","Bottled Lightning","HandDrill","Pen Nib","Ornamental Fan","OrangePellets"],"acts_visited":["Exordium","TheCity","TheBeyond","TheEnding"],"potions_floor_usage":[27,33,50,52,55],"damage_taken":[{"damage":0,"enemies":"Small Slimes","floor":2,"turns":2},{"damage":0,"enemies":"2 Louse","floor":3,"turns":2},{"damage":6,"enemies":"Jaw Worm","floor":4,"turns":4},{"damage":5,"enemies":"Gremlin Gang","floor":5,"turns":14},{"damage":14,"enemies":"Gremlin Nob","floor":6,"turns":4},{"damage":0,"enemies":"3 Louse","floor":11,"turns":2},{"damage":5,"enemies":"downfall:FleeingMerchant","floor":13,"turns":4},{"damage":0,"enemies":"Lots of Slimes","floor":15,"turns":1},{"damage":4,"enemies":"IC_STATUS_ARCHETYPE","floor":16,"turns":7},{"damage":2,"enemies":"3 Byrds","floor":19,"turns":5},{"damage":0,"enemies":"Chosen","floor":22,"turns":5},{"damage":46,"enemies":"Book of Stabbing","floor":25,"turns":6},{"damage":8,"enemies":"Centurion and Healer","floor":26,"turns":5},{"damage":8,"enemies":"Gremlin Leader","floor":27,"turns":6},{"damage":18,"enemies":"Snake Plant","floor":28,"turns":3},{"damage":12,"enemies":"3 Cultists","floor":31,"turns":5},{"damage":15,"enemies":"Centurion and Healer","floor":32,"turns":5},{"damage":15,"enemies":"SI_MIRROR_ARCHETYPE","floor":33,"turns":6},{"damage":21,"enemies":"Orb Walker","floor":36,"turns":4},{"damage":1,"enemies":"downfall:FleeingMerchant","floor":37,"turns":4},{"damage":20,"enemies":"3 Darklings","floor":38,"turns":4},{"damage":0,"enemies":"4 Shapes","floor":42,"turns":4},{"damage":0,"enemies":"Transient","floor":43,"turns":5},{"damage":13,"enemies":"Jaw Worm Horde","floor":44,"turns":2},{"damage":23,"enemies":"Spire Growth","floor":45,"turns":5},{"damage":16,"enemies":"Reptomancer","floor":46,"turns":4},{"damage":0,"enemies":"downfall:FleeingMerchant","floor":48,"turns":2},{"damage":22,"enemies":"Maw","floor":49,"turns":6},{"damage":63,"enemies":"DF_ARCHETYPE_ORBS","floor":50,"turns":7},{"damage":66,"enemies":"downfall:CharBossMerchant","floor":52,"turns":8},{"damage":6,"enemies":"downfall:NeowBoss","floor":55,"turns":8},{"damage":23,"enemies":"downfall:NeowBossFinal","floor":56,"turns":9}],"seed_played":"3327505418382671079","potions_obtained":[{"floor":2,"key":"DistilledChaos"},{"floor":4,"key":"FearPotion"},{"floor":6,"key":"SpeedPotion"},{"floor":25,"key":"Explosive Potion"},{"floor":27,"key":"hexamod:SoulburnPotion"},{"floor":36,"key":"EssenceOfSteel"}],"is_trial":false,"path_per_floor":["R","M","M","M","M","E","T","?","R","?","M","R","$","?","M","B",null,"R","M","?","?","M","R","T","E","M","E","M","?","?","M","M","B",null,"R","M","$","M","?","R","T","M","M","M","M","E","R","$","M","B",null,"E","$","R","B","B",null],"character_chosen":"THE_SNECKO","items_purchased":["Membership Card","Lantern","Bottled Lightning","HandDrill","sneckomod:UnknownUncommonPower","champ:CounterPotion","PowerPotion","Ornamental Fan","OrangePellets","sneckomod:DiceBlock","expansioncontent:QuickStudy+1"],"campfire_rested":2,"item_purchase_floors":[37,37,48,48,48,48,53,53,53,53,53],"current_hp_per_floor":[90,90,90,84,79,69,69,48,58,33,33,63,58,58,58,54,100,100,98,98,98,100,100,100,54,56,58,40,25,60,52,37,22,100,100,79,78,73,73,97,97,97,97,84,61,55,82,94,87,24,100,39,39,99,93,70],"gold":0,"neow_bonus":"BOSS_RELIC","is_daily":false,"chose_seed":false,"campfire_upgraded":6,"win_rate":0.0,"timestamp":1613015008,"path_taken":["R","M","M","M","M","E","T","?","R","?","M","R","$","?","M","BOSS","R","M","?","?","M","R","T","E","M","E","M","?","?","?","M","BOSS","R","?","$","M","?","R","T","?","?","M","M","E","R","$","M","BOSS","E","$","R","BOSS","BOSS"],"items_purchased_type":["Relic","Relic","Relic","Relic","Card","Potion","Potion","Relic","Relic","Card","Card"],"build_version":"2020-12-22","purchased_purges":0,"victory":true,"max_hp_per_floor":[90,90,90,90,90,90,90,90,100,100,100,100,100,100,100,100,100,100,100,100,100,100,100,100,100,100,100,100,100,100,100,100,100,100,100,100,100,100,100,100,100,100,100,100,100,100,100,100,100,100,100,100,100,100,100,100],"card_choices":[{"not_picked":["sneckomod:Unknown0Cost","sneckomod:Unknown1Cost"],"picked":"sneckomod:UnknownBlock","floor":2},{"not_picked":["sneckomod:UnknownX","sneckomod:UnknownUncommonAttack"],"picked":"sneckomod:UnknownUncommonSkill","floor":3},{"not_picked":["sneckomod:UnknownX","sneckomod:UnknownExhaust"],"picked":"sneckomod:ImprovisedGuard","floor":4},{"not_picked":["sneckomod:SnekBeam","sneckomod:UnknownClassRED"],"picked":"sneckomod:UnknownUncommonPower","floor":5},{"not_picked":["sneckomod:DefensiveFlair","sneckomod:UnknownClassHEXA_GHOST_PURPLE"],"picked":"sneckomod:SoulRoll","floor":6},{"not_picked":["sneckomod:UnknownClassRED","sneckomod:Unknown2Cost"],"picked":"sneckomod:UnknownClassBLUE","floor":11},{"not_picked":["sneckomod:UnknownVulnerable","sneckomod:SoulDraw"],"picked":"sneckomod:WideSting","floor":13},{"not_picked":["sneckomod:RainOfDice","sneckomod:UnknownClassHEXA_GHOST_PURPLE"],"picked":"sneckomod:IronFang","floor":15},{"not_picked":["sneckomod:Mudshield","sneckomod:SerpentMind"],"picked":"sneckomod:MorePower","floor":16},{"not_picked":["sneckomod:UnknownClassTHE_CHAMP_GRAY+1","sneckomod:UnknownRareSkill+1"],"picked":"sneckomod:UnknownBoss+1","floor":19},{"not_picked":["sneckomod:DiceBoulder+1","sneckomod:DefensiveFlair"],"picked":"sneckomod:UnknownUncommonSkill","floor":19},{"not_picked":["sneckomod:Unknown2Cost+1","sneckomod:UnknownUncommonSkill+1"],"picked":"sneckomod:UnknownBoss+1","floor":22},{"not_picked":["sneckomod:CheapStock+1","sneckomod:DiceCrush"],"picked":"sneckomod:UnknownClassTHE_BRONZE_AUTOMATON","floor":22},{"not_picked":["sneckomod:UnknownVulnerable+1","sneckomod:UnknownUncommonAttack+1"],"picked":"sneckomod:UnknownRareAttack+1","floor":25},{"not_picked":["sneckomod:DiceCrush","sneckomod:UnknownClassHEXA_GHOST_PURPLE"],"picked":"sneckomod:SnekBeam","floor":25},{"not_picked":["sneckomod:Unknown2Cost+1","sneckomod:UnknownCommonAttack+1"],"picked":"sneckomod:UnknownExhaust+1","floor":26},{"not_picked":["sneckomod:UnknownWeak","sneckomod:MorePower"],"picked":"sneckomod:QuickMove","floor":26},{"not_picked":["sneckomod:Unknown2Cost+1","sneckomod:UnknownWeak+1"],"picked":"sneckomod:Unknown3Cost+1","floor":27},{"not_picked":["sneckomod:UnknownClassGUARDIAN","sneckomod:SerpentIdol"],"picked":"sneckomod:MasterEye","floor":27},{"not_picked":["sneckomod:UnknownClassPURPLE+1","sneckomod:UnknownClassRED+1"],"picked":"sneckomod:UnknownClassBLUE+1","floor":28},{"not_picked":["sneckomod:UnknownDraw","sneckomod:TrashToTreasure"],"picked":"sneckomod:UnlimitedRolls","floor":28},{"not_picked":["sneckomod:Unknown1Cost+1","sneckomod:UnknownBlock+1"],"picked":"sneckomod:UnknownBoss+1","floor":31},{"not_picked":["sneckomod:UnknownClassRED+1","sneckomod:WideSting"],"picked":"sneckomod:UnknownX","floor":31},{"not_picked":["sneckomod:Unknown0Cost+1","sneckomod:Unknown1Cost+1"],"picked":"sneckomod:UnknownBoss+1","floor":32},{"not_picked":["sneckomod:DiceBoulder+1","sneckomod:UnknownStrike"],"picked":"sneckomod:UnknownCommonAttack+1","floor":32},{"not_picked":["sneckomod:UnknownStrike+1","sneckomod:UnknownDraw+1"],"picked":"sneckomod:UnknownRareSkill+1","floor":33},{"not_picked":["sneckomod:SoulExchange","sneckomod:UnknownBoss"],"picked":"sneckomod:SerpentMind","floor":33},{"not_picked":["sneckomod:UnknownUncommonAttack+1","sneckomod:UnknownClassGREEN+1"],"picked":"sneckomod:UnknownDraw+1","floor":36},{"not_picked":["sneckomod:RainOfDice+1","sneckomod:MasterEye","sneckomod:UnknownCommonAttack+1"],"picked":"SKIP","floor":36},{"not_picked":["sneckomod:UnknownUncommonAttack+1","sneckomod:UnknownClassPURPLE+1"],"picked":"sneckomod:UnknownClassBLUE+1","floor":37},{"not_picked":["sneckomod:UnknownX+1","sneckomod:UnknownExhaust"],"picked":"sneckomod:UnknownRarePower","floor":37},{"not_picked":["sneckomod:UnknownVulnerable+1","sneckomod:Unknown2Cost+1"],"picked":"sneckomod:UnknownClassPURPLE+1","floor":38},{"not_picked":["sneckomod:SnakeSap+1","sneckomod:DiceBoulder"],"picked":"sneckomod:QuickMove","floor":38},{"not_picked":["sneckomod:SoulRoll+1","sneckomod:UnknownClassSLIMEBOUND"],"picked":"sneckomod:DefensiveFlair+1","floor":42},{"not_picked":["sneckomod:UnknownRarePower+1","sneckomod:UnknownBoss+1"],"picked":"sneckomod:UnknownBlock+1","floor":43},{"not_picked":["sneckomod:Unknown0Cost","sneckomod:ImprovisedAttack"],"picked":"sneckomod:QuickMove+1","floor":43},{"not_picked":["sneckomod:UnknownVulnerable","sneckomod:SoulCleanse"],"picked":"sneckomod:UnknownClassTHE_CHAMP_GRAY","floor":44},{"not_picked":["sneckomod:DiceBlock","sneckomod:UnknownStrike","sneckomod:SoulExchange"],"picked":"SKIP","floor":45},{"not_picked":["sneckomod:UnknownClassPURPLE+1","sneckomod:UnknownCommonAttack+1"],"picked":"sneckomod:UnknownClassGREEN+1","floor":46},{"not_picked":["sneckomod:Unknown2Cost","sneckomod:UnknownClassTHE_CHAMP_GRAY+1"],"picked":"sneckomod:QuickMove+1","floor":46},{"not_picked":["sneckomod:UnknownClassTHE_CHAMP_GRAY+1","sneckomod:Unknown1Cost","sneckomod:Unknown2Cost+1"],"picked":"SKIP","floor":48},{"not_picked":["sneckomod:UnknownClassTHE_CHAMP_GRAY+1","sneckomod:Unknown1Cost+1"],"picked":"sneckomod:Unknown3Cost+1","floor":49},{"not_picked":["sneckomod:UnknownClassGREEN+1","sneckomod:RainOfDice"],"picked":"sneckomod:UnknownClassPURPLE+1","floor":49},{"not_picked":["sneckomod:UnknownWeak","sneckomod:UnknownExhaust+1"],"picked":"sneckomod:DiceBlock","floor":52}],"player_experience":413721,"relics_obtained":[{"floor":6,"key":"Omamori"},{"floor":24,"key":"Oddly Smooth Stone"},{"floor":25,"key":"Eternal Feather"},{"floor":27,"key":"Akabeko"},{"floor":29,"key":"Necronomicon"},{"floor":41,"key":"Art of War"},{"floor":46,"key":"Mummified Hand"},{"floor":52,"key":"Pen Nib"}],"event_choices":[{"damage_healed":0,"gold_gain":0,"player_choice":"Success","damage_taken":25,"relics_obtained":["TungstenRod"],"max_hp_gain":0,"max_hp_loss":0,"event_name":"Scrap Ooze","floor":10,"gold_loss":0},{"damage_healed":0,"gold_gain":0,"cards_transformed":["sneckomod:IronFang","sneckomod:WideSting"],"player_choice":"Became Test Subject","damage_taken":0,"max_hp_gain":0,"max_hp_loss":0,"event_name":"Drug Dealer","floor":20,"gold_loss":0,"cards_obtained":["sneckomod:UnendingSupply","sneckomod:IronFang"]}],"is_beta":false,"boss_relics":[{"not_picked":["Fusion Hammer","Empty Cage"],"picked":"SacredBark"},{"not_picked":["Velvet Choker","Coffee Dripper"],"picked":"SlaversCollar"}],"items_purged_floors":[],"is_endless":false,"potions_floor_spawned":[2,4,6,25,26,27,32,36,42,46,49],"ascension_level":0}}