{"host":"q8ewzd1tf4mqkgtb","time":1613020427,"event":{"mods":["Ascension Unlocker","BaseMod","Colored Map","Faster Ascension Climbing","Hermit","Minty Spire (QoL Compilation)","Relic Stats","StSLib","UnlockEverythingMod"],"gold_per_floor":[109,126,142,155,168,202,202,235,235,253,253,266,1,1,1,78,78,98,131,131,143,161,161,196,207,232,264,264,277,9,25,25,102,102,116,116,126,1,223,223,253,253,279,310,60,60,86,86,86,86,86,86,86,32,65,65],"floor_reached":57,"language":"ENG","playtime":7666,"items_purged":["Strike_R","Strike_R","Strike_R"],"score":2955,"play_id":"b4c7d2d3-e138-4ebf-b868-fc06bf25ba24","local_time":"20210210231347","is_ascension_mode":true,"campfire_choices":[{"data":"Heavy Blade","floor":7,"key":"SMITH"},{"data":"Disarm","floor":11,"key":"SMITH"},{"data":"Burning Pact","floor":15,"key":"SMITH"},{"data":"Armaments","floor":23,"key":"SMITH"},{"data":"Spot Weakness","floor":28,"key":"SMITH"},{"data":"Feel No Pain","floor":32,"key":"SMITH"},{"data":"Impervious","floor":40,"key":"SMITH"},{"floor":42,"key":"RECALL"},{"data":"Dual Wield","floor":46,"key":"SMITH"},{"data":"Brutality","floor":49,"key":"SMITH"},{"data":"Bash","floor":53,"key":"SMITH"}],"circlet_count":0,"master_deck":["AscendersBane","Strike_R","Strike_R","Defend_R","Defend_R+1","Defend_R+1","Defend_R","Bash+1","CurseOfTheBell","Sword Boomerang","Clothesline","Heavy Blade+1","Disarm+1","Spot Weakness+1","Immolate","Burning Pact+1","Shrug It Off","Impervious+1","Corruption+1","Armaments+1","Reaper","Feel No Pain+1","Dark Embrace","Pummel+1","Limit Break","Flame Barrier","Dual Wield+1","Brutality+1","Headbutt","Warcry+1"],"relics":["Calling Bell","Ancient Tea Set","Pear","Du-Vu Doll","War Paint","Magic Flower","Vajra","Runic Pyramid","Red Mask","Nloth\u0027s Gift","FossilizedHelix","Red Skull","TungstenRod","Orrery","Coffee Dripper","MealTicket","Boot","Medical Kit","Bottled Lightning","Bag of Preparation"],"acts_visited":["Exordium","TheCity","TheBeyond","TheEnding"],"potions_floor_usage":[5,6,19,19,56,56],"damage_taken":[{"damage":4,"enemies":"Small Slimes","floor":1,"turns":3},{"damage":0,"enemies":"2 Louse","floor":2,"turns":2},{"damage":0,"enemies":"Cultist","floor":3,"turns":3},{"damage":5,"enemies":"3 Louse","floor":4,"turns":3},{"damage":13,"enemies":"Gremlin Gang","floor":5,"turns":4},{"damage":0,"enemies":"Gremlin Nob","floor":6,"turns":2},{"damage":9,"enemies":"3 Sentries","floor":8,"turns":6},{"damage":3,"enemies":"Red Slaver","floor":10,"turns":3},{"damage":4,"enemies":"Exordium Wildlife","floor":12,"turns":2},{"damage":6,"enemies":"Hexaghost","floor":16,"turns":8},{"damage":6,"enemies":"2 Thieves","floor":18,"turns":4},{"damage":19,"enemies":"Masked Bandits","floor":19,"turns":4},{"damage":6,"enemies":"Shell Parasite","floor":21,"turns":4},{"damage":9,"enemies":"Sentry and Sphere","floor":22,"turns":5},{"damage":12,"enemies":"Gremlin Leader","floor":24,"turns":5},{"damage":0,"enemies":"Snecko","floor":25,"turns":5},{"damage":45,"enemies":"Slavers","floor":27,"turns":6},{"damage":3,"enemies":"Shelled Parasite and Fungi","floor":29,"turns":4},{"damage":0,"enemies":"Snake Plant","floor":31,"turns":5},{"damage":8,"enemies":"Champ","floor":33,"turns":12},{"damage":23,"enemies":"3 Shapes","floor":35,"turns":5},{"damage":19,"enemies":"3 Darklings","floor":37,"turns":5},{"damage":44,"enemies":"Reptomancer","floor":41,"turns":4},{"damage":0,"enemies":"Giant Head","floor":44,"turns":6},{"damage":32,"enemies":"Nemesis","floor":47,"turns":7},{"damage":111,"enemies":"Awakened One","floor":50,"turns":9},{"damage":11,"enemies":"Time Eater","floor":51,"turns":8},{"damage":20,"enemies":"Shield and Spear","floor":55,"turns":6},{"damage":180,"enemies":"The Heart","floor":56,"turns":12}],"seed_played":"8176746061518949403","potions_obtained":[{"floor":1,"key":"Explosive Potion"},{"floor":4,"key":"ColorlessPotion"},{"floor":6,"key":"SkillPotion"},{"floor":12,"key":"BlessingOfTheForge"},{"floor":19,"key":"ElixirPotion"},{"floor":22,"key":"Dexterity Potion"},{"floor":31,"key":"DuplicationPotion"},{"floor":37,"key":"LiquidBronze"}],"is_trial":false,"path_per_floor":["M","M","M","M","M","E","R","E","T","M","R","M","$","?","R","B",null,"M","?","?","M","M","R","E","M","T","E","R","M","$","M","R","B",null,"M","?","M","$","?","R","E","R","T","E","$","R","E","$","R","B","B",null,"R","$","E","B",null],"character_chosen":"IRONCLAD","items_purchased":["Shrug It Off","Vajra","Orrery","Medical Kit","Dual Wield","Headbutt"],"campfire_rested":0,"item_purchase_floors":[13,13,30,45,45,54],"current_hp_per_floor":[74,74,74,69,56,56,56,47,47,44,44,40,40,45,45,39,77,71,52,52,46,37,37,25,37,37,22,22,57,57,75,75,90,90,90,90,90,90,90,90,90,90,90,90,90,90,87,90,90,90,89,90,90,90,90,25],"gold":65,"neow_bonus":"BOSS_RELIC","is_daily":false,"chose_seed":false,"campfire_upgraded":10,"win_rate":0.0,"timestamp":1613020427,"path_taken":["M","M","M","M","M","E","R","E","T","M","R","M","$","?","R","BOSS","M","?","?","?","M","R","E","M","T","E","R","M","$","M","R","BOSS","M","?","?","$","?","R","E","R","T","E","$","R","E","?","R","BOSS","BOSS","R","$","E","BOSS"],"items_purchased_type":["Card","Relic","Relic","Relic","Card","Card"],"build_version":"2020-12-22","purchased_purges":3,"victory":true,"max_hp_per_floor":[85,85,85,85,85,85,85,85,85,85,85,85,85,90,90,90,90,90,90,90,90,90,90,90,90,90,90,90,90,90,90,90,90,90,90,90,90,90,90,90,90,90,90,90,90,90,90,90,90,90,90,90,90,90,90,90],"relic_stats":{"counters":[29,152],"Magic Flower":[102],"MealTicket":3,"Nloth\u0027s Gift":4,"Bag of Preparation":[2],"War Paint":["Defend_R","Defend_R"],"Boot":[0],"Medical Kit":[0],"obtain_stats":[{"Lantern":8,"Pear":0,"Magic Flower":9,"Vajra":13,"Bag of Preparation":55,"War Paint":6,"Ancient Tea Set":0,"Boot":44,"Medical Kit":45,"Burning Blood":0,"Calling Bell":0,"Du-Vu Doll":0,"Orrery":30,"MealTicket":41,"Red Mask":19,"Nloth\u0027s Gift":20,"Coffee Dripper":34,"Bottled Lightning":47,"FossilizedHelix":24,"Red Skull":26,"TungstenRod":27,"Runic Pyramid":17},{"Lantern":7,"Pear":0,"Magic Flower":7,"Vajra":9,"Bag of Preparation":28,"War Paint":6,"Ancient Tea Set":0,"Boot":24,"Medical Kit":24,"Burning Blood":0,"Calling Bell":0,"Du-Vu Doll":0,"Orrery":18,"MealTicket":23,"Red Mask":12,"Nloth\u0027s Gift":12,"Coffee Dripper":20,"Bottled Lightning":25,"FossilizedHelix":15,"Red Skull":16,"TungstenRod":17,"Runic Pyramid":10},{"Lantern":23,"Pear":0,"Magic Flower":23,"Vajra":28,"Bag of Preparation":140,"War Paint":17,"Ancient Tea Set":0,"Boot":110,"Medical Kit":110,"Burning Blood":0,"Calling Bell":0,"Du-Vu Doll":0,"Orrery":73,"MealTicket":104,"Red Mask":44,"Nloth\u0027s Gift":44,"Coffee Dripper":90,"Bottled Lightning":117,"FossilizedHelix":58,"Red Skull":63,"TungstenRod":69,"Runic Pyramid":36}],"TungstenRod":97},"card_choices":[{"not_picked":["Blood for Blood","Clothesline"],"picked":"Sword Boomerang","floor":1},{"not_picked":["Intimidate","Hemokinesis"],"picked":"Clothesline","floor":2},{"not_picked":["Anger","Clothesline"],"picked":"Heavy Blade","floor":3},{"not_picked":["Hemokinesis","Rampage"],"picked":"Disarm","floor":4},{"not_picked":["Rampage","Warcry","Heavy Blade"],"picked":"SKIP","floor":5},{"not_picked":["Perfected Strike","Shrug It Off"],"picked":"Spot Weakness","floor":6},{"not_picked":["Entrench","Thunderclap"],"picked":"Immolate","floor":8},{"not_picked":["Clash","Pommel Strike","Headbutt"],"picked":"SKIP","floor":10},{"not_picked":["Barricade","Armaments"],"picked":"Burning Pact","floor":12},{"not_picked":["Barricade","Exhume"],"picked":"Impervious","floor":16},{"not_picked":["Heavy Blade","Power Through+1","Havoc"],"picked":"SKIP","floor":18},{"not_picked":["Havoc","Iron Wave"],"picked":"Corruption","floor":21},{"not_picked":["Cleave","Combust"],"picked":"Armaments","floor":22},{"not_picked":["Wild Strike","Disarm"],"picked":"Reaper","floor":24},{"not_picked":["Headbutt","Clothesline","Clash"],"picked":"SKIP","floor":25},{"not_picked":["Armaments","Wild Strike","Blood for Blood"],"picked":"SKIP","floor":27},{"not_picked":["Body Slam","Demon Form","Anger"],"picked":"SKIP","floor":29},{"not_picked":["True Grit","Dropkick+1"],"picked":"Feel No Pain","floor":30},{"not_picked":["Iron Wave","Clash"],"picked":"Dark Embrace","floor":30},{"not_picked":["Armaments","Combust"],"picked":"Pummel+1","floor":30},{"not_picked":["Wild Strike","Juggernaut","Body Slam"],"picked":"SKIP","floor":31},{"not_picked":["Wild Strike","Juggernaut","Body Slam"],"picked":"SKIP","floor":31},{"not_picked":["Exhume","Double Tap"],"picked":"Limit Break","floor":33},{"not_picked":["Anger+1","Metallicize","Wild Strike"],"picked":"SKIP","floor":35},{"not_picked":["Body Slam+1","Sword Boomerang","Rupture"],"picked":"SKIP","floor":37},{"not_picked":["Carnage","Seeing Red","Headbutt"],"picked":"SKIP","floor":41},{"not_picked":["Carnage+1","Entrench"],"picked":"Flame Barrier","floor":44},{"not_picked":["Pommel Strike","Juggernaut"],"picked":"Brutality","floor":47},{"not_picked":["Headbutt","Infernal Blade"],"picked":"Warcry+1","floor":55}],"player_experience":584264,"relics_obtained":[{"floor":0,"key":"Ancient Tea Set"},{"floor":0,"key":"Pear"},{"floor":0,"key":"Du-Vu Doll"},{"floor":6,"key":"War Paint"},{"floor":8,"key":"Lantern"},{"floor":9,"key":"Magic Flower"},{"floor":19,"key":"Red Mask"},{"floor":24,"key":"FossilizedHelix"},{"floor":26,"key":"Red Skull"},{"floor":27,"key":"TungstenRod"},{"floor":41,"key":"MealTicket"},{"floor":44,"key":"Boot"},{"floor":47,"key":"Bottled Lightning"},{"floor":55,"key":"Bag of Preparation"}],"event_choices":[{"damage_healed":0,"gold_gain":0,"player_choice":"Donut","damage_taken":0,"max_hp_gain":5,"max_hp_loss":0,"event_name":"Big Fish","floor":14,"gold_loss":0},{"damage_healed":0,"gold_gain":0,"player_choice":"Fought Bandits","damage_taken":0,"max_hp_gain":0,"max_hp_loss":0,"event_name":"Masked Bandits","floor":19,"gold_loss":0},{"damage_healed":0,"gold_gain":0,"player_choice":"Traded Relic","damage_taken":0,"relics_obtained":["Nloth\u0027s Gift"],"max_hp_gain":0,"max_hp_loss":0,"event_name":"N\u0027loth","floor":20,"relics_lost":["Lantern"],"gold_loss":0},{"damage_healed":0,"gold_gain":0,"player_choice":"Forge","damage_taken":0,"max_hp_gain":0,"max_hp_loss":0,"event_name":"Accursed Blacksmith","floor":36,"gold_loss":0,"cards_upgraded":["Corruption"]},{"damage_healed":0,"gold_gain":222,"player_choice":"Wore Mask","damage_taken":0,"max_hp_gain":0,"max_hp_loss":0,"event_name":"Tomb of Lord Red Mask","floor":39,"gold_loss":0}],"is_beta":false,"boss_relics":[{"not_picked":["Tiny House","Runic Dome"],"picked":"Runic Pyramid"},{"not_picked":["Runic Cube","Fusion Hammer"],"picked":"Coffee Dripper"}],"items_purged_floors":[13,30,38],"is_endless":false,"potions_floor_spawned":[1,4,6,12,19,22,25,31,33,37,44,47],"ascension_level":20}}