{"host":"m5ot5sucdtsdvl98","time":1613041882,"event":{"mods":["Act Like it!","BaseMod","Decade(θέα³Ω₯)","Friendly Minions","GungeonMod","Minty Spire (QoL Compilation)","StSLib","SuperFastMode","The Jungle","Waifu the Spire"],"gold_per_floor":[116,116,135,148,167,167,184,184,184,200,200,228,228,55,55,150,150,166,91,190,180,180,214,214,228,228,6,16,16,16,32,32,136,136,151,62,75,128,128,128,147,147,147,147,164,180,104,118,118,118],"floor_reached":51,"language":"KOR","playtime":4786,"items_purged":["Decade_Defend"],"score":694,"play_id":"24944a6a-5b6c-408d-9a85-9ba956c401a4","local_time":"20210211201122","is_ascension_mode":false,"campfire_choices":[{"data":"DenO_Climax","floor":6,"key":"SMITH"},{"data":"FormRideDogga","floor":11,"key":"SMITH"},{"data":"RideBooker","floor":13,"key":"SMITH"},{"data":"Apotheosis","floor":15,"key":"SMITH"},{"data":"Kuuga_Rising","floor":24,"key":"SMITH"},{"data":"AttackRide","floor":30,"key":"SMITH"},{"data":"FormRideJack","floor":32,"key":"SMITH"},{"data":"KamenRide","floor":40,"key":"SMITH"},{"floor":42,"key":"REST"},{"data":"Madness","floor":49,"key":"SMITH"}],"circlet_count":0,"master_deck":["Decade_Attack","Decade_Attack","Decade_Attack","KamenRide+1","Decade_SpecialSkill","Decade_Defend","Decade_Defend","Decade_Defend","DenO_Gun","FormRideDogga+1","DenO_Climax+1","RideBooker+1","Blade_Metal","KamenRideBlade","KamenRideDecade","UnarmedAttack7","Apotheosis+1","Kuuga_Rising+1","NMDAZYYGL","Decade_Illusion","AttackRide+1","RideBooker_Skill_1","FormRideTitan","FormRideJack+1","DenO_Rod","PrometheusPower","Madness+1","Madness","Decade_Dash1+1"],"relics":["Decadriver","TOEIDeficitBill","NeowsBlessing","Shuriken","DemoMod:DecoyRelic","SlaversCollar","Oddly Smooth Stone","Pen Nib","Juzu Bracelet","Busted Crown","Peace Pipe","Lantern"],"acts_visited":["Exordium","TheCity","TheBeyond"],"potions_floor_usage":[10,10,16,23,33,33,33,38,50,50,50],"damage_taken":[{"damage":2,"enemies":"Small Slimes","floor":1,"turns":2},{"damage":0,"enemies":"Cultist","floor":3,"turns":2},{"damage":0,"enemies":"Jaw Worm","floor":4,"turns":1},{"damage":4,"enemies":"Blue Slaver","floor":5,"turns":4},{"damage":15,"enemies":"Exordium Thugs","floor":7,"turns":5},{"damage":1,"enemies":"Exordium Wildlife","floor":10,"turns":5},{"damage":18,"enemies":"Lagavulin","floor":12,"turns":6},{"damage":25,"enemies":"The Guardian","floor":16,"turns":8},{"damage":10,"enemies":"3 Byrds","floor":18,"turns":5},{"damage":30,"enemies":"2 Thieves","floor":21,"turns":3},{"damage":13,"enemies":"Snake Plant","floor":22,"turns":2},{"damage":21,"enemies":"Gremlin Leader","floor":23,"turns":5},{"damage":3,"enemies":"Chosen and Byrds","floor":25,"turns":7},{"damage":27,"enemies":"Centurion and Healer","floor":28,"turns":4},{"damage":19,"enemies":"Snake Plant","floor":31,"turns":5},{"damage":31,"enemies":"Champ","floor":33,"turns":8},{"damage":31,"enemies":"3 Shapes","floor":35,"turns":5},{"damage":59,"enemies":"3 Darklings","floor":37,"turns":6},{"damage":22,"enemies":"2 Orb Walkers","floor":38,"turns":4},{"damage":2,"enemies":"Sphere and 2 Shapes","floor":41,"turns":4},{"damage":0,"enemies":"Writhing Mass","floor":44,"turns":1},{"damage":32,"enemies":"Spire Growth","floor":45,"turns":5},{"damage":0,"enemies":"Jaw Worm Horde","floor":46,"turns":5},{"damage":26,"enemies":"Transient","floor":48,"turns":5},{"damage":18,"enemies":"Awakened One","floor":50,"turns":10}],"seed_played":"7668327227111742452","potions_obtained":[{"floor":1,"key":"BlessingOfTheForge"},{"floor":7,"key":"Block Potion"},{"floor":12,"key":"Weak Potion"},{"floor":16,"key":"DistilledChaos"},{"floor":23,"key":"Dexterity Potion"},{"floor":25,"key":"PowerPotion"},{"floor":28,"key":"ColorlessPotion"},{"floor":35,"key":"LiquidBronze"},{"floor":37,"key":"SkillPotion"},{"floor":46,"key":"Regen Potion"}],"is_trial":false,"path_per_floor":["M","?","M","M","M","R","M","?","T","M","R","E","R","$","R","B",null,"M","?","?","M","M","E","R","M","T","$","M","$","R","M","R","B",null,"M","$","M","?","?","R","M","R","T","M","M","M","$","M","R","B",null],"character_chosen":"Decade","items_purchased":["Apotheosis","Juzu Bracelet","DenO_Rod","PrometheusPower","EssenceOfSteel"],"campfire_rested":1,"item_purchase_floors":[14,27,36,36,47],"current_hp_per_floor":[68,68,68,68,66,66,51,44,44,59,59,41,41,41,41,77,80,75,75,75,45,32,19,19,82,82,82,55,55,55,61,61,43,125,104,104,101,104,85,85,83,128,128,128,96,143,143,132,132,196],"gold":118,"neow_bonus":"THREE_ENEMY_KILL","is_daily":false,"chose_seed":false,"campfire_upgraded":9,"win_rate":0.0,"timestamp":1613041882,"path_taken":["M","?","M","M","?","R","M","?","T","M","R","E","R","$","R","BOSS","M","?","?","M","M","E","R","?","T","$","M","$","R","M","R","BOSS","M","$","M","?","?","R","M","R","T","M","M","M","$","M","R","BOSS"],"items_purchased_type":["Card","Relic","Card","Card","Potion"],"build_version":"2020-12-22","purchased_purges":1,"victory":true,"max_hp_per_floor":[70,70,70,70,70,70,70,70,70,70,70,70,70,70,70,80,80,80,80,80,80,80,80,80,115,115,115,115,115,115,125,125,125,125,125,125,145,150,150,150,150,150,150,150,151,176,176,176,176,196],"card_choices":[{"not_picked":["Decade_Defend2","UnarmedAttack1"],"picked":"DenO_Gun","floor":1},{"not_picked":["UnarmedAttack8","DragClaw"],"picked":"FormRideDogga","floor":1},{"not_picked":["Blade_Slash","FormRideFlame","DenO_Gun"],"picked":"SKIP","floor":3},{"not_picked":["Kiva_Bats","UnarmedAttack1"],"picked":"RideBooker","floor":4},{"not_picked":["DenO_Gun","DecadeViolentEmotion"],"picked":"Blade_Metal","floor":5},{"not_picked":["FormRidePegasus","Decade_Dash2"],"picked":"KamenRideBlade","floor":5},{"not_picked":["AutoVajin","PrometheusPower","MirrorWorld"],"picked":"SKIP","floor":7},{"not_picked":["UnarmedAttack7","UnarmedAttack3"],"picked":"KamenRideDecade","floor":12},{"not_picked":["FormRideTitan","Kiva_Eat"],"picked":"UnarmedAttack7","floor":12},{"not_picked":["DecadeViolentEmotion","TimeVent"],"picked":"Kuuga_Rising","floor":16},{"not_picked":["Hibiki_FEVER","Kiva_Swallow"],"picked":"NMDAZYYGL","floor":16},{"not_picked":["Blade_Slash","AttackRide+1"],"picked":"PrometheusPower","floor":18},{"not_picked":["AutoVajin","UnarmedAttack7"],"picked":"Decade_Illusion","floor":21},{"not_picked":["KamenRideAgito+1","FormRideFlame+1"],"picked":"AttackRide","floor":22},{"not_picked":["Decade_Dash1","KamenRideBlade"],"picked":"RideBooker_Skill_1","floor":23},{"not_picked":["FormRideDragon","TimeVent"],"picked":"FormRideTitan","floor":28},{"not_picked":["RideBooker_Skill_3","UnarmedAttack1","UnarmedAttack6"],"picked":"SKIP","floor":28},{"not_picked":["FormRideBasshaa","DenO_Gun"],"picked":"FormRideJack","floor":31},{"not_picked":[],"picked":"Decade_Dash1+1","floor":45}],"player_experience":218277,"relics_obtained":[{"floor":9,"key":"Shuriken"},{"floor":12,"key":"DemoMod:DecoyRelic"},{"floor":23,"key":"Oddly Smooth Stone"},{"floor":26,"key":"Pen Nib"},{"floor":38,"key":"Peace Pipe"},{"floor":43,"key":"Lantern"}],"event_choices":[{"damage_healed":0,"gold_gain":0,"player_choice":"1 cards matched","damage_taken":0,"max_hp_gain":0,"max_hp_loss":0,"event_name":"Match and Keep!","floor":2,"gold_loss":0,"cards_obtained":["DenO_Climax"]},{"cards_removed":["Decade_Attack"],"damage_healed":0,"gold_gain":0,"player_choice":"Card Removal","damage_taken":7,"max_hp_gain":0,"max_hp_loss":0,"event_name":"Golden Wing","floor":8,"gold_loss":0},{"cards_removed":["PrometheusPower"],"damage_healed":0,"gold_gain":0,"player_choice":"Gave Gold","damage_taken":0,"max_hp_gain":0,"max_hp_loss":0,"event_name":"Beggar","floor":19,"gold_loss":75},{"damage_healed":0,"gold_gain":99,"player_choice":"Stole From Cult","damage_taken":0,"max_hp_gain":0,"max_hp_loss":0,"event_name":"Nest","floor":20,"gold_loss":0},{"damage_healed":0,"gold_gain":0,"player_choice":"Fight","damage_taken":0,"max_hp_gain":0,"max_hp_loss":0,"event_name":"Mysterious Sphere","floor":38,"gold_loss":0},{"damage_healed":0,"gold_gain":0,"player_choice":"Embrace Madness","damage_taken":19,"max_hp_gain":0,"max_hp_loss":0,"event_name":"Winding Halls","floor":39,"gold_loss":0,"cards_obtained":["Madness","Madness"]}],"is_beta":false,"boss_relics":[{"not_picked":["Fusion Hammer","SacredBark"],"picked":"SlaversCollar"},{"not_picked":["Cursed Key","Velvet Choker"],"picked":"Busted Crown"}],"items_purged_floors":[27],"is_endless":false,"potions_floor_spawned":[1,7,12,16,23,25,28,31,35,37,46],"ascension_level":0}}