{"host":"xp27heuvanyklt0b","time":1613054901,"event":{"mods":["100% Spire Juice","BaseMod","CapriCore","Lobotomy","Minty Spire (QoL Compilation)","StSLib"],"gold_per_floor":[117,117,129,94,94,94,106,126,57,20,46,61,73,73,73,178,58,75,75,89,89,14,14,14,29,56,56,71,71,82,52,52,153,33,48,61,61,72,72,106,106,120,120,13,28,78,78,0,0,0,0],"floor_reached":52,"language":"KOR","playtime":2182,"items_purged":["Pain"],"score":734,"play_id":"1082caf4-cbdf-4a53-a402-fca75edb727c","local_time":"20210211234821","is_ascension_mode":false,"campfire_choices":[{"data":"Moonworks:EvilSpyWorkPreparation","floor":6,"key":"SMITH"},{"floor":15,"key":"DIG"},{"data":"Moonworks:CookingTime","floor":23,"key":"SMITH"},{"floor":29,"key":"DIG"},{"floor":32,"key":"REST"},{"floor":41,"key":"DIG"},{"floor":47,"key":"DIG"},{"floor":49,"key":"DIG"}],"circlet_count":0,"master_deck":["Moonworks:Strike+1","Moonworks:Strike","Moonworks:Strike","Moonworks:Strike","Moonworks:Defend","Moonworks:Defend","Moonworks:Defend","Moonworks:Defend","Moonworks:Ambush","Moonworks:EvilSpyWorkPreparation+1","Moonworks:RedAndBlue+1","Moonworks:SakisCookie","Moonworks:AwakeningOfTalent","Moonworks:CookingTime+1","Moonworks:TreasureThief","Moonworks:ImmovableObject","Moonworks:FullSpeedAlicianrone+1","Moonworks:RocketCannon+1","CurseOfTheBell","Moonworks:BeyondHell+1","Moonworks:ScrambledEve+1","Moonworks:IndiscriminateFireSupport+1","Moonworks:SakisCookie","Moonworks:StarBlastingFuse","Moonworks:NicePresent+1","Moonworks:DeployBits+1","Moonworks:TacticalRetreat","Moonworks:ImOnFire+1","Moonworks:Dash+1","Moonworks:AnotherUltimateWeapon","Moonworks:NicePresent+1","Moonworks:Bloodlust+1","Moonworks:ExtendedPhotonRifle+1","Moonworks:MixPhenomenon","Madness","Madness","Moonworks:TacticalRetreat+1","Moonworks:WeAreWaruda","Moonworks:NicePresent+1","Moonworks:SweetBattle","Moonworks:IntelligenceOfficer","Moonworks:SweetBattle+1","Moonworks:MiracleWalker"],"relics":["Moonworks:BrokenBomb","Moonworks:Homemark","Bag of Marbles","Happy Flower","Shovel","WarpedTongs","Molten Egg 2","Calling Bell","Bronze Scales","Sundial","Prayer Wheel","Kunai","Question Card","Sozu","Darkstone Periapt","StrikeDummy","Ginger","CaptainsWheel","Incense Burner","Red Mask","Whetstone"],"acts_visited":["Exordium","TheCity","TheBeyond"],"potions_floor_usage":[16,40,45,50],"damage_taken":[{"damage":2,"enemies":"Small Slimes","floor":1,"turns":4},{"damage":2,"enemies":"2 Louse","floor":3,"turns":2},{"damage":6,"enemies":"Jaw Worm","floor":7,"turns":2},{"damage":0,"enemies":"2 Fungi Beasts","floor":8,"turns":3},{"damage":6,"enemies":"3 Sentries","floor":11,"turns":5},{"damage":0,"enemies":"Exordium Thugs","floor":12,"turns":3},{"damage":0,"enemies":"Large Slime","floor":13,"turns":6},{"damage":58,"enemies":"The Guardian","floor":16,"turns":13},{"damage":24,"enemies":"Spheric Guardian","floor":18,"turns":4},{"damage":5,"enemies":"3 Byrds","floor":20,"turns":2},{"damage":0,"enemies":"Snake Plant","floor":25,"turns":4},{"damage":11,"enemies":"3 Cultists","floor":28,"turns":5},{"damage":0,"enemies":"Sentry and Sphere","floor":30,"turns":3},{"damage":19,"enemies":"Automaton","floor":33,"turns":10},{"damage":0,"enemies":"Orb Walker","floor":35,"turns":3},{"damage":8,"enemies":"3 Darklings","floor":36,"turns":3},{"damage":49,"enemies":"Writhing Mass","floor":38,"turns":4},{"damage":3,"enemies":"Nemesis","floor":40,"turns":5},{"damage":4,"enemies":"Spire Growth","floor":42,"turns":5},{"damage":8,"enemies":"Sphere and 2 Shapes","floor":44,"turns":4},{"damage":22,"enemies":"Transient","floor":45,"turns":5},{"damage":0,"enemies":"Mind Bloom Boss Battle","floor":46,"turns":4},{"damage":38,"enemies":"Awakened One","floor":50,"turns":9}],"seed_played":"3404627225352231056","potions_obtained":[{"floor":1,"key":"AttackPotion"},{"floor":7,"key":"SneckoOil"},{"floor":11,"key":"Regen Potion"},{"floor":16,"key":"AttackPotion"},{"floor":25,"key":"Strength Potion"},{"floor":33,"key":"LiquidMemories"}],"is_trial":false,"path_per_floor":["M","?","M","?","?","R","M","M","T","$","E","M","M","?","R","B",null,"M","?","M","?","$","R","?","M","T","?","M","R","M","?","R","B",null,"M","M","?","M","?","E","R","M","T","M","M","?","R","?","R","B",null,null],"character_chosen":"THE_STARBREAKER","items_purchased":["Moonworks:CookingTime"],"campfire_rested":1,"item_purchase_floors":[10],"current_hp_per_floor":[64,39,37,53,53,53,47,47,47,47,46,46,49,49,49,3,66,46,34,35,35,35,35,35,35,35,35,27,27,27,15,36,17,71,71,70,61,21,21,23,23,25,25,22,33,44,44,44,44,21,21],"gold":0,"neow_bonus":"TEN_PERCENT_HP_BONUS","is_daily":false,"chose_seed":false,"campfire_upgraded":2,"win_rate":0.0,"timestamp":1613054901,"path_taken":["M","?","M","?","?","R","M","M","T","$","E","?","M","?","R","BOSS","M","?","M","?","$","R","?","M","T","?","M","R","?","?","R","BOSS","M","M","?","M","?","E","R","M","T","M","M","?","R","?","R","BOSS"],"items_purchased_type":["Card"],"build_version":"2020-12-22","purchased_purges":1,"victory":true,"max_hp_per_floor":[66,66,66,66,66,66,66,66,66,66,66,66,66,66,66,66,66,66,71,71,71,71,71,71,71,71,71,71,71,71,71,71,71,71,71,71,71,71,71,71,71,71,71,71,71,71,71,71,71,71,71],"card_choices":[{"not_picked":["Moonworks:Heat300Percent","Moonworks:ImOnFire"],"picked":"Moonworks:EvilSpyWorkPreparation","floor":1},{"not_picked":["Moonworks:NicePresent","Moonworks:BigMagnum"],"picked":"Moonworks:RedAndBlue","floor":3},{"not_picked":["Moonworks:Assault","Moonworks:CloudOfSeagulls"],"picked":"Moonworks:SakisCookie","floor":7},{"not_picked":["Moonworks:LulusLuckyEgg","Moonworks:NicePresent"],"picked":"Moonworks:AwakeningOfTalent","floor":8},{"not_picked":["Moonworks:EvilMastermind","Moonworks:JonathanRush"],"picked":"Moonworks:TreasureThief","floor":11},{"not_picked":["Moonworks:EvilSpyWorkPreparation","Moonworks:SakisCookie"],"picked":"Moonworks:ImmovableObject","floor":12},{"not_picked":["Moonworks:ImOnFire","Moonworks:Assault"],"picked":"Moonworks:FullSpeedAlicianrone","floor":13},{"not_picked":["Moonworks:LeapThroughSpace","Moonworks:EvilMastermind"],"picked":"Moonworks:RocketCannon+1","floor":16},{"not_picked":["Moonworks:FullSpeedAlicianrone+1","Moonworks:FinalSurgery+1"],"picked":"Moonworks:BeyondHell+1","floor":18},{"not_picked":["Moonworks:CloudOfSeagulls+1","Moonworks:Assault+1"],"picked":"Moonworks:ScrambledEve+1","floor":18},{"not_picked":["Moonworks:RedAndBlue+1","Moonworks:Assault+1"],"picked":"Moonworks:IndiscriminateFireSupport+1","floor":20},{"not_picked":["Moonworks:JonathanRush+1","Moonworks:Heat300Percent+1"],"picked":"Moonworks:SakisCookie","floor":20},{"not_picked":["Moonworks:NicePresent","Moonworks:DeployBits"],"picked":"Moonworks:StarBlastingFuse","floor":25},{"not_picked":["Moonworks:CookingTime+1","Moonworks:Assault+1"],"picked":"Moonworks:NicePresent+1","floor":25},{"not_picked":["Moonworks:ImOnFire","Moonworks:Heat300Percent+1"],"picked":"Moonworks:DeployBits+1","floor":28},{"not_picked":["Moonworks:Assault+1","Moonworks:LulusLuckyEgg"],"picked":"Moonworks:TacticalRetreat","floor":28},{"not_picked":["Moonworks:Assault+1","Moonworks:AwakeningOfTalent+1","Moonworks:LulusLuckyEgg+1"],"picked":"Moonworks:ImOnFire+1","floor":30},{"not_picked":["Moonworks:NicePresent","Moonworks:LulusLuckyEgg","Moonworks:TacticalRetreat"],"picked":"Moonworks:Dash+1","floor":30},{"not_picked":["Moonworks:EvilMastermind","Moonworks:OutOfAmmo","Moonworks:MeltingMemories"],"picked":"Moonworks:AnotherUltimateWeapon","floor":33},{"not_picked":["Moonworks:IndiscriminateFireSupport+1","Moonworks:Assault+1","Moonworks:JonathanRush+1"],"picked":"Moonworks:NicePresent+1","floor":35},{"not_picked":["Moonworks:IndiscriminateFireSupport+1","Moonworks:EvilSpyWorkPreparation","Moonworks:BigBangBell+1"],"picked":"Moonworks:Bloodlust+1","floor":35},{"not_picked":["Moonworks:SakisCookie+1","Moonworks:AwakeningOfTalent+1","Moonworks:IndiscriminateFireSupport+1"],"picked":"Moonworks:ExtendedPhotonRifle+1","floor":36},{"not_picked":["Moonworks:DeployBits","Moonworks:BigMagnum","Moonworks:JonathanRush+1"],"picked":"Moonworks:MixPhenomenon","floor":36},{"not_picked":["Moonworks:Assault+1","Moonworks:BigMagnum","Moonworks:ImOnFire+1"],"picked":"Moonworks:TacticalRetreat+1","floor":38},{"not_picked":["Moonworks:ImOnFire+1","Moonworks:IndiscriminateFireSupport+1","Moonworks:SakisCookie+1"],"picked":"Moonworks:WeAreWaruda","floor":38},{"not_picked":["Moonworks:IndiscriminateFireSupport+1","Moonworks:FullSpeedAlicianrone+1","Moonworks:ExtendedPhotonRifle+1"],"picked":"Moonworks:NicePresent+1","floor":40},{"not_picked":["Moonworks:Poppoformation+1","Moonworks:BindingChains","Moonworks:ImOnFire"],"picked":"Moonworks:SweetBattle","floor":42},{"not_picked":["Moonworks:MiracleWalker","Moonworks:EvilSpyWorkPreparation","Moonworks:Blazing"],"picked":"Moonworks:IntelligenceOfficer","floor":42},{"not_picked":["Moonworks:WindyEnchantment","Moonworks:FullSpeedAlicianrone+1","Moonworks:CloudOfSeagulls+1"],"picked":"Moonworks:SweetBattle+1","floor":44},{"not_picked":["Moonworks:BigMagnum","Moonworks:DeployBits+1","Moonworks:EvilSpyWorkPreparation","Moonworks:ImOnFire+1"],"picked":"SKIP","floor":44},{"not_picked":["Moonworks:SweetBattle","Moonworks:x16BigRocket+1","Moonworks:BindingChains","Moonworks:DeployBits"],"picked":"SKIP","floor":45},{"not_picked":["Moonworks:CloudOfSeagulls+1","Moonworks:Assault+1","Moonworks:EvilSpyWorkPreparation","Moonworks:DeployBits+1"],"picked":"SKIP","floor":45},{"not_picked":["Moonworks:ImOnFire","Moonworks:Assault+1","Moonworks:ImmovableObject+1"],"picked":"Moonworks:MiracleWalker","floor":46}],"player_experience":233446,"relics_obtained":[{"floor":9,"key":"Happy Flower"},{"floor":11,"key":"Shovel"},{"floor":15,"key":"Molten Egg 2"},{"floor":17,"key":"Bronze Scales"},{"floor":17,"key":"Sundial"},{"floor":17,"key":"Prayer Wheel"},{"floor":29,"key":"Question Card"},{"floor":40,"key":"Darkstone Periapt"},{"floor":41,"key":"StrikeDummy"},{"floor":43,"key":"Ginger"},{"floor":46,"key":"CaptainsWheel"},{"floor":47,"key":"Incense Burner"},{"floor":49,"key":"Whetstone"}],"event_choices":[{"damage_healed":0,"gold_gain":0,"player_choice":"Success","damage_taken":25,"relics_obtained":["Bag of Marbles"],"max_hp_gain":0,"max_hp_loss":0,"event_name":"Scrap Ooze","floor":2,"gold_loss":0},{"damage_healed":16,"gold_gain":0,"player_choice":"Healed","damage_taken":0,"max_hp_gain":0,"max_hp_loss":0,"event_name":"The Cleric","floor":4,"gold_loss":35},{"damage_healed":0,"gold_gain":0,"player_choice":"Grow","damage_taken":0,"max_hp_gain":0,"max_hp_loss":0,"event_name":"Living Wall","floor":5,"gold_loss":0,"cards_upgraded":["Moonworks:RedAndBlue"]},{"damage_healed":0,"gold_gain":0,"player_choice":"Rummage","damage_taken":0,"relics_obtained":["WarpedTongs"],"max_hp_gain":0,"max_hp_loss":0,"event_name":"Accursed Blacksmith","floor":14,"gold_loss":0,"cards_obtained":["Pain"]},{"damage_healed":0,"gold_gain":0,"player_choice":"Shed Blood","damage_taken":17,"max_hp_gain":5,"max_hp_loss":0,"event_name":"Forgotten Altar","floor":19,"gold_loss":0},{"damage_healed":0,"gold_gain":0,"player_choice":"Ignored","damage_taken":0,"max_hp_gain":0,"max_hp_loss":0,"event_name":"Ghosts","floor":21,"gold_loss":0},{"damage_healed":0,"gold_gain":0,"player_choice":"Opened","damage_taken":0,"relics_obtained":["Kunai"],"max_hp_gain":0,"max_hp_loss":0,"event_name":"The Mausoleum","floor":24,"gold_loss":0},{"damage_healed":0,"gold_gain":0,"player_choice":"Ignored","damage_taken":0,"max_hp_gain":0,"max_hp_loss":0,"event_name":"Cursed Tome","floor":27,"gold_loss":0},{"damage_healed":0,"gold_gain":90,"player_choice":"GOLD ","damage_taken":12,"max_hp_gain":0,"max_hp_loss":0,"event_name":"Knowing Skull","floor":31,"potions_obtained":[],"gold_loss":0,"cards_obtained":[]},{"damage_healed":0,"gold_gain":0,"player_choice":"Embrace Madness","damage_taken":9,"max_hp_gain":0,"max_hp_loss":0,"event_name":"Winding Halls","floor":37,"gold_loss":0,"cards_obtained":["Madness","Madness"]},{"cards_removed":["Moonworks:LongDistanceShot"],"damage_healed":0,"gold_gain":0,"player_choice":"Removed Attack","damage_taken":0,"max_hp_gain":0,"max_hp_loss":0,"event_name":"Falling","floor":39,"gold_loss":0},{"damage_healed":0,"gold_gain":0,"player_choice":"Fight","damage_taken":0,"max_hp_gain":0,"max_hp_loss":0,"event_name":"MindBloom","floor":46,"gold_loss":0},{"damage_healed":0,"gold_gain":0,"player_choice":"Paid","damage_taken":0,"relics_obtained":["Red Mask"],"max_hp_gain":0,"max_hp_loss":0,"event_name":"Tomb of Lord Red Mask","floor":48,"gold_loss":78}],"is_beta":false,"boss_relics":[{"not_picked":["Tiny House","Pandora\u0027s Box"],"picked":"Calling Bell"},{"not_picked":["SacredBark","Runic Dome"],"picked":"Sozu"}],"items_purged_floors":[22],"is_endless":false,"potions_floor_spawned":[1,7,11,16,25,28,30,33,38,40],"ascension_level":0}}