{"host":"ij84le5dz5iaw1mq","time":1613072914,"event":{"mods":["AchievementEnabler","BaseMod","Better Altar","Better Match","Better Note","Better Sensory Stone","Better Skull","Better Third Choice","BetterRewards","Colored Map","Colored Powertips","DeckTracker","Hermit","Hubris","Infinite Spire","Minty Spire (QoL Compilation)","Permanent Neow","Quick Restart","Rare Cards Sparkle","Replay The Spire","Shop Mod","Somnambulant","StSLib","The Cursed","The Disciple","The Elementalist","The Runesmith","The Spell Scribe"],"gold_per_floor":[113,129,148,163,83,108,108,121,121,138,138,138,155,190,190,286,286,303,303,322,322,187,215,39,39,39],"floor_reached":25,"language":"ENG","playtime":2822,"items_purged":[],"score":233,"play_id":"464cf9ae-0629-4aee-bc43-f16ce86a433b","local_time":"20210211144834","is_ascension_mode":false,"campfire_choices":[{"floor":11,"key":"REST"},{"floor":15,"key":"REST"}],"circlet_count":0,"master_deck":["hermit:Strike_Hermit","hermit:Strike_Hermit","hermit:Strike_Hermit","hermit:Strike_Hermit","hermit:Defend_Hermit","hermit:Defend_Hermit","hermit:Defend_Hermit","hermit:Defend_Hermit","hermit:Snapshot","hermit:Covet+1","hermit:ItchyTrigger","hermit:Deadeye","hermit:CursedWeapon","hermit:Grudge","hermit:Virtue","hermit:FlashPowder","hermit:Manifest","hermit:LowProfile","Parasite","hermit:LowProfile","hermit:Desperado","hermit:OverwhelmingPower","hermit:CalledShot+1","hermit:Manifest+1","hermit:Desperado","hermit:WideOpen","hermit:Combo","hermit:Vantage","hermit:Feint","hermit:Determination"],"relics":["hermit:Momento","Smiling Mask","White Beast Statue","Darkstone Periapt","Honey Jar","Replay:WaspNest"],"acts_visited":["Exordium","TheCity"],"potions_floor_usage":[16,16,16,23,25],"damage_taken":[{"damage":0,"enemies":"Cultist","floor":1,"turns":4},{"damage":3,"enemies":"Small Slimes","floor":2,"turns":3},{"damage":1,"enemies":"infinitespire:Voidling","floor":3,"turns":3},{"damage":12,"enemies":"Looter","floor":4,"turns":3},{"damage":23,"enemies":"Gremlin Nob","floor":6,"turns":4},{"damage":11,"enemies":"Exordium Wildlife","floor":8,"turns":4},{"damage":4,"enemies":"3 Louse","floor":10,"turns":2},{"damage":2,"enemies":"Lots of Slimes","floor":13,"turns":4},{"damage":32,"enemies":"Replay:BlueRogue","floor":14,"turns":7},{"damage":18,"enemies":"Hexaghost","floor":16,"turns":11},{"damage":4,"enemies":"Chosen","floor":18,"turns":6},{"damage":11,"enemies":"Spheric Guardian","floor":20,"turns":4},{"damage":38,"enemies":"Replay:Snechameleon","floor":23,"turns":10},{"damage":22,"enemies":"Centurion and Healer","floor":25,"turns":8}],"seed_played":"-5232534157817953434","potions_obtained":[{"floor":2,"key":"Elixir"},{"floor":8,"key":"EssenceOfSteel"},{"floor":10,"key":"Strength Potion"},{"floor":13,"key":"Flashbang"},{"floor":14,"key":"CultistPotion"},{"floor":16,"key":"AttackPotion"},{"floor":18,"key":"AttackPotion"},{"floor":20,"key":"Flashbang"},{"floor":23,"key":"hermit:BlackBile"}],"is_trial":false,"path_per_floor":["M","M","M","M","$","E","?","M","T","M","R","?","M","E","R","B",null,"M","?","M","?","$","E","$","M"],"character_chosen":"HERMIT","items_purchased":["hermit:Virtue","hermit:Desperado","hermit:WideOpen","hermit:Combo","hermit:Feint","hermit:Determination","Adrenaline Potion"],"campfire_rested":2,"item_purchase_floors":[5,22,22,22,24,24,24],"current_hp_per_floor":[75,72,71,59,59,36,36,25,25,21,43,61,59,27,49,31,75,71,71,60,60,60,22,22,0,0],"gold":39,"neow_bonus":"UPGRADE_CARD","is_daily":false,"chose_seed":false,"campfire_upgraded":0,"win_rate":0.0,"timestamp":1613072914,"path_taken":["M","M","M","M","?","E","?","?","T","M","R","?","M","E","R","BOSS","M","?","M","?","$","E","$","M"],"items_purchased_type":["Card","Card","Card","Card","Card","Card","Potion"],"build_version":"2020-12-22","purchased_purges":0,"victory":false,"max_hp_per_floor":[75,75,75,75,75,75,75,75,75,75,75,75,75,75,75,75,75,75,75,75,75,75,75,75,75,75],"card_choices":[{"not_picked":["hermit:Gestalt","hermit:HighCaliber"],"picked":"hermit:ItchyTrigger","floor":1},{"not_picked":["hermit:HighCaliber","hermit:Misfire"],"picked":"hermit:Deadeye","floor":2},{"not_picked":["hermit:SprayPray","hermit:HoleUp"],"picked":"hermit:CursedWeapon","floor":3},{"not_picked":["hermit:PistolWhip","hermit:Gestalt"],"picked":"hermit:Grudge","floor":4},{"not_picked":["hermit:CursedWeapon","hermit:OverwhelmingPower"],"picked":"hermit:FlashPowder","floor":6},{"not_picked":["hermit:PistolWhip","hermit:Glare"],"picked":"hermit:Manifest","floor":8},{"not_picked":["hermit:HighCaliber","hermit:ItchyTrigger"],"picked":"hermit:LowProfile","floor":10},{"not_picked":["hermit:Horror","hermit:Scavenge"],"picked":"hermit:LowProfile","floor":13},{"not_picked":["hermit:Horror","hermit:Ricochet"],"picked":"hermit:Desperado","floor":14},{"not_picked":["hermit:Dissolve","hermit:HeroicBravado"],"picked":"hermit:OverwhelmingPower","floor":16},{"not_picked":["hermit:LoneWolf","hermit:Coalescence+1","hermit:SprayPray"],"picked":"hermit:CalledShot","floor":18},{"not_picked":["hermit:NoHoldsBarred","hermit:Roulette","hermit:ItchyTrigger"],"picked":"hermit:Manifest+1","floor":20},{"not_picked":["hermit:Virtue+1","hermit:HeroicBravado","hermit:Glare"],"picked":"hermit:Vantage","floor":23}],"player_experience":145646,"relics_obtained":[{"floor":6,"key":"Smiling Mask"},{"floor":9,"key":"White Beast Statue"},{"floor":14,"key":"Darkstone Periapt"},{"floor":23,"key":"Replay:WaspNest"}],"event_choices":[{"damage_healed":0,"gold_gain":1,"player_choice":"1","damage_taken":0,"max_hp_gain":0,"max_hp_loss":0,"event_name":"betterStone:BetterStone","floor":7,"gold_loss":0},{"damage_healed":18,"gold_gain":0,"player_choice":"Healed and dodged fight","damage_taken":0,"max_hp_gain":0,"max_hp_loss":0,"event_name":"Mushrooms","floor":12,"gold_loss":0,"cards_obtained":["Parasite"]},{"damage_healed":0,"gold_gain":0,"player_choice":"Upgraded","damage_taken":0,"max_hp_gain":0,"max_hp_loss":0,"event_name":"Upgrade Shrine","floor":19,"gold_loss":0,"cards_upgraded":["hermit:CalledShot"]},{"damage_healed":0,"gold_gain":0,"player_choice":"Ignored","damage_taken":0,"max_hp_gain":0,"max_hp_loss":0,"event_name":"Fountain of Cleansing","floor":21,"gold_loss":0}],"is_beta":false,"boss_relics":[{"not_picked":["Empty Cage","infinitespire:Cupcake"],"picked":"Honey Jar"}],"items_purged_floors":[],"is_endless":false,"potions_floor_spawned":[2,8,10,13,14,16,18,20,23],"killed_by":"Centurion and Healer","ascension_level":0}}