{"host":"pdq28s6637cpsst2","time":1613070989,"event":{"mods":["BaseMod","Colored Map","Highlight Path","Minty Spire (QoL Compilation)","Permanent Neow","Quick Restart"],"gold_per_floor":[118,133,83,183,201,230,230,261,261,64,64,64,64,139,139,243,243,243,158,158,158,58,58,58,58,58,58,58,58,58,58,58,58,58,58,58,58,58,58,58,58,58,58,58,58,58],"floor_reached":45,"language":"ENG","playtime":4175,"items_purged":["Strike_G","Parasite"],"score":671,"play_id":"059252a8-6078-4653-afe6-38f25895d77c","local_time":"20210211141629","is_ascension_mode":true,"campfire_choices":[{"floor":7.0,"key":"REST"},{"data":"Neutralize","floor":12.0,"key":"SMITH"},{"floor":15.0,"key":"REST"},{"floor":23.0,"key":"REST"},{"data":"Blade Dance","floor":25.0,"key":"SMITH"},{"floor":28.0,"key":"REST"},{"floor":30.0,"key":"REST"},{"data":"Backflip","floor":32.0,"key":"SMITH"},{"floor":40.0,"key":"REST"}],"circlet_count":0,"master_deck":["Strike_G","Strike_G","Strike_G","Defend_G","Defend_G","Defend_G","Defend_G","Defend_G","Survivor","Neutralize+1","Dramatic Entrance","Acrobatics","Backflip+1","Backflip","Infinite Blades+1","Dagger Spray","Accuracy+1","Acrobatics","Die Die Die+1","Blade Dance+1","Blade Dance","Infinite Blades+1","Corpse Explosion","Crippling Poison","Tactician+1","Tactician+1"],"relics":["Ring of the Snake","Frozen Egg 2","Darkstone Periapt","Molten Egg 2","Ectoplasm","Pear","Enchiridion","Oddly Smooth Stone","Dream Catcher","Omamori","Cursed Key","Ninja Scroll","Centennial Puzzle"],"acts_visited":["Exordium","TheCity","TheBeyond"],"potions_floor_usage":[45],"damage_taken":[{"damage":0.0,"enemies":"2 Louse","floor":1.0,"turns":2.0},{"damage":1.0,"enemies":"Jaw Worm","floor":2.0,"turns":5.0},{"damage":0.0,"enemies":"Cultist","floor":5.0,"turns":4.0},{"damage":58.0,"enemies":"3 Sentries","floor":6.0,"turns":27.0},{"damage":33.0,"enemies":"Gremlin Nob","floor":8.0,"turns":5.0},{"damage":12.0,"enemies":"Slime Boss","floor":16.0,"turns":10.0},{"damage":29.0,"enemies":"Chosen","floor":18.0,"turns":5.0},{"damage":21.0,"enemies":"Shell Parasite","floor":21.0,"turns":5.0},{"damage":20.0,"enemies":"Gremlin Leader","floor":24.0,"turns":3.0},{"damage":22.0,"enemies":"Snake Plant","floor":27.0,"turns":4.0},{"damage":7.0,"enemies":"Book of Stabbing","floor":29.0,"turns":5.0},{"damage":0.0,"enemies":"Gremlin Leader","floor":31.0,"turns":3.0},{"damage":13.0,"enemies":"Automaton","floor":33.0,"turns":6.0},{"damage":12.0,"enemies":"3 Darklings","floor":35.0,"turns":3.0},{"damage":13.0,"enemies":"3 Shapes","floor":36.0,"turns":2.0},{"damage":28.0,"enemies":"Writhing Mass","floor":38.0,"turns":6.0},{"damage":27.0,"enemies":"Jaw Worm Horde","floor":39.0,"turns":3.0},{"damage":21.0,"enemies":"4 Shapes","floor":41.0,"turns":4.0},{"damage":5.0,"enemies":"Writhing Mass","floor":42.0,"turns":10.0},{"damage":0.0,"enemies":"Reptomancer","floor":44.0,"turns":6.0},{"damage":18,"enemies":"Spire Growth","floor":45,"turns":2}],"seed_played":"2562636898370149684","potions_obtained":[{"floor":1.0,"key":"Regen Potion"},{"floor":2.0,"key":"GamblersBrew"},{"floor":8.0,"key":"FearPotion"},{"floor":18.0,"key":"LiquidMemories"},{"floor":21.0,"key":"FearPotion"},{"floor":33.0,"key":"Dexterity Potion"},{"floor":38.0,"key":"LiquidBronze"},{"floor":39.0,"key":"ColorlessPotion"},{"floor":44.0,"key":"SpeedPotion"}],"is_trial":false,"path_per_floor":["M","M","?","?","M","E","R","E","T","$","?","R","?","?","R","B",null,"M","?","?","M","$","R","E","R","T","M","R","E","R","E","R","B",null,"M","M","?","M","M","R","M","M","T","E","M"],"character_chosen":"THE_SILENT","items_purchased":["Accuracy+1","Acrobatics"],"campfire_rested":6,"item_purchase_floors":[10,10],"current_hp_per_floor":[70,69,69,69,69,26,47,14,14,14,14,14,37,26,48,36,76,47,57,41,20,20,44,24,24,24,2,26,19,43,43,43,30,83,71,58,58,30,3,27,6,1,1,1,0,0],"gold":58,"neow_bonus":"RANDOM_COLORLESS","is_daily":false,"chose_seed":false,"campfire_upgraded":3,"win_rate":0.0,"timestamp":1613070989,"path_taken":["M","M","?","?","?","E","R","E","T","$","?","R","?","?","R","BOSS","M","?","?","M","$","R","E","R","T","M","R","E","R","E","R","BOSS","M","M","?","?","M","R","M","M","T","E","?"],"items_purchased_type":["Card","Card"],"build_version":"2020-12-22","purchased_purges":2,"victory":false,"max_hp_per_floor":[70,70,70,70,70,70,70,70,70,70,70,70,76,76,76,76,76,76,86,86,86,83,83,83,83,83,83,83,83,83,83,83,83,83,83,83,83,83,83,83,83,83,83,83,83,83],"card_choices":[{"not_picked":["Forethought","PanicButton"],"picked":"Dramatic Entrance","floor":0.0},{"not_picked":["Backstab","Cloak And Dagger"],"picked":"Acrobatics","floor":1.0},{"not_picked":["Blur","Footwork"],"picked":"Backflip","floor":2.0},{"not_picked":["Crippling Poison","Dagger Spray"],"picked":"Backflip","floor":5.0},{"not_picked":["Prepared","Endless Agony"],"picked":"Infinite Blades+1","floor":6.0},{"not_picked":["Deadly Poison","Glass Knife"],"picked":"Dagger Spray","floor":8.0},{"not_picked":["Glass Knife+1","A Thousand Cuts+1"],"picked":"Die Die Die+1","floor":16.0},{"not_picked":["Backflip+1","PiercingWail"],"picked":"Blade Dance","floor":18.0},{"not_picked":["Prepared","Riddle With Holes+1","Noxious Fumes+1"],"picked":"SKIP","floor":21.0},{"not_picked":["Flying Knee+1","Masterful Stab+1","Bane+1"],"picked":"SKIP","floor":24.0},{"not_picked":["Riddle With Holes+1","Deflect","Dagger Spray+1"],"picked":"SKIP","floor":27.0},{"not_picked":["Backflip","Flying Knee+1","Dodge and Roll"],"picked":"SKIP","floor":29.0},{"not_picked":["Tools of the Trade+1","PiercingWail"],"picked":"Blade Dance","floor":30.0},{"not_picked":["Backflip","Quick Slash+1"],"picked":"Infinite Blades+1","floor":31.0},{"not_picked":["Venomology","Bullet Time"],"picked":"Corpse Explosion","floor":33.0},{"not_picked":["Choke+1","Riddle With Holes+1"],"picked":"Crippling Poison","floor":35.0},{"not_picked":["Infinite Blades+1","Escape Plan"],"picked":"Tactician+1","floor":36.0},{"not_picked":["Dash+1","Sucker Punch+1","Slice+1"],"picked":"SKIP","floor":38.0},{"not_picked":["Backflip+1","Eviscerate+1","Deadly Poison"],"picked":"SKIP","floor":39.0},{"not_picked":["Sucker Punch+1","Noxious Fumes+1","Blade Dance+1"],"picked":"SKIP","floor":41.0},{"not_picked":["Infinite Blades+1","Cloak And Dagger+1","PiercingWail"],"picked":"SKIP","floor":42.0},{"not_picked":["Prepared","Flechettes+1","Flying Knee+1"],"picked":"SKIP","floor":44.0}],"player_experience":133800,"relics_obtained":[{"floor":6.0,"key":"Frozen Egg 2"},{"floor":8.0,"key":"Darkstone Periapt"},{"floor":9.0,"key":"Molten Egg 2"},{"floor":20.0,"key":"Enchiridion"},{"floor":24.0,"key":"Oddly Smooth Stone"},{"floor":29.0,"key":"Dream Catcher"},{"floor":31.0,"key":"Omamori"},{"floor":43.0,"key":"Ninja Scroll"},{"floor":44.0,"key":"Centennial Puzzle"}],"event_choices":[{"cards_removed":["Strike_G"],"damage_healed":0.0,"max_hp_gain":0.0,"max_hp_loss":0.0,"gold_gain":0.0,"event_name":"The Cleric","player_choice":"Card Removal","floor":3.0,"gold_loss":50.0,"damage_taken":0.0},{"damage_healed":0.0,"max_hp_gain":0.0,"max_hp_loss":0.0,"gold_gain":100.0,"event_name":"Golden Shrine","player_choice":"Pray","floor":4.0,"gold_loss":0.0,"damage_taken":0.0},{"damage_healed":0.0,"max_hp_gain":0.0,"max_hp_loss":0.0,"gold_gain":0.0,"event_name":"Liars Game","player_choice":"Ignored","floor":11.0,"gold_loss":0.0,"damage_taken":0.0},{"damage_healed":17.0,"max_hp_gain":0.0,"max_hp_loss":0.0,"gold_gain":0.0,"event_name":"Mushrooms","player_choice":"Healed and dodged fight","floor":13.0,"gold_loss":0.0,"damage_taken":0.0,"cards_obtained":["Parasite"]},{"damage_healed":0.0,"max_hp_gain":0.0,"max_hp_loss":0.0,"gold_gain":75.0,"event_name":"World of Goop","player_choice":"Gather Gold","floor":14.0,"gold_loss":0.0,"damage_taken":11.0},{"damage_healed":0.0,"max_hp_gain":0.0,"max_hp_loss":0.0,"gold_gain":0.0,"event_name":"Addict","player_choice":"Obtained Relic","floor":19.0,"gold_loss":85.0,"damage_taken":0.0,"relics_obtained":["Pear"]},{"damage_healed":0.0,"max_hp_gain":0.0,"max_hp_loss":0.0,"gold_gain":0.0,"event_name":"Cursed Tome","player_choice":"Obtained Book","floor":20.0,"gold_loss":0.0,"damage_taken":16.0},{"damage_healed":0.0,"max_hp_gain":0.0,"max_hp_loss":0.0,"gold_gain":0.0,"event_name":"Duplicator","player_choice":"Copied","floor":37.0,"gold_loss":0.0,"damage_taken":0.0,"cards_obtained":["Tactician"]}],"is_beta":false,"boss_relics":[{"not_picked":["Runic Dome","Empty Cage"],"picked":"Ectoplasm"},{"not_picked":["Astrolabe","HoveringKite"],"picked":"Cursed Key"}],"items_purged_floors":[10,22],"is_endless":false,"potions_floor_spawned":[1,2,8,18,21,33,38,39,44],"killed_by":"Spire Growth","ascension_level":4}}