{"host":"4par9lyhj7bf4dsa","time":1613004311,"event":{"mods":["AchievementEnabler","BaseMod","Colored Map","Minty Spire (QoL Compilation)","Relic Stats","StSLib"],"gold_per_floor":[117,128,138,53,68,68,95,95,95,95,109,142,159,172,172,275,275,288,288,213,213,225,225,258,258,258,293,116,36,46,46,46,46,46],"floor_reached":33,"language":"ENG","playtime":1630,"items_purged":["Perfected Strike","Strike_R"],"score":464,"play_id":"dc03e0a9-ac4d-4760-b083-9531f966a3d5","local_time":"20210211114511","is_ascension_mode":true,"campfire_choices":[{"data":"Combust","floor":6,"key":"SMITH"},{"data":"Bash","floor":8,"key":"SMITH"},{"data":"Battle Trance","floor":10,"key":"SMITH"},{"data":"1","floor":15,"key":"LIFT"},{"data":"RitualDagger","floor":23,"key":"SMITH"},{"data":"2","floor":25,"key":"LIFT"},{"data":"True Grit","floor":32,"key":"SMITH"}],"circlet_count":0,"master_deck":["Strike_R","Strike_R","Strike_R","Defend_R","Defend_R","Defend_R","Defend_R","Bash+1","Anger","Combust+1","Cleave","Battle Trance+1","True Grit+1","Bloodletting","Second Wind","Demon Form","RitualDagger+1","True Grit+1","Limit Break","Pummel","Dark Embrace","Writhe"],"relics":["Burning Blood","TungstenRod","Dead Branch","Incense Burner","Girya","Cursed Key","The Courier","Gremlin Horn","Eternal Feather"],"acts_visited":["Exordium","TheCity"],"potions_floor_usage":[7,22,27],"damage_taken":[{"damage":4,"enemies":"Cultist","floor":1,"turns":4},{"damage":2,"enemies":"Jaw Worm","floor":2,"turns":3},{"damage":9,"enemies":"Small Slimes","floor":3,"turns":4},{"damage":13,"enemies":"3 Louse","floor":5,"turns":3},{"damage":4,"enemies":"3 Sentries","floor":7,"turns":3},{"damage":7,"enemies":"Blue Slaver","floor":11,"turns":3},{"damage":14,"enemies":"Lagavulin","floor":12,"turns":4},{"damage":6,"enemies":"Large Slime","floor":13,"turns":5},{"damage":0,"enemies":"Looter","floor":14,"turns":4},{"damage":25,"enemies":"The Guardian","floor":16,"turns":15},{"damage":17,"enemies":"Spheric Guardian","floor":18,"turns":6},{"damage":8,"enemies":"3 Byrds","floor":22,"turns":4},{"damage":0,"enemies":"Gremlin Leader","floor":24,"turns":6},{"damage":8,"enemies":"Slavers","floor":27,"turns":5},{"damage":10,"enemies":"Snake Plant","floor":30,"turns":5},{"damage":72,"enemies":"Automaton","floor":33,"turns":8}],"seed_played":"-246432398477725766","potions_obtained":[{"floor":2,"key":"Energy Potion"},{"floor":3,"key":"DistilledChaos"},{"floor":7,"key":"DuplicationPotion"},{"floor":11,"key":"ColorlessPotion"},{"floor":12,"key":"Block Potion"},{"floor":27,"key":"Dexterity Potion"},{"floor":30,"key":"FearPotion"}],"is_trial":false,"path_per_floor":["M","M","M","$","M","R","E","R","T","R","M","E","M","M","R","B",null,"M","?","?","?","M","R","E","R","T","E","$","$","M","?","R","B"],"character_chosen":"IRONCLAD","items_purchased":["Combust","Cleave","Pummel","Dark Embrace"],"campfire_rested":0,"item_purchase_floors":[4,4,28,28],"current_hp_per_floor":[72,72,69,69,62,62,64,64,64,64,63,55,55,61,61,42,65,54,49,49,49,47,47,53,53,53,51,51,51,47,47,59,0,0],"gold":46,"neow_bonus":"ONE_RARE_RELIC","is_daily":false,"chose_seed":false,"campfire_upgraded":5,"win_rate":0.0,"timestamp":1613004311,"path_taken":["M","M","M","$","M","R","E","R","T","R","M","E","?","M","R","BOSS","M","?","?","?","M","R","E","R","T","E","?","$","M","?","R","BOSS"],"items_purchased_type":["Card","Card","Card","Card"],"build_version":"2020-12-22","purchased_purges":2,"victory":false,"max_hp_per_floor":[72,72,72,72,72,72,72,72,72,72,72,72,72,72,72,72,72,72,72,72,72,72,72,72,72,72,72,72,72,72,72,72,72,72],"relic_stats":{"Gremlin Horn":[2,2],"counters":[16,82],"Dead Branch":[42],"Eternal Feather":12,"Cursed Key":0,"obtain_stats":[{"Girya":12,"Gremlin Horn":27,"Dead Branch":7,"Eternal Feather":31,"The Courier":24,"Incense Burner":9,"Cursed Key":17,"Burning Blood":0,"TungstenRod":0},{"Girya":7,"Gremlin Horn":14,"Dead Branch":5,"Eternal Feather":15,"The Courier":13,"Incense Burner":5,"Cursed Key":10,"Burning Blood":0,"TungstenRod":0},{"Girya":24,"Gremlin Horn":69,"Dead Branch":17,"Eternal Feather":74,"The Courier":64,"Incense Burner":17,"Cursed Key":48,"Burning Blood":0,"TungstenRod":0}],"Burning Blood":84,"TungstenRod":99},"card_choices":[{"not_picked":["Blood for Blood","Thunderclap"],"picked":"Perfected Strike","floor":1},{"not_picked":["Perfected Strike","Flex"],"picked":"Anger","floor":2},{"not_picked":["Warcry","True Grit","Dual Wield"],"picked":"SKIP","floor":3},{"not_picked":["Cleave","Armaments"],"picked":"Battle Trance","floor":5},{"not_picked":["Havoc","Twin Strike","Sentinel"],"picked":"SKIP","floor":7},{"not_picked":["Feel No Pain","Armaments"],"picked":"True Grit","floor":11},{"not_picked":["Heavy Blade","Exhume","Whirlwind"],"picked":"SKIP","floor":12},{"not_picked":["True Grit","Headbutt"],"picked":"Bloodletting","floor":13},{"not_picked":["Thunderclap","Sword Boomerang"],"picked":"Second Wind","floor":14},{"not_picked":["Berserk","Exhume"],"picked":"Demon Form","floor":16},{"not_picked":["Headbutt","Heavy Blade","Sword Boomerang"],"picked":"SKIP","floor":18},{"not_picked":["Sword Boomerang","Twin Strike+1"],"picked":"True Grit+1","floor":22},{"not_picked":["Clash","Fiend Fire"],"picked":"Limit Break","floor":24},{"not_picked":["True Grit","Dropkick","Infernal Blade"],"picked":"SKIP","floor":27},{"not_picked":["Perfected Strike+1","Bloodletting+1","Rampage+1"],"picked":"SKIP","floor":30}],"player_experience":1028269,"relics_obtained":[{"floor":7,"key":"Dead Branch"},{"floor":9,"key":"Incense Burner"},{"floor":12,"key":"Girya"},{"floor":24,"key":"The Courier"},{"floor":27,"key":"Gremlin Horn"}],"event_choices":[{"damage_healed":0,"gold_gain":0,"player_choice":"Joined the Cult","damage_taken":6,"max_hp_gain":0,"max_hp_loss":0,"event_name":"Nest","floor":19,"gold_loss":0,"cards_obtained":["RitualDagger"]},{"cards_removed":["Strike_R"],"damage_healed":0,"gold_gain":0,"player_choice":"Gave Gold","damage_taken":0,"max_hp_gain":0,"max_hp_loss":0,"event_name":"Beggar","floor":20,"gold_loss":75},{"damage_healed":0,"gold_gain":0,"player_choice":"Ignored","damage_taken":0,"max_hp_gain":0,"max_hp_loss":0,"event_name":"Vampires","floor":21,"gold_loss":0},{"damage_healed":0,"gold_gain":0,"player_choice":"Opened","damage_taken":0,"relics_obtained":["Eternal Feather"],"max_hp_gain":0,"max_hp_loss":0,"event_name":"The Mausoleum","floor":31,"gold_loss":0,"cards_obtained":["Writhe"]}],"is_beta":false,"boss_relics":[{"not_picked":["SlaversCollar","Empty Cage"],"picked":"Cursed Key"}],"items_purged_floors":[28,29],"is_endless":false,"potions_floor_spawned":[2,3,7,11,12,27,30],"killed_by":"Automaton","ascension_level":9}}