{"host":"cd8sh5n6ebstnq0m","time":1613077207,"event":{"mods":["BaseMod","BetterRewards","Colored Map","Dota2Spire","Downfall","Ekko","Friendly Minions","Glutton Mod","Gold Saver","GungeonMod","Hubris","Infinite Spire","Jedi Mod","Kratos Character Expansion","Magitek Elite","Marisa????????","Minty Spire (QoL Compilation)","Random Character Button","Rare Cards Sparkle","Relic Stats","Replay The Spire","Shade Mod","Spicy Shops","StSLib","The Animator","The Blackbeard","The Bug Knight","The Disciple","The Forsaken","The Gatherer","The Kombatant","The Mystic","The Necromancer","The Runesmith","The Saiyan","TheVacant","Uncapped"],"gold_per_floor":[22941,22953,22972,22984,22984,22984,23064,23080,23107,23119,23154,23154,22954,22477,22497,22596,22596,22596,22616,22626,22626,21183,21183,21206,21220,21220,21236,21255,21289,21289,21321,21332,21428,21428,21328,21345,21345,21360,21377,21391,21391,21391,21391,21441,21468,21481,21499,21530,21542,21542,21542,21573,20606,20606,20606,20606],"floor_reached":57,"language":"ENG","playtime":4152,"items_purged":["hexamod:Strike","hexamod:Defend","hexamod:Defend"],"score":1640,"play_id":"606fd9a9-9f5a-40ea-9d37-f2dd3382fc54","local_time":"20210211220007","is_ascension_mode":true,"campfire_choices":[{"floor":1,"key":"RECALL"},{"floor":13,"key":"REST"},{"data":"hexamod:ForkedFlame","floor":18,"key":"SMITH"},{"data":"hexamod:ThermalTransfer","floor":35,"key":"SMITH"},{"floor":43,"key":"REST"},{"data":"Replay:SS_forest_2","floor":54,"key":"SMITH"}],"circlet_count":0,"master_deck":["hexamod:Strike","hexamod:Strike","hexamod:Strike+1","hexamod:Defend+1","hexamod:Defend","hexamod:Sear","hexamod:Float","hexamod:EmpoweredFlame","hexamod:HauntingEcho","hexamod:ForkedFlame+1","hexamod:ThermalTransfer+1","hexamod:HauntingEcho","hexamod:UnlimitedPower+1","hexamod:EmpoweredFlame+1","hexamod:SpectersWail","hexamod:HexaLevel+1","hexamod:FastForward","hexamod:FirstSeal","hexamod:Firestarter+1","hexamod:Toasty+1","expansioncontent:DashGenerateEvil+1","hexamod:EmpoweredFlame+1","hexamod:HeatCrush","hexamod:StepThrough+1","hexamod:NecessarySacrifice+1","hexamod:ApocalypticArmor+1","hexamod:FlamesFromBeyond+1","Replay:SS_forest_2+1","hexamod:GhostLash+1","hexamod:ThirdSeal"],"relics":["Golden_Hairpin","KratosMod:chalice","DemoMod:WaxWing","DemoMod:BlueGuonStone","hubris:TinFlute","Golden Egg","downfall:HeartBlessingRed","downfall:HeartBlessingGreen","Mythril_Glove","Lantern","Dota2Spire:BattleFury","Dota2Spire:RefresherOrb","jedi:kaleidoscope","Anchor","ClockworkSouvenir","jedi:angrymask","Black Star","Runesmith:Locket","hubris:MysteriousPyramids","expansioncontent:StudyCardRelic","downfall:HeartBlessingBlue","Gremlin Food","theForsaken:Kindling","DemoMod:WhiteGuonStone","hubris:BottledRain","FossilizedHelix","DemoMod:DecoyRelic","Pet Ghost","Iron Hammer","jedi:fakemustache","Dota2Spire:Desolator","ReplayTheSpireMod:Shallot","hexamod:JarOfFuel"],"acts_visited":[],"potions_floor_usage":[14,15,19,27,32,36,36,45,50,55,56,56],"damage_taken":[{"damage":6,"enemies":"Jaw Worm","floor":2,"turns":4},{"damage":3,"enemies":"Small Slimes","floor":3,"turns":3},{"damage":3,"enemies":"2 Louse","floor":4,"turns":4},{"damage":3,"enemies":"2 Fungi Beasts","floor":8,"turns":3},{"damage":3,"enemies":"Gremlin Nob","floor":9,"turns":3},{"damage":3,"enemies":"Red Slaver","floor":10,"turns":3},{"damage":4,"enemies":"Replay:BlueRogue","floor":11,"turns":4},{"damage":4,"enemies":"downfall:FleeingMerchant","floor":14,"turns":4},{"damage":1,"enemies":"3 Louse","floor":15,"turns":1},{"damage":4,"enemies":"WA_ARCHETYPE_RETAIN","floor":16,"turns":4},{"damage":3,"enemies":"Shell Parasite","floor":19,"turns":3},{"damage":3,"enemies":"Snake Plant","floor":20,"turns":3},{"damage":4,"enemies":"downfall:FleeingMerchant","floor":22,"turns":4},{"damage":3,"enemies":"3 Cultists","floor":25,"turns":3},{"damage":2,"enemies":"Shelled Parasite and Fungi","floor":27,"turns":2},{"damage":2,"enemies":"Centurion and Healer","floor":28,"turns":2},{"damage":3,"enemies":"Gremlin Leader","floor":29,"turns":3},{"damage":2,"enemies":"Replay:Snechameleon","floor":31,"turns":3},{"damage":2,"enemies":"Snake Plant","floor":32,"turns":2},{"damage":5,"enemies":"SI_MIRROR_ARCHETYPE","floor":33,"turns":5},{"damage":2,"enemies":"3 Darklings","floor":36,"turns":2},{"damage":6,"enemies":"3 Shapes","floor":38,"turns":2},{"damage":5,"enemies":"Maw","floor":39,"turns":5},{"damage":3,"enemies":"Spire Growth","floor":40,"turns":3},{"damage":4,"enemies":"Spire Growth","floor":44,"turns":4},{"damage":1,"enemies":"Reptomancer","floor":45,"turns":3},{"damage":4,"enemies":"HollowMod:SlobberingHusk","floor":46,"turns":4},{"damage":2,"enemies":"Jaw Worm Horde","floor":47,"turns":2},{"damage":3,"enemies":"Nemesis","floor":48,"turns":3},{"damage":0,"enemies":"Sphere and 2 Shapes","floor":49,"turns":1},{"damage":48,"enemies":"DF_ARCHETYPE_ORBS","floor":50,"turns":6},{"damage":12,"enemies":"downfall:CharBossMerchant","floor":52,"turns":5},{"damage":32,"enemies":"downfall:NeowBoss","floor":55,"turns":11},{"damage":22,"enemies":"downfall:NeowBossFinal","floor":56,"turns":8}],"seed_played":"5146362672686906581","potions_obtained":[{"floor":9,"key":"Energy Potion"},{"floor":10,"key":"SpeedPotion"},{"floor":11,"key":"Dota2Spire:HealingSalve"},{"floor":15,"key":"Reflective Coating"},{"floor":16,"key":"SkillPotion"},{"floor":20,"key":"Adrenaline Potion"},{"floor":25,"key":"Swift Potion"},{"floor":29,"key":"Adrenaline Potion"},{"floor":31,"key":"BlessingOfTheForge"},{"floor":33,"key":"Weak Potion"},{"floor":38,"key":"LifebloodPotion"},{"floor":44,"key":"Fire Potion"},{"floor":49,"key":"Toxic Potion"}],"is_trial":false,"path_per_floor":["R_BF","M","M","M","?","?","T","M","E","M","E","?","R","$","M","B",null,"R","M","M","?","$","?","T","M","?","M","M","E","AVR","E","M","B",null,"R","M","?","M","M","M","T","?","R","?","E","M","M","E","M","B",null,"E","$","R","B","B",null],"character_chosen":"THE_SPIRIT","items_purchased":["Mythril_Glove","Lantern","Dota2Spire:BattleFury","jedi:kaleidoscope","Anchor","ClockworkSouvenir","hexamod:Toasty","expansioncontent:DashGenerateEvil","jedi:fakemustache","Dota2Spire:Desolator","ReplayTheSpireMod:Shallot","hexamod:JarOfFuel","hexamod:EctoCoolerPotion"],"campfire_rested":2,"item_purchase_floors":[14,14,14,22,22,22,22,22,53,53,53,53,53],"current_hp_per_floor":[70,64,61,58,58,58,58,55,52,49,45,45,66,70,69,65,70,70,67,64,64,67,67,67,70,70,68,70,67,67,65,63,65,70,80,78,78,72,74,71,71,71,80,80,80,76,74,71,71,30,80,68,80,80,55,40],"gold":20606,"neow_bonus":"BOSS_RELIC","is_daily":false,"chose_seed":false,"campfire_upgraded":3,"win_rate":0.0,"timestamp":1613077207,"path_taken":["R_BF","M","M","M","?","?","T","M","E","M","E","?","R","$","M","BOSS","R","M","M","?","$","?","T","M","?","M","M","E","AVR","E","M","BOSS","R","M","?","M","M","M","T","?","R","?","E","M","M","E","M","BOSS","E","$","R","BOSS","BOSS"],"items_purchased_type":["Relic","Relic","Relic","Relic","Relic","Relic","Card","Card","Relic","Relic","Relic","Relic","Potion"],"build_version":"2020-12-22","purchased_purges":3,"victory":true,"max_hp_per_floor":[70,70,70,70,70,70,70,70,70,70,70,70,70,70,70,70,70,70,70,70,70,70,70,70,70,70,70,70,70,70,70,70,70,70,80,80,80,80,80,80,80,80,80,80,80,80,80,80,80,80,80,80,80,80,80,80],"relic_stats":{"counters":[34,121],"Black Star":4,"obtain_stats":[{"hexamod:JarOfFuel":53,"Golden Egg":11,"jedi:angrymask":29,"DemoMod:BlueGuonStone":7,"Lantern":14,"Runesmith:Locket":31,"downfall:HeartBlessingGreen":13,"DemoMod:GlassGuonStoneRelic":4,"Dota2Spire:RefresherOrb":17,"expansioncontent:StudyCardRelic":34,"Mythril_Glove":14,"hubris:MysteriousPyramids":31,"DemoMod:WhiteGuonStone":45,"Pet Ghost":52,"ClockworkSouvenir":22,"downfall:HeartBlessingBlue":35,"theForsaken:Kindling":44,"Iron Hammer":52,"hexamod:SpiritBrand":0,"hubris:TinFlute":9,"Gremlin Food":41,"KratosMod:chalice":6,"downfall:HeartBlessingRed":13,"Dota2Spire:BattleFury":14,"jedi:fakemustache":53,"Golden_Hairpin":0,"Anchor":22,"jedi:kaleidoscope":22,"ReplayTheSpireMod:Shallot":53,"DemoMod:DecoyRelic":48,"Black Star":30,"DemoMod:WaxWing":6,"FossilizedHelix":48,"hubris:BottledRain":45,"Dota2Spire:Desolator":53},{"hexamod:JarOfFuel":32,"Golden Egg":7,"jedi:angrymask":17,"DemoMod:BlueGuonStone":3,"Lantern":8,"Runesmith:Locket":18,"downfall:HeartBlessingGreen":7,"DemoMod:GlassGuonStoneRelic":3,"Dota2Spire:RefresherOrb":10,"expansioncontent:StudyCardRelic":20,"Mythril_Glove":8,"hubris:MysteriousPyramids":18,"DemoMod:WhiteGuonStone":26,"Pet Ghost":32,"ClockworkSouvenir":13,"downfall:HeartBlessingBlue":20,"theForsaken:Kindling":25,"Iron Hammer":32,"hexamod:SpiritBrand":0,"hubris:TinFlute":5,"Gremlin Food":24,"KratosMod:chalice":3,"downfall:HeartBlessingRed":7,"Dota2Spire:BattleFury":8,"jedi:fakemustache":32,"Golden_Hairpin":0,"Anchor":13,"jedi:kaleidoscope":13,"ReplayTheSpireMod:Shallot":32,"DemoMod:DecoyRelic":29,"Black Star":17,"DemoMod:WaxWing":3,"FossilizedHelix":29,"hubris:BottledRain":26,"Dota2Spire:Desolator":32},{"hexamod:JarOfFuel":102,"Golden Egg":24,"jedi:angrymask":53,"DemoMod:BlueGuonStone":11,"Lantern":28,"Runesmith:Locket":56,"downfall:HeartBlessingGreen":24,"DemoMod:GlassGuonStoneRelic":11,"Dota2Spire:RefresherOrb":33,"expansioncontent:StudyCardRelic":63,"Mythril_Glove":28,"hubris:MysteriousPyramids":56,"DemoMod:WhiteGuonStone":81,"Pet Ghost":102,"ClockworkSouvenir":43,"downfall:HeartBlessingBlue":63,"theForsaken:Kindling":78,"Iron Hammer":102,"hexamod:SpiritBrand":0,"hubris:TinFlute":17,"Gremlin Food":74,"KratosMod:chalice":11,"downfall:HeartBlessingRed":24,"Dota2Spire:BattleFury":28,"jedi:fakemustache":102,"Golden_Hairpin":0,"Anchor":43,"jedi:kaleidoscope":43,"ReplayTheSpireMod:Shallot":102,"DemoMod:DecoyRelic":90,"Black Star":53,"DemoMod:WaxWing":11,"FossilizedHelix":90,"hubris:BottledRain":81,"Dota2Spire:Desolator":102}]},"card_choices":[{"not_picked":["hexamod:BurningTouch","hexamod:BacktrackSmack"],"picked":"hexamod:EmpoweredFlame","floor":2},{"not_picked":["hexamod:RetreatToShadows","hexamod:InspiringFlames"],"picked":"hexamod:ShieldOfDarkness","floor":3},{"not_picked":["hexamod:BurningTouch","hexamod:NecessarySacrifice"],"picked":"hexamod:HauntingEcho","floor":4},{"not_picked":["hexamod:Hexaguard","hexamod:SpectersWail"],"picked":"hexamod:ForkedFlame","floor":8},{"not_picked":["hexamod:SpectersWail","hexamod:HauntingEcho"],"picked":"hexamod:ThermalTransfer","floor":9},{"not_picked":["hexamod:AdvancingGuard","hexamod:ShieldOfDarkness"],"picked":"hexamod:HauntingEcho","floor":10},{"not_picked":["hexamod:FastForward","hexamod:SpectersWail"],"picked":"hexamod:UnlimitedPower","floor":11},{"not_picked":["hexamod:CatchUp","hexamod:SpectersWail"],"picked":"hexamod:EmpoweredFlame","floor":14},{"not_picked":["hexamod:PhantomFireball","hexamod:SkipABeat"],"picked":"hexamod:SpectersWail","floor":15},{"not_picked":["hexamod:GhostOfSpirePresent","hexamod:Toasty"],"picked":"hexamod:HexaLevel","floor":16},{"not_picked":["hexamod:ShieldOfDarkness","hexamod:CatchUp"],"picked":"hexamod:FastForward","floor":19},{"not_picked":["hexamod:Hexaguard","hexamod:AdvancingGuard"],"picked":"hexamod:FirstSeal","floor":20},{"not_picked":["hexamod:NightmareStrike","hexamod:BurningTouch"],"picked":"hexamod:Firestarter","floor":22},{"not_picked":["hexamod:ThermalTransfer","hexamod:GhostflameBarrier+1"],"picked":"hexamod:EmpoweredFlame+1","floor":25},{"not_picked":["hexamod:ShieldOfDarkness","hexamod:SpectersWail"],"picked":"hexamod:HeatCrush","floor":27},{"not_picked":["hexamod:FirstSeal","hexamod:SpectralAdrenaline"],"picked":"hexamod:StepThrough+1","floor":28},{"not_picked":["hexamod:PhantomCloak+1","hexamod:SpectersWail","hexamod:StepThrough"],"picked":"SKIP","floor":29},{"not_picked":["hexamod:ParanormalForm","hexamod:FastForward","hexamod:ShieldOfDarkness"],"picked":"SKIP","floor":31},{"not_picked":["hexamod:RetreatToShadows","hexamod:GhostLash+1"],"picked":"hexamod:NecessarySacrifice+1","floor":32},{"not_picked":["hexamod:HexaLevel","hexamod:ParanormalForm"],"picked":"hexamod:ApocalypticArmor","floor":33},{"not_picked":["hexamod:GhostflameBarrier","hexamod:RainOfEmbers+1"],"picked":"hexamod:FlamesFromBeyond+1","floor":36},{"not_picked":["expansioncontent:PrepareCrush","Replay:SS_hec_1"],"picked":"Replay:SS_forest_2","floor":37},{"not_picked":["hexamod:Rewind","hexamod:Again","hexamod:EmpoweredFlame"],"picked":"SKIP","floor":38},{"not_picked":["hexamod:ShieldOfDarkness","hexamod:Hexaguard+1","hexamod:FlamesFromBeyond"],"picked":"SKIP","floor":39},{"not_picked":["hexamod:HauntingEcho","hexamod:TurnItUp","hexamod:GhostLash+1"],"picked":"SKIP","floor":40},{"not_picked":["hexamod:GhostLash","hexamod:GhostShield","hexamod:Toasty"],"picked":"SKIP","floor":45},{"not_picked":["hexamod:SuperheatedStrike","hexamod:PowerFromBeyond"],"picked":"hexamod:GhostLash+1","floor":46},{"not_picked":["hexamod:SpectralSpark","hexamod:EmpoweredFlame","hexamod:HauntingEcho"],"picked":"SKIP","floor":47},{"not_picked":["hexamod:FlamesFromBeyond","hexamod:FastForward+1","hexamod:SpectersWail"],"picked":"SKIP","floor":48},{"not_picked":["hexamod:ShieldOfDarkness+1","hexamod:SuperheatedStrike+1"],"picked":"hexamod:ThirdSeal","floor":49},{"not_picked":["hexamod:Again+1","hexamod:GhostLash","hexamod:RadiantFlame+1"],"picked":"SKIP","floor":52}],"player_experience":463088,"relics_obtained":[{"floor":7,"key":"DemoMod:BlueGuonStone"},{"floor":9,"key":"hubris:TinFlute"},{"floor":11,"key":"Golden Egg"},{"floor":29,"key":"jedi:angrymask"},{"floor":31,"key":"Runesmith:Locket"},{"floor":31,"key":"hubris:MysteriousPyramids"},{"floor":41,"key":"Gremlin Food"},{"floor":44,"key":"theForsaken:Kindling"},{"floor":45,"key":"DemoMod:WhiteGuonStone"},{"floor":45,"key":"hubris:BottledRain"},{"floor":48,"key":"FossilizedHelix"},{"floor":48,"key":"DemoMod:DecoyRelic"},{"floor":52,"key":"Pet Ghost"},{"floor":52,"key":"Iron Hammer"}],"event_choices":[{"cards_removed":["hexamod:ShieldOfDarkness"],"damage_healed":0,"gold_gain":0,"player_choice":"Card Removal","damage_taken":0,"max_hp_gain":0,"max_hp_loss":0,"event_name":"Wheel of Change","floor":26,"gold_loss":0}],"is_beta":false,"boss_relics":[{"not_picked":["Tiny House","Replay:Bronze Core"],"picked":"Dota2Spire:RefresherOrb"},{"not_picked":["hubris:HollowSoul","Honey Jar"],"picked":"expansioncontent:StudyCardRelic"}],"items_purged_floors":[22,22,53],"is_endless":false,"potions_floor_spawned":[9,10,11,15,16,20,25,29,31,33,38,44,48,49],"ascension_level":2}}