{"host":"s24sb66hw4a4sfft","time":1613006540,"event":{"mods":["AchievementEnabler","BaseMod","Colored Map","Colored Powertips","Googly Eyes","Hermit","Hubris","Minty Spire (QoL Compilation)","Quick Restart","Shop Mod","StSLib"],"gold_per_floor":[113,113,63,338,125,125,159,170,170,201,220,220,220],"floor_reached":12,"language":"ENG","playtime":295,"items_purged":["Regret"],"score":189,"play_id":"b5643c38-1c74-4634-b8b2-4a417769d663","local_time":"20210210202220","is_ascension_mode":true,"campfire_choices":[{"data":"Mind Blast","floor":6,"key":"SMITH"}],"circlet_count":0,"master_deck":["AscendersBane","Strike_G","Strike_G","Strike_G","Strike_G","Defend_G","Defend_G","Defend_G","Defend_G","Defend_G","Survivor","Neutralize","Slice","Masterful Stab","Mind Blast+1","Prepared","Cloak And Dagger"],"relics":["Ring of the Snake","NeowsBlessing","hubris:Towel","Blood Vial","Letter Opener","Turnip"],"acts_visited":["Exordium"],"potions_floor_usage":[12],"damage_taken":[{"damage":0,"enemies":"Small Slimes","floor":1,"turns":1},{"damage":0,"enemies":"Lagavulin","floor":7,"turns":1},{"damage":0,"enemies":"Jaw Worm","floor":8,"turns":1},{"damage":28,"enemies":"3 Sentries","floor":10,"turns":10},{"damage":0,"enemies":"Cultist","floor":11,"turns":3},{"damage":13,"enemies":"Gremlin Nob","floor":12,"turns":4}],"seed_played":"-7068944365571303309","potions_obtained":[{"floor":7,"key":"SteroidPotion"},{"floor":8,"key":"GamblersBrew"}],"is_trial":false,"path_per_floor":["M","?","?","?","$","R","E","M","T","E","M","E"],"character_chosen":"THE_SILENT","items_purchased":["Masterful Stab","Mind Blast"],"campfire_rested":0,"item_purchase_floors":[5,5],"current_hp_per_floor":[59,59,59,59,59,59,59,61,61,35,37,26,26],"gold":220,"neow_bonus":"THREE_ENEMY_KILL","is_daily":false,"chose_seed":false,"campfire_upgraded":1,"win_rate":0.0,"timestamp":1613006540,"path_taken":["M","?","?","?","$","R","E","M","T","E","?","E"],"items_purchased_type":["Card","Card"],"build_version":"2020-12-22","purchased_purges":1,"victory":false,"max_hp_per_floor":[66,66,66,66,66,66,66,66,66,66,66,66,66],"card_choices":[{"not_picked":["Concentrate","Bane"],"picked":"Slice","floor":1},{"not_picked":["Expertise","Footwork"],"picked":"Prepared","floor":7},{"not_picked":["Calculated Gamble","Underhanded Strike"],"picked":"Cloak And Dagger","floor":8},{"not_picked":["Acrobatics","Dodge and Roll","Sucker Punch"],"picked":"SKIP","floor":10},{"not_picked":["All Out Attack","Bane","Leg Sweep"],"picked":"SKIP","floor":11}],"player_experience":607855,"relics_obtained":[{"floor":7,"key":"Blood Vial"},{"floor":9,"key":"Letter Opener"},{"floor":10,"key":"Turnip"}],"event_choices":[{"cards_removed":["Strike_G"],"damage_healed":0,"gold_gain":0,"player_choice":"Card Removal","damage_taken":0,"max_hp_gain":0,"max_hp_loss":0,"event_name":"The Cleric","floor":3,"gold_loss":50},{"damage_healed":0,"gold_gain":275,"player_choice":"Desecrate","damage_taken":0,"max_hp_gain":0,"max_hp_loss":0,"event_name":"Golden Shrine","floor":4,"gold_loss":0,"cards_obtained":["Regret"]}],"is_beta":false,"boss_relics":[],"items_purged_floors":[5],"is_endless":false,"potions_floor_spawned":[7,8],"killed_by":"Gremlin Nob","ascension_level":14}}