{"host":"r5cycnjhcbwgkpkf","time":1613071421,"event":{"mods":["2.2 Compatiblity","AchievementEnabler","BaseMod","Bestiary","Better Altar","Better Match","Better Note","Better Skull","Better Third Choice","BetterRewards","Colored Map","Colored Powertips","Infinite Spire","Minty Spire (QoL Compilation)","Reliquary","Replay The Spire","Spicy Shops","StSLib"],"gold_per_floor":[111,111,157,172,182,182,214,214,214,214,227,3,3,36,36,136,136,156,122,141,141,156,156,189,189,189,104,104,104,130,140,140,242,242,254,295,50,50,50,50,50,82,106,206,216,216,216,233,233,233],"floor_reached":51,"language":"ENG","playtime":2249,"items_purged":["Defend_P"],"score":1416,"play_id":"7cbd4d23-31f3-4c03-9301-252b2398cb75","local_time":"20210211112341","is_ascension_mode":true,"campfire_choices":[{"data":"Eruption","floor":6.0,"key":"SMITH"},{"data":"WindmillStrike","floor":8.0,"key":"SMITH"},{"data":"Vigilance","floor":10.0,"key":"SMITH"},{"data":"Perseverance","floor":15.0,"key":"SMITH"},{"data":"Replay:LoomingThreat","floor":23.0,"key":"SMITH"},{"data":"TalkToTheHand","floor":29.0,"key":"SMITH"},{"floor":32.0,"key":"REST"},{"data":"Vault","floor":41.0,"key":"SMITH"},{"data":"LikeWater","floor":47.0,"key":"SMITH"},{"data":"DeusExMachina","floor":49.0,"key":"SMITH"}],"circlet_count":0,"master_deck":["Eruption+1","Vigilance+1","CarveReality+1","Evaluate","Tantrum","WindmillStrike+1","EmptyBody","Perseverance+1","Replay:LoomingThreat+1","Consecrate+1","Indignation","EmptyFist","TalkToTheHand+1","ClearTheMind+1","DeusExMachina+1","LikeWater+1","FlyingSleeves","Vault+1","Wish+1","Replay:AtTheReady","Panacea"],"relics":["PureWater","reliquary:PartyBalloon","Eternal Feather","reliquary:PurpleTingedLeaf","Blood Vial","Omamori","Juzu Bracelet","Orichalcum","HandDrill","reliquary:Stiletto","Abe\u0027s Treasure","reliquary:QuartzCube","VioletLotus","infinitespire:WardingShard","Replay:Ringing Soul","infinitespire:Broken Mirror","Torii","Pandora\u0027s Box","Bottled Flame","Replay:Kaleidoscope","Smiling Mask","CaptainsWheel"],"acts_visited":["Exordium","TheCity","TheBeyond"],"potions_floor_usage":[50,50,50],"damage_taken":[{"damage":0.0,"enemies":"Small Slimes","floor":1.0,"turns":3.0},{"damage":0.0,"enemies":"Cultist","floor":4.0,"turns":1.0},{"damage":0.0,"enemies":"2 Louse","floor":5.0,"turns":2.0},{"damage":21.0,"enemies":"3 Sentries","floor":7.0,"turns":6.0},{"damage":16.0,"enemies":"Lots of Slimes","floor":11.0,"turns":3.0},{"damage":0.0,"enemies":"Lagavulin","floor":14.0,"turns":3.0},{"damage":1.0,"enemies":"The Guardian","floor":16.0,"turns":7.0},{"damage":8.0,"enemies":"Shell Parasite","floor":18.0,"turns":3.0},{"damage":21.0,"enemies":"2 Thieves","floor":20.0,"turns":3.0},{"damage":0.0,"enemies":"Sentry and Sphere","floor":22.0,"turns":3.0},{"damage":12.0,"enemies":"Slavers","floor":24.0,"turns":5.0},{"damage":31.0,"enemies":"Gremlin Leader","floor":30.0,"turns":5.0},{"damage":7.0,"enemies":"Shelled Parasite and Fungi","floor":31.0,"turns":2.0},{"damage":40.0,"enemies":"Collector","floor":33.0,"turns":7.0},{"damage":1.0,"enemies":"3 Shapes","floor":35.0,"turns":3.0},{"damage":1.0,"enemies":"Orb Walker","floor":36.0,"turns":4.0},{"damage":11.0,"enemies":"Giant Head","floor":42.0,"turns":7.0},{"damage":0.0,"enemies":"3 Darklings","floor":45.0,"turns":4.0},{"damage":1.0,"enemies":"Jaw Worm Horde","floor":48.0,"turns":4.0},{"damage":15,"enemies":"Donu and Deca","floor":50,"turns":5}],"seed_played":"-1764866068019403637","potions_obtained":[{"floor":1.0,"key":"Fire Potion"},{"floor":11.0,"key":"Dexterity Potion"},{"floor":14.0,"key":"Ancient Potion"},{"floor":16.0,"key":"PowerPotion"},{"floor":30.0,"key":"Flashbang"},{"floor":48.0,"key":"Adrenaline Potion"}],"is_trial":false,"path_per_floor":["M","?","T","M","M","R","E","R","T","R","M","$","?","E","R","B",null,"M","$","M","AVR","M","R","E","?","T","?","?","R","E","M","R","B",null,"M","M","$","?","?","?","R","E","T","?","M","AVR","R","M","R","B",null],"character_chosen":"WATCHER","items_purchased":["reliquary:PartyBalloon","Fruit Juice","CarveReality+1","Eternal Feather","Evaluate","reliquary:PurpleTingedLeaf","Orichalcum","HandDrill","Indignation","Bottled Flame"],"campfire_rested":1,"item_purchase_floors":[0,0,0,0,0,0,12,12,19,37],"current_hp_per_floor":[50,50,50,53,56,62,44,50,50,56,43,43,43,46,52,55,72,67,67,49,49,52,61,52,52,52,52,77,77,47,45,80,44,76,78,79,79,82,82,82,89,79,79,79,81,81,89,88,89,75],"gold":233,"neow_bonus":"","is_daily":false,"chose_seed":false,"campfire_upgraded":9,"win_rate":0.0,"timestamp":1613071421,"path_taken":["M","?","?","?","M","R","E","R","T","R","M","?","?","E","R","BOSS","M","?","M","AVR","M","R","E","?","T","?","?","R","E","M","R","BOSS","M","M","$","?","?","?","R","E","T","?","M","AVR","R","M","R","BOSS"],"items_purchased_type":["Relic","Potion","Card","Relic","Card","Relic","Relic","Relic","Card","Relic"],"build_version":"2020-12-22","purchased_purges":1,"victory":true,"max_hp_per_floor":[77,77,77,77,77,77,77,77,77,77,77,77,77,77,77,77,77,77,77,77,77,77,77,77,77,77,77,77,77,77,80,80,83,86,86,86,86,89,89,89,89,89,89,89,89,89,89,89,89,89],"card_choices":[{"not_picked":["Crescendo","EmptyBody","Nirvana"],"picked":"SKIP","floor":1.0},{"not_picked":["Wallop","Protect","JustLucky"],"picked":"SKIP","floor":4.0},{"not_picked":["Protect","Prostrate"],"picked":"Tantrum","floor":5.0},{"not_picked":["Halt","EmptyBody"],"picked":"WindmillStrike","floor":7.0},{"not_picked":["Meditate","Replay:AtTheReady"],"picked":"EmptyBody","floor":11.0},{"not_picked":["BattleHymn","Collect"],"picked":"Perseverance","floor":14.0},{"not_picked":["SpiritShield","DeusExMachina"],"picked":"Replay:LoomingThreat","floor":16.0},{"not_picked":["ThirdEye","ForeignInfluence"],"picked":"Consecrate+1","floor":18.0},{"not_picked":["FlyingSleeves","Sanctity+1"],"picked":"EmptyFist","floor":20.0},{"not_picked":["Replay:ManipulateFuture","Meditate","EmptyBody"],"picked":"SKIP","floor":22.0},{"not_picked":["BowlingBash","CutThroughFate"],"picked":"TalkToTheHand","floor":24.0},{"not_picked":["SandsOfTime","Scrawl","Wireheading"],"picked":"SKIP","floor":30.0},{"not_picked":["Evaluate+1","Prostrate+1"],"picked":"ClearTheMind+1","floor":31.0},{"not_picked":["Brilliance","Judgement"],"picked":"DeusExMachina","floor":33.0},{"not_picked":["WreathOfFlame+1","EmptyMind","InnerPeace+1"],"picked":"SKIP","floor":35.0},{"not_picked":["Halt+1","JustLucky+1","Wireheading"],"picked":"SKIP","floor":36.0},{"not_picked":["Flash of Steel","ReplayTheSpireMod:Trickstab"],"picked":"Panacea","floor":38.0},{"not_picked":["EmptyBody","CutThroughFate+1","Prostrate"],"picked":"SKIP","floor":42.0},{"not_picked":["InnerPeace","Halt","FlyingSleeves"],"picked":"SKIP","floor":45.0},{"not_picked":["Replay:AtTheReady+1","Tantrum","WindmillStrike+1"],"picked":"SKIP","floor":48.0}],"player_experience":411977,"relics_obtained":[{"floor":3.0,"key":"Blood Vial"},{"floor":7.0,"key":"Omamori"},{"floor":9.0,"key":"Juzu Bracelet"},{"floor":14.0,"key":"reliquary:Stiletto"},{"floor":24.0,"key":"infinitespire:WardingShard"},{"floor":26.0,"key":"Replay:Ringing Soul"},{"floor":30.0,"key":"Torii"},{"floor":42.0,"key":"Replay:Kaleidoscope"},{"floor":43.0,"key":"Smiling Mask"}],"event_choices":[{"cards_removed":["Defend_P"],"damage_healed":0.0,"max_hp_gain":0.0,"max_hp_loss":0.0,"gold_gain":0.0,"event_name":"Bonfire Elementals","player_choice":"Offered Basic","floor":13.0,"gold_loss":0.0,"damage_taken":0.0},{"damage_healed":0.0,"max_hp_gain":0.0,"max_hp_loss":0.0,"gold_gain":0.0,"event_name":"Cursed Tome","player_choice":"Ignored","floor":25.0,"gold_loss":0.0,"damage_taken":0.0},{"damage_healed":0.0,"max_hp_gain":0.0,"max_hp_loss":0.0,"gold_gain":0.0,"event_name":"Addict","player_choice":"Obtained Relic","floor":27.0,"gold_loss":85.0,"damage_taken":0.0,"relics_obtained":["infinitespire:Broken Mirror"]},{"damage_healed":25.0,"max_hp_gain":0.0,"max_hp_loss":0.0,"gold_gain":0.0,"event_name":"The Library","player_choice":"Heal","floor":28.0,"gold_loss":0.0,"damage_taken":0.0},{"damage_healed":0.0,"max_hp_gain":0.0,"max_hp_loss":0.0,"gold_gain":0.0,"event_name":"SensoryStone","player_choice":"Memory 1","floor":38.0,"gold_loss":0.0,"damage_taken":0.0},{"damage_healed":0.0,"max_hp_gain":0.0,"max_hp_loss":0.0,"gold_gain":0.0,"event_name":"Accursed Blacksmith","player_choice":"Forge","floor":39.0,"gold_loss":0.0,"damage_taken":0.0,"cards_upgraded":["Wish"]},{"cards_removed":["WheelKick"],"damage_healed":0.0,"max_hp_gain":0.0,"max_hp_loss":0.0,"gold_gain":0.0,"event_name":"Falling","player_choice":"Removed Attack","floor":40.0,"gold_loss":0.0,"damage_taken":0.0},{"damage_healed":0.0,"max_hp_gain":0.0,"max_hp_loss":0.0,"gold_gain":100.0,"event_name":"Golden Shrine","player_choice":"Pray","floor":44.0,"gold_loss":0.0,"damage_taken":0.0}],"is_beta":false,"boss_relics":[{"not_picked":["ReplayTheSpireMod:SealedPack","Fusion Hammer"],"picked":"Abe\u0027s Treasure"},{"not_picked":["Painkiller Herb","infinitespire:Cupcake"],"picked":"Pandora\u0027s Box"}],"items_purged_floors":[0],"is_endless":false,"potions_floor_spawned":[1,11,14,16,18,22,30,31,35,36,48],"ascension_level":7}}