{"host":"1a1fa2nogmb21qcw","time":1613080212,"event":{"mods":["AchievementEnabler","BaseMod","Better Match","Better Note","Better Sensory Stone","Better Vampires","Block Reminder","Bossed Relics","Colored Map","Colored Powertips","Curses Come First","Downfall","Gremlin Mod","Hermit","Infinite Spire","Key Reminder","Minty Spire (QoL Compilation)","Potionbrewer","Quick Restart","RRrroohrrRGHHhhh!!","Rare Cards Sparkle","Relic Stats","Reliquary","Remove Card Discount Mod","Replay The Spire","Shop Mod","StSLib","The Disciple","The Marked","The Servant 0.9.4"],"gold_per_floor":[114,114,114,126,44,79,79,154,177,177,44,58,58,78,78,78,78],"floor_reached":16,"language":"ENG","playtime":578,"items_purged":["theMarked:Defend","theMarked:Strike","theMarked:Strike","theMarked:Defend"],"score":123,"play_id":"ad3ed14a-7ea9-4409-acf3-b7b7db8819de","local_time":"20210211165012","is_ascension_mode":false,"campfire_choices":[{"data":"theMarked:ParalyzingBlade","floor":7,"key":"SMITH"},{"data":"theMarked:SelfDefenseTraining","floor":10,"key":"SMITH"},{"data":"theMarked:BanishingStrike","floor":13,"key":"SMITH"},{"data":"theMarked:UnarmedFury","floor":15,"key":"SMITH"}],"circlet_count":0,"master_deck":["theMarked:Strike","theMarked:Strike","theMarked:Strike","theMarked:Defend","theMarked:Defend","theMarked:SoldierOfQuellstein","theMarked:Polarize","theMarked:ParalyzingBlade+1","theMarked:SelfDefenseTraining+1","theMarked:SwordAndMagic","theMarked:BanishingStrike+1","theMarked:UnarmedFury+1"],"relics":["theMarked:ArtifactOfAir","NeowsBlessing","ReplayTheSpireMod:Ring of Exchange","reliquary:SharkskinSheath","reliquary:ExpiredCoupon","MerchantsRug"],"acts_visited":["Exordium"],"potions_floor_usage":[16],"damage_taken":[{"damage":0,"enemies":"Jaw Worm","floor":1,"turns":1},{"damage":0,"enemies":"2 Louse","floor":4,"turns":1},{"damage":0,"enemies":"3 Sentries","floor":6,"turns":2},{"damage":0,"enemies":"Cultist","floor":12,"turns":3},{"damage":1,"enemies":"Red Slaver","floor":14,"turns":3},{"damage":58,"enemies":"Slime Boss","floor":16,"turns":5}],"seed_played":"4008354736424844003","potions_obtained":[{"floor":1,"key":"Swift Potion"},{"floor":14,"key":"BlessingOfTheForge"}],"is_trial":false,"path_per_floor":["M","?","?","M","$","E","R","?","T","R","$","M","R","M","R","B"],"character_chosen":"THE_DEFAULT","items_purchased":["theMarked:SelfDefenseTraining","MerchantsRug"],"campfire_rested":0,"item_purchase_floors":[5,11],"current_hp_per_floor":[70,70,63,63,63,63,63,52,52,52,52,52,52,51,51,0,0],"gold":78,"neow_bonus":"THREE_ENEMY_KILL","is_daily":false,"chose_seed":false,"campfire_upgraded":4,"win_rate":0.0,"timestamp":1613080212,"path_taken":["M","?","?","M","?","E","R","?","T","R","$","M","R","M","R","BOSS"],"items_purchased_type":["Card","Relic"],"build_version":"2020-12-22","purchased_purges":4,"victory":false,"max_hp_per_floor":[70,70,70,70,70,70,70,70,70,70,70,70,70,70,70,70,70],"relic_stats":{"counters":[6,15],"obtain_stats":[{"theMarked:ArtifactOfAir":0,"ReplayTheSpireMod:Ring of Exchange":2,"reliquary:ExpiredCoupon":9,"MerchantsRug":11,"NeowsBlessing":0,"reliquary:SharkskinSheath":6},{"theMarked:ArtifactOfAir":0,"ReplayTheSpireMod:Ring of Exchange":1,"reliquary:ExpiredCoupon":3,"MerchantsRug":3,"NeowsBlessing":0,"reliquary:SharkskinSheath":3},{"theMarked:ArtifactOfAir":0,"ReplayTheSpireMod:Ring of Exchange":1,"reliquary:ExpiredCoupon":4,"MerchantsRug":4,"NeowsBlessing":0,"reliquary:SharkskinSheath":4}]},"card_choices":[{"not_picked":["theMarked:HeightenedSenses","theMarked:EmpowerWeapon"],"picked":"theMarked:Polarize","floor":1},{"not_picked":["theMarked:Maelstrom","theMarked:ResourceFulStrike"],"picked":"theMarked:ParalyzingBlade","floor":4},{"not_picked":["theMarked:Improvise","theMarked:Memento"],"picked":"theMarked:SwordAndMagic","floor":6},{"not_picked":["theMarked:HeightenedSenses","theMarked:TheMission"],"picked":"theMarked:BanishingStrike","floor":12},{"not_picked":["theMarked:TwofoldDefense","theMarked:SwordAndMagic"],"picked":"theMarked:UnarmedFury","floor":14}],"player_experience":857634,"relics_obtained":[{"floor":2,"key":"ReplayTheSpireMod:Ring of Exchange"},{"floor":6,"key":"reliquary:SharkskinSheath"},{"floor":9,"key":"reliquary:ExpiredCoupon"}],"event_choices":[{"cards_removed":["Amnesia"],"damage_healed":0,"gold_gain":0,"player_choice":"Card Removal","damage_taken":7,"max_hp_gain":0,"max_hp_loss":0,"event_name":"Golden Wing","floor":3,"gold_loss":0},{"damage_healed":0,"gold_gain":75,"player_choice":"Gather Gold","damage_taken":11,"max_hp_gain":0,"max_hp_loss":0,"event_name":"World of Goop","floor":8,"gold_loss":0}],"is_beta":false,"boss_relics":[],"items_purged_floors":[5,5,5,5],"is_endless":false,"potions_floor_spawned":[1,14],"killed_by":"Slime Boss","ascension_level":0}}