{"host":"56xwnffi6e9z5l58","time":1613063693,"event":{"mods":["Aspiration","BaseMod","Better Match","Better Note","Better Sensory Stone","BetterRewards","Colored Map","Colored Powertips","Conspire","Downfall","GifTheSpireLib","Hermit","Highlight Path","Hubris","Infinite Spire","Key Reminder","Minty Spire (QoL Compilation)","Permanent Neow","Quick Restart","Rare Cards Sparkle","Replay The Spire","StSLib","Stuff the Spire","SuperFastMode","Unceasing Turn Reminder"],"gold_per_floor":[99,115,132,132,145,145,145,170,80,80,80,80,94,86,99,207,207,107,107,107,107],"floor_reached":19,"language":"ENG","playtime":563,"items_purged":["hexamod:Strike"],"score":165,"play_id":"cefdde4b-7258-446c-92ea-11a9bee98c91","local_time":"20210212011453","is_ascension_mode":false,"campfire_choices":[{"floor":1,"key":"RECALL"},{"data":"hexamod:NightmareStrike","floor":10,"key":"SMITH"},{"floor":12,"key":"REST"},{"data":"hexamod:HexaLevel","floor":18,"key":"SMITH"}],"circlet_count":0,"master_deck":["hexamod:Strike+1","hexamod:Defend+1","hexamod:Sear+1","hexamod:Float+1","hexamod:SixthSeal","hexamod:NightmareStrike+1","hexamod:DynamicBlow","hexamod:PhantomCloak","Panache+1","hexamod:GhostShield","hexamod:FourthSeal","hexamod:ThirdSeal","hexamod:SecondSeal","hexamod:FirstSeal","hexamod:GhostflameBarrier","hexamod:ForkedFlame","hexamod:HexaLevel+1","Looming Evil","downfall:Aged"],"relics":["hexamod:SpiritBrand","keyreminder:keyreminder","infinitespire:Lychee Nut","StuffTheSpire:CocoNut","aspiration:ChemicalBlood","Shuriken","Kintsugi","downfall:HeartBlessingRed"],"acts_visited":["Exordium","TheCity"],"potions_floor_usage":[16,19],"damage_taken":[{"damage":0,"enemies":"Cultist","floor":2,"turns":4},{"damage":0,"enemies":"Small Slimes","floor":3,"turns":3},{"damage":6,"enemies":"2 Louse","floor":5,"turns":3},{"damage":27,"enemies":"Gremlin Nob","floor":8,"turns":5},{"damage":10,"enemies":"downfall:FleeingMerchant","floor":9,"turns":4},{"damage":7,"enemies":"Blue Slaver","floor":13,"turns":3},{"damage":8,"enemies":"2 Fungi Beasts","floor":15,"turns":4},{"damage":41,"enemies":"DF_ARCHETYPE_STREAMLINE","floor":16,"turns":12},{"damage":25,"enemies":"3 Byrds","floor":19,"turns":4}],"seed_played":"5812496223110475218","potions_obtained":[{"floor":2,"key":"bronze:BurnAndBuffPotion"},{"floor":5,"key":"Weak Potion"},{"floor":8,"key":"Strength Potion"},{"floor":16,"key":"Strength Potion"},{"floor":19,"key":"EssenceOfSteel"}],"is_trial":false,"path_per_floor":["R_BF","M","M","T","M","?","T","E","$","R","T","R","M","?","M","B",null,"R","M"],"character_chosen":"THE_SPIRIT","items_purchased":[],"campfire_rested":1,"item_purchase_floors":[],"current_hp_per_floor":[63,63,63,47,43,43,50,28,24,24,24,40,39,32,37,9,54,54,29,29,29],"gold":107,"neow_bonus":"THREE_RARE_CARDS","is_daily":false,"chose_seed":false,"campfire_upgraded":2,"win_rate":0.0,"timestamp":1613063693,"path_taken":["R_BF","M","M","?","M","?","T","E","$","R","?","R","M","?","M","BOSS","R","M"],"items_purchased_type":[],"build_version":"2020-12-22","purchased_purges":1,"victory":false,"max_hp_per_floor":[63,63,63,47,47,47,54,54,54,54,54,54,54,54,54,54,54,54,54,54,54],"card_choices":[{"not_picked":["hexamod:ForkedFlame","hexamod:TimeWarp"],"picked":"hexamod:SixthSeal","floor":0},{"not_picked":["hexamod:NightmareGuise","hexamod:CatchUp"],"picked":"hexamod:NightmareStrike","floor":2},{"not_picked":["hexamod:HeatShield","hexamod:HeatCrush"],"picked":"hexamod:DynamicBlow","floor":3},{"not_picked":["hexamod:BurningTouch","hexamod:GhostOfSpirePast"],"picked":"hexamod:PhantomCloak","floor":5},{"not_picked":["Dark Shackles","hubris:Ssssneak"],"picked":"Panache","floor":6},{"not_picked":["hexamod:Haunt","hexamod:HeatMetal","hexamod:NightmareStrike"],"picked":"SKIP","floor":8},{"not_picked":["hexamod:DynamicBlow","hexamod:Rewind"],"picked":"hexamod:SpectersWail","floor":9},{"not_picked":["hexamod:HeatMetal","hexamod:NightmareStrike"],"picked":"hexamod:GhostShield","floor":13},{"not_picked":["hexamod:SwordOfDarkness","hexamod:NecessarySacrifice"],"picked":"hexamod:GhostflameBarrier","floor":15},{"not_picked":["hexamod:SearingWound","hexamod:UnlimitedPower"],"picked":"hexamod:ForkedFlame","floor":16},{"not_picked":["hexamod:WildfireWeapon","hexamod:GiftsFromTheDead"],"picked":"hexamod:HexaLevel","floor":16}],"player_experience":1026349,"relics_obtained":[{"floor":4,"key":"infinitespire:Lychee Nut"},{"floor":7,"key":"StuffTheSpire:CocoNut"},{"floor":8,"key":"aspiration:ChemicalBlood"},{"floor":11,"key":"Shuriken"}],"event_choices":[{"damage_healed":0,"gold_gain":1,"player_choice":"1","damage_taken":0,"max_hp_gain":0,"max_hp_loss":0,"event_name":"betterStone:BetterStone","floor":6,"gold_loss":0}],"is_beta":false,"boss_relics":[{"not_picked":["Busted Crown","aspiration:FutureDiary"],"picked":"Kintsugi"}],"items_purged_floors":[9],"is_endless":false,"potions_floor_spawned":[2,5,8],"killed_by":"3 Byrds","ascension_level":0}}