{"host":"6rd8hsjmp8z8o98z","time":1613066232,"event":{"mods":["AchievementEnabler","BaseMod","Better Match","Better Third Choice","BetterRewards","Gremlin Mod","Minty Spire (QoL Compilation)","Say the Spire","Shop Mod","StSLib","The Jungle"],"gold_per_floor":[119,19,19,31,51,82,82,110,110,110,110],"floor_reached":10,"language":"KOR","playtime":498,"items_purged":["Strike_G","Strike_G"],"score":114,"play_id":"02945f66-133e-4032-9cf5-d01b12dec6b0","local_time":"20210212025712","is_ascension_mode":true,"campfire_choices":[{"floor":7,"key":"REST"}],"circlet_count":0,"master_deck":["AscendersBane","Strike_G","Strike_G","Strike_G","Defend_G","Defend_G","Defend_G","Defend_G","Defend_G","Survivor","Neutralize","Panache","Cloak And Dagger","Deflect","All Out Attack","Quick Slash"],"relics":["Ring of the Snake","TungstenRod","MerchantsRug","CultistMask","Letter Opener","Art of War","Blue Candle"],"acts_visited":["Exordium"],"potions_floor_usage":[8],"damage_taken":[{"damage":0,"enemies":"Cultist","floor":1,"turns":5},{"damage":0,"enemies":"2 Louse","floor":4,"turns":4},{"damage":1,"enemies":"Jaw Worm","floor":5,"turns":4},{"damage":10,"enemies":"3 Sentries","floor":6,"turns":8},{"damage":23,"enemies":"Lagavulin","floor":8,"turns":8},{"damage":25,"enemies":"Gremlin Nob","floor":10,"turns":4}],"seed_played":"1714945307979680312","potions_obtained":[{"floor":6,"key":"SkillPotion"}],"is_trial":false,"path_per_floor":["M","$","?","M","M","E","R","E","T","E"],"character_chosen":"THE_SILENT","items_purchased":["Panache","MerchantsRug"],"campfire_rested":1,"item_purchase_floors":[0,0],"current_hp_per_floor":[30,30,30,30,29,19,40,17,17,0,0],"gold":110,"neow_bonus":"","is_daily":false,"chose_seed":false,"campfire_upgraded":0,"win_rate":0.0,"timestamp":1613066232,"path_taken":["M","$","?","?","M","E","R","E","T","E"],"items_purchased_type":["Card","Relic"],"build_version":"2020-12-22","purchased_purges":2,"victory":false,"max_hp_per_floor":[70,70,70,70,70,70,70,70,70,70,70],"card_choices":[{"not_picked":["Slice","Masterful Stab"],"picked":"Cloak And Dagger","floor":1},{"not_picked":["Catalyst","Dodge and Roll"],"picked":"Deflect","floor":4},{"not_picked":["Choke","Dagger Throw"],"picked":"All Out Attack","floor":5},{"not_picked":["Malaise","Deflect"],"picked":"Quick Slash","floor":6},{"not_picked":["Bane","Expertise","Quick Slash"],"picked":"SKIP","floor":8}],"player_experience":528023,"relics_obtained":[{"floor":6,"key":"Letter Opener"},{"floor":8,"key":"Art of War"},{"floor":9,"key":"Blue Candle"}],"event_choices":[{"damage_healed":0,"gold_gain":0,"player_choice":"Trade","damage_taken":0,"relics_obtained":["CultistMask"],"max_hp_gain":0,"max_hp_loss":0,"event_name":"FaceTrader","floor":3,"gold_loss":0}],"is_beta":false,"boss_relics":[],"items_purged_floors":[0,2],"is_endless":false,"potions_floor_spawned":[6],"killed_by":"Gremlin Nob","ascension_level":10}}