{"host":"gaqyve1328ta0etl","time":1613053702,"event":{"mods":["BaseMod","Colored Map","Colored Powertips","Duelist Mod","Googly Eyes","Hero for Fun","Minty Spire (QoL Compilation)","Shop Mod","StSLib","SuperFastMode","The Hierophant","The Runesmith"],"gold_per_floor":[112,128,128,3,15,15,32,32,86,86,96,96,120,45,45,121,171,186,6,17,33,33,33,33,53,53,53,53,73,91,41,41,41,41],"floor_reached":33,"language":"ENG","playtime":591,"items_purged":["Strike_G","Strike_G"],"score":403,"play_id":"e7bc8913-7147-422e-b169-e5bad7744839","local_time":"20210211062822","is_ascension_mode":true,"campfire_choices":[{"data":"Noxious Fumes","floor":6,"key":"SMITH"},{"data":"Neutralize","floor":8,"key":"SMITH"},{"data":"Bane","floor":10,"key":"SMITH"},{"floor":12,"key":"REST"},{"data":"Footwork","floor":15,"key":"SMITH"},{"floor":23,"key":"REST"},{"floor":28,"key":"REST"},{"floor":32,"key":"REST"}],"circlet_count":0,"master_deck":["AscendersBane","Strike_G","Strike_G","Defend_G","Defend_G","Defend_G","Defend_G","Defend_G","Survivor+1","Neutralize+1","Quick Slash","Blur","Noxious Fumes+1","Flying Knee","Quick Slash","Bane+1","Footwork+1","Phantasmal Killer","Backstab","Noxious Fumes","Deadly Poison+1","Footwork+1","Catalyst+1"],"relics":["Ring of the Snake","NeowsBlessing","Boot","Snake Skull","Tiny House","Membership Card","Singing Bowl"],"acts_visited":["Exordium","TheCity"],"potions_floor_usage":[7,21,21,29,30],"damage_taken":[{"damage":0,"enemies":"Cultist","floor":1,"turns":1},{"damage":0,"enemies":"Small Slimes","floor":2,"turns":1},{"damage":0,"enemies":"Jaw Worm","floor":5,"turns":1},{"damage":4,"enemies":"Looter","floor":7,"turns":4},{"damage":10,"enemies":"Exordium Wildlife","floor":11,"turns":4},{"damage":19,"enemies":"Hexaghost","floor":16,"turns":9},{"damage":28,"enemies":"Spheric Guardian","floor":18,"turns":5},{"damage":6,"enemies":"Chosen","floor":20,"turns":5},{"damage":22,"enemies":"Centurion and Healer","floor":21,"turns":8},{"damage":30,"enemies":"Sentry and Sphere","floor":25,"turns":7},{"damage":32,"enemies":"3 Cultists","floor":29,"turns":5},{"damage":1,"enemies":"Snecko","floor":30,"turns":5},{"damage":40,"enemies":"Collector","floor":33,"turns":3}],"seed_played":"3604719041841283387","potions_obtained":[{"floor":5,"key":"Explosive Potion"},{"floor":16,"key":"GamblersBrew"},{"floor":17,"key":"Block Potion"},{"floor":20,"key":"Regen Potion"},{"floor":25,"key":"Explosive Potion"},{"floor":29,"key":"FearPotion"}],"is_trial":false,"path_per_floor":["M","M","?","$","M","R","M","R","T","R","M","R","T","$","R","B",null,"M","$","M","M","$","R","?","M","T","?","R","M","M","$","R","B"],"character_chosen":"THE_SILENT","items_purchased":["Noxious Fumes","Flying Knee","Membership Card","Noxious Fumes"],"campfire_rested":4,"item_purchase_floors":[4,4,19,19],"current_hp_per_floor":[59,59,52,52,52,52,48,48,48,48,38,57,57,57,57,38,64,36,36,30,23,23,44,44,14,14,14,35,3,4,4,25,0,0],"gold":41,"neow_bonus":"THREE_ENEMY_KILL","is_daily":false,"chose_seed":false,"campfire_upgraded":4,"win_rate":0.0,"timestamp":1613053702,"path_taken":["M","?","?","$","M","R","M","R","T","R","M","R","?","$","R","BOSS","M","$","M","M","$","R","?","M","T","?","R","?","M","$","R","BOSS"],"items_purchased_type":["Card","Card","Relic","Card"],"build_version":"2020-12-22","purchased_purges":2,"victory":false,"max_hp_per_floor":[66,66,66,66,66,66,66,66,66,66,66,66,66,66,66,66,71,71,71,71,71,71,71,71,71,71,71,71,71,73,73,73,73,73],"card_choices":[{"not_picked":["Eviscerate","Deflect"],"picked":"Quick Slash","floor":1},{"not_picked":["Prepared","Caltrops"],"picked":"Blur","floor":2},{"not_picked":["Cloak And Dagger","Flechettes"],"picked":"Quick Slash","floor":5},{"not_picked":["Riddle With Holes","Distraction"],"picked":"Bane","floor":7},{"not_picked":["PiercingWail","Dagger Spray"],"picked":"Footwork","floor":11},{"not_picked":["Envenom","Tools of the Trade"],"picked":"Phantasmal Killer","floor":16},{"not_picked":["Poisoned Stab","Bane"],"picked":"Backstab","floor":18},{"not_picked":["Dagger Throw","Poisoned Stab"],"picked":"Deadly Poison+1","floor":20},{"not_picked":["Crippling Poison","Underhanded Strike","Quick Slash"],"picked":"SKIP","floor":21},{"not_picked":["Deadly Poison","Expertise","Deflect"],"picked":"SKIP","floor":25},{"not_picked":["Flying Knee","Dagger Throw"],"picked":"Catalyst+1","floor":29},{"not_picked":["Flying Knee","PiercingWail","Bane"],"picked":"Singing Bowl","floor":30}],"player_experience":2113505,"relics_obtained":[{"floor":9,"key":"Boot"},{"floor":13,"key":"Snake Skull"},{"floor":26,"key":"Singing Bowl"}],"event_choices":[{"cards_removed":["Strike_G"],"damage_healed":0,"gold_gain":0,"player_choice":"Card Removal","damage_taken":7,"max_hp_gain":0,"max_hp_loss":0,"event_name":"Golden Wing","floor":3,"gold_loss":0},{"damage_healed":0,"gold_gain":0,"player_choice":"Ignored","damage_taken":0,"max_hp_gain":0,"max_hp_loss":0,"event_name":"Ghosts","floor":24,"gold_loss":0},{"damage_healed":0,"gold_gain":0,"player_choice":"Copied","damage_taken":0,"max_hp_gain":0,"max_hp_loss":0,"event_name":"Duplicator","floor":27,"gold_loss":0,"cards_obtained":["Footwork"]}],"is_beta":false,"boss_relics":[{"not_picked":["Calling Bell","Fusion Hammer"],"picked":"Tiny House"}],"items_purged_floors":[14,31],"is_endless":false,"potions_floor_spawned":[5,16,20,25,29],"killed_by":"Collector","ascension_level":14}}