{"host":"2rbn7ywmirq5y689","time":1613037965,"event":{"mods":["BaseMod","Colored Map","Colored Powertips","Highlight Path","Minty Spire (QoL Compilation)","Rare Cards Sparkle","Relic Stats","StSLib"],"gold_per_floor":[115,115,125,125,200,232,232,182,205,219,219,251,261,274,274,375,375,392,392,405,405,405,405,419,419,445,445,457,302,315,335,335,439,439,456,456,456,475,495,495,545,571,571,571,586,586,600,612,612,612],"floor_reached":51,"language":"ENG","playtime":3731,"items_purged":["Fasting2"],"score":758,"play_id":"7577ee85-0c7a-460e-9120-272129e8e614","local_time":"20210211180605","is_ascension_mode":true,"campfire_choices":[{"data":"Eruption","floor":7,"key":"SMITH"},{"floor":11,"key":"REST"},{"floor":15,"key":"REST"},{"floor":23,"key":"REST"},{"floor":27,"key":"REST"},{"floor":32,"key":"REST"},{"data":"DevaForm","floor":40,"key":"SMITH"},{"floor":44,"key":"REST"},{"floor":49,"key":"REST"}],"circlet_count":0,"master_deck":["Defend_P","Defend_P","Defend_P+1","Defend_P","Eruption+1","Vigilance","Weave+1","CutThroughFate+1","CutThroughFate+1","FlurryOfBlows+1","Wireheading","Halt+1","EmptyFist+1","Ragnarok+1","Fasting2+1","EmptyMind+1","Crescendo+1","FollowUp+1","Weave+1","Consecrate+1","EmptyBody","WindmillStrike+1","Weave+1","JustLucky+1","Evaluate+1","DevaForm+1","JustLucky+1","CutThroughFate+1","Indignation+1","Regret","Normality","Parasite","ThirdEye"],"relics":["PureWater","NeowsBlessing","InkBottle","Molten Egg 2","Dream Catcher","Nunchaku","Astrolabe","Nilry\u0027s Codex","War Paint","Cursed Key","Ginger","Damaru","Whetstone","Pantograph"],"acts_visited":["Exordium","TheCity","TheBeyond"],"potions_floor_usage":[16,16,30,33,50,50],"damage_taken":[{"damage":0,"enemies":"Jaw Worm","floor":1,"turns":1},{"damage":0,"enemies":"Small Slimes","floor":3,"turns":1},{"damage":0,"enemies":"Gremlin Nob","floor":6,"turns":1},{"damage":0,"enemies":"Cultist","floor":10,"turns":2},{"damage":28,"enemies":"Lagavulin","floor":12,"turns":3},{"damage":12,"enemies":"Looter","floor":13,"turns":3},{"damage":0,"enemies":"Large Slime","floor":14,"turns":1},{"damage":39,"enemies":"The Guardian","floor":16,"turns":7},{"damage":8,"enemies":"3 Byrds","floor":18,"turns":4},{"damage":0,"enemies":"Spheric Guardian","floor":20,"turns":2},{"damage":19,"enemies":"Snake Plant","floor":24,"turns":2},{"damage":20,"enemies":"Shelled Parasite and Fungi","floor":28,"turns":3},{"damage":18,"enemies":"Snecko","floor":30,"turns":3},{"damage":15,"enemies":"Centurion and Healer","floor":31,"turns":3},{"damage":16,"enemies":"Collector","floor":33,"turns":5},{"damage":0,"enemies":"3 Shapes","floor":35,"turns":3},{"damage":16,"enemies":"Orb Walker","floor":38,"turns":3},{"damage":13,"enemies":"Spire Growth","floor":39,"turns":3},{"damage":29,"enemies":"Mind Bloom Boss Battle","floor":41,"turns":5},{"damage":0,"enemies":"Reptomancer","floor":42,"turns":2},{"damage":20,"enemies":"4 Shapes","floor":45,"turns":2},{"damage":9,"enemies":"Writhing Mass","floor":47,"turns":4},{"damage":81,"enemies":"Transient","floor":48,"turns":5},{"damage":22,"enemies":"Donu and Deca","floor":50,"turns":6}],"seed_played":"-8496713442933403225","potions_obtained":[{"floor":6,"key":"PowerPotion"},{"floor":12,"key":"PowerPotion"},{"floor":13,"key":"Block Potion"},{"floor":18,"key":"FairyPotion"},{"floor":30,"key":"BlessingOfTheForge"},{"floor":31,"key":"Fire Potion"},{"floor":33,"key":"PowerPotion"},{"floor":48,"key":"StancePotion"}],"is_trial":false,"path_per_floor":["M","?","M","?","?","E","R","?","T","M","R","E","M","M","R","B",null,"M","?","M","?","?","R","M","?","T","R","M","$","M","M","R","B",null,"M","?","?","M","M","R","?","E","T","R","M","T","M","M","R","B",null],"character_chosen":"WATCHER","items_purchased":["Weave+1"],"campfire_rested":7,"item_purchase_floors":[29],"current_hp_per_floor":[72,60,60,60,49,49,49,49,49,49,70,42,30,30,51,12,72,64,64,64,64,48,69,50,50,50,71,51,51,33,18,39,23,72,72,72,68,52,39,39,10,10,10,30,10,10,1,19,39,42],"gold":612,"neow_bonus":"THREE_ENEMY_KILL","is_daily":false,"chose_seed":false,"campfire_upgraded":2,"win_rate":0.0,"timestamp":1613037965,"path_taken":["M","?","M","?","?","E","R","?","T","M","R","E","M","M","R","BOSS","M","?","?","?","?","R","M","?","T","R","M","$","M","M","R","BOSS","M","?","?","M","M","R","?","E","T","R","M","?","M","M","R","BOSS"],"items_purchased_type":["Card"],"build_version":"2020-12-22","purchased_purges":1,"victory":true,"max_hp_per_floor":[72,72,72,72,72,72,72,72,72,72,72,72,72,72,72,72,72,72,72,72,72,72,72,72,72,72,72,72,72,72,72,72,72,72,72,72,68,68,68,68,68,68,68,68,68,68,68,68,68,68],"relic_stats":{"Dream Catcher":7,"Nunchaku":[27],"counters":[24,74],"Astrolabe":["Fasting2","EmptyMind","Crescendo"],"Pantograph":25,"Ginger":[4],"Whetstone":[],"War Paint":["Halt","Defend_P"],"Cursed Key":2,"obtain_stats":[{"NeowsBlessing":0,"Nilry\u0027s Codex":22,"Astrolabe":17,"Damaru":42,"Ginger":41,"Whetstone":43,"War Paint":25,"Cursed Key":34,"Dream Catcher":9,"Nunchaku":12,"Pantograph":46,"Molten Egg 2":6,"PureWater":0,"InkBottle":2},{"NeowsBlessing":0,"Nilry\u0027s Codex":10,"Astrolabe":8,"Damaru":20,"Ginger":19,"Whetstone":20,"War Paint":11,"Cursed Key":15,"Dream Catcher":3,"Nunchaku":5,"Pantograph":21,"Molten Egg 2":3,"PureWater":0,"InkBottle":1},{"NeowsBlessing":0,"Nilry\u0027s Codex":25,"Astrolabe":19,"Damaru":57,"Ginger":55,"Whetstone":57,"War Paint":27,"Cursed Key":41,"Dream Catcher":3,"Nunchaku":8,"Pantograph":59,"Molten Egg 2":3,"PureWater":0,"InkBottle":1}],"InkBottle":[41]},"card_choices":[{"not_picked":["FollowUp","CarveReality"],"picked":"Weave","floor":1},{"not_picked":["Study","Meditate"],"picked":"Fasting2","floor":3},{"not_picked":["CrushJoints+1","ClearTheMind"],"picked":"CutThroughFate+1","floor":6},{"not_picked":["FearNoEvil+1","EmptyFist+1"],"picked":"CutThroughFate+1","floor":10},{"not_picked":["CarveReality+1","Consecrate+1"],"picked":"FlurryOfBlows+1","floor":11},{"not_picked":["Halt","FollowUp+1"],"picked":"Wireheading","floor":12},{"not_picked":["Pray","FlyingSleeves+1"],"picked":"Halt","floor":13},{"not_picked":["Worship","Swivel","PathToVictory"],"picked":"SKIP","floor":14},{"not_picked":["MasterReality","EmptyBody"],"picked":"EmptyFist+1","floor":15},{"not_picked":["ConjureBlade","MasterReality"],"picked":"Ragnarok+1","floor":16},{"not_picked":["Perseverance","Prostrate"],"picked":"FollowUp+1","floor":18},{"not_picked":["PathToVictory","CrushJoints+1","Adaptation+1"],"picked":"SKIP","floor":20},{"not_picked":["Evaluate","Prostrate+1"],"picked":"Consecrate+1","floor":23},{"not_picked":["WheelKick+1","Halt"],"picked":"EmptyBody","floor":24},{"not_picked":["Ragnarok+1","EmptyFist+1"],"picked":"WindmillStrike+1","floor":27},{"not_picked":["EmptyMind+1","Crescendo","MentalFortress"],"picked":"SKIP","floor":28},{"not_picked":["Conclude+1","Tantrum+1"],"picked":"JustLucky+1","floor":30},{"not_picked":["CrushJoints+1","Halt"],"picked":"Evaluate+1","floor":31},{"not_picked":["Blasphemy","Omniscience"],"picked":"DevaForm","floor":33},{"not_picked":["Weave+1","ThirdEye+1"],"picked":"JustLucky+1","floor":35},{"not_picked":["EmptyBody+1","EmptyMind+1","SashWhip+1"],"picked":"SKIP","floor":38},{"not_picked":["SashWhip+1","BowlingBash+1"],"picked":"CutThroughFate+1","floor":39},{"not_picked":["MasterReality","EmptyFist+1"],"picked":"Indignation+1","floor":42},{"not_picked":["Wireheading+1","Consecrate+1","ForeignInfluence"],"picked":"SKIP","floor":45},{"not_picked":["Prostrate","FlurryOfBlows+1"],"picked":"ThirdEye","floor":47},{"not_picked":["LikeWater+1","PathToVictory","Fasting2+1"],"picked":"SKIP","floor":48}],"player_experience":206142,"relics_obtained":[{"floor":6,"key":"Molten Egg 2"},{"floor":9,"key":"Dream Catcher"},{"floor":12,"key":"Nunchaku"},{"floor":22,"key":"Nilry\u0027s Codex"},{"floor":41,"key":"Ginger"},{"floor":42,"key":"Damaru"},{"floor":43,"key":"Whetstone"},{"floor":46,"key":"Pantograph"}],"event_choices":[{"damage_healed":0,"gold_gain":0,"player_choice":"Success","damage_taken":12,"relics_obtained":["InkBottle"],"max_hp_gain":0,"max_hp_loss":0,"event_name":"Scrap Ooze","floor":2,"gold_loss":0},{"damage_healed":0,"gold_gain":0,"player_choice":"Ignored","damage_taken":0,"max_hp_gain":0,"max_hp_loss":0,"event_name":"Shining Light","floor":4,"gold_loss":0},{"damage_healed":0,"gold_gain":75,"player_choice":"Gather Gold","damage_taken":11,"max_hp_gain":0,"max_hp_loss":0,"event_name":"World of Goop","floor":5,"gold_loss":0},{"cards_removed":["Strike_P"],"damage_healed":0,"gold_gain":0,"player_choice":"Card Removal","damage_taken":0,"max_hp_gain":0,"max_hp_loss":0,"event_name":"The Cleric","floor":8,"gold_loss":50},{"damage_healed":0,"gold_gain":0,"player_choice":"Forge","damage_taken":0,"max_hp_gain":0,"max_hp_loss":0,"event_name":"Accursed Blacksmith","floor":19,"gold_loss":0,"cards_upgraded":["Weave"]},{"damage_healed":0,"gold_gain":0,"player_choice":"Read","damage_taken":0,"max_hp_gain":0,"max_hp_loss":0,"event_name":"The Library","floor":21,"gold_loss":0,"cards_obtained":["Weave"]},{"damage_healed":0,"gold_gain":0,"player_choice":"Obtained Book","damage_taken":16,"max_hp_gain":0,"max_hp_loss":0,"event_name":"Cursed Tome","floor":22,"gold_loss":0},{"damage_healed":0,"gold_gain":0,"player_choice":"Opened","damage_taken":0,"relics_obtained":["War Paint"],"max_hp_gain":0,"max_hp_loss":0,"event_name":"The Mausoleum","floor":25,"gold_loss":0},{"damage_healed":0,"gold_gain":0,"player_choice":"Ignored","damage_taken":0,"max_hp_gain":0,"max_hp_loss":0,"event_name":"Tomb of Lord Red Mask","floor":36,"gold_loss":0},{"damage_healed":0,"gold_gain":0,"player_choice":"Max HP","damage_taken":0,"max_hp_gain":0,"max_hp_loss":4,"event_name":"Winding Halls","floor":37,"gold_loss":0},{"damage_healed":0,"gold_gain":0,"player_choice":"Fight","damage_taken":0,"max_hp_gain":0,"max_hp_loss":0,"event_name":"MindBloom","floor":41,"gold_loss":0}],"is_beta":false,"boss_relics":[{"not_picked":["Runic Dome","VioletLotus"],"picked":"Astrolabe"},{"not_picked":["Tiny House","Fusion Hammer"],"picked":"Cursed Key"}],"items_purged_floors":[29],"is_endless":false,"potions_floor_spawned":[6,12,13,14,18,30,31,33,35,47,48],"ascension_level":2}}