{"host":"gc0hqzwg2gd3zszy","time":1613009414,"event":{"mods":["BaseMod","DeckTracker","Minty Spire (QoL Compilation)","Relic Stats","SuperFastMode"],"gold_per_floor":[110,35,35,52,67,67,99,99,153,181,193,193,193,209,209,283,283,299,58,0,0,20,20,53,53,53,88,88,100,133,152,152,229,229,246,266,266,266,83,83,117,127,154,1,31,31,46,66,66,66,66,66,66,66,92,92,92],"floor_reached":56,"language":"KOR","playtime":3403,"items_purged":["Strike_R","Strike_R","Anger"],"score":1996,"play_id":"c1841395-32d8-4682-a054-5e5ecb57f3aa","local_time":"20210211111014","is_ascension_mode":true,"campfire_choices":[{"data":"Demon Form","floor":6.0,"key":"SMITH"},{"data":"Battle Trance","floor":8.0,"key":"SMITH"},{"data":"Warcry","floor":12.0,"key":"SMITH"},{"data":"Seeing Red","floor":15.0,"key":"SMITH"},{"data":"Evolve","floor":23.0,"key":"SMITH"},{"data":"True Grit","floor":25.0,"key":"SMITH"},{"data":"Exhume","floor":28.0,"key":"SMITH"},{"data":"Double Tap","floor":32.0,"key":"SMITH"},{"data":"Dark Embrace","floor":40.0,"key":"SMITH"},{"data":"Corruption","floor":46.0,"key":"SMITH"},{"floor":49.0,"key":"RECALL"},{"data":"Burning Pact","floor":53.0,"key":"SMITH"}],"circlet_count":0,"master_deck":["AscendersBane","Defend_R","Defend_R","Defend_R+1","Defend_R","Bash","Reaper","Feel No Pain","Demon Form+1","Shrug It Off","Thunderclap","Battle Trance+1","Seeing Red+1","Warcry+1","Exhume+1","True Grit+1","Evolve+1","Rage","Pommel Strike+1","Pummel","Body Slam","Sentinel+1","Double Tap+1","Corruption+1","Power Through+1","Madness","Madness","Dark Embrace+1","Burning Pact+1","Whirlwind","Flame Barrier+1"],"relics":["Burning Blood","Lantern","Anchor","Strawberry","Coffee Dripper","Vajra","Paper Frog","Omamori","Empty Cage","MealTicket","MawBank","Dead Branch","War Paint"],"acts_visited":["Exordium","TheCity","TheBeyond","TheEnding"],"potions_floor_usage":[],"damage_taken":[{"damage":4.0,"enemies":"2 Louse","floor":1.0,"turns":3.0},{"damage":11.0,"enemies":"Jaw Worm","floor":4.0,"turns":4.0},{"damage":0.0,"enemies":"Cultist","floor":5.0,"turns":3.0},{"damage":15.0,"enemies":"Lagavulin","floor":7.0,"turns":5.0},{"damage":61.0,"enemies":"Gremlin Nob","floor":10.0,"turns":5.0},{"damage":1.0,"enemies":"Exordium Wildlife","floor":11.0,"turns":4.0},{"damage":6.0,"enemies":"3 Louse","floor":14.0,"turns":4.0},{"damage":53.0,"enemies":"The Guardian","floor":16.0,"turns":11.0},{"damage":27.0,"enemies":"Chosen","floor":18.0,"turns":6.0},{"damage":39.0,"enemies":"3 Byrds","floor":22.0,"turns":7.0},{"damage":23.0,"enemies":"Slavers","floor":24.0,"turns":4.0},{"damage":25.0,"enemies":"Gremlin Leader","floor":27.0,"turns":7.0},{"damage":9.0,"enemies":"Cultist and Chosen","floor":29.0,"turns":6.0},{"damage":20.0,"enemies":"Book of Stabbing","floor":30.0,"turns":4.0},{"damage":27.0,"enemies":"Snake Plant","floor":31.0,"turns":5.0},{"damage":32.0,"enemies":"Champ","floor":33.0,"turns":10.0},{"damage":13.0,"enemies":"3 Darklings","floor":35.0,"turns":5.0},{"damage":30.0,"enemies":"3 Shapes","floor":36.0,"turns":5.0},{"damage":68.0,"enemies":"Giant Head","floor":41.0,"turns":8.0},{"damage":0.0,"enemies":"Transient","floor":42.0,"turns":6.0},{"damage":56.0,"enemies":"Reptomancer","floor":45.0,"turns":5.0},{"damage":38.0,"enemies":"Writhing Mass","floor":47.0,"turns":7.0},{"damage":9.0,"enemies":"Maw","floor":48.0,"turns":4.0},{"damage":16.0,"enemies":"Donu and Deca","floor":50.0,"turns":4.0},{"damage":62.0,"enemies":"Time Eater","floor":51.0,"turns":7.0},{"damage":48.0,"enemies":"Shield and Spear","floor":55.0,"turns":4.0},{"damage":49,"enemies":"The Heart","floor":56,"turns":4}],"seed_played":"-3913503546069564440","potions_obtained":[{"floor":1.0,"key":"Fire Potion"},{"floor":5.0,"key":"AttackPotion"},{"floor":10.0,"key":"SpeedPotion"},{"floor":14.0,"key":"Weak Potion"},{"floor":22.0,"key":"DistilledChaos"},{"floor":27.0,"key":"Ancient Potion"},{"floor":29.0,"key":"DistilledChaos"},{"floor":36.0,"key":"Block Potion"},{"floor":42.0,"key":"BloodPotion"},{"floor":47.0,"key":"Energy Potion"}],"is_trial":false,"path_per_floor":["M","$","?","M","M","R","E","R","T","E","M","R","?","M","R","B",null,"M","$","?","$","M","R","E","R","T","E","R","M","E","M","R","B",null,"M","M","?","?","$","R","E","M","T","$","E","R","M","M","R","B","B",null,"R","$","E","B"],"character_chosen":"IRONCLAD","items_purchased":["Feel No Pain","Evolve","Rage","Dark Embrace","Flame Barrier"],"campfire_rested":0,"item_purchase_floors":[2,19,19,39,44],"current_hp_per_floor":[75,75,75,72,75,75,75,75,75,27,36,36,63,77,77,41,72,51,51,51,51,40,40,53,53,53,49,49,66,52,31,31,10,64,76,66,51,82,82,82,38,82,82,82,81,81,71,82,82,72,82,82,82,82,48,0,0],"gold":92,"neow_bonus":"ONE_RANDOM_RARE_CARD","is_daily":false,"chose_seed":false,"campfire_upgraded":11,"win_rate":0.0,"timestamp":1613009414,"path_taken":["M","$","?","M","M","R","E","R","T","E","M","R","?","M","R","BOSS","M","$","?","?","?","R","E","R","T","E","R","M","E","M","R","BOSS","M","M","?","?","$","R","E","?","T","$","E","R","M","M","R","BOSS","BOSS","R","$","E","BOSS"],"items_purchased_type":["Card","Card","Card","Card","Card"],"build_version":"2020-12-22","purchased_purges":3,"victory":false,"max_hp_per_floor":[75,75,75,75,75,75,75,75,75,82,82,82,82,82,82,82,82,82,82,82,82,82,82,82,82,82,82,82,82,82,82,82,82,82,82,82,82,82,82,82,82,82,82,82,82,82,82,82,82,82,82,82,82,82,82,82,82],"relic_stats":{"counters":[27,147],"Dead Branch":[198],"MealTicket":0,"War Paint":["Defend_R","Flame Barrier"],"MawBank":12,"obtain_stats":[{"Lantern":7,"Dead Branch":45,"Vajra":24,"Omamori":30,"War Paint":55,"Empty Cage":34,"MawBank":43,"Burning Blood":0,"Anchor":9,"Strawberry":10,"MealTicket":41,"Coffee Dripper":17,"Paper Frog":27},{"Lantern":4,"Dead Branch":21,"Vajra":11,"Omamori":14,"War Paint":26,"Empty Cage":16,"MawBank":20,"Burning Blood":0,"Anchor":4,"Strawberry":5,"MealTicket":19,"Coffee Dripper":8,"Paper Frog":12},{"Lantern":15,"Dead Branch":117,"Vajra":56,"Omamori":73,"War Paint":143,"Empty Cage":88,"MawBank":112,"Burning Blood":0,"Anchor":15,"Strawberry":20,"MealTicket":106,"Coffee Dripper":39,"Paper Frog":63}],"Burning Blood":134},"card_choices":[{"not_picked":["Rage","Flex"],"picked":"Anger","floor":1.0},{"not_picked":["Rampage","Clash"],"picked":"Shrug It Off","floor":4.0},{"not_picked":["Flex","Shrug It Off"],"picked":"Thunderclap","floor":5.0},{"not_picked":["Flex","Perfected Strike"],"picked":"Battle Trance","floor":7.0},{"not_picked":["Reaper","Inflame"],"picked":"Seeing Red","floor":10.0},{"not_picked":["Flex","Clothesline"],"picked":"Warcry","floor":11.0},{"not_picked":["Perfected Strike","Wild Strike","Clash"],"picked":"SKIP","floor":14.0},{"not_picked":["Immolate","Barricade"],"picked":"Exhume","floor":16.0},{"not_picked":["Sentinel","Blood for Blood"],"picked":"True Grit","floor":18.0},{"not_picked":["Clothesline","Flex"],"picked":"Pommel Strike+1","floor":22.0},{"not_picked":["True Grit","Havoc"],"picked":"Pummel","floor":24.0},{"not_picked":["Evolve","Sentinel","Combust"],"picked":"SKIP","floor":27.0},{"not_picked":["Flex","Ghostly Armor"],"picked":"Body Slam","floor":29.0},{"not_picked":["Warcry+1","Armaments"],"picked":"Sentinel+1","floor":30.0},{"not_picked":["Cleave","Pommel Strike+1"],"picked":"Double Tap","floor":31.0},{"not_picked":["Exhume","Barricade"],"picked":"Corruption","floor":33.0},{"not_picked":["Shockwave","Warcry"],"picked":"Power Through+1","floor":35.0},{"not_picked":["Flex+1","Thunderclap","Twin Strike"],"picked":"SKIP","floor":36.0},{"not_picked":["Carnage","Twin Strike"],"picked":"Burning Pact","floor":41.0},{"not_picked":["Clothesline+1","Cleave"],"picked":"Whirlwind","floor":42.0},{"not_picked":["Wild Strike","Seeing Red","True Grit"],"picked":"SKIP","floor":45.0},{"not_picked":["Wild Strike+1","Intimidate+1","Carnage"],"picked":"SKIP","floor":47.0},{"not_picked":["Warcry","Exhume","Fire Breathing"],"picked":"SKIP","floor":48.0},{"not_picked":["Clash+1","Hemokinesis","Iron Wave"],"picked":"SKIP","floor":55.0}],"player_experience":1391354,"relics_obtained":[{"floor":7.0,"key":"Lantern"},{"floor":9.0,"key":"Anchor"},{"floor":10.0,"key":"Strawberry"},{"floor":24.0,"key":"Vajra"},{"floor":27.0,"key":"Paper Frog"},{"floor":30.0,"key":"Omamori"},{"floor":41.0,"key":"MealTicket"},{"floor":43.0,"key":"MawBank"},{"floor":45.0,"key":"Dead Branch"},{"floor":55.0,"key":"War Paint"}],"event_choices":[{"damage_healed":0.0,"max_hp_gain":0.0,"max_hp_loss":0.0,"gold_gain":0.0,"cards_transformed":["Strike_R"],"event_name":"Living Wall","player_choice":"Change","floor":3.0,"gold_loss":0.0,"damage_taken":0.0,"cards_obtained":["Demon Form"]},{"damage_healed":27.0,"max_hp_gain":0.0,"max_hp_loss":0.0,"gold_gain":0.0,"event_name":"Big Fish","player_choice":"Banana","floor":13.0,"gold_loss":0.0,"damage_taken":0.0},{"damage_healed":0.0,"max_hp_gain":0.0,"max_hp_loss":0.0,"gold_gain":0.0,"event_name":"Masked Bandits","player_choice":"Paid Fearfully","floor":20.0,"gold_loss":58.0,"damage_taken":0.0},{"damage_healed":0.0,"max_hp_gain":0.0,"max_hp_loss":0.0,"gold_gain":0.0,"event_name":"Winding Halls","player_choice":"Embrace Madness","floor":37.0,"gold_loss":0.0,"damage_taken":15.0,"cards_obtained":["Madness","Madness"]},{"damage_healed":31.0,"max_hp_gain":0.0,"max_hp_loss":0.0,"gold_gain":0.0,"event_name":"Wheel of Change","player_choice":"Full Heal","floor":38.0,"gold_loss":0.0,"damage_taken":0.0}],"is_beta":false,"boss_relics":[{"not_picked":["Tiny House","Mark of Pain"],"picked":"Coffee Dripper"},{"not_picked":["Busted Crown","Pandora\u0027s Box"],"picked":"Empty Cage"}],"items_purged_floors":[19,39,44],"is_endless":false,"potions_floor_spawned":[1,5,10,14,22,27,29,36,42,47],"killed_by":"The Heart","ascension_level":20}}