{"host":"6r9t33axn0fzb9aq","time":1613068728,"event":{"mods":["Aspiration","BaseMod","Better Altar","Better Match","Better Note","Better Third Choice","Bossed Relics","CatGirl Mod","Clockwork Mod","Colored Map","Colored Powertips","Conspire","Curses Come First","Custom Start","Energized Spire","Halation","Hubris","Infinite Spire","Koishi","Marisa????????","Minty Spire (QoL Compilation)","Onozuka Komachi Mod","Poor People Problems","Reliquary","Remilia??????","Replay The Spire","Reworked Bosses","Shade Mod","Spicy Shops","Spire Arcade","StSLib","The Blue Laboratory","The Cursed","The Death Knight","The Hierophant","The Marked","The Necromancer","The Servant 0.9.4","TheHero","Trackpad","Waifu the Spire","Wandering Minibosses"],"gold_per_floor":[115,115,47,47,160,160,160,169,169,169,94,157,157,207,207,346,346,374,432,432,432,432,432,171,171,171,181,181,181,37,125,125,241,241,289,289,282,282,282,330,389,436,484,546,471,525,572,627,627,747,747,747,747],"floor_reached":52,"language":"ENG","playtime":4901,"items_purged":["hierophant:Smite+1"],"score":1003,"play_id":"f49e7f7e-619b-4f6d-acf6-2dfaba0d7799","local_time":"20210211183848","daily_mods":["Hoarder","Vintage","Heirloom","Time Dilation","Flight","Elite Swarm","Binary"],"is_ascension_mode":false,"campfire_choices":[{"data":"hierophant:Community","floor":6.0,"key":"SMITH"},{"data":"hierophant:Community","floor":7.0,"key":"SMITH"},{"floor":10.0,"key":"REST"},{"floor":13.0,"key":"REST"},{"data":"hierophant:PristineSoul","floor":23.0,"key":"SMITH"},{"data":"hierophant:PristineSoul","floor":29.0,"key":"SMITH"},{"data":"hierophant:PristineSoul","floor":32.0,"key":"SMITH"},{"floor":49,"key":"DIG"}],"circlet_count":0,"master_deck":["hierophant:Punish","hierophant:Defend_Hierophant","hierophant:Defend_Hierophant","hierophant:Defend_Hierophant","hierophant:Defend_Hierophant","hierophant:ChurchCoffers","hierophant:SecretStash","hierophant:SecretStash","hierophant:Community+1","hierophant:Community+1","hierophant:Community+1","hierophant:SealAway","hierophant:SealAway+1","hierophant:SealAway+1","hierophant:Zeal","hierophant:Zeal","hierophant:Zeal","hierophant:Smite","hierophant:Smite","hierophant:Smite","hierophant:PristineSoul+1","hierophant:PristineSoul+1","hierophant:PristineSoul+1","hierophant:SealAway+1","hierophant:SealAway+1","hierophant:SealAway+1","Limit Break+1","Limit Break+1","Limit Break+1","hierophant:Batter+1","hierophant:Batter+1","hierophant:Batter+1"],"relics":["hierophant:PropheticMaskRelic","Busted Crown","replay:Trail_Library","halation:QuantumPhysicsTextbook","conspire:TopHat","hierophant:DonationBoxRelic","Du-Vu Doll","PreservedInsect","Whetstone","reliquary:Buckler","halation:TwoAmDonut","aspiration:IroncladSkillbook","trackpad:GuardianSpirit","hubris:DeckOfHolding","Pocketwatch","Molten Egg 2","Calipers","infinitespire:ShieldingShard","DollysMirror","Akabeko","Regal Pillow","Mercury Hourglass","Gremlin Horn","infinitespire:Satchel","Bag of Preparation","trackpad:Compendium","Oddly Smooth Stone","StrikeDummy","conspire:Boomerang","Ice Cream","Turnip","wanderingMiniBosses:Blackblade","Replay:Baseball","trackpad:StolenKidneys"],"acts_visited":["Exordium","TheCity","TheBeyond","Exordium"],"potions_floor_usage":[],"damage_taken":[{"damage":0.0,"enemies":"Small Slimes","floor":1.0,"turns":2.0},{"damage":0.0,"enemies":"Cultist","floor":5.0,"turns":3.0},{"damage":57.0,"enemies":"Lagavulin","floor":8.0,"turns":10.0},{"damage":2.0,"enemies":"2 Louse","floor":12.0,"turns":3.0},{"damage":9.0,"enemies":"Exordium Wildlife","floor":14.0,"turns":3.0},{"damage":5.0,"enemies":"Hexaghost","floor":16.0,"turns":6.0},{"damage":30.0,"enemies":"2 Thieves","floor":18.0,"turns":4.0},{"damage":18.0,"enemies":"3 Byrds","floor":19.0,"turns":6.0},{"damage":0.0,"enemies":"Nightmare","floor":27.0,"turns":5.0},{"damage":9.0,"enemies":"Book of Stabbing","floor":31.0,"turns":3.0},{"damage":0.0,"enemies":"bossMod:newChamp","floor":33.0,"turns":11.0},{"damage":0.0,"enemies":"3 Shapes","floor":35.0,"turns":4.0},{"damage":0.0,"enemies":"3 Darklings","floor":37.0,"turns":2.0},{"damage":0.0,"enemies":"R_Hoarder","floor":40.0,"turns":7.0},{"damage":0.0,"enemies":"4 Shapes","floor":41.0,"turns":3.0},{"damage":0.0,"enemies":"Giant Head","floor":42.0,"turns":7.0},{"damage":0.0,"enemies":"Nightmare","floor":44.0,"turns":7.0},{"damage":12,"enemies":"Reptomancer","floor":46,"turns":2},{"damage":0,"enemies":"R_Hoarder","floor":47,"turns":5},{"damage":19,"enemies":"2 Orb Walkers","floor":48,"turns":4},{"damage":6,"enemies":"bossMod:newAwakened","floor":50,"turns":7},{"damage":0,"enemies":"Jaw Worm","floor":52,"turns":1}],"seed_played":"-4838903647792169303","potions_obtained":[{"floor":2.0,"key":"FearPotion"},{"floor":2.0,"key":"blueLaboratory:PhilterOfMotion"},{"floor":2.0,"key":"blueLaboratory:SavagePotion"},{"floor":5.0,"key":"blueLaboratory:BottleOfRum"},{"floor":12.0,"key":"Languid Potion"},{"floor":16.0,"key":"Block Potion"},{"floor":19.0,"key":"blueLaboratory:LouseDecoction"}],"is_trial":true,"path_per_floor":["M","?","$","T","M","R","R","E","T","R","$","M","R","M","R_BF","B",null,"M","M","?","?","T","R","$","T","T","NM","AVR","R","$","E","R_BF","B",null,"M","?","M","AVR","$","E","M","E","T","NM","?","E","E","?","R_BF","B",null,"M"],"character_chosen":"HIEROPHANT","items_purchased":["hierophant:SecretStash","hierophant:Zeal","Molten Egg 2","DollysMirror"],"campfire_rested":2,"item_purchase_floors":[3,11,24,30],"current_hp_per_floor":[75,75,75,75,75,75,75,18,18,40,40,38,60,51,51,46,75,49,35,35,75,75,75,75,75,75,75,75,75,75,70,70,74,75,75,75,75,75,75,75,75,75,75,75,75,67,71,56,56,54,75,75,75],"gold":747,"neow_bonus":"","is_daily":false,"chose_seed":false,"campfire_upgraded":5,"win_rate":0.0,"timestamp":1613068728,"path_taken":["M","?","?","?","?","R","R","E","T","R","$","?","R","M","R_BF","BOSS","M","?","?","?","?","R","$","?","T","NM","AVR","R","?","E","R_BF","BOSS","M","?","M","AVR","$","E","M","E","T","NM","?","E","E","?","R_BF","BOSS","M"],"items_purchased_type":["Card","Card","Relic","Relic"],"build_version":"2020-12-22","purchased_purges":1,"victory":false,"max_hp_per_floor":[75,75,75,75,75,75,75,75,75,75,75,75,75,75,75,75,75,75,75,75,75,75,75,75,75,75,75,75,75,75,75,75,75,75,75,75,75,75,75,75,75,75,75,75,75,75,75,75,75,75,75,75,75],"card_choices":[{"not_picked":["hierophant:DivineIntervention"],"picked":"SKIP","floor":27.0},{"not_picked":["hierophant:DeathKnell"],"picked":"SKIP","floor":31.0},{"not_picked":["Reaper+1"],"picked":"SKIP","floor":40.0},{"not_picked":["Exhume"],"picked":"SKIP","floor":42.0},{"not_picked":["hierophant:DivineIntervention"],"picked":"SKIP","floor":44.0},{"not_picked":[],"picked":"Limit Break+1","floor":45},{"not_picked":["hierophant:Levitation"],"picked":"SKIP","floor":46},{"not_picked":[],"picked":"hierophant:Batter+1","floor":47}],"player_experience":450157,"relics_obtained":[{"floor":1.0,"key":"conspire:TopHat"},{"floor":4.0,"key":"hierophant:DonationBoxRelic"},{"floor":5.0,"key":"reliquary:FerryPass"},{"floor":8.0,"key":"Du-Vu Doll"},{"floor":8.0,"key":"PreservedInsect"},{"floor":9.0,"key":"Whetstone"},{"floor":12.0,"key":"reliquary:Buckler"},{"floor":14.0,"key":"halation:TwoAmDonut"},{"floor":18.0,"key":"trackpad:GuardianSpirit"},{"floor":19.0,"key":"hubris:DeckOfHolding"},{"floor":22.0,"key":"Pocketwatch"},{"floor":27.0,"key":"Calipers"},{"floor":31.0,"key":"Akabeko"},{"floor":35.0,"key":"Regal Pillow"},{"floor":37.0,"key":"Mercury Hourglass"},{"floor":40.0,"key":"infinitespire:Satchel"},{"floor":41.0,"key":"Bag of Preparation"},{"floor":42.0,"key":"trackpad:Compendium"},{"floor":43.0,"key":"Oddly Smooth Stone"},{"floor":44.0,"key":"StrikeDummy"},{"floor":46,"key":"conspire:Boomerang"},{"floor":47,"key":"Ice Cream"},{"floor":48,"key":"Turnip"},{"floor":48,"key":"wanderingMiniBosses:Blackblade"},{"floor":49,"key":"Replay:Baseball"}],"event_choices":[{"damage_healed":0.0,"max_hp_gain":0.0,"max_hp_loss":0.0,"gold_gain":0.0,"event_name":"Lab","player_choice":"Got Potions","floor":2.0,"gold_loss":0.0,"damage_taken":0.0},{"damage_healed":0.0,"max_hp_gain":0.0,"max_hp_loss":0.0,"gold_gain":0.0,"event_name":"The Woman in Blue","player_choice":"Bought 0 Potions","floor":20.0,"gold_loss":0.0,"damage_taken":0.0},{"damage_healed":40.0,"max_hp_gain":0.0,"max_hp_loss":0.0,"gold_gain":0.0,"event_name":"Wheel of Change","player_choice":"Full Heal","floor":21.0,"gold_loss":0.0,"damage_taken":0.0},{"damage_healed":0,"gold_gain":0,"player_choice":"3","damage_taken":0,"max_hp_gain":0,"max_hp_loss":0,"event_name":"betterMatch:BetterMatch","floor":45,"gold_loss":0,"cards_obtained":["betterMatch:RareCard"]},{"damage_healed":0,"gold_gain":0,"player_choice":"Fight","damage_taken":0,"max_hp_gain":0,"max_hp_loss":0,"event_name":"Mysterious Sphere","floor":48,"gold_loss":0}],"is_beta":false,"boss_relics":[{"not_picked":["halation:LoveArrow","hubris:Stopwatch"],"picked":"aspiration:IroncladSkillbook"},{"not_picked":["aspiration:PoetsPen_weak","hubris:GrandSneckoEye","Replay:Ancient Bell"]},{"not_picked":["reliquary:Ember","energizedSpire:DeadBattery"],"picked":"trackpad:StolenKidneys"}],"items_purged_floors":[28],"is_endless":true,"potions_floor_spawned":[5,12,16,19,41,44,46,48],"killed_by":"Jaw Worm","ascension_level":0}}