{"host":"13o02hya6v6rzuva","time":1613041591,"event":{"mods":["BaseMod","Minty Spire (QoL Compilation)","Relic Stats"],"gold_per_floor":[109,109,36,36,36,69,69,84,108,122,122,170,245,102,102,199,199,217,237,87,87,87,118,118,144,144,144,158,169,199,210,210,309,309,329,329,343,343,44,72,86,86,138,138,138,213,263,3,3,3,3],"floor_reached":50,"language":"ENG","playtime":1894,"items_purged":[],"score":927,"play_id":"0eb1c93e-62a5-46a2-9a22-a4a468c7b475","local_time":"20210211120631","is_ascension_mode":true,"campfire_choices":[{"data":"Footwork","floor":7,"key":"SMITH"},{"data":"Caltrops","floor":11,"key":"SMITH"},{"data":"Caltrops","floor":15,"key":"SMITH"},{"floor":32,"key":"REST"},{"floor":42,"key":"REST"},{"floor":45,"key":"RECALL"},{"data":"PiercingWail","floor":49,"key":"SMITH"}],"circlet_count":0,"master_deck":["AscendersBane","Defend_G","Defend_G+1","Defend_G","Defend_G","Defend_G","Survivor+1","Neutralize","Footwork+1","Venomology","Predator","Caltrops+1","Caltrops+1","PiercingWail","Glass Knife+1","CurseOfTheBell","Flechettes+1","Cloak And Dagger","Adrenaline","Blade Dance","Distraction","Cloak And Dagger","Noxious Fumes+1","PiercingWail+1","Adrenaline","Backflip+1","Blade Dance+1","Infinite Blades"],"relics":["Ring of the Snake","NeowsBlessing","Tingsha","Oddly Smooth Stone","Happy Flower","Lee\u0027s Waffle","Calling Bell","Lantern","Shuriken","Lizard Tail","Juzu Bracelet","Pantograph","Nunchaku","Sundial","War Paint","Tiny Chest","Black Star","TheAbacus","Ancient Tea Set","Bottled Lightning","CeramicFish","InkBottle","Peace Pipe","Ninja Scroll"],"acts_visited":["Exordium","TheCity","TheBeyond"],"potions_floor_usage":[12,16,23,25,25,28,29,33,37,40,41,47,50],"damage_taken":[{"damage":0,"enemies":"Small Slimes","floor":1,"turns":1},{"damage":0,"enemies":"Gremlin Nob","floor":6,"turns":1},{"damage":0,"enemies":"2 Louse","floor":8,"turns":1},{"damage":3,"enemies":"Jaw Worm","floor":10,"turns":4},{"damage":0,"enemies":"Lagavulin","floor":12,"turns":10},{"damage":9,"enemies":"Hexaghost","floor":16,"turns":9},{"damage":0,"enemies":"Chosen","floor":18,"turns":4},{"damage":6,"enemies":"3 Byrds","floor":19,"turns":2},{"damage":43,"enemies":"Slavers","floor":23,"turns":6},{"damage":21,"enemies":"Book of Stabbing","floor":25,"turns":4},{"damage":10,"enemies":"Snecko","floor":28,"turns":3},{"damage":10,"enemies":"Snake Plant","floor":29,"turns":3},{"damage":3,"enemies":"Gremlin Leader","floor":30,"turns":6},{"damage":3,"enemies":"Centurion and Healer","floor":31,"turns":5},{"damage":55,"enemies":"Champ","floor":33,"turns":11},{"damage":2,"enemies":"Orb Walker","floor":35,"turns":3},{"damage":9,"enemies":"3 Darklings","floor":37,"turns":7},{"damage":18,"enemies":"Nemesis","floor":40,"turns":7},{"damage":21,"enemies":"Writhing Mass","floor":41,"turns":9},{"damage":0,"enemies":"Mind Bloom Boss Battle","floor":47,"turns":5},{"damage":90,"enemies":"Donu and Deca","floor":50,"turns":7}],"seed_played":"-639027965073922093","potions_obtained":[{"floor":1,"key":"CultistPotion"},{"floor":23,"key":"Fire Potion"},{"floor":25,"key":"DistilledChaos"},{"floor":29,"key":"PowerPotion"},{"floor":33,"key":"Swift Potion"},{"floor":47,"key":"Fruit Juice"}],"is_trial":false,"path_per_floor":["M","?","$","?","?","E","R","M","T","M","R","E","?","$","R","B",null,"M","M","$","?","?","E","?","E","T","?","M","M","E","M","R","B",null,"M","?","M","?","$","E","M","R","T","?","R","T","?","$","R","B"],"character_chosen":"THE_SILENT","items_purchased":["Footwork","Lee\u0027s Waffle","Juzu Bracelet","TheAbacus","Ancient Tea Set","Ninja Scroll"],"campfire_rested":2,"item_purchase_floors":[3,14,20,39,39,48],"current_hp_per_floor":[63,68,68,61,61,61,61,61,61,58,58,58,47,82,82,73,80,80,74,74,74,74,31,31,10,10,10,41,31,28,25,49,19,66,64,64,55,55,55,37,16,40,40,40,40,40,70,70,70,0,0],"gold":3,"neow_bonus":"THREE_ENEMY_KILL","is_daily":false,"chose_seed":false,"campfire_upgraded":4,"win_rate":0.0,"timestamp":1613041591,"path_taken":["M","?","$","?","?","E","R","M","T","M","R","E","?","$","R","BOSS","M","M","$","?","?","E","?","E","T","?","M","M","E","M","R","BOSS","M","?","M","?","$","E","M","R","T","?","R","?","?","$","R","BOSS"],"items_purchased_type":["Card","Relic","Relic","Relic","Relic","Relic"],"build_version":"2020-12-22","purchased_purges":0,"victory":false,"max_hp_per_floor":[70,75,75,75,75,75,75,75,75,75,75,75,75,82,82,82,82,82,82,82,82,82,82,82,82,82,82,82,82,82,82,82,82,82,82,82,82,82,82,82,82,82,82,82,82,82,87,87,87,87,87],"relic_stats":{"Lee\u0027s Waffle":35,"Happy Flower":[30],"counters":[21,108],"CeramicFish":0,"Tingsha":[100],"Juzu Bracelet":4,"War Paint":["Defend_G","Survivor"],"Peace Pipe":0,"Lizard Tail":41,"Nunchaku":[17],"TheAbacus":[30],"Shuriken":[41],"Sundial":[6],"Pantograph":67,"Tiny Chest":1,"Black Star":1,"obtain_stats":[{"Lee\u0027s Waffle":14,"Lantern":17,"NeowsBlessing":0,"Happy Flower":12,"CeramicFish":40,"Oddly Smooth Stone":9,"Tingsha":6,"Juzu Bracelet":20,"War Paint":26,"Ancient Tea Set":39,"Calling Bell":17,"Peace Pipe":47,"Lizard Tail":17,"Nunchaku":23,"TheAbacus":39,"Shuriken":17,"Sundial":25,"Ninja Scroll":48,"Pantograph":21,"Tiny Chest":30,"Black Star":34,"Bottled Lightning":40,"InkBottle":46,"Ring of the Snake":0},{"Lee\u0027s Waffle":5,"Lantern":6,"NeowsBlessing":0,"Happy Flower":5,"CeramicFish":18,"Oddly Smooth Stone":3,"Tingsha":2,"Juzu Bracelet":8,"War Paint":10,"Ancient Tea Set":17,"Calling Bell":6,"Peace Pipe":20,"Lizard Tail":6,"Nunchaku":9,"TheAbacus":17,"Shuriken":6,"Sundial":10,"Ninja Scroll":20,"Pantograph":8,"Tiny Chest":13,"Black Star":15,"Bottled Lightning":18,"InkBottle":19,"Ring of the Snake":0},{"Lee\u0027s Waffle":17,"Lantern":26,"NeowsBlessing":0,"Happy Flower":17,"CeramicFish":87,"Oddly Smooth Stone":3,"Tingsha":2,"Juzu Bracelet":32,"War Paint":42,"Ancient Tea Set":80,"Calling Bell":26,"Peace Pipe":101,"Lizard Tail":26,"Nunchaku":38,"TheAbacus":80,"Shuriken":26,"Sundial":42,"Ninja Scroll":101,"Pantograph":32,"Tiny Chest":54,"Black Star":70,"Bottled Lightning":87,"InkBottle":96,"Ring of the Snake":0}],"InkBottle":[8],"Ring of the Snake":[42]},"card_choices":[{"not_picked":["Setup","Endless Agony"],"picked":"Flying Knee","floor":1},{"not_picked":["Flying Knee","Slice"],"picked":"Predator","floor":6},{"not_picked":["Dagger Throw","Underhanded Strike"],"picked":"Caltrops","floor":8},{"not_picked":["Flying Knee","Cloak And Dagger"],"picked":"Caltrops","floor":10},{"not_picked":["Eviscerate","Slice"],"picked":"PiercingWail","floor":12},{"not_picked":["Night Terror","Venomology"],"picked":"Glass Knife","floor":16},{"not_picked":["Riddle With Holes","Setup+1"],"picked":"Flechettes+1","floor":18},{"not_picked":["Sucker Punch+1","Prepared"],"picked":"Cloak And Dagger","floor":19},{"not_picked":["Catalyst","Blur"],"picked":"Adrenaline","floor":23},{"not_picked":["Endless Agony","Underhanded Strike"],"picked":"Blade Dance","floor":25},{"not_picked":["Prepared+1","Slice"],"picked":"Distraction","floor":28},{"not_picked":["Calculated Gamble+1","Concentrate"],"picked":"Cloak And Dagger","floor":29},{"not_picked":["Flying Knee","Slice"],"picked":"Noxious Fumes+1","floor":30},{"not_picked":["Quick Slash+1","Cloak And Dagger"],"picked":"PiercingWail","floor":31},{"not_picked":["Bullet Time","Grand Finale"],"picked":"Adrenaline","floor":33},{"not_picked":["Slice","Dagger Spray"],"picked":"Backflip+1","floor":35},{"not_picked":["Infinite Blades","Dagger Spray+1"],"picked":"Blade Dance+1","floor":37},{"not_picked":["Flechettes","Die Die Die","Bane+1"],"picked":"SKIP","floor":40},{"not_picked":["Deadly Poison+1","Dagger Spray+1","Flying Knee"],"picked":"SKIP","floor":41}],"player_experience":1216273,"relics_obtained":[{"floor":6,"key":"Tingsha"},{"floor":9,"key":"Oddly Smooth Stone"},{"floor":12,"key":"Happy Flower"},{"floor":17,"key":"Lantern"},{"floor":17,"key":"Shuriken"},{"floor":17,"key":"Lizard Tail"},{"floor":23,"key":"Nunchaku"},{"floor":25,"key":"Sundial"},{"floor":26,"key":"War Paint"},{"floor":30,"key":"Tiny Chest"},{"floor":40,"key":"Bottled Lightning"},{"floor":40,"key":"CeramicFish"},{"floor":46,"key":"InkBottle"},{"floor":47,"key":"Peace Pipe"}],"event_choices":[{"damage_healed":0,"gold_gain":0,"player_choice":"Donut","damage_taken":0,"max_hp_gain":5,"max_hp_loss":0,"event_name":"Big Fish","floor":2,"gold_loss":0},{"cards_removed":["Strike_G"],"damage_healed":0,"gold_gain":0,"player_choice":"Card Removal","damage_taken":7,"max_hp_gain":0,"max_hp_loss":0,"event_name":"Golden Wing","floor":4,"gold_loss":0},{"damage_healed":0,"gold_gain":0,"cards_transformed":["Strike_G"],"player_choice":"Change","damage_taken":0,"max_hp_gain":0,"max_hp_loss":0,"event_name":"Living Wall","floor":5,"gold_loss":0,"cards_obtained":["Venomology"]},{"damage_healed":0,"gold_gain":75,"player_choice":"Gather Gold","damage_taken":11,"max_hp_gain":0,"max_hp_loss":0,"event_name":"World of Goop","floor":13,"gold_loss":0},{"damage_healed":0,"gold_gain":0,"player_choice":"Opened","damage_taken":0,"relics_obtained":["Pantograph"],"max_hp_gain":0,"max_hp_loss":0,"event_name":"The Mausoleum","floor":21,"gold_loss":0},{"cards_removed":["Strike_G"],"damage_healed":0,"gold_gain":0,"player_choice":"Purged","damage_taken":0,"max_hp_gain":0,"max_hp_loss":0,"event_name":"Purifier","floor":22,"gold_loss":0},{"damage_healed":0,"gold_gain":0,"player_choice":"Upgraded","damage_taken":0,"max_hp_gain":0,"max_hp_loss":0,"event_name":"Upgrade Shrine","floor":24,"gold_loss":0,"cards_upgraded":["Glass Knife"]},{"damage_healed":0,"gold_gain":0,"cards_transformed":["Strike_G"],"player_choice":"Transformed","damage_taken":0,"max_hp_gain":0,"max_hp_loss":0,"event_name":"Transmorgrifier","floor":27,"gold_loss":0,"cards_obtained":["Storm of Steel"]},{"cards_removed":["Strike_G"],"damage_healed":0,"gold_gain":0,"player_choice":"Removed Attack","damage_taken":0,"max_hp_gain":0,"max_hp_loss":0,"event_name":"Falling","floor":36,"gold_loss":0},{"damage_healed":0,"gold_gain":0,"cards_transformed":["Storm of Steel"],"player_choice":"Transformed","damage_taken":0,"max_hp_gain":0,"max_hp_loss":0,"event_name":"Transmorgrifier","floor":38,"gold_loss":0,"cards_obtained":["Infinite Blades"]},{"cards_removed":["Flying Knee"],"damage_healed":0,"gold_gain":0,"player_choice":"Purged","damage_taken":0,"max_hp_gain":0,"max_hp_loss":0,"event_name":"Purifier","floor":44,"gold_loss":0},{"damage_healed":0,"gold_gain":0,"player_choice":"Fight","damage_taken":0,"max_hp_gain":0,"max_hp_loss":0,"event_name":"MindBloom","floor":47,"gold_loss":0}],"is_beta":false,"boss_relics":[{"not_picked":["HoveringKite","Coffee Dripper"],"picked":"Calling Bell"},{"not_picked":["Sozu","Pandora\u0027s Box"],"picked":"Black Star"}],"items_purged_floors":[],"is_endless":false,"potions_floor_spawned":[1,12,16,23,25,29,33,37,41,47],"killed_by":"Donu and Deca","ascension_level":11}}