{"host":"bplbr8uekuotory4","time":1613037659,"event":{"mods":["Act Like it!","BaseMod","GungeonMod","Hermit","KinomotoSakuraMod(木之本樱)","Marisa（F雨　魔理沙）","Minty Spire (QoL Compilation)","Prisma Mod","Quick Restart","Reimu（博丽灵梦）","SOS（斯巴达之子）","Spicy Shops","StSLib","TestMod","The Blackbeard","The Cursed","The Mystic","The Saiyan","The Senshi","The Servant 0.9.4","Yuri Mod","[IsaacMod]以撒尖塔"],"gold_per_floor":[112,112,112,129,5,30,30,45,68,84,96,96,177,211,211,211,211],"floor_reached":16,"language":"ZHS","playtime":227,"items_purged":["Strike_MRS"],"score":243,"play_id":"9af95dc3-667f-4e95-800b-b121b1573cc1","local_time":"20210211180059","is_ascension_mode":true,"campfire_choices":[{"data":"PowerUp","floor":7,"key":"SMITH"},{"data":"UpSweep","floor":15,"key":"SMITH"}],"circlet_count":0,"master_deck":["AscendersBane","Strike_MRS","Strike_MRS","Strike_MRS","Defend_MRS","Defend_MRS","Defend_MRS","Defend_MRS","MasterSpark","UpSweep+1","MagicAbsorber","PowerUp+1","Parasite","Parasite","WitchLeyline","ShootingEcho","Parasite"],"relics":["MiniHakkero","testmod-TestBox","HushsDoor","SteamSale","testmod-Hope","NeowsBlessing","Blood Vial","testmod-TurbochargingSystem","ShroomBag","Potion Belt","DemoMod:GlassGuonStoneRelic","DemoMod:MonsterBlood"],"acts_visited":["Exordium"],"potions_floor_usage":[16,16,16,16],"damage_taken":[{"damage":0,"enemies":"Small Slimes","floor":1,"turns":1},{"damage":0,"enemies":"Cultist","floor":4,"turns":1},{"damage":0,"enemies":"3 Sentries","floor":6,"turns":2},{"damage":10,"enemies":"Jaw Worm","floor":8,"turns":2},{"damage":1,"enemies":"Red Slaver","floor":10,"turns":2},{"damage":0,"enemies":"2 Fungi Beasts","floor":11,"turns":1},{"damage":32,"enemies":"Gremlin Nob","floor":14,"turns":4},{"damage":0,"enemies":"Hexaghost","floor":16,"turns":2}],"seed_played":"5805488655781119215","potions_obtained":[{"floor":6,"key":"LiquidMemories"},{"floor":8,"key":"AttackPotion"},{"floor":11,"key":"PowerPotion"},{"floor":14,"key":"Weak Potion"}],"is_trial":false,"path_per_floor":["M","$","?","M","$","E","R","M","T","M","M","?","?","E","R","B"],"character_chosen":"MARISA","items_purchased":["testmod-TurbochargingSystem"],"campfire_rested":0,"item_purchase_floors":[5],"current_hp_per_floor":[63,63,48,50,50,52,52,48,48,51,53,70,55,38,38,44,44],"gold":211,"neow_bonus":"THREE_ENEMY_KILL","is_daily":false,"chose_seed":false,"campfire_upgraded":2,"win_rate":0.0,"timestamp":1613037659,"path_taken":["M","$","?","M","$","E","R","M","T","M","M","?","?","E","R","BOSS"],"items_purchased_type":["Relic"],"build_version":"2020-12-22","purchased_purges":1,"victory":false,"max_hp_per_floor":[70,70,70,70,70,70,70,70,70,70,70,70,70,77,77,77,77],"card_choices":[{"not_picked":["Occultation","DarkMatter"],"picked":"MagicAbsorber","floor":1},{"not_picked":["GalacticHalo","GrandCross"],"picked":"PowerUp","floor":4},{"not_picked":["IllusionStar","MagicAbsorber"],"picked":"WitchLeyline","floor":6},{"not_picked":["NonDirectionalLaser","JA","Occultation"],"picked":"SKIP","floor":8},{"not_picked":["EventHorizon","Acceleration"],"picked":"Bomb","floor":10},{"not_picked":["IllusionStar","SporeBomb"],"picked":"ShootingEcho","floor":11},{"not_picked":["PowerUp","WitchOfGreed"],"picked":"Bomb","floor":14}],"player_experience":1142072,"relics_obtained":[{"floor":6,"key":"ShroomBag"},{"floor":9,"key":"Potion Belt"},{"floor":14,"key":"DemoMod:MonsterBlood"}],"event_choices":[{"damage_healed":17,"gold_gain":0,"player_choice":"Healed and dodged fight","damage_taken":0,"max_hp_gain":0,"max_hp_loss":0,"event_name":"Mushrooms_MRS","floor":12,"gold_loss":0,"cards_obtained":["Parasite"]}],"is_beta":false,"boss_relics":[],"items_purged_floors":[5],"is_endless":false,"potions_floor_spawned":[6,8,11,14],"killed_by":"Hexaghost","ascension_level":16}}