{"host":"344lv32hnei0mdhu","time":1613015041,"event":{"mods":["Act Like it!","BaseMod","Better Match","Better Sensory Stone","Better Skull","Better Third Choice","Better Vampires","Colored Powertips","Highlight Path","Minty Spire (QoL Compilation)","Quick Restart","Random Character Button","Rare Cards Sparkle","StSLib"],"gold_per_floor":[116,17,35,35,210,237,248,262,289,289,299,299,317,348,348,449,449,437,185,185,205,217,217,251,251,251,251,251,68,168,199,199,199,199],"floor_reached":33,"language":"ENG","playtime":1368,"items_purged":["Doubt"],"score":509,"play_id":"a858ad23-1703-4dd2-bbc6-90ba1e2af990","local_time":"20210210214401","is_ascension_mode":true,"campfire_choices":[{"data":"Spot Weakness","floor":10,"key":"SMITH"},{"data":"Shockwave","floor":12,"key":"SMITH"},{"data":"Rage","floor":15,"key":"SMITH"},{"floor":23,"key":"REST"},{"floor":25,"key":"REST"},{"floor":27,"key":"REST"},{"floor":32,"key":"REST"}],"circlet_count":0,"master_deck":["AscendersBane","Strike_R+1","Strike_R","Strike_R+1","Strike_R+1","Strike_R","Defend_R","Defend_R","Defend_R","Defend_R","Bash+1","Rage","Spot Weakness+1","Anger","Fire Breathing","Shockwave+1","Heavy Blade","Twin Strike","Rage+1","Impervious","Shockwave+1","Berserk","Uppercut","Master of Strategy","Corruption","Shrug It Off","Inflame","Pummel","Double Tap"],"relics":["Black Blood","NeowsBlessing","PreservedInsect","Whetstone","Bronze Scales","Letter Opener","Thread and Needle","ClockworkSouvenir","StoneCalendar","Blue Candle","Boot"],"acts_visited":["Exordium","TheCity"],"potions_floor_usage":[11,11,24,24],"damage_taken":[{"damage":0,"enemies":"Jaw Worm","floor":1,"turns":1},{"damage":0,"enemies":"2 Louse","floor":3,"turns":1},{"damage":0,"enemies":"3 Sentries","floor":6,"turns":1},{"damage":10,"enemies":"Small Slimes","floor":7,"turns":3},{"damage":7,"enemies":"Blue Slaver","floor":8,"turns":4},{"damage":15,"enemies":"Exordium Thugs","floor":11,"turns":5},{"damage":6,"enemies":"2 Fungi Beasts","floor":13,"turns":4},{"damage":25,"enemies":"Gremlin Nob","floor":14,"turns":4},{"damage":19,"enemies":"The Guardian","floor":16,"turns":8},{"damage":21,"enemies":"2 Thieves","floor":18,"turns":4},{"damage":14,"enemies":"Shell Parasite","floor":21,"turns":3},{"damage":29,"enemies":"Snake Plant","floor":22,"turns":4},{"damage":52,"enemies":"Slavers","floor":24,"turns":5},{"damage":19,"enemies":"Colosseum Slavers","floor":30,"turns":4},{"damage":15,"enemies":"Colosseum Nobs","floor":30,"turns":5},{"damage":44,"enemies":"Book of Stabbing","floor":31,"turns":5},{"damage":82,"enemies":"Champ","floor":33,"turns":14}],"seed_played":"-8047834078868563441","potions_obtained":[{"floor":1,"key":"SkillPotion"},{"floor":6,"key":"Weak Potion"},{"floor":13,"key":"BlessingOfTheForge"},{"floor":14,"key":"GamblersBrew"},{"floor":30,"key":"ElixirPotion"}],"is_trial":false,"path_per_floor":["M","$","M","?","?","E","M","M","T","R","M","R","M","E","R","B",null,"M","$","?","M","M","R","E","R","T","R","?","$","?","E","R","B"],"character_chosen":"IRONCLAD","items_purchased":["Spot Weakness","Anger","Berserk","Uppercut","ClockworkSouvenir","Pummel"],"campfire_rested":4,"item_purchase_floors":[2,2,19,19,29,29],"current_hp_per_floor":[78,78,80,64,64,70,66,65,65,65,56,56,56,37,37,24,66,57,57,57,55,38,62,22,46,46,70,70,70,60,28,52,0,0],"gold":199,"neow_bonus":"THREE_ENEMY_KILL","is_daily":false,"chose_seed":false,"campfire_upgraded":3,"win_rate":0.0,"timestamp":1613015041,"path_taken":["M","$","M","?","?","E","M","M","T","R","M","R","M","E","R","BOSS","M","$","?","M","M","R","E","R","T","R","?","$","?","E","R","BOSS"],"items_purchased_type":["Card","Card","Card","Card","Relic","Card"],"build_version":"2020-12-22","purchased_purges":1,"victory":false,"max_hp_per_floor":[80,80,80,80,80,80,80,80,80,80,80,80,80,80,80,80,80,80,80,80,80,80,80,80,80,80,80,80,80,80,80,80,80,80],"card_choices":[{"not_picked":["Rupture","Cleave"],"picked":"Rage","floor":1},{"not_picked":["True Grit","Dropkick"],"picked":"Fire Breathing","floor":3},{"not_picked":["Anger","Ghostly Armor"],"picked":"Shockwave","floor":6},{"not_picked":["Burning Pact","Cleave","Sever Soul"],"picked":"SKIP","floor":7},{"not_picked":["Cleave","Wild Strike"],"picked":"Heavy Blade","floor":8},{"not_picked":["Sever Soul","Headbutt"],"picked":"Twin Strike","floor":11},{"not_picked":["Combust","Sentinel","Warcry"],"picked":"SKIP","floor":13},{"not_picked":["Anger","Shrug It Off"],"picked":"Rage","floor":14},{"not_picked":["Barricade","Bludgeon"],"picked":"Impervious","floor":16},{"not_picked":["Havoc","Warcry"],"picked":"Shockwave+1","floor":18},{"not_picked":["Swift Strike","Finesse"],"picked":"Master of Strategy","floor":20},{"not_picked":["Rampage","Headbutt","Body Slam"],"picked":"SKIP","floor":21},{"not_picked":["Wild Strike","Clothesline"],"picked":"Corruption","floor":22},{"not_picked":["Burning Pact","Havoc"],"picked":"Shrug It Off","floor":24},{"not_picked":["True Grit+1","Havoc"],"picked":"Double Tap","floor":31}],"player_experience":428651,"relics_obtained":[{"floor":6,"key":"PreservedInsect"},{"floor":9,"key":"Whetstone"},{"floor":14,"key":"Bronze Scales"},{"floor":24,"key":"Letter Opener"},{"floor":26,"key":"Thread and Needle"},{"floor":30,"key":"StoneCalendar"},{"floor":30,"key":"Blue Candle"},{"floor":31,"key":"Boot"}],"event_choices":[{"damage_healed":80,"gold_gain":0,"player_choice":"Upgrade","damage_taken":16,"max_hp_gain":0,"max_hp_loss":80,"event_name":"betterThird:BetterShining","floor":4,"gold_loss":0,"cards_upgraded":["Strike_R","Strike_R"]},{"damage_healed":0,"gold_gain":175,"player_choice":"AGREE","damage_taken":35,"max_hp_gain":0,"max_hp_loss":0,"event_name":"betterThird:BetterSerpent","floor":5,"gold_loss":0},{"damage_healed":0,"gold_gain":2,"player_choice":"1","damage_taken":0,"max_hp_gain":0,"max_hp_loss":0,"event_name":"betterStone:BetterStone","floor":20,"gold_loss":0},{"damage_healed":0,"gold_gain":0,"player_choice":"Read","damage_taken":0,"max_hp_gain":0,"max_hp_loss":0,"event_name":"The Library","floor":28,"gold_loss":0,"cards_obtained":["Inflame"]},{"damage_healed":0,"gold_gain":0,"player_choice":"Fight","damage_taken":0,"max_hp_gain":0,"max_hp_loss":0,"event_name":"Colosseum","floor":30,"gold_loss":0},{"damage_healed":0,"gold_gain":0,"player_choice":"Fought Nobs","damage_taken":0,"max_hp_gain":0,"max_hp_loss":0,"event_name":"Colosseum","floor":30,"gold_loss":0}],"is_beta":false,"boss_relics":[{"not_picked":["Coffee Dripper","Astrolabe"],"picked":"Black Blood"}],"items_purged_floors":[19],"is_endless":false,"potions_floor_spawned":[1,6,8,13,14,21,30,30],"killed_by":"Champ","ascension_level":12}}