{"host":"ly2k09o7mhu4m2ip","time":1613004895,"event":{"mods":["BaseMod","Colored Map","Colored Powertips","Downfall","Highlight Path","Minty Spire (QoL Compilation)","StSLib"],"gold_per_floor":[99,114,129,129,129,157,157,187,187,212,212,52,13,30,43,139,139,139,149,167,6,24,35,87,121,121,137,147,160,191,206,221,324,324,324,337,93,111,111,111,111,139,139,165,184,184,184,212,230,230],"floor_reached":51,"language":"ENG","playtime":3653,"items_purged":[],"score":914,"play_id":"3200539d-68ec-4dc7-b1ff-cb970d4d2a87","local_time":"20210211015455","is_ascension_mode":true,"campfire_choices":[{"data":"bronze:Defend","floor":1,"key":"SMITH"},{"floor":9,"key":"REST"},{"floor":18,"key":"RECALL"},{"data":"bronze:GetLatest","floor":26,"key":"SMITH"},{"data":"bronze:HardenedForm","floor":35,"key":"SMITH"},{"floor":47,"key":"REST"}],"circlet_count":0,"master_deck":["bronze:Strike","bronze:Strike","bronze:Strike","bronze:Defend","bronze:Defend","bronze:Defend","bronze:Defend+1","bronze:Replicate","bronze:Goto","bronze:Constructor","bronze:Iterate+1","bronze:HardenedForm+1","bronze:Branch+1","bronze:RecursiveStrike","bronze:Spike","bronze:DelayedSlice","bronze:Iterate","bronze:ClassDefault","bronze:HardenedForm","bronze:WhirlingStrike","expansioncontent:Hexaburn","bronze:Flail","bronze:GetLatest+1","bronze:Frontload","bronze:BitShift+1","bronze:Optimize","bronze:Turbo","bronze:SpaghettiCode","bronze:DigitalCarnage","bronze:Boost+1"],"relics":["bronze:PlatinumCore","Nunchaku","Bag of Preparation","Shuriken","Singing Bowl","Whetstone","HandDrill","Mummified Hand","Strawberry","HornCleat","Philosopher\u0027s Stone","Mercury Hourglass","Ornamental Fan","MealTicket","Lantern","PreservedInsect"],"acts_visited":["Exordium","TheCity","TheBeyond"],"potions_floor_usage":[6,16,16,23,30,33,33,33,50],"damage_taken":[{"damage":6,"enemies":"Jaw Worm","floor":2,"turns":4},{"damage":0,"enemies":"2 Louse","floor":3,"turns":3},{"damage":28,"enemies":"Gremlin Nob","floor":6,"turns":5},{"damage":15,"enemies":"3 Sentries","floor":8,"turns":8},{"damage":0,"enemies":"Gremlin Nob","floor":10,"turns":4},{"damage":13,"enemies":"Gremlin Nob","floor":11,"turns":3},{"damage":0,"enemies":"downfall:FleeingMerchant","floor":12,"turns":4},{"damage":0,"enemies":"downfall:FleeingMerchant","floor":13,"turns":4},{"damage":0,"enemies":"Cultist","floor":14,"turns":2},{"damage":0,"enemies":"2 Fungi Beasts","floor":15,"turns":1},{"damage":26,"enemies":"DF_ARCHETYPE_STREAMLINE","floor":16,"turns":5},{"damage":0,"enemies":"Chosen","floor":19,"turns":3},{"damage":0,"enemies":"Snecko","floor":20,"turns":4},{"damage":5,"enemies":"downfall:FleeingMerchant","floor":21,"turns":3},{"damage":0,"enemies":"Centurion and Healer","floor":22,"turns":4},{"damage":10,"enemies":"Snake Plant","floor":23,"turns":4},{"damage":27,"enemies":"Slavers","floor":25,"turns":4},{"damage":0,"enemies":"Chosen and Byrds","floor":27,"turns":3},{"damage":23,"enemies":"Centurion and Healer","floor":28,"turns":4},{"damage":14,"enemies":"Snake Plant","floor":29,"turns":2},{"damage":0,"enemies":"Book of Stabbing","floor":30,"turns":3},{"damage":7,"enemies":"Shelled Parasite and Fungi","floor":31,"turns":4},{"damage":0,"enemies":"Chosen and Byrds","floor":32,"turns":3},{"damage":6,"enemies":"SI_MIRROR_ARCHETYPE","floor":33,"turns":4},{"damage":0,"enemies":"Orb Walker","floor":36,"turns":2},{"damage":13,"enemies":"3 Shapes","floor":38,"turns":3},{"damage":29,"enemies":"Nemesis","floor":42,"turns":7},{"damage":27,"enemies":"Reptomancer","floor":44,"turns":3},{"damage":0,"enemies":"Transient","floor":45,"turns":5},{"damage":3,"enemies":"Giant Head","floor":48,"turns":6},{"damage":0,"enemies":"3 Darklings","floor":49,"turns":2},{"damage":51,"enemies":"WA_ARCHETYPE_DIVINITY","floor":50,"turns":7}],"seed_played":"4234302736863611483","potions_obtained":[{"floor":3,"key":"Strength Potion"},{"floor":8,"key":"bronze:BurnAndBuffPotion"},{"floor":10,"key":"Weak Potion"},{"floor":14,"key":"Strength Potion"},{"floor":23,"key":"Fruit Juice"},{"floor":27,"key":"PowerPotion"},{"floor":29,"key":"Swift Potion"},{"floor":31,"key":"DistilledChaos"},{"floor":32,"key":"ColorlessPotion"},{"floor":33,"key":"SmokeBomb"},{"floor":36,"key":"ColorlessPotion"},{"floor":42,"key":"ColorlessPotion"},{"floor":45,"key":"ColorlessPotion"}],"is_trial":false,"path_per_floor":["R","M","M","?","?","E","T","E","R","E","?","$","$","M","M","B",null,"R","M","M","$","M","M","T","E","R","M","M","M","E","M","M","B",null,"R","M","$","M","$","?","T","E","$","E","M","?","R","E","M","B",null],"character_chosen":"THE_AUTOMATON","items_purchased":["HandDrill","bronze:Iterate","Mummified Hand","expansioncontent:Hexaburn","bronze:Flail","bronze:GetLatest","Mercury Hourglass"],"campfire_rested":2,"item_purchase_floors":[12,13,21,21,21,21,37],"current_hp_per_floor":[70,64,64,64,64,36,36,21,42,42,31,31,33,33,35,9,76,76,76,78,75,75,70,70,52,52,54,33,19,21,14,16,10,102,102,104,104,91,91,93,93,66,81,56,58,58,91,88,90,39],"gold":230,"neow_bonus":"RANDOM_COMMON_RELIC","is_daily":false,"chose_seed":false,"campfire_upgraded":3,"win_rate":0.0,"timestamp":1613004895,"path_taken":["R","M","M","?","?","E","T","E","R","E","?","?","$","M","M","BOSS","R","M","M","$","M","M","T","E","R","M","M","?","E","M","M","BOSS","R","M","$","M","$","?","T","E","$","E","M","?","R","E","M","BOSS"],"items_purchased_type":["Relic","Card","Relic","Card","Card","Card","Relic"],"build_version":"2020-12-22","purchased_purges":0,"victory":true,"max_hp_per_floor":[70,70,70,70,70,70,70,70,70,70,72,72,74,74,76,76,76,76,76,78,80,80,85,85,94,94,96,98,98,100,100,102,102,102,102,104,104,104,104,106,106,108,108,110,112,112,112,112,114,114],"card_choices":[{"not_picked":["bronze:Return","bronze:Deprecate"],"picked":"bronze:Constructor","floor":2},{"not_picked":["bronze:OilSpill","bronze:FineTuning"],"picked":"bronze:Iterate","floor":3},{"not_picked":["bronze:Optimize","bronze:Separator"],"picked":"bronze:HardenedForm","floor":6},{"not_picked":["bronze:Turbo","bronze:Terminator"],"picked":"bronze:Branch","floor":8},{"not_picked":["bronze:GetLatest","bronze:Return"],"picked":"bronze:RecursiveStrike","floor":10},{"not_picked":[],"picked":"bronze:Spike","floor":11},{"not_picked":["bronze:Constructor","bronze:FineTuning","bronze:Deprecate"],"picked":"Singing Bowl","floor":11},{"not_picked":["bronze:Shield","bronze:Philosophize"],"picked":"bronze:DelayedSlice","floor":12},{"not_picked":["bronze:CleanCode","bronze:BuggyMess","bronze:Overload"],"picked":"Singing Bowl","floor":13},{"not_picked":["bronze:Shield","bronze:BitShift"],"picked":"bronze:ClassDefault","floor":14},{"not_picked":["bronze:ClassDefault","bronze:Constructor","bronze:Branch"],"picked":"Singing Bowl","floor":15},{"not_picked":["bronze:FindAndReplace","bronze:BurnOut"],"picked":"bronze:HardenedForm","floor":16},{"not_picked":["bronze:Philosophize","bronze:ChildClass"],"picked":"bronze:WhirlingStrike","floor":19},{"not_picked":["bronze:MaxOutput","bronze:WildBeam","bronze:Invalidate+1"],"picked":"Singing Bowl","floor":20},{"not_picked":["bronze:Overheat","bronze:BitShift","bronze:ItsAFeature"],"picked":"Singing Bowl","floor":21},{"not_picked":["bronze:Shield","bronze:Branch"],"picked":"bronze:Frontload","floor":22},{"not_picked":["bronze:Constructor","bronze:Shield"],"picked":"bronze:BitShift+1","floor":23},{"not_picked":["bronze:Iterate","bronze:BronzeOrb","bronze:DelayedGuard+1"],"picked":"Singing Bowl","floor":25},{"not_picked":["bronze:CutThrough","bronze:WildBeam","bronze:OilSpill"],"picked":"Singing Bowl","floor":27},{"not_picked":["bronze:BuggyMess","bronze:ShipIt","bronze:Optimize"],"picked":"Singing Bowl","floor":28},{"not_picked":["bronze:Iterate","bronze:Invalidate"],"picked":"bronze:Optimize","floor":29},{"not_picked":["bronze:HyperBeam","bronze:CutThrough","bronze:ChildClass"],"picked":"Singing Bowl","floor":30},{"not_picked":["bronze:Overload","bronze:Safeguard"],"picked":"bronze:Turbo","floor":31},{"not_picked":["bronze:Backtrace","bronze:Invalidate","bronze:Shield"],"picked":"Singing Bowl","floor":32},{"not_picked":["bronze:AlphaBuild","bronze:Break"],"picked":"bronze:SpaghettiCode","floor":33},{"not_picked":["bronze:WildBeam+1","bronze:Iterate+1","bronze:DarkDash+1"],"picked":"Singing Bowl","floor":36},{"not_picked":["bronze:Turbo+1","bronze:Philosophize+1"],"picked":"bronze:DigitalCarnage","floor":38},{"not_picked":["expansioncontent:Hexaburn","expansioncontent:Chronoboost","expansioncontent:InvincibleStrength"],"picked":"Singing Bowl","floor":40},{"not_picked":["bronze:WhirlingStrike","bronze:Repulsor","bronze:Branch+1"],"picked":"Singing Bowl","floor":42},{"not_picked":["bronze:Constructor+1","bronze:BitShift+1","bronze:Iterate"],"picked":"Singing Bowl","floor":44},{"not_picked":["bronze:DarkDash","bronze:Branch+1","bronze:ChildClass+1"],"picked":"Singing Bowl","floor":45},{"not_picked":["bronze:FineTuning","bronze:Fortify"],"picked":"bronze:Boost+1","floor":48},{"not_picked":["bronze:WhirlingStrike+1","bronze:Backtrace+1","bronze:Frontload+1"],"picked":"Singing Bowl","floor":49}],"player_experience":248799,"relics_obtained":[{"floor":6,"key":"Bag of Preparation"},{"floor":7,"key":"Shuriken"},{"floor":8,"key":"Singing Bowl"},{"floor":10,"key":"Whetstone"},{"floor":25,"key":"Strawberry"},{"floor":30,"key":"HornCleat"},{"floor":41,"key":"Ornamental Fan"},{"floor":42,"key":"MealTicket"},{"floor":44,"key":"Lantern"},{"floor":48,"key":"PreservedInsect"}],"event_choices":[],"is_beta":false,"boss_relics":[{"not_picked":["Sozu","Runic Dome"],"picked":"bronze:PlatinumCore"},{"not_picked":["bronze:MakeshiftBattery","Tiny House"],"picked":"Philosopher\u0027s Stone"}],"items_purged_floors":[],"is_endless":false,"potions_floor_spawned":[3,8,10,14,23,27,29,31,32,33,36,42,45,48],"ascension_level":1}}