{"host":"qgrlfjrqk9z96gfi","time":1613085355,"event":{"mods":["BaseMod","Block Reminder","Colored Map","Custom Start","DeckTracker","Minty Spire (QoL Compilation)"],"gold_per_floor":[12,12,22,22,39,39,70,84,130,143,143,171,171,136,136,210,210,230,230,230,243,243,243,243],"floor_reached":23,"language":"ENG","playtime":763,"items_purged":[],"score":423,"play_id":"07950f0f-93a0-4214-853a-86681b662c69","local_time":"20210211131555","is_ascension_mode":true,"campfire_choices":[{"data":"Dagger Spray","floor":6,"key":"SMITH"},{"floor":13,"key":"REST"},{"data":"Backstab","floor":15,"key":"SMITH"}],"circlet_count":0,"master_deck":["AscendersBane","Defend_G","Defend_G","Defend_G","Defend_G","Defend_G","Survivor","Neutralize+1","Envenom+1","PiercingWail","Slice","Dagger Spray+1","Backstab+1","Backflip+1","Cloak And Dagger+1","Deflect+1","Doppelganger+1","Acrobatics+1","Terror+1","Heel Hook","Bite","Bite","Bite","Bite","Bite"],"relics":["Ring of the Snake","Toxic Egg 2","Toy Ornithopter","Empty Cage"],"acts_visited":["Exordium","TheCity"],"potions_floor_usage":[7,10,12,16,21],"damage_taken":[{"damage":0,"enemies":"Small Slimes","floor":1,"turns":5},{"damage":0,"enemies":"Cultist","floor":3,"turns":5},{"damage":0,"enemies":"2 Louse","floor":5,"turns":4},{"damage":53,"enemies":"Gremlin Nob","floor":7,"turns":5},{"damage":3,"enemies":"Large Slime","floor":8,"turns":5},{"damage":0,"enemies":"Blue Slaver","floor":10,"turns":4},{"damage":22,"enemies":"3 Sentries","floor":12,"turns":7},{"damage":16,"enemies":"The Guardian","floor":16,"turns":15},{"damage":17,"enemies":"3 Byrds","floor":18,"turns":6},{"damage":9,"enemies":"2 Thieves","floor":21,"turns":4},{"damage":48,"enemies":"Book of Stabbing","floor":23,"turns":5}],"seed_played":"7293921707424172666","potions_obtained":[{"floor":3,"key":"Explosive Potion"},{"floor":8,"key":"Block Potion"},{"floor":10,"key":"Explosive Potion"},{"floor":12,"key":"CunningPotion"},{"floor":18,"key":"SkillPotion"}],"is_trial":false,"path_per_floor":["M","?","M","?","M","R","E","M","T","M","?","E","R","?","R","B",null,"M","?","?","M","?","E"],"character_chosen":"THE_SILENT","items_purchased":[],"campfire_rested":1,"item_purchase_floors":[],"current_hp_per_floor":[59,59,59,59,59,59,6,3,3,8,24,7,26,42,42,33,56,41,41,41,39,39,0,0],"gold":243,"neow_bonus":"THREE_RARE_CARDS","is_daily":false,"chose_seed":false,"campfire_upgraded":2,"win_rate":0.0,"timestamp":1613085355,"path_taken":["M","?","M","?","M","R","E","M","T","?","?","E","R","?","R","BOSS","M","?","?","?","?","E"],"items_purchased_type":[],"build_version":"2020-12-22","purchased_purges":0,"victory":false,"max_hp_per_floor":[66,66,66,66,66,66,66,66,66,66,66,66,66,66,66,66,63,63,63,63,63,63,63,63],"card_choices":[{"not_picked":["Venomology","Doppelganger"],"picked":"Envenom","floor":0},{"not_picked":["Caltrops","Prepared"],"picked":"PiercingWail","floor":1},{"not_picked":["Concentrate","Poisoned Stab"],"picked":"Slice","floor":3},{"not_picked":["Outmaneuver","Slice"],"picked":"Dagger Spray","floor":5},{"not_picked":["Acrobatics+1","Skewer"],"picked":"Backstab","floor":7},{"not_picked":["Prepared+1","Acrobatics+1"],"picked":"Backflip+1","floor":8},{"not_picked":["Reflex+1","Skewer"],"picked":"Cloak And Dagger+1","floor":10},{"not_picked":["All Out Attack","Underhanded Strike"],"picked":"Deflect+1","floor":12},{"not_picked":["Storm of Steel+1","Unload"],"picked":"Doppelganger+1","floor":16},{"not_picked":["PiercingWail+1","Dagger Throw+1"],"picked":"Acrobatics+1","floor":18},{"not_picked":["Underhanded Strike","Deflect+1","Backstab"],"picked":"SKIP","floor":21}],"player_experience":1128279,"relics_obtained":[{"floor":7,"key":"Toxic Egg 2"},{"floor":9,"key":"Toy Ornithopter"},{"floor":12,"key":"Blood Vial"}],"event_choices":[{"damage_healed":0,"gold_gain":0,"player_choice":"Grow","damage_taken":0,"max_hp_gain":0,"max_hp_loss":0,"event_name":"Living Wall","floor":2,"gold_loss":0,"cards_upgraded":["Envenom"]},{"damage_healed":0,"gold_gain":0,"player_choice":"Forge","damage_taken":0,"max_hp_gain":0,"max_hp_loss":0,"event_name":"Accursed Blacksmith","floor":4,"gold_loss":0,"cards_upgraded":["Neutralize"]},{"damage_healed":16,"gold_gain":0,"player_choice":"Healed and dodged fight","damage_taken":0,"max_hp_gain":0,"max_hp_loss":0,"event_name":"Mushrooms","floor":11,"gold_loss":0,"cards_obtained":["Parasite"]},{"damage_healed":16,"gold_gain":0,"player_choice":"Healed","damage_taken":0,"max_hp_gain":0,"max_hp_loss":0,"event_name":"The Cleric","floor":14,"gold_loss":35},{"damage_healed":0,"gold_gain":0,"player_choice":"Read","damage_taken":0,"max_hp_gain":0,"max_hp_loss":0,"event_name":"The Library","floor":19,"gold_loss":0,"cards_obtained":["Terror"]},{"damage_healed":0,"gold_gain":0,"cards_transformed":["Strike_G"],"player_choice":"Transformed","damage_taken":0,"max_hp_gain":0,"max_hp_loss":0,"event_name":"Transmorgrifier","floor":20,"gold_loss":0,"cards_obtained":["Heel Hook"]},{"damage_healed":0,"gold_gain":0,"player_choice":"Became a vampire (Vial)","damage_taken":0,"max_hp_gain":0,"max_hp_loss":0,"event_name":"Vampires","floor":22,"relics_lost":["Blood Vial"],"gold_loss":0,"cards_obtained":["Bite","Bite","Bite","Bite","Bite"]}],"is_beta":false,"boss_relics":[{"not_picked":["Black Star","Sozu"],"picked":"Empty Cage"}],"items_purged_floors":[],"is_endless":false,"potions_floor_spawned":[3,8,10,12,18],"killed_by":"Book of Stabbing","ascension_level":20}}