{"host":"w4b7hmige5bnqipq","time":1613023894,"event":{"mods":["2.2 Compatiblity","BaseMod","Colored Map","DeckTracker","Keyboard Shortcuts","Minty Spire (QoL Compilation)","Permanent Neow","Rare Cards Sparkle","SuperFastMode","everything is the same but u backflip on backflip","slay the spire mod where everything is the same but ironclad has a cowboy hat"],"gold_per_floor":[115,131,149,149,166,166,177,206,233,253,253,273,273,303,303,303,303],"floor_reached":16,"language":"KOR","playtime":398,"items_purged":[],"score":228,"play_id":"347b912b-f729-40bf-ac35-1fd4ae0931c0","local_time":"20210211151134","is_ascension_mode":true,"campfire_choices":[{"data":"Dagger Spray","floor":6,"key":"SMITH"},{"floor":13,"key":"REST"},{"data":"Noxious Fumes","floor":15,"key":"SMITH"}],"circlet_count":0,"master_deck":["AscendersBane","Strike_G","Strike_G","Strike_G","Strike_G","Strike_G","Defend_G","Defend_G","Defend_G","Defend_G","Defend_G","Survivor","Neutralize","Doppelganger","Dagger Spray+1","Backflip","Poisoned Stab","Slice","Dash","Wraith Form v2","Noxious Fumes+1","Bane"],"relics":["Ring of the Snake","Boot","Juzu Bracelet","Strawberry"],"acts_visited":["Exordium"],"potions_floor_usage":[8,10,14],"damage_taken":[{"damage":4,"enemies":"Cultist","floor":1,"turns":4},{"damage":8,"enemies":"Jaw Worm","floor":2,"turns":5},{"damage":2,"enemies":"2 Louse","floor":3,"turns":5},{"damage":2,"enemies":"2 Fungi Beasts","floor":5,"turns":4},{"damage":10,"enemies":"Exordium Thugs","floor":7,"turns":4},{"damage":35,"enemies":"Lagavulin","floor":8,"turns":8},{"damage":1,"enemies":"Large Slime","floor":10,"turns":4},{"damage":1,"enemies":"Looter","floor":12,"turns":3},{"damage":11,"enemies":"Gremlin Nob","floor":14,"turns":6},{"damage":19,"enemies":"The Guardian","floor":16,"turns":2}],"seed_played":"25865690920133316","potions_obtained":[{"floor":2,"key":"LiquidBronze"},{"floor":8,"key":"AttackPotion"},{"floor":12,"key":"Swift Potion"},{"floor":14,"key":"Weak Potion"}],"is_trial":false,"path_per_floor":["M","M","M","?","M","R","M","E","T","M","?","M","R","E","R","B"],"character_chosen":"THE_SILENT","items_purchased":[],"campfire_rested":1,"item_purchase_floors":[],"current_hp_per_floor":[55,47,45,50,48,48,38,3,3,2,2,1,22,18,18,0,0],"gold":303,"neow_bonus":"ONE_RANDOM_RARE_CARD","is_daily":false,"chose_seed":false,"campfire_upgraded":2,"win_rate":0.0,"timestamp":1613023894,"path_taken":["M","M","?","?","M","R","M","E","T","M","?","M","R","E","R","BOSS"],"items_purchased_type":[],"build_version":"2020-12-22","purchased_purges":0,"victory":false,"max_hp_per_floor":[66,66,66,71,71,71,71,71,71,71,71,71,71,78,78,78,78],"card_choices":[{"not_picked":["Acrobatics","Expertise"],"picked":"Dagger Spray","floor":1},{"not_picked":["Acrobatics","Bane"],"picked":"Backflip","floor":2},{"not_picked":["Deadly Poison","Flying Knee"],"picked":"Poisoned Stab","floor":3},{"not_picked":["Acrobatics","Accuracy"],"picked":"Slice","floor":5},{"not_picked":["Escape Plan","Calculated Gamble"],"picked":"Dash","floor":7},{"not_picked":["Sucker Punch","Deflect"],"picked":"Wraith Form v2","floor":8},{"not_picked":["All Out Attack","Slice"],"picked":"Noxious Fumes","floor":10},{"not_picked":["Leg Sweep","Calculated Gamble"],"picked":"Bane","floor":12},{"not_picked":["Backflip","Cloak And Dagger","Dodge and Roll"],"picked":"SKIP","floor":14}],"player_experience":734548,"relics_obtained":[{"floor":8,"key":"Boot"},{"floor":9,"key":"Juzu Bracelet"},{"floor":14,"key":"Strawberry"}],"event_choices":[{"damage_healed":0,"gold_gain":0,"player_choice":"Donut","damage_taken":0,"max_hp_gain":5,"max_hp_loss":0,"event_name":"Big Fish","floor":4,"gold_loss":0},{"damage_healed":0,"gold_gain":0,"player_choice":"Ignored","damage_taken":0,"max_hp_gain":0,"max_hp_loss":0,"event_name":"Liars Game","floor":11,"gold_loss":0}],"is_beta":false,"boss_relics":[],"items_purged_floors":[],"is_endless":false,"potions_floor_spawned":[2,8,12,14],"killed_by":"The Guardian","ascension_level":20}}