{"host":"ou23awlgcm0pi7o1","time":1613063412,"event":{"mods":["BaseMod","Colored Map","Downfall","Minty Spire (QoL Compilation)","StSLib","Unceasing Turn Reminder"],"gold_per_floor":[99,110,110,110,210,210,233,248,81,96,109,128,159,159,178,257,257,157,180,205,41,68,9,32,32,32,32,32],"floor_reached":26,"language":"ENG","playtime":1759,"items_purged":["hexamod:Strike"],"score":443,"play_id":"5f8c2483-76d8-4365-bc4e-f8360295a1cc","local_time":"20210211171012","is_ascension_mode":true,"campfire_choices":[{"data":"Discovery","floor":1,"key":"SMITH"},{"floor":6,"key":"REST"},{"data":"hexamod:ForkedFlame","floor":18,"key":"SMITH"}],"circlet_count":0,"master_deck":["AscendersBane","hexamod:Strike","hexamod:Strike","hexamod:Strike+1","hexamod:Defend+1","hexamod:Defend","hexamod:Defend","hexamod:Defend","hexamod:Sear","hexamod:Float","Discovery+1","hexamod:NecessarySacrifice","hexamod:GhostOfSpireFuture+1","hexamod:FastForward","hexamod:EmpoweredFlame","hexamod:TimeOfNeed","hexamod:Rewind","hexamod:SecondSeal","downfall:Malfunctioning","hexamod:EmpoweredFlame","hexamod:ForkedFlame+1","hexamod:BacktrackSmack+1","hexamod:Haunt","hexamod:RecurringNightmare+1","hexamod:GhostOfSpirePast","hexamod:ThirdSeal"],"relics":["hexamod:UnbrokenSoul","downfall:ShatteredFragment","White Beast Statue","Centennial Puzzle","Anchor","downfall:HeartBlessingGreen","hexamod:JarOfFuel"],"acts_visited":["Exordium","TheCity"],"potions_floor_usage":[5,10,13,16,20,22,26,26],"damage_taken":[{"damage":2,"enemies":"Jaw Worm","floor":2,"turns":3},{"damage":16,"enemies":"downfall:LadyInBlue","floor":5,"turns":6},{"damage":2,"enemies":"Small Slimes","floor":8,"turns":3},{"damage":0,"enemies":"downfall:FleeingMerchant","floor":9,"turns":4},{"damage":0,"enemies":"Cultist","floor":10,"turns":3},{"damage":8,"enemies":"Large Slime","floor":11,"turns":5},{"damage":2,"enemies":"2 Fungi Beasts","floor":12,"turns":3},{"damage":0,"enemies":"3 Sentries","floor":13,"turns":6},{"damage":0,"enemies":"3 Louse","floor":15,"turns":2},{"damage":14,"enemies":"SI_SHIV_ARCHETYPE","floor":16,"turns":7},{"damage":20,"enemies":"3 Byrds","floor":19,"turns":5},{"damage":9,"enemies":"Shelled Parasite and Fungi","floor":20,"turns":5},{"damage":0,"enemies":"downfall:FleeingMerchant","floor":21,"turns":4},{"damage":2,"enemies":"Snake Plant","floor":22,"turns":4},{"damage":0,"enemies":"downfall:FleeingMerchant","floor":23,"turns":4},{"damage":34,"enemies":"Slavers","floor":26,"turns":3}],"seed_played":"-9028510361191452971","potions_obtained":[{"floor":2,"key":"SteroidPotion"},{"floor":5,"key":"bronze:BurnAndBuffPotion"},{"floor":5,"key":"Fruit Juice"},{"floor":5,"key":"Dexterity Potion"},{"floor":8,"key":"SkillPotion"},{"floor":10,"key":"Guardian:BlockOnCardUsePotion"},{"floor":13,"key":"Swift Potion"},{"floor":16,"key":"Fire Potion"},{"floor":20,"key":"LiquidMemories"},{"floor":22,"key":"Dexterity Potion"},{"floor":23,"key":"DuplicationPotion"}],"is_trial":false,"path_per_floor":["R","M","?","?","?","R","T","M","$","M","M","M","E","?","M","B",null,"R","M","M","$","M","$","T","?","E"],"character_chosen":"THE_SPIRIT","items_purchased":["hexamod:TimeOfNeed","hexamod:JarOfFuel","hexamod:GhostOfSpirePast"],"campfire_rested":1,"item_purchase_floors":[9,21,23],"current_hp_per_floor":[57,55,55,34,23,43,43,41,41,41,33,31,31,31,31,17,55,55,35,26,26,24,24,24,24,0,0,0],"gold":32,"neow_bonus":"RANDOM_COLORLESS","is_daily":false,"chose_seed":false,"campfire_upgraded":2,"win_rate":0.0,"timestamp":1613063412,"path_taken":["R","M","?","?","?","R","T","?","$","M","M","M","E","?","M","BOSS","R","M","M","$","M","$","T","?","E"],"items_purchased_type":["Card","Relic","Card"],"build_version":"2020-12-22","purchased_purges":1,"victory":false,"max_hp_per_floor":[63,63,63,63,68,68,68,68,68,68,68,68,68,68,68,68,68,68,68,68,68,68,68,68,68,68,68,68],"card_choices":[{"not_picked":["Forethought","Jack Of All Trades"],"picked":"Discovery","floor":0},{"not_picked":["hexamod:Again","hexamod:SwordOfDarkness"],"picked":"hexamod:NecessarySacrifice","floor":2},{"not_picked":["hexamod:BacktrackSmack","hexamod:HauntingEcho"],"picked":"hexamod:GhostOfSpireFuture","floor":5},{"not_picked":["hexamod:GhostLash","hexamod:BurningTouch"],"picked":"hexamod:FastForward","floor":8},{"not_picked":["hexamod:HeatShield","hexamod:GhostOfSpireFuture"],"picked":"hexamod:EmpoweredFlame","floor":9},{"not_picked":["hexamod:FourthSeal","hexamod:InspiringFlames"],"picked":"hexamod:Rewind","floor":10},{"not_picked":["hexamod:ShieldOfDarkness","hexamod:HeatCrush","hexamod:RecurringNightmare"],"picked":"SKIP","floor":11},{"not_picked":["hexamod:ChargedBarrage","hexamod:SpectersWail"],"picked":"hexamod:BacktrackSmack","floor":12},{"not_picked":["hexamod:Rewind","hexamod:NightmareGuise"],"picked":"hexamod:SecondSeal","floor":13},{"not_picked":["hexamod:RetreatToShadows","hexamod:NightmareGuise"],"picked":"hexamod:EmpoweredFlame","floor":15},{"not_picked":["hexamod:HexaLevel","hexamod:UnlimitedPower"],"picked":"hexamod:ForkedFlame","floor":16},{"not_picked":["hexamod:DynamicBlow","hexamod:PhantomCloak","hexamod:HauntingEcho"],"picked":"SKIP","floor":19},{"not_picked":["hexamod:NightmareGuise","hexamod:InspiringFlames"],"picked":"hexamod:BacktrackSmack+1","floor":20},{"not_picked":["hexamod:HauntingEcho","hexamod:PhantomCloak"],"picked":"hexamod:Haunt","floor":21},{"not_picked":["hexamod:NightmareStrike","hexamod:InspiringFlames+1"],"picked":"hexamod:RecurringNightmare+1","floor":22},{"not_picked":["hexamod:SecondSeal","hexamod:GhostflameInferno","hexamod:GhostLash"],"picked":"SKIP","floor":23}],"player_experience":372148,"relics_obtained":[{"floor":5,"key":"White Beast Statue"},{"floor":7,"key":"Centennial Puzzle"},{"floor":13,"key":"Anchor"}],"event_choices":[],"is_beta":false,"boss_relics":[{"not_picked":["bronze:MakeshiftBattery","Black Star"],"picked":"hexamod:UnbrokenSoul"}],"items_purged_floors":[9],"is_endless":false,"potions_floor_spawned":[2,8,9,10,11,12,13,15,16,19,20,21,22,23],"killed_by":"Slavers","ascension_level":18}}