{"host":"d76q0rb9a0s9bgr5","time":1613044107,"event":{"mods":["BaseMod","Downfall","Hubris","Minty Spire (QoL Compilation)","StSLib"],"gold_per_floor":[349,360,378,390,540,551,551,368,368,398,45,64,64,79,90,90,90,90],"floor_reached":16,"language":"ENG","playtime":2336,"items_purged":["Guardian:Strike_Guardian","downfall:Icky"],"score":104,"play_id":"be7dac0a-1e3e-4163-8f3d-3f08fcb25f6e","local_time":"20210211124827","is_ascension_mode":false,"campfire_choices":[{"data":"Guardian:TwinSlam","floor":1,"key":"SMITH"},{"floor":13,"key":"REST"}],"circlet_count":0,"master_deck":["Guardian:Strike_Guardian","Guardian:Strike_Guardian","Guardian:Strike_Guardian","Guardian:Defend_Guardian","Guardian:Defend_Guardian","Guardian:Defend_Guardian","Guardian:Defend_Guardian","Guardian:CurlUp","Guardian:TwinSlam+1","Guardian:ChargeCore","Guardian:Preprogram","Guardian:TemporalStrike","Guardian:SentryBeam","Guardian:Planning","Guardian:Gem_Crimson","Guardian:Gem_Red"],"relics":["Guardian:ModeShifter","Shuriken","Lantern","Matryoshka"],"acts_visited":["Exordium"],"potions_floor_usage":[10,16,16],"damage_taken":[{"damage":3,"enemies":"Small Slimes","floor":2,"turns":4},{"damage":1,"enemies":"Jaw Worm","floor":3,"turns":4},{"damage":1,"enemies":"Cultist","floor":4,"turns":3},{"damage":10,"enemies":"Exordium Wildlife","floor":6,"turns":7},{"damage":5,"enemies":"downfall:FleeingMerchant","floor":8,"turns":4},{"damage":19,"enemies":"3 Sentries","floor":10,"turns":7},{"damage":15,"enemies":"downfall:FleeingMerchant","floor":11,"turns":4},{"damage":17,"enemies":"Exordium Thugs","floor":12,"turns":5},{"damage":6,"enemies":"Lots of Slimes","floor":14,"turns":4},{"damage":2,"enemies":"2 Fungi Beasts","floor":15,"turns":3},{"damage":15,"enemies":"IC_STATUS_ARCHETYPE","floor":16,"turns":6}],"seed_played":"-1140994729950127370","potions_obtained":[{"floor":2,"key":"Strength Potion"},{"floor":10,"key":"SpeedPotion"},{"floor":12,"key":"champ:CounterPotion"},{"floor":15,"key":"EssenceOfSteel"}],"is_trial":false,"path_per_floor":["R","M","M","M","?","M","T","$","?","E","$","M","R","M","M","B"],"character_chosen":"GUARDIAN","items_purchased":["Guardian:Gem_Lightblue","Guardian:SentryBeam","Matryoshka"],"campfire_rested":1,"item_purchase_floors":[8,8,11],"current_hp_per_floor":[72,69,68,67,67,57,57,52,52,33,18,1,22,16,14,0,0,0],"gold":90,"neow_bonus":"TWO_FIFTY_GOLD","is_daily":false,"chose_seed":false,"campfire_upgraded":1,"win_rate":0.0,"timestamp":1613044107,"path_taken":["R","M","M","M","?","M","T","$","?","E","$","M","R","M","M","BOSS"],"items_purchased_type":["Card","Card","Relic"],"build_version":"2020-12-22","purchased_purges":2,"victory":false,"max_hp_per_floor":[72,72,72,72,72,72,72,72,72,72,72,72,72,72,72,72,72,72],"card_choices":[{"not_picked":["Guardian:Gem_Yellow","Guardian:TemporalStrike"],"picked":"Guardian:ChargeCore","floor":2},{"not_picked":["Guardian:WalkerClaw","Guardian:ShieldCharger","Guardian:Gem_Green"],"picked":"SKIP","floor":3},{"not_picked":["Guardian:VentSteam","Guardian:Gem_Fragmented"],"picked":"Guardian:Preprogram","floor":4},{"not_picked":["Guardian:PolyBeam","Guardian:GuardianWhirl"],"picked":"Guardian:TemporalStrike","floor":6},{"not_picked":["Guardian:CrystalBeam","Guardian:Preprogram","Guardian:TimeSifter"],"picked":"SKIP","floor":8},{"not_picked":["Guardian:Emergency","Guardian:Harden"],"picked":"Guardian:Planning","floor":10},{"not_picked":["Guardian:Clone","Guardian:TemporalStrike","Guardian:BaubleBeam"],"picked":"SKIP","floor":11},{"not_picked":["Guardian:Emergency","Guardian:TemporalStrike","Guardian:CrystalBeam"],"picked":"SKIP","floor":12},{"not_picked":["Guardian:MultiBeam","Guardian:Gem_Fragmented"],"picked":"Guardian:Gem_Crimson","floor":14},{"not_picked":["Guardian:PrismaticBarrier","Guardian:Suspension"],"picked":"Guardian:Gem_Red","floor":15}],"player_experience":129015,"relics_obtained":[{"floor":7,"key":"Shuriken"},{"floor":10,"key":"Lantern"}],"event_choices":[],"is_beta":false,"boss_relics":[],"items_purged_floors":[8,11],"is_endless":false,"potions_floor_spawned":[2,10,12,15],"killed_by":"IC_STATUS_ARCHETYPE","ascension_level":0}}