{"host":"re327vnqwpdy5ott","time":1613067170,"event":{"mods":["BaseMod","Conspire","Downfall","Hubris","Infinite Spire","Minty Spire (QoL Compilation)","Replay The Spire","StSLib"],"gold_per_floor":[99,136,170,194,222,250,303,337,337,369,164,194,194,194,231,353,353,353,371,371,417,451,567,592,592,592,592,630,580,653,696,749,867,867,867,899,964,997,1027,165,165,197,197,225,225,261,261,301,335,351,351,351],"floor_reached":50,"language":"ENG","playtime":7320,"items_purged":["champ:Strike"],"score":492,"play_id":"715f81d4-173b-4517-b325-0bdd36ba646f","local_time":"20210211101250","is_ascension_mode":false,"campfire_choices":[{"data":"champ:Execute","floor":1,"key":"SMITH"},{"floor":9,"key":"REST"},{"floor":13,"key":"REST"},{"data":"champ:Taunt","floor":18,"key":"SMITH"},{"data":"champ:Duel","floor":25,"key":"SMITH"},{"data":"champ:Shatter","floor":27,"key":"SMITH"},{"data":"champ:FanOfKnives","floor":35,"key":"SMITH"},{"floor":45,"key":"REST"},{"data":"champ:Improvising","floor":47,"key":"SMITH"}],"circlet_count":0,"master_deck":["champ:Strike","champ:Strike","champ:Strike","champ:Defend","champ:Defend","champ:Defend","champ:Defend","champ:Execute+1","champ:Taunt+1","champ:RecklessLeap","champ:Shatter+1","champ:FanOfKnives+1","champ:Encircle","champ:BerserkersShout","champ:FocusedBerserking","champ:Endure+1","champ:EnGarde","champ:Duel+1","champ:ShieldSlam","champ:VampiricStrike","CurseOfTheBell","champ:VampiricStrike","champ:Haymaker","champ:Endure","champ:CrookedStrike+1","champ:Improvising","champ:Improvising+1"],"relics":["champ:ChampionCrown","Replay:Bandana","Toy Ornithopter","Calling Bell","Simple Rune","conspire:Boomerang","hubris:TinFlute","champ:BlackKnightHelmet","The Courier","infinitespire:Beetle Shell","hubris:Towel","infinitespire:ShieldingShard","conspire:SpecialSausage","Thread and Needle","ClockworkSouvenir","Bag of Marbles","StrikeDummy","Nunchaku","War Paint"],"acts_visited":["Exordium","TheCity","TheBeyond"],"potions_floor_usage":[8,12,39,50,50,50],"damage_taken":[{"damage":37,"enemies":"conspire:MimicChest","floor":2,"turns":6},{"damage":16,"enemies":"Jaw Worm","floor":4,"turns":3},{"damage":3,"enemies":"Small Slimes","floor":5,"turns":3},{"damage":17,"enemies":"conspire:RoseBush","floor":6,"turns":2},{"damage":26,"enemies":"3 Louse","floor":8,"turns":3},{"damage":31,"enemies":"Large Slime","floor":10,"turns":2},{"damage":25,"enemies":"downfall:FleeingMerchant","floor":11,"turns":4},{"damage":33,"enemies":"Blue Slaver","floor":12,"turns":4},{"damage":47,"enemies":"Large Slime","floor":15,"turns":5},{"damage":119,"enemies":"DF_ARCHETYPE_STREAMLINE","floor":16,"turns":11},{"damage":74,"enemies":"conspire:FuzzyDice","floor":19,"turns":5},{"damage":26,"enemies":"Chosen","floor":21,"turns":3},{"damage":65,"enemies":"conspire:HollyBat","floor":22,"turns":8},{"damage":101,"enemies":"conspire:HollyBat","floor":23,"turns":9},{"damage":31,"enemies":"Snake Plant","floor":28,"turns":4},{"damage":22,"enemies":"Cultist and Chosen","floor":31,"turns":4},{"damage":18,"enemies":"3 Cultists","floor":32,"turns":3},{"damage":165,"enemies":"SI_MIRROR_ARCHETYPE","floor":33,"turns":9},{"damage":24,"enemies":"3 Shapes","floor":36,"turns":3},{"damage":57,"enemies":"2 Orb Walkers","floor":37,"turns":4},{"damage":9,"enemies":"Orb Walker","floor":38,"turns":3},{"damage":61,"enemies":"4 Shapes","floor":39,"turns":5},{"damage":33,"enemies":"downfall:FleeingMerchant","floor":40,"turns":4},{"damage":19,"enemies":"Transient","floor":42,"turns":5},{"damage":25,"enemies":"Spire Growth","floor":44,"turns":5},{"damage":9,"enemies":"Jaw Worm Horde","floor":46,"turns":4},{"damage":25,"enemies":"3 Darklings","floor":48,"turns":4},{"damage":2,"enemies":"Writhing Mass","floor":49,"turns":5},{"damage":291,"enemies":"IC_BLOCK_ARCHETYPE","floor":50,"turns":6}],"seed_played":"1414797938272781618","potions_obtained":[{"floor":3,"key":"Flashbang"},{"floor":3,"key":"conspire:TimeTravelPotion"},{"floor":3,"key":"Milkshake"},{"floor":4,"key":"BlessingOfTheForge"},{"floor":10,"key":"SpeedPotion"},{"floor":12,"key":"Fruit Juice"},{"floor":15,"key":"Swift Potion"},{"floor":19,"key":"BlessingOfTheForge"}],"is_trial":false,"path_per_floor":["R","?","?","M","M","M","T","M","R","M","$","M","R","?","M","B",null,"R","M","?","M","M","?","T","R","?","R","M","?","T","M","M","B",null,"R","M","?","M","M","$","T","M","?","M","R","M","R","M","M","B"],"character_chosen":"THE_CHAMP","items_purchased":["champ:EnGarde","champ:Duel","champ:Improvising","champ:Improvising","ClockworkSouvenir","Bag of Marbles","StrikeDummy","Nunchaku","Regen Potion"],"campfire_rested":3,"item_purchase_floors":[11,11,40,40,40,40,40,40,40],"current_hp_per_floor":[99,82,43,37,34,27,27,16,45,34,34,41,72,82,80,36,114,114,100,100,94,74,73,73,73,73,73,62,101,101,104,106,31,114,114,114,92,98,72,74,74,80,80,75,109,114,114,108,106,0,0,0],"gold":351,"neow_bonus":"TEN_PERCENT_HP_BONUS","is_daily":false,"chose_seed":false,"campfire_upgraded":6,"win_rate":0.0,"timestamp":1613067170,"path_taken":["R","?","?","M","M","M","T","M","R","M","$","M","R","?","M","BOSS","R","M","?","M","M","?","T","R","?","R","M","?","?","M","M","BOSS","R","M","?","M","M","$","T","M","?","M","R","M","R","?","M","BOSS"],"items_purchased_type":["Card","Card","Card","Card","Relic","Relic","Relic","Relic","Potion"],"build_version":"2020-12-22","purchased_purges":1,"victory":false,"max_hp_per_floor":[99,99,99,99,99,99,99,99,99,99,99,104,104,114,114,114,114,114,114,114,114,114,114,114,114,114,114,114,114,114,114,114,114,114,114,114,114,114,114,114,114,114,114,114,114,114,114,114,114,114,114,114],"card_choices":[{"not_picked":["champ:BringItOn","champ:FocusedDefense"],"picked":"champ:RecklessLeap","floor":2},{"not_picked":["champ:PreemptiveStrike","champ:GutPunch"],"picked":"champ:Shatter","floor":3},{"not_picked":["champ:CrownThrow","champ:Circumvent"],"picked":"champ:FanOfKnives","floor":4},{"not_picked":["champ:CalledShot","champ:RisingSlash"],"picked":"champ:Encircle","floor":5},{"not_picked":["champ:FanOfKnives","champ:PreemptiveStrike"],"picked":"champ:BerserkersShout","floor":6},{"not_picked":["champ:EnragedBash","champ:SteelEdge"],"picked":"champ:FocusedBerserking","floor":8},{"not_picked":["champ:FlashCut","champ:BringItOn"],"picked":"champ:Endure","floor":10},{"not_picked":["champ:Encircle","champ:GutPunch","champ:CrownThrow"],"picked":"SKIP","floor":11},{"not_picked":["champ:PreemptiveStrike","champ:PerfectedStrike","champ:SkillfulDodge"],"picked":"SKIP","floor":12},{"not_picked":["champ:Endure","champ:StanceDance"],"picked":"champ:ShieldSlam","floor":15},{"not_picked":["champ:SwordThrow","champ:Improvising"],"picked":"champ:VampiricStrike","floor":16},{"not_picked":["champ:RapidStrikes","champ:Circumvent","champ:FanOfKnives"],"picked":"SKIP","floor":19},{"not_picked":["champ:Shatter+1","champ:Backstep+1","champ:DefensiveShout"],"picked":"SKIP","floor":21},{"not_picked":["champ:GladiatorStyle","champ:FlashCut","champ:FanOfKnives"],"picked":"SKIP","floor":22},{"not_picked":["champ:BringItOn","champ:Backstep","champ:StanceDance+1"],"picked":"SKIP","floor":28},{"not_picked":["champ:DefensiveShout","champ:GutPunch","champ:TornadoPunch"],"picked":"SKIP","floor":31},{"not_picked":["champ:BerserkersShout","champ:DefensiveShout","champ:Shatter"],"picked":"SKIP","floor":32},{"not_picked":["champ:MurderStrike","champ:SteelEdge"],"picked":"champ:VampiricStrike","floor":33},{"not_picked":["champ:PreciseThrust+1","champ:StanceDance","champ:SkillfulDodge"],"picked":"SKIP","floor":36},{"not_picked":["champ:GutPunch","champ:DancingMaster"],"picked":"champ:Haymaker","floor":37},{"not_picked":["champ:Backstep","champ:CalledShot+1"],"picked":"champ:Endure","floor":38},{"not_picked":["champ:PreemptiveStrike","champ:BerserkersShout","champ:PreciseThrust+1"],"picked":"SKIP","floor":39},{"not_picked":["champ:DefensiveShout+1","champ:Haymaker+1"],"picked":"champ:CrookedStrike+1","floor":40},{"not_picked":["champ:Haymaker+1","champ:GutPunch","champ:DeathBlow"],"picked":"SKIP","floor":42},{"not_picked":["champ:PreciseThrust+1","champ:PerfectedStrike","champ:Circumvent+1"],"picked":"SKIP","floor":44},{"not_picked":["champ:Lariat+1","champ:FlashCut","champ:FalseCounter"],"picked":"SKIP","floor":46},{"not_picked":["champ:AdrenalArmor+1","champ:StanceDance+1","champ:GladiatorStyle"],"picked":"SKIP","floor":48},{"not_picked":["champ:BringItOn+1","champ:Shatter+1","champ:AdrenalArmor+1"],"picked":"SKIP","floor":49}],"player_experience":244953,"relics_obtained":[{"floor":2,"key":"Replay:Bandana"},{"floor":7,"key":"Toy Ornithopter"},{"floor":17,"key":"Simple Rune"},{"floor":17,"key":"conspire:Boomerang"},{"floor":17,"key":"hubris:TinFlute"},{"floor":23,"key":"champ:BlackKnightHelmet"},{"floor":23,"key":"The Courier"},{"floor":24,"key":"infinitespire:Beetle Shell"},{"floor":30,"key":"infinitespire:ShieldingShard"},{"floor":37,"key":"Thread and Needle"},{"floor":41,"key":"War Paint"}],"event_choices":[{"damage_healed":0,"gold_gain":0,"player_choice":"Fight","damage_taken":0,"max_hp_gain":0,"max_hp_loss":0,"event_name":"Mysterious Sphere","floor":37,"gold_loss":0}],"is_beta":false,"boss_relics":[{"not_picked":["Runic Pyramid","Cursed Key"],"picked":"Calling Bell"},{"not_picked":["hubris:Backtick","conspire:RunicOctahedron"],"picked":"conspire:SpecialSausage"}],"items_purged_floors":[11],"is_endless":false,"potions_floor_spawned":[4,6,10,12,15,19,22,32,33,36,37,42,48],"killed_by":"IC_BLOCK_ARCHETYPE","ascension_level":0}}