{"host":"h77azxdx0evtsxw5","time":1613058944,"event":{"mods":["AchievementEnabler","BaseMod","Minty Spire (QoL Compilation)","Quick Restart"],"gold_per_floor":[115,40,115,134,84,110,120,120,145,157,169,212,224,262,274,386,398,421,6,6,6,25,51,51,84,84,117,117,117,128,128,128,225,225,243,243,293,134,153,153,153,153],"floor_reached":41,"language":"ENG","playtime":1541,"items_purged":["Strike_R","Reaper+1","Hemokinesis"],"score":690,"play_id":"5d3a9021-38ab-4626-9b12-88c932de9ba4","local_time":"20210211105544","is_ascension_mode":true,"campfire_choices":[{"data":"Whirlwind","floor":8.0,"key":"SMITH"},{"data":"Offering","floor":11.0,"key":"SMITH"},{"data":"Intimidate","floor":13.0,"key":"SMITH"},{"floor":15.0,"key":"REST"},{"data":"Ghostly Armor","floor":24.0,"key":"SMITH"},{"data":"Seeing Red","floor":28.0,"key":"SMITH"},{"floor":32.0,"key":"REST"},{"data":"Demon Form","floor":40,"key":"SMITH"}],"circlet_count":0,"master_deck":["Defend_R","Defend_R+1","Defend_R","Defend_R","Whirlwind+1","Offering+1","Intimidate+1","Demon Form+1","Double Tap+1","Impervious+1","Seeing Red+1","Ghostly Armor+1","Shrug It Off","Enlightenment","Rupture","Seeing Red"],"relics":["Black Blood","NeowsBlessing","Bronze Scales","MawBank","Happy Flower","Mercury Hourglass","Astrolabe","Meat on the Bone","Self Forming Clay","Molten Egg 2","The Courier","Bottled Lightning","CaptainsWheel"],"acts_visited":["Exordium","TheCity","TheBeyond"],"potions_floor_usage":[33,33,41],"damage_taken":[{"damage":0.0,"enemies":"Cultist","floor":1.0,"turns":1.0},{"damage":0.0,"enemies":"Jaw Worm","floor":4.0,"turns":1.0},{"damage":0.0,"enemies":"Gremlin Nob","floor":6.0,"turns":1.0},{"damage":18.0,"enemies":"Small Slimes","floor":7.0,"turns":2.0},{"damage":0.0,"enemies":"3 Sentries","floor":12.0,"turns":1.0},{"damage":30.0,"enemies":"Lagavulin","floor":14.0,"turns":4.0},{"damage":40.0,"enemies":"The Guardian","floor":16.0,"turns":12.0},{"damage":17.0,"enemies":"Spheric Guardian","floor":18.0,"turns":3.0},{"damage":6.0,"enemies":"Shell Parasite","floor":22.0,"turns":1.0},{"damage":35.0,"enemies":"Gremlin Leader","floor":23.0,"turns":7.0},{"damage":34.0,"enemies":"Slavers","floor":25.0,"turns":3.0},{"damage":14.0,"enemies":"Book of Stabbing","floor":27.0,"turns":6.0},{"damage":6.0,"enemies":"3 Cultists","floor":30.0,"turns":1.0},{"damage":24,"enemies":"Champ","floor":33,"turns":14},{"damage":18,"enemies":"Orb Walker","floor":35,"turns":2},{"damage":27,"enemies":"Mind Bloom Boss Battle","floor":37,"turns":4},{"damage":11,"enemies":"3 Darklings","floor":39,"turns":3},{"damage":66,"enemies":"Reptomancer","floor":41,"turns":6}],"seed_played":"-4671757323658650879","potions_obtained":[{"floor":1.0,"key":"Energy Potion"},{"floor":7.0,"key":"AttackPotion"},{"floor":16.0,"key":"LiquidMemories"},{"floor":18.0,"key":"Energy Potion"},{"floor":23.0,"key":"SpeedPotion"},{"floor":30.0,"key":"ElixirPotion"},{"floor":39,"key":"BlessingOfTheForge"}],"is_trial":false,"path_per_floor":["M","$","?","M","?","E","M","R","T","?","R","E","R","E","R","B",null,"M","$","?","$","M","E","R","E","T","E","R","?","M","?","R","B",null,"M","?","?","$","M","R","E"],"character_chosen":"IRONCLAD","items_purchased":["Seeing Red","Meat on the Bone","Seeing Red"],"campfire_rested":2,"item_purchase_floors":[19,19,38],"current_hp_per_floor":[78,78,67,73,73,79,67,67,67,51,51,57,57,33,57,23,66,55,55,55,55,55,38,38,22,22,26,26,11,23,23,48,42,74,68,68,65,65,66,66,0,0],"gold":153,"neow_bonus":"THREE_ENEMY_KILL","is_daily":false,"chose_seed":false,"campfire_upgraded":6,"win_rate":0.0,"timestamp":1613058944,"path_taken":["M","$","?","M","?","E","M","R","T","?","R","E","R","E","R","BOSS","M","$","?","?","?","E","R","E","T","E","R","?","M","?","R","BOSS","M","?","?","$","M","R","E"],"items_purchased_type":["Card","Relic","Card"],"build_version":"2020-12-22","purchased_purges":3,"victory":false,"max_hp_per_floor":[80,80,80,80,80,80,80,80,80,80,80,80,80,80,80,80,80,80,80,80,80,80,80,80,80,80,80,80,85,85,85,85,85,85,85,85,85,85,85,85,85,85],"card_choices":[{"not_picked":["Flame Barrier","Battle Trance"],"picked":"Hemokinesis","floor":1.0},{"not_picked":["Second Wind","Thunderclap"],"picked":"Whirlwind","floor":4.0},{"not_picked":["Flex","Headbutt"],"picked":"Offering","floor":6.0},{"not_picked":["Cleave","Warcry","Headbutt"],"picked":"SKIP","floor":7.0},{"not_picked":["Shrug It Off","Anger"],"picked":"Intimidate","floor":12.0},{"not_picked":["Wild Strike","Perfected Strike","Hemokinesis"],"picked":"SKIP","floor":14.0},{"not_picked":["Juggernaut","Corruption"],"picked":"Demon Form","floor":16.0},{"not_picked":["Perfected Strike","Havoc","Blood for Blood+1"],"picked":"SKIP","floor":18.0},{"not_picked":["Perfected Strike+1","Pommel Strike","Twin Strike"],"picked":"SKIP","floor":22.0},{"not_picked":["Corruption","Heavy Blade"],"picked":"Ghostly Armor","floor":23.0},{"not_picked":["Battle Trance","Iron Wave+1"],"picked":"Shrug It Off","floor":25.0},{"not_picked":["Iron Wave+1","Headbutt+1","Thunderclap+1"],"picked":"SKIP","floor":27.0},{"not_picked":["Iron Wave+1","Headbutt+1","Thunderclap+1"],"picked":"SKIP","floor":27.0},{"not_picked":["Clothesline+1","Wild Strike+1","Dark Embrace+1"],"picked":"SKIP","floor":30.0},{"not_picked":["Perfected Strike+1","Warcry","Clash+1"],"picked":"SKIP","floor":35},{"not_picked":["Mayhem","Good Instincts"],"picked":"Enlightenment","floor":36},{"not_picked":["Bloodletting","Thunderclap+1"],"picked":"Rupture","floor":37},{"not_picked":["Spot Weakness+1","Burning Pact","Dark Embrace+1"],"picked":"SKIP","floor":39}],"player_experience":297070,"relics_obtained":[{"floor":6.0,"key":"Bronze Scales"},{"floor":9.0,"key":"MawBank"},{"floor":12.0,"key":"Happy Flower"},{"floor":14.0,"key":"Mercury Hourglass"},{"floor":23.0,"key":"Self Forming Clay"},{"floor":25.0,"key":"Molten Egg 2"},{"floor":26.0,"key":"The Courier"},{"floor":27.0,"key":"Bottled Lightning"},{"floor":37,"key":"CaptainsWheel"}],"event_choices":[{"damage_healed":0.0,"max_hp_gain":0.0,"max_hp_loss":0.0,"gold_gain":75.0,"event_name":"World of Goop","player_choice":"Gather Gold","floor":3.0,"gold_loss":0.0,"damage_taken":11.0},{"cards_removed":["Strike_R"],"damage_healed":0.0,"max_hp_gain":0.0,"max_hp_loss":0.0,"gold_gain":0.0,"event_name":"The Cleric","player_choice":"Card Removal","floor":5.0,"gold_loss":50.0,"damage_taken":0.0},{"damage_healed":0.0,"max_hp_gain":0.0,"max_hp_loss":0.0,"gold_gain":0.0,"event_name":"Shining Light","player_choice":"Entered Light","floor":10.0,"gold_loss":0.0,"damage_taken":16.0,"cards_upgraded":["Defend_R","Strike_R"]},{"damage_healed":0.0,"max_hp_gain":0.0,"max_hp_loss":0.0,"gold_gain":0.0,"event_name":"Ghosts","player_choice":"Ignored","floor":20.0,"gold_loss":0.0,"damage_taken":0.0},{"damage_healed":0.0,"max_hp_gain":5.0,"max_hp_loss":0.0,"gold_gain":0.0,"event_name":"Forgotten Altar","player_choice":"Shed Blood","floor":29.0,"gold_loss":0.0,"damage_taken":20.0},{"cards_removed":["Bash"],"damage_healed":0.0,"max_hp_gain":0.0,"max_hp_loss":0.0,"gold_gain":0.0,"event_name":"Back to Basics","player_choice":"Elegance","floor":31.0,"gold_loss":0.0,"damage_taken":0.0},{"damage_healed":0,"gold_gain":0,"player_choice":"Memory 1","damage_taken":0,"max_hp_gain":0,"max_hp_loss":0,"event_name":"SensoryStone","floor":36,"gold_loss":0},{"damage_healed":0,"gold_gain":0,"player_choice":"Fight","damage_taken":0,"max_hp_gain":0,"max_hp_loss":0,"event_name":"MindBloom","floor":37,"gold_loss":0}],"is_beta":false,"boss_relics":[{"not_picked":["Coffee Dripper","Fusion Hammer"],"picked":"Astrolabe"},{"not_picked":["Runic Cube","Runic Dome"],"picked":"Black Blood"}],"items_purged_floors":[2,19,38],"is_endless":false,"potions_floor_spawned":[1,7,16,18,23,30,39],"killed_by":"Reptomancer","ascension_level":7}}