{"host":"y9jgkjnf95sujozk","time":1613060954,"event":{"mods":["2.2 Compatiblity","AchievementEnabler","Act Like it!","BaseMod","BetterRewards","Block Reminder","Colored Map","Colored Powertips","Friendly Minions","Gensokyo","GifTheSpireLib","Hallownest","Hermit","Highlight Path","HololiveMod","Hubris","Infinite Spire","Jorbs\u0027s Wanderer Trilogy","Koishi","Marisa（霧雨　魔理沙）","Minty Spire (QoL Compilation)","Quick Restart","Random Character Button","Rare Cards Sparkle","Reimu（博??梦）","Remilia（蕾米莉?）","Replay The Spire","Shop Mod","StSLib","SuperFastMode","The Bug Knight","The Cursed","The Disciple","The Hierophant","The Jungle","The Runesmith","The Senshi","The Servant 0.9.4"],"gold_per_floor":[110,128,162,122,138,138,138,138,161,211,211,211,211,244,271,271,271,383,383,418,418,429,86,117,117,163,163,163],"floor_reached":27,"language":"ENG","playtime":737,"items_purged":[],"score":390,"play_id":"d851ceb1-331d-4bf6-be65-3197cd06e9e6","local_time":"20210211172914","is_ascension_mode":true,"campfire_choices":[{"floor":6.0,"key":"REST"},{"floor":8.0,"key":"REST"},{"floor":17.0,"key":"REST"},{"floor":25,"key":"REST"}],"circlet_count":0,"master_deck":["Strike_MRS","Strike_MRS+1","Strike_MRS","Strike_MRS","Defend_MRS","Defend_MRS+1","Defend_MRS","Defend_MRS","MasterSpark","UpSweep","DoubleSpark","DarkSpark","WitchOfGreed","DragonMeteor+1","MysteriousBeam","infinitespire:Fortify","ShootTheMoon","EscapeVelocity","SprinkleStarSeal","SatelliteIllusion","EnergyRecoil","DoubleSpark","DoubleSpark","MachineGunSpark","The Bomb","Survey Options","Singularity","DoubleSpark+1"],"relics":["MiniHakkero","Chemical X","Lantern","Chameleon Ring","Cursed Key","Simple Rune"],"acts_visited":["Exordium","TheCity"],"potions_floor_usage":[26,26,26,27],"damage_taken":[{"damage":0.0,"enemies":"Hallownest:monsterHuskGuard","floor":1.0,"turns":3.0},{"damage":4.0,"enemies":"Hallownest:2_MossCreeps","floor":2.0,"turns":2.0},{"damage":18.0,"enemies":"Hallownest:2_Tiktiks_and_1_Crawlid","floor":3.0,"turns":3.0},{"damage":20.0,"enemies":"Hallownest:MossCreep_and_Mosskin","floor":5.0,"turns":4.0},{"damage":12.0,"enemies":"Hallownest:eliteCrystalGuardian","floor":10.0,"turns":3.0},{"damage":0.0,"enemies":"Hallownest:monsterMossCharger","floor":14.0,"turns":2.0},{"damage":20.0,"enemies":"Hallownest:2_Tiktiks_1_Baldur_1_Crawlid","floor":15.0,"turns":5.0},{"damage":39.0,"enemies":"Hallownest:BossFalseKnight","floor":18.0,"turns":8.0},{"damage":6.0,"enemies":"Spheric Guardian","floor":20.0,"turns":3.0},{"damage":16.0,"enemies":"3 Byrds","floor":22.0,"turns":5.0},{"damage":34,"enemies":"Sentry and Sphere","floor":24,"turns":5},{"damage":13,"enemies":"Gremlin Leader","floor":26,"turns":6},{"damage":34,"enemies":"Centurion and Healer","floor":27,"turns":2}],"seed_played":"1384568001942482768","potions_obtained":[{"floor":1.0,"key":"PowerPotion"},{"floor":2.0,"key":"Strength Potion"},{"floor":3.0,"key":"ShroomBrew"},{"floor":10.0,"key":"Energy Potion"},{"floor":14.0,"key":"Fire Potion"},{"floor":14.0,"key":"Weak Potion"},{"floor":15.0,"key":"LiquidMemories"},{"floor":18.0,"key":"Reflective Coating"},{"floor":20.0,"key":"Fire Potion"},{"floor":24,"key":"SkillPotion"},{"floor":26,"key":"PowerPotion"}],"is_trial":false,"path_per_floor":["M","M","M","?","M","R","?","R","T","E","?","PTL","PTL","M","M","?","R","B",null,"M","?","M","$","M","R","E","M"],"character_chosen":"MARISA","items_purchased":["DoubleSpark","Chemical X","MachineGunSpark","The Bomb","Survey Options"],"campfire_rested":4,"item_purchase_floors":[0,0,23,23,23],"current_hp_per_floor":[75,71,53,64,44,66,48,70,70,58,49,49,49,49,29,29,51,12,75,69,69,53,53,19,41,28,0,0],"gold":163,"neow_bonus":"","is_daily":false,"chose_seed":false,"campfire_upgraded":0,"win_rate":0.0,"timestamp":1613060954,"path_taken":["M","M","M","?","M","R","?","R","T","E","?","PTL","PTL","?","M","?","R","BOSS","M","?","M","$","M","R","E","?"],"items_purchased_type":["Card","Relic","Card","Card","Card"],"build_version":"2020-12-22","purchased_purges":0,"victory":false,"max_hp_per_floor":[75,75,75,75,75,75,75,75,75,75,75,75,75,75,75,75,75,75,75,75,75,75,75,75,75,75,75,75],"card_choices":[{"not_picked":["SprinkleStarSeal","Robbery"],"picked":"DarkSpark","floor":1.0},{"not_picked":["Orbital","6A"],"picked":"WitchOfGreed","floor":2.0},{"not_picked":["WitchLeyline","GalacticHalo"],"picked":"DragonMeteor","floor":3.0},{"not_picked":["WitchLeyline","OrrerysSun"],"picked":"MysteriousBeam","floor":5.0},{"not_picked":["infinitespire:Gouge","infinitespire:SevenWalls"],"picked":"infinitespire:Fortify","floor":7.0},{"not_picked":["OneTimeOff","LuminesStrike"],"picked":"ShootTheMoon","floor":10.0},{"not_picked":["ShootTheMoon","GasGiant"],"picked":"EscapeVelocity","floor":14.0},{"not_picked":["MilkyWay","OpenUniverse"],"picked":"SprinkleStarSeal","floor":15.0},{"not_picked":["SuperNova","BlazingStar"],"picked":"SatelliteIllusion","floor":18.0},{"not_picked":["GalacticHalo","PowerUp"],"picked":"EnergyRecoil","floor":20.0},{"not_picked":["Occultation","AsteroidBelt"],"picked":"DoubleSpark","floor":22.0},{"not_picked":["MilkyWay+1","CollectingQuirk"],"picked":"Singularity","floor":24},{"not_picked":["GrandCross","MachineGunSpark"],"picked":"DoubleSpark+1","floor":26}],"player_experience":133566,"relics_obtained":[{"floor":9.0,"key":"Lantern"},{"floor":10.0,"key":"Chameleon Ring"},{"floor":26,"key":"Simple Rune"}],"event_choices":[{"damage_healed":0.0,"max_hp_gain":0.0,"max_hp_loss":0.0,"gold_gain":0.0,"event_name":"Match and Keep!","player_choice":"1 cards matched","floor":21.0,"gold_loss":0.0,"damage_taken":0.0,"cards_obtained":["DoubleSpark"]}],"is_beta":false,"boss_relics":[{"not_picked":["Runic Pyramid","Coffee Dripper"],"picked":"Cursed Key"}],"items_purged_floors":[],"is_endless":false,"potions_floor_spawned":[1,2,14,15,24],"killed_by":"Centurion and Healer","ascension_level":2}}