{"host":"yw3evqd6vz25gg9c","time":1613027856,"event":{"mods":["2.2 Compatiblity","BaseMod","Downfall","Marked Mod","Minty Spire (QoL Compilation)","Morshu Shopkeeper","Morshu Shopkeeper - ENHANCED","Replay The Spire","Spire Arcade","StSLib","slay the spire mod where everything is the same but ironclad has a cowboy hat"],"gold_per_floor":[113,12,29,79,79,79,122,138,164,207,207,227,25,49,49,172,172,172,97,97,97,97,97,97,40,40,40,40,40,40,40,40,40,40],"floor_reached":33,"language":"ENG","playtime":2459,"items_purged":["Regret","Defend_P"],"score":257,"play_id":"6f1fa1f6-5602-4644-a2e5-30e417632892","local_time":"20210211001736","is_ascension_mode":false,"campfire_choices":[{"floor":6.0,"key":"REST"},{"data":"MarkedMod:OneThousandNeedles","floor":23,"key":"SMITH"},{"data":"Eruption","floor":27,"key":"SMITH"},{"floor":30,"key":"REST"},{"floor":32,"key":"REST"}],"circlet_count":0,"master_deck":["Strike_P+1","Strike_P+1","Strike_P+1","Strike_P+1","Defend_P+1","Defend_P+1","Defend_P+1","Eruption+1","Vigilance","Replay:Hum","Halt","Consecrate","Nirvana+1","FlurryOfBlows","FearNoEvil","MarkedMod:OneThousandNeedles+1","Consecrate","Ragnarok","EmptyFist","CutThroughFate","MarkedMod:Acupuncture","SandsOfTime","Tantrum","CutThroughFate"],"relics":["PureWater","Boot","Ring of Hypnosis","Ring of Greed","Replay:Wax Seal","The Courier","Golden Idol","Tiny Chest","Question Card","Lee\u0027s Waffle","Ectoplasm","Blue Candle","Kunai"],"acts_visited":["Exordium","TheCity"],"potions_floor_usage":[18,33,33],"damage_taken":[{"damage":2.0,"enemies":"Cultist","floor":1.0,"turns":3.0},{"damage":0.0,"enemies":"2 Louse","floor":3.0,"turns":3.0},{"damage":5.0,"enemies":"Gremlin Nob","floor":7.0,"turns":4.0},{"damage":0.0,"enemies":"Small Slimes","floor":8.0,"turns":2.0},{"damage":21.0,"enemies":"Lagavulin","floor":10.0,"turns":4.0},{"damage":12.0,"enemies":"Gremlin Gang","floor":12.0,"turns":3.0},{"damage":17.0,"enemies":"Exordium Wildlife","floor":14.0,"turns":3.0},{"damage":16.0,"enemies":"Slime Boss","floor":16.0,"turns":9.0},{"damage":12,"enemies":"3 Byrds","floor":18,"turns":3},{"damage":0,"enemies":"Chosen","floor":22,"turns":4},{"damage":10,"enemies":"Snake Plant","floor":24,"turns":3},{"damage":18,"enemies":"3 Cultists","floor":28,"turns":3},{"damage":6,"enemies":"Cultist and Chosen","floor":29,"turns":3},{"damage":48,"enemies":"Snake Plant","floor":31,"turns":4},{"damage":37,"enemies":"Collector","floor":33,"turns":5}],"seed_played":"-2904291606355195798","potions_obtained":[{"floor":7.0,"key":"BlessingOfTheForge"},{"floor":10.0,"key":"hexamod:SoulburnPotion"},{"floor":12.0,"key":"Weak Potion"},{"floor":24,"key":"Doom Potion"},{"floor":29,"key":"Energy Potion"},{"floor":31,"key":"Block Potion"}],"is_trial":false,"path_per_floor":["M","$","M","?","?","R","E","M","T","E","?","M","$","M","R","B",null,"M","?","T","?","M","R","M","$","T","R","M","M","R","M","R","B"],"character_chosen":"WATCHER","items_purchased":["Halt","Lee\u0027s Waffle","SandsOfTime"],"campfire_rested":3,"item_purchase_floors":[2,13,25],"current_hp_per_floor":[70,70,70,70,52,72,67,67,67,46,46,34,79,62,79,63,79,67,67,67,67,67,67,57,57,57,57,39,33,56,8,31,0,0],"gold":40,"neow_bonus":"RANDOM_EVENT","is_daily":false,"chose_seed":false,"campfire_upgraded":2,"win_rate":0.0,"timestamp":1613027856,"path_taken":["M","$","?","?","?","R","E","M","T","E","?","M","$","?","R","BOSS","M","?","?","?","M","R","M","?","T","R","M","M","R","?","R","BOSS"],"items_purchased_type":["Card","Relic","Card"],"build_version":"2020-12-22","purchased_purges":2,"victory":false,"max_hp_per_floor":[72,72,72,72,72,72,72,72,72,72,72,72,79,79,79,79,79,79,79,79,79,79,79,79,79,79,79,79,79,79,79,79,79,79],"card_choices":[{"not_picked":["Replay:ManipulateFuture","Adaptation"],"picked":"Replay:Hum","floor":1.0},{"not_picked":["Prostrate","Wallop"],"picked":"Consecrate","floor":3.0},{"not_picked":["JustLucky","EmptyBody"],"picked":"Nirvana","floor":7.0},{"not_picked":["Replay:ManipulateFuture","DeusExMachina"],"picked":"FlurryOfBlows","floor":8.0},{"not_picked":["MarkedMod:PinPointDefense","FlyingSleeves"],"picked":"FearNoEvil","floor":10.0},{"not_picked":["WindmillStrike","PathToVictory","Replay:AtTheReady"],"picked":"MarkedMod:OneThousandNeedles","floor":12.0},{"not_picked":["Alpha","Replay:BluntJabs","Evaluate"],"picked":"Consecrate","floor":14.0},{"not_picked":["Replay:AllIn","Omniscience","MasterReality"],"picked":"Ragnarok","floor":16.0},{"not_picked":["SignatureMove","BattleHymn","Halt"],"picked":"EmptyFist","floor":18},{"not_picked":["Crescendo+1","Perseverance+1","MarkedMod:PinPointDefense"],"picked":"CutThroughFate","floor":22},{"not_picked":["Replay:BluntJabs","MarkedMod:GentlePulse+1","Adaptation"],"picked":"MarkedMod:Acupuncture","floor":24},{"not_picked":["SashWhip","PathToVictory","CarveReality","Replay:Vibes"],"picked":"SKIP","floor":28},{"not_picked":["Evaluate","ClearTheMind","EmptyFist"],"picked":"Tantrum","floor":29},{"not_picked":["Halt","Fasting2","DeceiveReality+1"],"picked":"CutThroughFate","floor":31}],"player_experience":160472,"relics_obtained":[{"floor":4.0,"key":"Ring of Hypnosis"},{"floor":4.0,"key":"Ring of Greed"},{"floor":4.0,"key":"Replay:Wax Seal"},{"floor":4.0,"key":"The Courier"},{"floor":7.0,"key":"Tiny Chest"},{"floor":10.0,"key":"Question Card"},{"floor":20,"key":"Blue Candle"},{"floor":26,"key":"Kunai"}],"event_choices":[{"damage_healed":0.0,"max_hp_gain":0.0,"max_hp_loss":0.0,"gold_gain":0.0,"event_name":"Big Fish","player_choice":"Box","floor":0.0,"gold_loss":0.0,"damage_taken":0.0,"relics_obtained":["Boot"],"cards_obtained":["Regret"]},{"damage_healed":0.0,"max_hp_gain":0.0,"max_hp_loss":0.0,"gold_gain":0.0,"event_name":"Golden Idol","player_choice":"Take Damage","floor":5.0,"gold_loss":0.0,"damage_taken":18.0,"relics_obtained":["Golden Idol"]},{"cards_removed":["downfall:Icky"],"damage_healed":0.0,"max_hp_gain":0.0,"max_hp_loss":0.0,"gold_gain":0.0,"event_name":"Purifier","player_choice":"Purged","floor":11.0,"gold_loss":0.0,"damage_taken":0.0},{"cards_removed":["downfall:Haunted"],"damage_healed":0,"gold_gain":0,"player_choice":"Gave Gold","damage_taken":0,"max_hp_gain":0,"max_hp_loss":0,"event_name":"Beggar","floor":19,"gold_loss":75},{"damage_healed":0,"gold_gain":0,"player_choice":"Simplicity","damage_taken":0,"max_hp_gain":0,"max_hp_loss":0,"event_name":"Back to Basics","floor":21,"gold_loss":0,"cards_upgraded":["Strike_P","Strike_P","Strike_P","Strike_P","Defend_P","Defend_P","Defend_P"]}],"is_beta":false,"boss_relics":[{"not_picked":["Replay:Wanted Poster","Velvet Choker"],"picked":"Ectoplasm"}],"items_purged_floors":[2,13],"is_endless":false,"potions_floor_spawned":[7,10,12,24,29,31],"killed_by":"Collector","ascension_level":0}}