{"host":"pi8b3ffzwvxqztac","time":1613073422,"event":{"mods":["BaseMod","Colored Map","Custom Start","Downfall","Minty Spire (QoL Compilation)","StSLib"],"gold_per_floor":[111,130,130,130,153,153,196,211,211,235,235,248,289,313,313,313,313],"floor_reached":16,"language":"ENG","playtime":725,"items_purged":[],"score":148,"play_id":"58ca80bb-6988-4dda-9ae5-f19fcbe65e80","local_time":"20210212085702","is_ascension_mode":true,"campfire_choices":[{"data":"Rage","floor":6.0,"key":"SMITH"},{"data":"Seeing Red","floor":11.0,"key":"SMITH"},{"data":"Armaments","floor":15.0,"key":"SMITH"}],"circlet_count":0,"master_deck":["Strike_R","Strike_R","Strike_R+1","Strike_R","Strike_R","Defend_R","Defend_R","Defend_R+1","Defend_R","Bash","Offering","Rage+1","Inflame","Juggernaut","Shrug It Off","Seeing Red+1","Armaments+1"],"relics":["Burning Blood","Golden Idol","Strawberry","Potion Belt","Kunai"],"acts_visited":["Exordium"],"potions_floor_usage":[16],"damage_taken":[{"damage":6.0,"enemies":"2 Louse","floor":1.0,"turns":3.0},{"damage":2.0,"enemies":"Jaw Worm","floor":2.0,"turns":3.0},{"damage":6.0,"enemies":"Cultist","floor":5.0,"turns":3.0},{"damage":13.0,"enemies":"Gremlin Nob","floor":7.0,"turns":4.0},{"damage":10.0,"enemies":"Exordium Wildlife","floor":8.0,"turns":5.0},{"damage":10.0,"enemies":"Gremlin Gang","floor":10.0,"turns":4.0},{"damage":6.0,"enemies":"Blue Slaver","floor":12.0,"turns":2.0},{"damage":13.0,"enemies":"Lagavulin","floor":13.0,"turns":6.0},{"damage":12.0,"enemies":"Red Slaver","floor":14.0,"turns":3.0},{"damage":20,"enemies":"The Guardian","floor":16,"turns":8}],"seed_played":"-7896785946378196350","potions_obtained":[{"floor":7.0,"key":"HeartOfIron"},{"floor":10.0,"key":"champ:CounterPotion"},{"floor":12.0,"key":"Fire Potion"}],"is_trial":false,"path_per_floor":["M","M","?","?","M","R","E","M","T","M","R","M","E","M","R","B"],"character_chosen":"IRONCLAD","items_purchased":[],"campfire_rested":0,"item_purchase_floors":[],"current_hp_per_floor":[72,76,56,40,40,40,40,36,36,32,32,32,25,19,19,0,0],"gold":313,"neow_bonus":"ONE_RANDOM_RARE_CARD","is_daily":false,"chose_seed":false,"campfire_upgraded":3,"win_rate":0.0,"timestamp":1613073422,"path_taken":["M","M","?","?","M","R","E","M","T","M","R","M","E","M","R","BOSS"],"items_purchased_type":[],"build_version":"2020-12-22","purchased_purges":0,"victory":false,"max_hp_per_floor":[80,80,80,80,80,80,87,87,87,87,87,87,87,87,87,87,87],"card_choices":[{"not_picked":["Iron Wave","Heavy Blade","Flex"],"picked":"SKIP","floor":1.0},{"not_picked":["Sever Soul","Power Through"],"picked":"Rage","floor":2.0},{"not_picked":["Twin Strike","Flex"],"picked":"Inflame","floor":5.0},{"not_picked":["Combust","Pummel"],"picked":"Juggernaut","floor":7.0},{"not_picked":["Disarm","Cleave"],"picked":"Shrug It Off","floor":8.0},{"not_picked":["Uppercut","Body Slam"],"picked":"Seeing Red","floor":10.0},{"not_picked":["Clash","Clothesline","Inflame"],"picked":"SKIP","floor":12.0},{"not_picked":["Uppercut","Inflame","Rage"],"picked":"SKIP","floor":13.0},{"not_picked":["Evolve","Warcry"],"picked":"Armaments","floor":14.0}],"player_experience":763472,"relics_obtained":[{"floor":7.0,"key":"Strawberry"},{"floor":9.0,"key":"Potion Belt"},{"floor":13.0,"key":"Kunai"}],"event_choices":[{"damage_healed":0.0,"max_hp_gain":0.0,"max_hp_loss":0.0,"gold_gain":0.0,"event_name":"Golden Idol","player_choice":"Take Damage","floor":3.0,"gold_loss":0.0,"damage_taken":20.0,"relics_obtained":["Golden Idol"]},{"damage_healed":0.0,"max_hp_gain":0.0,"max_hp_loss":0.0,"gold_gain":0.0,"event_name":"Shining Light","player_choice":"Entered Light","floor":4.0,"gold_loss":0.0,"damage_taken":16.0,"cards_upgraded":["Strike_R","Defend_R"]}],"is_beta":false,"boss_relics":[],"items_purged_floors":[],"is_endless":false,"potions_floor_spawned":[7,10,12],"killed_by":"The Guardian","ascension_level":6}}