{"host":"qp7xs8nuzfsyommi","time":1613068266,"event":{"mods":["2.2 Compatiblity","BaseMod","Colored Powertips","DeckTracker","Highlight Path","Minty Spire (QoL Compilation)","Permanent Neow","Quick Restart","StSLib"],"gold_per_floor":[113,263,282,282,38,38,38,72,123,123,141,156,176,186,186,260,260,271,9,24,24,39,39,39,39],"floor_reached":24,"language":"ENG","playtime":1810,"items_purged":["Doubt"],"score":396,"play_id":"3014843e-d5f8-44ab-a4d7-33be93080cc1","local_time":"20210211133106","is_ascension_mode":true,"campfire_choices":[{"data":"Rainbow","floor":6.0,"key":"SMITH"},{"floor":10.0,"key":"REST"},{"floor":15,"key":"REST"},{"floor":23,"key":"REST"}],"circlet_count":0,"master_deck":["AscendersBane","Strike_B","Strike_B","Strike_B","Defend_B","Defend_B","Defend_B","Defend_B","Zap","Dualcast","Compile Driver","Streamline","Rainbow+1","Undo","Rip and Tear","Reinforced Body+1","Turbo+1","Creative AI","Storm","Echo Form","Conserve Battery+1","Coolheaded+1"],"relics":["SlaversCollar","Toxic Egg 2","Strawberry","Busted Crown","Mummified Hand"],"acts_visited":["Exordium","TheCity"],"potions_floor_usage":[20,22],"damage_taken":[{"damage":8.0,"enemies":"2 Louse","floor":1.0,"turns":3.0},{"damage":2.0,"enemies":"Small Slimes","floor":3.0,"turns":4.0},{"damage":43.0,"enemies":"Gremlin Nob","floor":8.0,"turns":4.0},{"damage":4.0,"enemies":"Jaw Worm","floor":11.0,"turns":4.0},{"damage":25.0,"enemies":"Gremlin Gang","floor":12.0,"turns":4.0},{"damage":0.0,"enemies":"Looter","floor":13.0,"turns":3.0},{"damage":4,"enemies":"Large Slime","floor":14,"turns":6},{"damage":20,"enemies":"Slime Boss","floor":16,"turns":8},{"damage":5,"enemies":"Spheric Guardian","floor":18,"turns":5},{"damage":13,"enemies":"Shell Parasite","floor":20,"turns":6},{"damage":14,"enemies":"Chosen and Byrds","floor":22,"turns":4},{"damage":57,"enemies":"Slavers","floor":24,"turns":4}],"seed_played":"4070437316604501370","potions_obtained":[{"floor":8.0,"key":"LiquidMemories"},{"floor":12.0,"key":"DistilledChaos"},{"floor":16,"key":"AttackPotion"}],"is_trial":false,"path_per_floor":["M","?","M","?","$","R","?","E","T","R","M","M","M","M","R","B",null,"M","$","M","?","M","R","E"],"character_chosen":"DEFECT","items_purchased":["Rainbow","Undo","Mummified Hand"],"campfire_rested":3,"item_purchase_floors":[5,5,19],"current_hp_per_floor":[56,56,54,71,71,71,64,21,28,51,47,22,22,18,41,21,64,59,59,46,46,32,55,0,0],"gold":39,"neow_bonus":"BOSS_RELIC","is_daily":false,"chose_seed":false,"campfire_upgraded":1,"win_rate":0.0,"timestamp":1613068266,"path_taken":["M","?","M","?","$","R","?","E","T","R","M","M","?","?","R","BOSS","M","$","M","?","M","R","E"],"items_purchased_type":["Card","Card","Relic"],"build_version":"2020-12-22","purchased_purges":1,"victory":false,"max_hp_per_floor":[71,71,71,71,71,71,71,71,78,78,78,78,78,78,78,78,78,78,78,78,78,78,78,78,78],"card_choices":[{"not_picked":["Coolheaded","Hello World"],"picked":"Compile Driver","floor":1.0},{"not_picked":["Leap","Barrage"],"picked":"Streamline","floor":3.0},{"not_picked":["Reinforced Body+1","Tempest+1"],"picked":"Rip and Tear","floor":8.0},{"not_picked":["Blizzard","Leap+1"],"picked":"Reinforced Body+1","floor":11.0},{"not_picked":["Steam+1","Streamline"],"picked":"Turbo+1","floor":12.0},{"not_picked":["Reprogram+1","Capacitor"],"picked":"Creative AI","floor":13.0},{"not_picked":["Coolheaded+1","Skim+1"],"picked":"Storm","floor":14},{"not_picked":["Reboot+1","All For One"],"picked":"Echo Form","floor":16},{"not_picked":[],"picked":"Conserve Battery+1","floor":18},{"not_picked":["Blizzard"],"picked":"SKIP","floor":20},{"not_picked":[],"picked":"Coolheaded+1","floor":22}],"player_experience":1860117,"relics_obtained":[{"floor":8.0,"key":"Toxic Egg 2"},{"floor":9.0,"key":"Strawberry"}],"event_choices":[{"damage_healed":0.0,"max_hp_gain":0.0,"max_hp_loss":0.0,"gold_gain":150.0,"event_name":"Liars Game","player_choice":"AGREE","floor":2.0,"gold_loss":0.0,"damage_taken":0.0,"cards_obtained":["Doubt"]},{"damage_healed":23.0,"max_hp_gain":0.0,"max_hp_loss":0.0,"gold_gain":0.0,"event_name":"Big Fish","player_choice":"Banana","floor":4.0,"gold_loss":0.0,"damage_taken":0.0},{"cards_removed":["Strike_B"],"damage_healed":0.0,"max_hp_gain":0.0,"max_hp_loss":0.0,"gold_gain":0.0,"event_name":"Golden Wing","player_choice":"Card Removal","floor":7.0,"gold_loss":0.0,"damage_taken":7.0},{"damage_healed":0,"gold_gain":0,"player_choice":"Ignored","damage_taken":0,"max_hp_gain":0,"max_hp_loss":0,"event_name":"Ghosts","floor":21,"gold_loss":0}],"is_beta":false,"boss_relics":[{"not_picked":["Ectoplasm","Velvet Choker"],"picked":"Busted Crown"}],"items_purged_floors":[5],"is_endless":false,"potions_floor_spawned":[8,12,16,18],"killed_by":"Slavers","ascension_level":20}}