{"host":"uzcks4yhskks9i02","time":1613011075,"event":{"mods":["BaseMod","Minty Spire (QoL Compilation)","Quick Restart"],"gold_per_floor":[115,132,93,93,43,73,91,91,91,111,111,111,130,165,165,262,262,279,17,16,16,29,29,29,29,29],"floor_reached":25,"language":"ENG","playtime":1212,"items_purged":[],"score":271,"play_id":"0606cf83-5ba1-4323-b46c-403a3f974abb","local_time":"20210210193755","is_ascension_mode":true,"campfire_choices":[{"data":"Static Discharge","floor":8,"key":"SMITH"},{"data":"Genetic Algorithm","floor":11,"key":"SMITH"},{"floor":15,"key":"REST"},{"floor":23,"key":"REST"}],"circlet_count":0,"master_deck":["Strike_B+1","Strike_B","Strike_B","Defend_B+1","Defend_B","Defend_B","Defend_B","Zap","Dualcast","Hologram","Melter","Loop","Melter","Static Discharge+1","Genetic Algorithm+1","Machine Learning","Echo Form","Go for the Eyes+1","Tempest","Turbo+1","Static Discharge+1"],"relics":["Cracked Core","NeowsBlessing","Ice Cream","Thread and Needle","Dream Catcher","Philosopher\u0027s Stone","Matryoshka"],"acts_visited":["Exordium","TheCity"],"potions_floor_usage":[13,25],"damage_taken":[{"damage":0,"enemies":"Jaw Worm","floor":1,"turns":1},{"damage":0,"enemies":"Small Slimes","floor":2,"turns":1},{"damage":0,"enemies":"3 Sentries","floor":6,"turns":1},{"damage":0,"enemies":"Cultist","floor":7,"turns":3},{"damage":1,"enemies":"3 Louse","floor":10,"turns":3},{"damage":5,"enemies":"Gremlin Gang","floor":13,"turns":5},{"damage":16,"enemies":"Lagavulin","floor":14,"turns":5},{"damage":27,"enemies":"The Guardian","floor":16,"turns":9},{"damage":13,"enemies":"Shell Parasite","floor":18,"turns":5},{"damage":15,"enemies":"2 Thieves","floor":20,"turns":4},{"damage":38,"enemies":"Centurion and Healer","floor":22,"turns":7},{"damage":36,"enemies":"Gremlin Leader","floor":25,"turns":4}],"seed_played":"2217511220791172129","potions_obtained":[{"floor":2,"key":"Swift Potion"},{"floor":10,"key":"FearPotion"},{"floor":12,"key":"Fire Potion"},{"floor":16,"key":"DuplicationPotion"}],"is_trial":false,"path_per_floor":["M","M","$","?","?","E","M","R","T","M","R","?","M","E","R","B",null,"M","$","M","?","M","R","?","E"],"character_chosen":"DEFECT","items_purchased":["Loop","Matryoshka"],"campfire_rested":2,"item_purchase_floors":[3,19],"current_hp_per_floor":[75,75,75,60,60,60,60,60,60,59,59,59,54,38,60,33,75,62,62,47,47,9,31,31,0,0],"gold":29,"neow_bonus":"THREE_ENEMY_KILL","is_daily":false,"chose_seed":false,"campfire_upgraded":2,"win_rate":0.0,"timestamp":1613011075,"path_taken":["M","M","$","?","?","E","M","R","T","M","R","?","?","E","R","BOSS","M","$","M","?","M","R","?","E"],"items_purchased_type":["Card","Relic"],"build_version":"2020-12-22","purchased_purges":0,"victory":false,"max_hp_per_floor":[75,75,75,75,75,75,75,75,75,75,75,75,75,75,75,75,75,75,75,75,75,75,75,75,75,75],"card_choices":[{"not_picked":["Coolheaded","Go for the Eyes"],"picked":"Hologram","floor":1},{"not_picked":["Double Energy","Hologram"],"picked":"Melter","floor":2},{"not_picked":["Sweeping Beam","Coolheaded"],"picked":"Melter","floor":6},{"not_picked":["Glacier","Leap"],"picked":"Static Discharge","floor":7},{"not_picked":["Defragment","Reinforced Body"],"picked":"Genetic Algorithm","floor":10},{"not_picked":["Hologram","Leap","Turbo"],"picked":"SKIP","floor":13},{"not_picked":["Coolheaded","Beam Cell"],"picked":"Machine Learning","floor":14},{"not_picked":["Meteor Strike","Hyperbeam"],"picked":"Echo Form","floor":16},{"not_picked":["Scrape","Rebound+1","Cold Snap"],"picked":"SKIP","floor":18},{"not_picked":["Sweeping Beam","Hologram"],"picked":"Go for the Eyes+1","floor":20},{"not_picked":["Go for the Eyes","Rebound"],"picked":"Tempest","floor":22},{"not_picked":["Reprogram+1","Go for the Eyes+1"],"picked":"Turbo+1","floor":23}],"player_experience":570497,"relics_obtained":[{"floor":6,"key":"Ice Cream"},{"floor":9,"key":"Thread and Needle"},{"floor":14,"key":"Dream Catcher"}],"event_choices":[{"damage_healed":0,"gold_gain":0,"player_choice":"Entered Light","damage_taken":15,"max_hp_gain":0,"max_hp_loss":0,"event_name":"Shining Light","floor":4,"gold_loss":0,"cards_upgraded":["Defend_B","Strike_B"]},{"cards_removed":["Strike_B"],"damage_healed":0,"gold_gain":0,"player_choice":"Card Removal","damage_taken":0,"max_hp_gain":0,"max_hp_loss":0,"event_name":"The Cleric","floor":5,"gold_loss":50},{"damage_healed":0,"gold_gain":0,"player_choice":"Got Potions","damage_taken":0,"max_hp_gain":0,"max_hp_loss":0,"event_name":"Lab","floor":12,"gold_loss":0},{"damage_healed":0,"gold_gain":0,"player_choice":"Ignored","damage_taken":0,"max_hp_gain":0,"max_hp_loss":0,"event_name":"Vampires","floor":21,"gold_loss":0},{"damage_healed":0,"gold_gain":0,"player_choice":"Copied","damage_taken":0,"max_hp_gain":0,"max_hp_loss":0,"event_name":"Duplicator","floor":24,"gold_loss":0,"cards_obtained":["Static Discharge"]}],"is_beta":false,"boss_relics":[{"not_picked":["Snecko Eye","SlaversCollar"],"picked":"Philosopher\u0027s Stone"}],"items_purged_floors":[],"is_endless":false,"potions_floor_spawned":[2,10,16,22],"killed_by":"Gremlin Leader","ascension_level":3}}