{"host":"l2onoeb0kdqo1a9y","time":1613022028,"event":{"mods":["AchievementEnabler","BaseMod","Colored Powertips","Highlight Path","Minty Spire (QoL Compilation)","Quick Restart"],"gold_per_floor":[118,137,147,164,164,164,194,204,250,264,282,302,320,340,340,439,439,439,29,29,29,29,29,29,29,29,29,29,29,29,29,29,29,29,29,29,29,29,29,29,29,29,29,29,29,29,29,29,29,29,29],"floor_reached":50,"language":"ZHS","playtime":1919,"items_purged":["Strike_R"],"score":606,"play_id":"39263574-cd76-4fac-8be4-05201cbb94d1","local_time":"20210211134028","is_ascension_mode":false,"campfire_choices":[{"data":"Armaments","floor":6.0,"key":"SMITH"},{"floor":15.0,"key":"RECALL"},{"data":"Spot Weakness","floor":27.0,"key":"SMITH"},{"floor":32,"key":"REST"},{"data":"Infernal Blade","floor":40,"key":"SMITH"},{"data":"Battle Trance","floor":42,"key":"SMITH"},{"data":"Inflame","floor":49,"key":"SMITH"}],"circlet_count":0,"master_deck":["Strike_R","Strike_R","Strike_R","Strike_R","Defend_R","Defend_R","Defend_R","Defend_R","Bash","Cleave","Rage","Clash","Armaments+1","Spot Weakness+1","Flex","Headbutt","Heavy Blade","Heavy Blade","Shockwave","Flex","Infernal Blade+1","Double Tap","Rampage","Whirlwind+1","Feed","Battle Trance+1","Evolve","Inflame+1","Reaper","Inflame","Clumsy"],"relics":["Burning Blood","NeowsBlessing","Prayer Wheel","Ectoplasm","Strawberry","Matryoshka","MutagenicStrength","Question Card","Self Forming Clay","Toy Ornithopter","Cursed Key","Pen Nib","Mummified Hand","Turnip","Gambling Chip","Charon\u0027s Ashes"],"acts_visited":["Exordium","TheCity","TheBeyond"],"potions_floor_usage":[31,33,35,41,44,48],"damage_taken":[{"damage":0.0,"enemies":"2 Louse","floor":1.0,"turns":1.0},{"damage":0.0,"enemies":"Jaw Worm","floor":2.0,"turns":1.0},{"damage":0.0,"enemies":"Small Slimes","floor":3.0,"turns":1.0},{"damage":5.0,"enemies":"Looter","floor":4.0,"turns":3.0},{"damage":21.0,"enemies":"Lagavulin","floor":7.0,"turns":6.0},{"damage":0.0,"enemies":"Lots of Slimes","floor":8.0,"turns":3.0},{"damage":0.0,"enemies":"2 Fungi Beasts","floor":10.0,"turns":2.0},{"damage":9.0,"enemies":"Blue Slaver","floor":11.0,"turns":3.0},{"damage":0.0,"enemies":"3 Louse","floor":12.0,"turns":2.0},{"damage":5.0,"enemies":"Lots of Slimes","floor":13.0,"turns":3.0},{"damage":6.0,"enemies":"Exordium Thugs","floor":14.0,"turns":4.0},{"damage":44.0,"enemies":"The Guardian","floor":16.0,"turns":7.0},{"damage":2.0,"enemies":"Shell Parasite","floor":18.0,"turns":3.0},{"damage":0.0,"enemies":"Chosen","floor":21.0,"turns":3.0},{"damage":23.0,"enemies":"Centurion and Healer","floor":22.0,"turns":5.0},{"damage":58.0,"enemies":"Book of Stabbing","floor":23.0,"turns":6.0},{"damage":20.0,"enemies":"Sentry and Sphere","floor":29.0,"turns":4.0},{"damage":14.0,"enemies":"Slavers","floor":30.0,"turns":4.0},{"damage":3,"enemies":"Snecko","floor":31,"turns":3},{"damage":75,"enemies":"Automaton","floor":33,"turns":8},{"damage":12,"enemies":"3 Darklings","floor":35,"turns":5},{"damage":2,"enemies":"Orb Walker","floor":36,"turns":2},{"damage":0,"enemies":"Sphere and 2 Shapes","floor":37,"turns":2},{"damage":19,"enemies":"Spire Growth","floor":38,"turns":3},{"damage":47,"enemies":"Writhing Mass","floor":39,"turns":6},{"damage":11,"enemies":"Transient","floor":41,"turns":5},{"damage":39,"enemies":"Nemesis","floor":44,"turns":5},{"damage":11,"enemies":"Mind Bloom Boss Battle","floor":45,"turns":5},{"damage":28,"enemies":"Reptomancer","floor":46,"turns":4},{"damage":19,"enemies":"4 Shapes","floor":47,"turns":2},{"damage":10,"enemies":"Sphere and 2 Shapes","floor":48,"turns":3},{"damage":115,"enemies":"Donu and Deca","floor":50,"turns":6}],"seed_played":"310589351586478597","potions_obtained":[{"floor":1.0,"key":"BloodPotion"},{"floor":2.0,"key":"LiquidMemories"},{"floor":7.0,"key":"GamblersBrew"},{"floor":13.0,"key":"Weak Potion"},{"floor":23.0,"key":"Dexterity Potion"},{"floor":28.0,"key":"Fire Potion"},{"floor":28.0,"key":"SteroidPotion"},{"floor":33,"key":"Swift Potion"},{"floor":37,"key":"HeartOfIron"},{"floor":39,"key":"SkillPotion"},{"floor":44,"key":"BlessingOfTheForge"},{"floor":46,"key":"BloodPotion"},{"floor":47,"key":"SpeedPotion"}],"is_trial":false,"path_per_floor":["M","M","M","M","?","R","E","M","T","M","M","M","M","M","R","B",null,"M","$","?","M","M","E","?","$","T","R","?","M","E","M","R","B",null,"M","M","M","M","M","R","M","R","T","E","?","E","M","M","R","B"],"character_chosen":"IRONCLAD","items_purchased":["Feed","Battle Trance","Strawberry"],"campfire_rested":1,"item_purchase_floors":[19,19,19],"current_hp_per_floor":[80,80,80,80,85,85,70,76,76,82,79,85,85,85,85,47,85,85,92,92,92,79,46,46,46,46,46,46,32,24,49,77,27,96,96,99,99,97,56,56,74,74,74,70,99,80,67,88,88,0,0],"gold":29,"neow_bonus":"THREE_ENEMY_KILL","is_daily":false,"chose_seed":false,"campfire_upgraded":5,"win_rate":0.0,"timestamp":1613022028,"path_taken":["M","M","M","M","?","R","E","M","T","M","M","M","M","M","R","BOSS","M","$","?","M","M","E","?","$","T","R","?","?","E","M","R","BOSS","M","M","M","M","M","R","M","R","T","E","?","E","M","M","R","BOSS"],"items_purchased_type":["Card","Card","Relic"],"build_version":"2020-12-22","purchased_purges":1,"victory":false,"max_hp_per_floor":[80,80,80,80,85,85,85,85,85,85,85,85,85,85,85,85,85,85,92,92,92,96,96,96,96,96,96,96,96,96,96,96,96,96,96,99,99,99,99,99,99,99,99,99,99,102,102,102,102,102,102],"card_choices":[{"not_picked":["Burning Pact","Second Wind"],"picked":"Cleave","floor":1.0},{"not_picked":["Twin Strike","Heavy Blade"],"picked":"Rage","floor":2.0},{"not_picked":["Intimidate","Entrench"],"picked":"Clash","floor":3.0},{"not_picked":["Metallicize","Evolve"],"picked":"Armaments","floor":4.0},{"not_picked":["Anger","Brutality","Clothesline"],"picked":"SKIP","floor":7.0},{"not_picked":["Havoc","Searing Blow"],"picked":"Spot Weakness","floor":8.0},{"not_picked":["Metallicize","Pommel Strike","Searing Blow"],"picked":"SKIP","floor":8.0},{"not_picked":["Shockwave","Berserk"],"picked":"Flex","floor":10.0},{"not_picked":["Sword Boomerang","Cleave"],"picked":"Headbutt","floor":10.0},{"not_picked":["Cleave","Shrug It Off"],"picked":"Heavy Blade","floor":11.0},{"not_picked":["Sever Soul","Anger"],"picked":"Heavy Blade","floor":11.0},{"not_picked":["Clash","Armaments"],"picked":"Shockwave","floor":12.0},{"not_picked":["Metallicize","True Grit"],"picked":"Flex","floor":12.0},{"not_picked":["Whirlwind","Evolve"],"picked":"Infernal Blade","floor":13.0},{"not_picked":["Thunderclap","Flex","Burning Pact"],"picked":"SKIP","floor":13.0},{"not_picked":["Sword Boomerang","Thunderclap","Shrug It Off"],"picked":"SKIP","floor":14.0},{"not_picked":["Hemokinesis","Clothesline","Iron Wave"],"picked":"SKIP","floor":14.0},{"not_picked":["Fiend Fire","Impervious"],"picked":"Double Tap","floor":16.0},{"not_picked":["Headbutt","Burning Pact"],"picked":"Rampage","floor":18.0},{"not_picked":["Clothesline","Armaments+1"],"picked":"Whirlwind+1","floor":18.0},{"not_picked":["Thunderclap+1","Perfected Strike"],"picked":"Evolve","floor":21.0},{"not_picked":["Thunderclap","True Grit","Perfected Strike"],"picked":"SKIP","floor":21.0},{"not_picked":["Battle Trance","Cleave","Clash"],"picked":"SKIP","floor":22.0},{"not_picked":["Uppercut","Dual Wield+1","Intimidate"],"picked":"SKIP","floor":22.0},{"not_picked":["Dark Embrace","Warcry","Perfected Strike+1"],"picked":"SKIP","floor":23.0},{"not_picked":["Armaments","Sword Boomerang","Heavy Blade"],"picked":"Inflame","floor":29.0},{"not_picked":["Metallicize","True Grit","Rampage"],"picked":"Reaper","floor":29.0},{"not_picked":["Rupture+1","Twin Strike","True Grit","Headbutt"],"picked":"SKIP","floor":30.0},{"not_picked":["Shrug It Off","Thunderclap","Rage","Battle Trance"],"picked":"SKIP","floor":31},{"not_picked":["Headbutt","Iron Wave","Cleave","Bludgeon"],"picked":"SKIP","floor":31},{"not_picked":["Reckless Charge+1","Perfected Strike","Twin Strike+1","Blood for Blood+1"],"picked":"SKIP","floor":35},{"not_picked":["Shrug It Off+1","Perfected Strike+1","Blood for Blood","Bloodletting+1"],"picked":"SKIP","floor":35},{"not_picked":["Rupture","Warcry","Dark Embrace","Fire Breathing+1"],"picked":"SKIP","floor":36},{"not_picked":["Wild Strike+1","Anger","Thunderclap+1","Armaments+1"],"picked":"SKIP","floor":36},{"not_picked":["Body Slam+1","Seeing Red","Pommel Strike+1"],"picked":"Inflame","floor":37},{"not_picked":["Feed","Dual Wield+1","Havoc+1","Cleave"],"picked":"SKIP","floor":37},{"not_picked":["Clothesline+1","Exhume","Iron Wave","Metallicize+1"],"picked":"SKIP","floor":38},{"not_picked":["Shockwave+1","Combust+1","Searing Blow","Cleave+1"],"picked":"SKIP","floor":38},{"not_picked":["Headbutt+1","Clash","Carnage","Shrug It Off"],"picked":"SKIP","floor":39},{"not_picked":["Wild Strike+1","Twin Strike+1","Armaments+1","Thunderclap+1"],"picked":"SKIP","floor":39},{"not_picked":["Twin Strike+1","Armaments+1","Bludgeon","Inflame+1"],"picked":"SKIP","floor":41},{"not_picked":["Flex+1","Inflame+1","Second Wind","Havoc+1"],"picked":"SKIP","floor":41},{"not_picked":["Rage+1","Feel No Pain","Entrench+1","Hemokinesis+1"],"picked":"SKIP","floor":44},{"not_picked":["Dual Wield+1","Heavy Blade+1","Clash+1","Fire Breathing+1"],"picked":"SKIP","floor":46},{"not_picked":["Perfected Strike","Thunderclap+1","True Grit","Intimidate+1"],"picked":"SKIP","floor":47},{"not_picked":["Shrug It Off+1","Battle Trance","Berserk","Thunderclap+1"],"picked":"SKIP","floor":47},{"not_picked":["Rampage+1","Heavy Blade","Wild Strike+1","Iron Wave"],"picked":"SKIP","floor":48},{"not_picked":["Entrench","Armaments","Havoc","Thunderclap"],"picked":"SKIP","floor":48}],"player_experience":137321,"relics_obtained":[{"floor":7.0,"key":"Prayer Wheel"},{"floor":23.0,"key":"Matryoshka"},{"floor":26.0,"key":"Question Card"},{"floor":26.0,"key":"Self Forming Clay"},{"floor":30.0,"key":"Toy Ornithopter"},{"floor":43,"key":"Pen Nib"},{"floor":43,"key":"Mummified Hand"},{"floor":44,"key":"Turnip"},{"floor":45,"key":"Gambling Chip"},{"floor":46,"key":"Charon\u0027s Ashes"}],"event_choices":[{"damage_healed":0.0,"max_hp_gain":5.0,"max_hp_loss":0.0,"gold_gain":0.0,"event_name":"Big Fish","player_choice":"Donut","floor":5.0,"gold_loss":0.0,"damage_taken":0.0},{"damage_healed":0.0,"max_hp_gain":0.0,"max_hp_loss":0.0,"gold_gain":99.0,"event_name":"Nest","player_choice":"Stole From Cult","floor":20.0,"gold_loss":0.0,"damage_taken":0.0},{"damage_healed":0.0,"max_hp_gain":0.0,"max_hp_loss":0.0,"gold_gain":0.0,"event_name":"Drug Dealer","player_choice":"Inject Mutagens","floor":24.0,"gold_loss":0.0,"damage_taken":0.0,"relics_obtained":["MutagenicStrength"]},{"damage_healed":0.0,"max_hp_gain":0.0,"max_hp_loss":0.0,"gold_gain":0.0,"event_name":"Lab","player_choice":"Got Potions","floor":28.0,"gold_loss":0.0,"damage_taken":0.0},{"damage_healed":0,"gold_gain":0,"player_choice":"Fight","damage_taken":0,"max_hp_gain":0,"max_hp_loss":0,"event_name":"MindBloom","floor":45,"gold_loss":0}],"is_beta":false,"boss_relics":[{"not_picked":["Black Star","Mark of Pain"],"picked":"Ectoplasm"},{"not_picked":["Black Blood","Tiny House"],"picked":"Cursed Key"}],"items_purged_floors":[19],"is_endless":false,"potions_floor_spawned":[1,2,7,13,14,23,33,37,39,44,46,47],"killed_by":"Donu and Deca","ascension_level":0}}