{"host":"BaytaKuk","time":1613017374,"event":{"mods":["2.2 Compatiblity","BaseMod","Minty Spire (QoL Compilation)","Random Character Button","Rare Cards Sparkle","StSLib","SuperFastMode","Swap Starting Deck Mod","everything is the same but u backflip on backflip"],"gold_per_floor":[113,128,139,139,189,220,240,273,273,284,294,304,320,320,320,397,397,415,446,496,512,437,437,455,455,480,506,506,517,517,533,533,605,605,620,634,856,856,856,888,903,921,991,991,1009,1034,1034,1083,1083,1083,1083,1083,239,269,269,269],"floor_reached":55,"language":"ENG","playtime":1570,"items_purged":["Slice"],"score":1543,"play_id":"3b3db17a-b69b-4243-9e60-357a017f33bd","local_time":"20210210232254","is_ascension_mode":true,"campfire_choices":[{"floor":15,"key":"REST"},{"data":"Cloak And Dagger","floor":23,"key":"SMITH"},{"data":"Cloak And Dagger","floor":25,"key":"SMITH"},{"data":"Blade Dance","floor":30,"key":"SMITH"},{"data":"Noxious Fumes","floor":32,"key":"SMITH"},{"floor":44,"key":"RECALL"},{"data":"Cloak And Dagger","floor":47,"key":"SMITH"},{"data":"Dodge and Roll","floor":49,"key":"SMITH"},{"data":"Footwork","floor":52,"key":"SMITH"}],"circlet_count":0,"master_deck":["AscendersBane","Slice+1","Finisher+1","Cloak And Dagger+1","Cloak And Dagger+1","Cloak And Dagger+1","Cloak And Dagger+1","Blade Dance+1","Accuracy","Backflip","Infinite Blades","Backflip","Dodge and Roll+1","Corpse Explosion","Noxious Fumes+1","PiercingWail","Cloak And Dagger+1","Footwork+1","Dodge and Roll"],"relics":["Ring of the Snake","Art of War","Shuriken","Kunai","WristBlade","Red Mask","Whetstone","Ninja Scroll","Philosopher\u0027s Stone","Bird Faced Urn","Potion Belt","TungstenRod","Ornamental Fan","Medical Kit","CaptainsWheel","StrikeDummy"],"acts_visited":["Exordium","TheCity","TheBeyond","TheEnding"],"potions_floor_usage":[6,8,11,13,40,48,54,54,55,55],"damage_taken":[{"damage":6,"enemies":"Small Slimes","floor":1,"turns":2},{"damage":0,"enemies":"2 Louse","floor":2,"turns":2},{"damage":0,"enemies":"Cultist","floor":3,"turns":1},{"damage":0,"enemies":"Gremlin Nob","floor":6,"turns":2},{"damage":1,"enemies":"Blue Slaver","floor":7,"turns":2},{"damage":4,"enemies":"3 Sentries","floor":8,"turns":3},{"damage":0,"enemies":"2 Fungi Beasts","floor":10,"turns":2},{"damage":6,"enemies":"Lots of Slimes","floor":11,"turns":3},{"damage":0,"enemies":"Looter","floor":12,"turns":2},{"damage":8,"enemies":"Gremlin Gang","floor":13,"turns":2},{"damage":3,"enemies":"The Guardian","floor":16,"turns":7},{"damage":0,"enemies":"Chosen","floor":18,"turns":2},{"damage":6,"enemies":"Masked Bandits","floor":19,"turns":2},{"damage":0,"enemies":"3 Byrds","floor":21,"turns":2},{"damage":0,"enemies":"Centurion and Healer","floor":24,"turns":3},{"damage":6,"enemies":"Gremlin Leader","floor":27,"turns":4},{"damage":5,"enemies":"Cultist and Chosen","floor":29,"turns":3},{"damage":0,"enemies":"Snecko","floor":31,"turns":2},{"damage":6,"enemies":"Automaton","floor":33,"turns":5},{"damage":0,"enemies":"3 Shapes","floor":35,"turns":3},{"damage":0,"enemies":"3 Darklings","floor":36,"turns":2},{"damage":11,"enemies":"Reptomancer","floor":40,"turns":4},{"damage":0,"enemies":"Transient","floor":41,"turns":6},{"damage":13,"enemies":"Maw","floor":42,"turns":4},{"damage":2,"enemies":"Jaw Worm Horde","floor":45,"turns":2},{"damage":0,"enemies":"Giant Head","floor":46,"turns":4},{"damage":0,"enemies":"2 Orb Walkers","floor":48,"turns":2},{"damage":23,"enemies":"Awakened One","floor":50,"turns":9},{"damage":25,"enemies":"Shield and Spear","floor":54,"turns":3},{"damage":48,"enemies":"The Heart","floor":55,"turns":2}],"seed_played":"-5005827169131077976","potions_obtained":[{"floor":1,"key":"CunningPotion"},{"floor":6,"key":"Explosive Potion"},{"floor":7,"key":"Weak Potion"},{"floor":10,"key":"Fruit Juice"},{"floor":11,"key":"Fire Potion"},{"floor":18,"key":"Poison Potion"},{"floor":42,"key":"Swift Potion"},{"floor":46,"key":"SkillPotion"},{"floor":48,"key":"Energy Potion"}],"is_trial":false,"path_per_floor":["M","M","M","?","?","E","M","E","T","M","M","M","M","?","R","B",null,"M","?","?","M","$","R","M","R","T","E","?","M","R","M","R","B",null,"M","M","?","?","?","E","M","M","T","R","M","E","R","?","R","B",null,"R","$","E","B"],"character_chosen":"THE_SILENT","items_purchased":["Ornamental Fan","Medical Kit","CaptainsWheel","EssenceOfSteel"],"campfire_rested":1,"item_purchase_floors":[53,53,53,53],"current_hp_per_floor":[24,24,24,17,17,17,16,12,12,12,11,11,3,3,24,21,59,59,53,46,46,46,46,46,46,46,40,40,35,35,35,35,29,61,61,61,61,61,66,55,61,54,54,54,54,60,60,62,62,45,62,62,62,41,0,0],"gold":269,"neow_bonus":"","is_daily":false,"chose_seed":false,"campfire_upgraded":7,"win_rate":0.0,"timestamp":1613017374,"path_taken":["M","M","M","?","?","E","M","E","T","?","M","M","M","?","R","BOSS","M","?","?","?","$","R","M","R","T","E","?","?","R","M","R","BOSS","M","M","?","?","?","E","?","M","T","R","M","E","R","?","R","BOSS","R","$","E","BOSS"],"items_purchased_type":["Relic","Relic","Relic","Potion"],"build_version":"2020-12-18","purchased_purges":1,"victory":false,"max_hp_per_floor":[66,66,66,66,66,66,66,66,66,66,71,71,71,71,71,71,71,71,71,71,71,71,71,71,71,71,71,71,71,71,71,71,71,71,71,71,71,67,67,67,67,67,67,67,67,67,67,67,67,67,67,67,67,67,67,67],"card_choices":[{"not_picked":["Masterful Stab","Dagger Throw"],"picked":"Accuracy","floor":1},{"not_picked":["Distraction","Terror"],"picked":"Backflip","floor":2},{"not_picked":["Backflip","Expertise","Terror"],"picked":"SKIP","floor":3},{"not_picked":["Dagger Spray","Backflip"],"picked":"Infinite Blades","floor":6},{"not_picked":["Deflect","Prepared"],"picked":"Backflip","floor":7},{"not_picked":["Accuracy","Dash","Dagger Throw"],"picked":"SKIP","floor":8},{"not_picked":["Dagger Spray","All Out Attack","Prepared"],"picked":"SKIP","floor":10},{"not_picked":["Poisoned Stab","Concentrate"],"picked":"Dodge and Roll","floor":11},{"not_picked":["Caltrops","Sucker Punch","Choke"],"picked":"SKIP","floor":12},{"not_picked":["Dagger Spray","Bullet Time","Eviscerate"],"picked":"SKIP","floor":13},{"not_picked":["Storm of Steel","Grand Finale"],"picked":"Corpse Explosion","floor":16},{"not_picked":["Outmaneuver","Leg Sweep","Caltrops"],"picked":"SKIP","floor":18},{"not_picked":["Endless Agony","Sucker Punch"],"picked":"Noxious Fumes","floor":21},{"not_picked":["Underhanded Strike+1","Reflex","Blade Dance"],"picked":"SKIP","floor":24},{"not_picked":["Noxious Fumes","Sucker Punch","Deadly Poison"],"picked":"SKIP","floor":27},{"not_picked":["Underhanded Strike","Dagger Throw"],"picked":"PiercingWail","floor":29},{"not_picked":["Terror","Deadly Poison"],"picked":"Cloak And Dagger","floor":31},{"not_picked":["Leg Sweep","Sucker Punch","All Out Attack"],"picked":"SKIP","floor":35},{"not_picked":["Dagger Throw","Eviscerate+1","Bane+1"],"picked":"SKIP","floor":36},{"not_picked":["Endless Agony+1","Blade Dance","Skewer"],"picked":"SKIP","floor":40},{"not_picked":["Endless Agony+1","Storm of Steel","Dagger Spray"],"picked":"SKIP","floor":41},{"not_picked":["Finisher","Well Laid Plans+1","Dagger Throw+1"],"picked":"SKIP","floor":42},{"not_picked":["PiercingWail+1","Bane","Dagger Spray+1"],"picked":"SKIP","floor":45},{"not_picked":["Well Laid Plans","Acrobatics"],"picked":"Footwork","floor":46},{"not_picked":["Terror+1","Poisoned Stab"],"picked":"Dodge and Roll","floor":54}],"player_experience":415179,"relics_obtained":[{"floor":6,"key":"Art of War"},{"floor":8,"key":"Shuriken"},{"floor":9,"key":"Kunai"},{"floor":19,"key":"Red Mask"},{"floor":26,"key":"Whetstone"},{"floor":27,"key":"Ninja Scroll"},{"floor":40,"key":"Bird Faced Urn"},{"floor":46,"key":"Potion Belt"},{"floor":48,"key":"TungstenRod"},{"floor":54,"key":"StrikeDummy"}],"event_choices":[{"cards_removed":["Slice"],"damage_healed":0,"gold_gain":0,"player_choice":"Card Removal","damage_taken":7,"max_hp_gain":0,"max_hp_loss":0,"event_name":"Golden Wing","floor":4,"gold_loss":0},{"damage_healed":0,"gold_gain":50,"player_choice":"Pray","damage_taken":0,"max_hp_gain":0,"max_hp_loss":0,"event_name":"Golden Shrine","floor":5,"gold_loss":0},{"damage_healed":0,"gold_gain":0,"player_choice":"Grow","damage_taken":0,"max_hp_gain":0,"max_hp_loss":0,"event_name":"Living Wall","floor":14,"gold_loss":0,"cards_upgraded":["Cloak And Dagger"]},{"damage_healed":0,"gold_gain":0,"player_choice":"Fought Bandits","damage_taken":0,"max_hp_gain":0,"max_hp_loss":0,"event_name":"Masked Bandits","floor":19,"gold_loss":0},{"damage_healed":0,"gold_gain":50,"player_choice":"Touch","damage_taken":7,"max_hp_gain":0,"max_hp_loss":0,"event_name":"FaceTrader","floor":20,"gold_loss":0},{"damage_healed":0,"gold_gain":0,"player_choice":"Upgraded","damage_taken":0,"max_hp_gain":0,"max_hp_loss":0,"event_name":"Upgrade Shrine","floor":28,"gold_loss":0,"cards_upgraded":["Cloak And Dagger"]},{"damage_healed":0,"gold_gain":222,"player_choice":"Wore Mask","damage_taken":0,"max_hp_gain":0,"max_hp_loss":0,"event_name":"Tomb of Lord Red Mask","floor":37,"gold_loss":0},{"damage_healed":0,"gold_gain":0,"player_choice":"Max HP","damage_taken":0,"max_hp_gain":0,"max_hp_loss":4,"event_name":"Winding Halls","floor":38,"gold_loss":0},{"cards_removed":["Slice"],"damage_healed":5,"gold_gain":0,"player_choice":"Offered Common","damage_taken":0,"max_hp_gain":0,"max_hp_loss":0,"event_name":"Bonfire Elementals","floor":39,"gold_loss":0},{"cards_removed":["Slice"],"damage_healed":5,"gold_gain":0,"player_choice":"Offered Special","damage_taken":0,"max_hp_gain":0,"max_hp_loss":0,"event_name":"Bonfire Elementals","floor":39,"gold_loss":0},{"damage_healed":0,"gold_gain":0,"player_choice":"Fight","damage_taken":0,"max_hp_gain":0,"max_hp_loss":0,"event_name":"Mysterious Sphere","floor":48,"gold_loss":0}],"is_beta":true,"boss_relics":[{"not_picked":["Pandora\u0027s Box","Busted Crown"],"picked":"WristBlade"},{"not_picked":["Cursed Key","Coffee Dripper"],"picked":"Philosopher\u0027s Stone"}],"items_purged_floors":[22],"is_endless":false,"potions_floor_spawned":[1,6,7,10,11,18,24,31,36,42,46,48],"killed_by":"The Heart","ascension_level":18}}