{"host":"8d5lz1qub9wfpdii","time":1613033871,"event":{"mods":["2.2 Compatiblity","AchievementEnabler","Act Like it!","Arknights","Aspiration","BaseMod","Beaked The Cultist","Bestiary","Better Altar","Better Match","Better Note","Better Skull","Better Third Choice","BetterRewards","Bossed Relics","Colored Powertips","Conspire","Downfall","Friendly Minions","GifTheSpireLib","Hallownest","Hermit","Hubris","Infinite Spire","Jorbs\u0027s Wanderer Trilogy","Minty Spire (QoL Compilation)","RNG Fix","Relic Stats","Replay The Spire","Shade Mod","Shop Mod","Spicy Shops","Spire Arcade","StSLib","Stuff the Spire","The Animator","The Blackbeard","The Bug Knight","The Clintock","The Forsaken","The Hayseed","The Hierophant","The Necromancer","The Runesmith","The Servant 0.9.4","Uncapped","Wandering Minibosses"],"gold_per_floor":[110,110,124,124,124,152,152,165,191,214,214,214,227,249,249,329,329,330,8,8,8,8,139,139,150,150,150,95,95,91,844,844,944,944,964,1174,1174,1190,650,650,669,669,669,669,669,669,683,823,823,823,823],"floor_reached":50,"language":"ENG","playtime":2208,"items_purged":[],"score":548,"play_id":"9fc4261b-c6b0-45cb-81aa-6028fcd399df","local_time":"20210211192751","is_ascension_mode":false,"campfire_choices":[{"data":"TheSimpletonMod:Haymaker","floor":11,"key":"SMITH"},{"data":"TheSimpletonMod:Ferment","floor":15,"key":"SMITH"},{"data":"J.A.X.","floor":24,"key":"SMITH"},{"floor":29,"key":"REST"},{"floor":32,"key":"REST"},{"floor":40,"key":"REST"},{"data":"TheSimpletonMod:Haymaker+1","floor":42,"key":"SMITH"},{"data":"TheSimpletonMod:ReapAndSow","floor":49,"key":"SMITH"}],"circlet_count":0,"master_deck":["TheSimpletonMod:Strike_TheSimpleton","TheSimpletonMod:Strike_TheSimpleton","TheSimpletonMod:Defend_TheSimpleton","TheSimpletonMod:Defend_TheSimpleton","TheSimpletonMod:Defend_TheSimpleton","TheSimpletonMod:Haymaker+2","TheSimpletonMod:ReapAndSow+1","TheSimpletonMod:CloseScrape+1","TheSimpletonMod:Sunseed","TheSimpletonMod:Photosynthesis+1","TheSimpletonMod:CloseScrape","TheSimpletonMod:CropRotation","TheSimpletonMod:BumperCrop","TheSimpletonMod:Thresh","TheSimpletonMod:Sunseed+1","J.A.X.+1","TheSimpletonMod:RootDown+1","TheSimpletonMod:SaladShooter+1","TheSimpletonMod:Fertilaser+1","TheSimpletonMod:Surplus","TheSimpletonMod:SlashAndBurn+1","TheSimpletonMod:PestManagement+1","TheSimpletonMod:Sunseed+1","TheSimpletonMod:BumperCrop+1","TheSimpletonMod:TakeHeart"],"relics":["TheSimpletonMod:SpudOfTheInnocent","TheSimpletonMod:NightSoil","TheSimpletonMod:TheHarvester","NeowsBlessing","Blue Candle","PreservedInsect","StuffTheSpire:Rhapsscallions","Pen Nib","hubris:SlimyHat","StuffTheSpire:TintedRock","ChewingGum","Molten Egg 2","aspiration:RitualStick","theForsaken:Lifeblossom","wanderingMiniBosses:MasterThiefsPresence","Empty Cage","conspire:InfiniteJournal","hubris:SphereOfDissonance","Torii","hubris:HerbalPaste","Darkstone Periapt","hubris:Towel","Replay:Ringing Soul"],"acts_visited":["Exordium","TheCity","TheBeyond"],"potions_floor_usage":[16,28,28,31,38,47],"damage_taken":[{"damage":0,"enemies":"Jaw Worm","floor":1,"turns":1},{"damage":0,"enemies":"2 Louse","floor":3,"turns":1},{"damage":0,"enemies":"Gremlin Nob","floor":6,"turns":1},{"damage":3,"enemies":"infinitespire:Voidling","floor":7,"turns":5},{"damage":14,"enemies":"Blue Slaver","floor":8,"turns":3},{"damage":1,"enemies":"3 Louse","floor":13,"turns":3},{"damage":11,"enemies":"3 Sentries","floor":14,"turns":4},{"damage":32,"enemies":"The Guardian","floor":16,"turns":14},{"damage":5,"enemies":"3 Byrds","floor":18,"turns":5},{"damage":15,"enemies":"conspire:Head Lice","floor":23,"turns":4},{"damage":3,"enemies":"Spheric Guardian","floor":25,"turns":3},{"damage":45,"enemies":"Snake Plant","floor":28,"turns":6},{"damage":18,"enemies":"conspire:HollyBat","floor":30,"turns":5},{"damage":32,"enemies":"Sentry and Sphere","floor":31,"turns":4},{"damage":24,"enemies":"hubris:MusketHawk","floor":33,"turns":6},{"damage":10,"enemies":"3 Darklings","floor":35,"turns":4},{"damage":18,"enemies":"3 Shapes","floor":38,"turns":3},{"damage":16,"enemies":"Jaw Worm Horde","floor":41,"turns":3},{"damage":3,"enemies":"Transient","floor":47,"turns":5},{"damage":11,"enemies":"Nemesis","floor":48,"turns":5},{"damage":105,"enemies":"Donu and Deca","floor":50,"turns":7}],"seed_played":"4191860041162170619","potions_obtained":[{"floor":3,"key":"Swift Potion"},{"floor":16,"key":"Guardian:BlockOnCardUsePotion"},{"floor":23,"key":"hexamod:SoulburnPotion"},{"floor":25,"key":"AttackPotion"},{"floor":28,"key":"Regen Potion"},{"floor":31,"key":"LiquidMemories"},{"floor":41,"key":"Fire Potion"}],"is_trial":false,"path_per_floor":["M","?","M","?","?","E","M","M","T","T","R","?","M","E","R","B",null,"M","$","?","?","?","E","R","M","T","?","M","R","M","M","R","B",null,"M","?","AVR","M","$","R","M","R","T","?","?","?","M","E","R","B"],"character_chosen":"THE_SIMPLETON","items_purchased":["Molten Egg 2","TheSimpletonMod:Sunseed+1","hubris:SphereOfDissonance","Torii","hubris:HerbalPaste","TheSimpletonMod:Sunseed+1"],"campfire_rested":3,"item_purchase_floors":[19,19,39,39,39,39],"current_hp_per_floor":[75,70,70,70,70,76,77,67,67,67,67,67,72,67,67,41,81,76,76,76,76,60,51,51,53,53,53,20,44,38,28,52,40,81,72,52,52,39,39,63,58,58,58,63,66,66,84,80,80,0,0],"gold":823,"neow_bonus":"THREE_ENEMY_KILL","is_daily":false,"chose_seed":false,"campfire_upgraded":5,"win_rate":0.0,"timestamp":1613033871,"path_taken":["M","?","?","?","?","E","M","M","T","?","R","?","M","E","R","BOSS","M","$","?","?","?","E","R","M","T","?","M","R","M","M","R","BOSS","M","?","AVR","M","$","R","M","R","T","?","?","?","M","E","R","BOSS"],"items_purchased_type":["Relic","Card","Relic","Relic","Relic","Card"],"build_version":"2020-12-22","purchased_purges":0,"victory":false,"max_hp_per_floor":[75,75,75,75,75,81,81,81,81,81,81,81,81,81,81,81,81,81,81,81,81,81,81,81,81,81,81,81,81,81,81,81,81,81,81,81,81,81,81,81,81,81,81,81,84,84,84,84,84,84,84],"relic_stats":{"Darkstone Periapt":0,"Torii":3,"counters":[273,1041],"Blue Candle":[0],"PreservedInsect":113,"Pen Nib":[29],"obtain_stats":[{"Replay:Accelerometer":9,"StuffTheSpire:Rhapsscallions":6,"Hallownest:UnbreakableCardRelic":71,"StuffTheSpire:BottledEssence":56,"Replay:Wanted Poster":136,"Blood Vial":54,"conspire:GlowingRock":25,"infinitespire:ShieldingShard":9,"hubris:HerbalPaste":39,"aspiration:BabyByrd":13,"beaked:SacredDeck":34,"HollowMod:PaleOreRelic":114,"m_SnakeCloak":47,"MerchantsRug":37,"hubris:MobiusCoin":6,"Blue Candle":40,"Eternal Feather":0,"StuffTheSpire:Wildfire":9,"Pen Nib":9,"infinitespire:EvilPickle":34,"hubris:Reverence":13,"Regal Pillow":56,"Torii":17,"King of Hearts":6,"StuffTheSpire:GrapeVine":6,"Smiling Mask":108,"Ancient Tea Set":19,"Burning Blood":0,"Pet Ghost":29,"conspire:InfiniteJournal":37,"StuffTheSpire:Gunfinga":7,"infinitespire:Bottled Soul":111,"aspiration:AnachronicSnailShell":32,"Chemical X":0,"infinitespire:Eraser":8,"wanderingMiniBosses:LockLocket":42,"aspiration:ChemicalBlood":13,"Potion Belt":60,"Lee\u0027s Waffle":0,"Replay:M_StaffOfTheSnake":4,"NeowsBlessing":0,"Golden Idol":5,"blackbeard:LoadTheCannons":0,"Circlet":0,"PreservedInsect":77,"infinitespire:Lucky Rock":87,"hubris:Towel":147,"StuffTheSpire:Mouthbags":39,"Durian":0,"Garlic":22,"Runesmith:AutoHammer":26,"hubris:CrackedHourglass":40,"conspire:DeflatedDodgeball":144,"infinitespire:Midas Blood":23,"Tiny House":17,"Calipers":24,"Gremlin Horn":9,"hubris:VirtuousBlindfold":34,"hubris:TerracottaHorce":91,"TheSimpletonMod:TheHarvester":19,"Philosopher\u0027s Stone":19,"Girya":26,"hubris:DuctTape":0,"ReplayTheSpireMod:CursedCoin":0,"StuffTheSpire:ForceGauntlet":94,"wanderingMiniBosses:MasterThiefsPresence":31,"Charon\u0027s Ashes":8,"aspiration:HiddenCompartment":37,"hubris:Zylophone":0,"conspire:GiftBox":48,"ReplayTheSpireMod:Spearhead":14,"hubris:PeanutButter":0,"StuffTheSpire:PointBlank":27,"Mirror":6,"aspiration:HatOfInfinitePower":40,"StuffTheSpire:OldFever":43,"Hallownest:StagBellRelic1":104,"Black Blood":34,"aspiration:TomeofQuesting":6,"Juzu Bracelet":130,"Replay:Mystery Machine":11,"hubris:RunicObelisk":68,"Empty Cage":34,"aspiration:StickyExplosives_weak":14,"hubris:Icosahedron":112,"hubris:Stopwatch":68,"hubris:IronBody":5,"Red Mask":30,"StuffTheSpire:Nightcore":0,"Guide Book":0,"Replay:WaspNest":145,"hubris:MedicalManual":0,"Mercury Hourglass":26,"Calling Bell":22,"StuffTheSpire:HistoryBook":21,"infinitespire:Satchel":61,"Runesmith:UraniumAnvil":119,"StuffTheSpire:CocoNut":9,"infinitespire:Burning Sword":85,"Bag of Marbles":0,"aspiration:RitualDagger":17,"FossilizedHelix":0,"hubris:OldNail":9,"StuffTheSpire:Barrel":6,"Whetstone":89,"Boot":40,"aspiration:RitualStick":22,"Replay:Ringing Soul":48,"Sundial":42,"hubris:DeckOfHolding":105,"Kunai":8,"Replay:Wax Seal":60,"hubris:TinFlute":9,"Pear":4,"Counterbalance":74,"hubris:SphereOfDissonance":39,"aspiration:FrozenJewel":9,"Ooze Armor":51,"DeathKnight:PutricidesVial":19,"hubris:TenFootPole":11,"infinitespire:PuzzleCube":43,"Lantern":5,"Blue Doll":149,"Painkiller Herb":34,"Bag of Preparation":113,"Replay:Rubber Ducky":0,"StuffTheSpire:OccultApparatus":30,"BranchBurnRelic":23,"Shovel":11,"hubris:FunFungus":23,"hubris:ChampionShield":107,"hubris:GlazedTorus":0,"StuffTheSpire:TintedRock":21,"Self Forming Clay":8,"Thread and Needle":148,"infinitespire:Joker Card":39,"Omamori":43,"infinitespire:CheckeredPen":116,"Frozen Egg 2":128,"MawBank":151,"Busted Crown":102,"Orrery":0,"Bottled Lightning":31,"ReplayTheSpireMod:Lightbulb":72,"conspire:SeveredTorchhead":17,"Lizard Tail":143,"HornCleat":9,"aspiration:MobileForge":21,"conspire:DecoderRing":62,"Strawberry":22,"conspire:Dentures":99,"Happy Flower":11,"aspiration:Nostalgia":4,"Dead Branch":22,"infinitespire:Beetle Shell":92,"aspiration:SeaSaltIceCream":47,"War Paint":26,"Bottled Flame":11,"Replay:Baseball":0,"Brimstone":7,"Bronze Scales":79,"StuffTheSpire:GreaterSneckoEye":39,"StuffTheSpire:DarkSteelAnvil":0,"Molten Egg 2":6,"Simple Rune":0,"Meat on the Bone":27,"ReplayFunnel":0,"Darkstone Periapt":43,"beaked:ShinyBauble":46,"theForsaken:ScaryMask":142,"theForsaken:Lifeblossom":57,"conspire:SpecialSausage":17,"hubris:SlimyHat":74,"Incense Burner":14,"theForsaken:PlagueMask":22,"ClockworkSouvenir":0,"Replay:Bandana":41,"StuffTheSpire:HeavyRock":82,"Pantograph":0,"Gambling Chip":76,"Tiny Chest":11,"Red Skull":6,"StuffTheSpire:Tea":9,"Gremlin Food":23,"ReplayTheSpireMod:Ninjato":91,"Replay:Towering Pillar of Hats":0,"aspiration:FetidBarrel":6,"White Beast Statue":31,"Peace Pipe":133,"Anchor":48,"infinitespire:WardingShard":26,"aspiration:WatcherSkillbook":19,"ChewingGum":17,"Another Sword":25,"hubris:Potato":125,"DeathKnight:SindragosasSkull":0},{"Replay:Accelerometer":195,"StuffTheSpire:Rhapsscallions":255,"Hallownest:UnbreakableCardRelic":32,"StuffTheSpire:BottledEssence":26,"Replay:Wanted Poster":59,"Blood Vial":235,"conspire:GlowingRock":12,"infinitespire:ShieldingShard":97,"hubris:HerbalPaste":269,"aspiration:BabyByrd":136,"beaked:SacredDeck":224,"HollowMod:PaleOreRelic":49,"m_SnakeCloak":90,"MerchantsRug":16,"hubris:MobiusCoin":114,"Blue Candle":86,"Eternal Feather":65,"StuffTheSpire:Wildfire":180,"Pen Nib":257,"infinitespire:EvilPickle":204,"hubris:Reverence":70,"Regal Pillow":26,"Torii":184,"King of Hearts":213,"StuffTheSpire:GrapeVine":194,"Smiling Mask":48,"Ancient Tea Set":120,"Burning Blood":0,"Pet Ghost":79,"conspire:InfiniteJournal":268,"StuffTheSpire:Gunfinga":133,"infinitespire:Bottled Soul":48,"aspiration:AnachronicSnailShell":154,"Chemical X":65,"infinitespire:Eraser":69,"wanderingMiniBosses:LockLocket":87,"aspiration:ChemicalBlood":146,"Potion Belt":237,"Lee\u0027s Waffle":92,"Replay:M_StaffOfTheSnake":67,"NeowsBlessing":111,"Golden Idol":132,"blackbeard:LoadTheCannons":138,"Circlet":0,"PreservedInsect":35,"infinitespire:Lucky Rock":39,"hubris:Towel":62,"StuffTheSpire:Mouthbags":17,"Durian":105,"Garlic":219,"Runesmith:AutoHammer":152,"hubris:CrackedHourglass":17,"conspire:DeflatedDodgeball":62,"infinitespire:Midas Blood":75,"Tiny House":8,"Calipers":151,"Gremlin Horn":143,"hubris:VirtuousBlindfold":155,"hubris:TerracottaHorce":39,"TheSimpletonMod:TheHarvester":217,"Philosopher\u0027s Stone":185,"Girya":200,"hubris:DuctTape":247,"ReplayTheSpireMod:CursedCoin":247,"StuffTheSpire:ForceGauntlet":40,"wanderingMiniBosses:MasterThiefsPresence":266,"Charon\u0027s Ashes":115,"aspiration:HiddenCompartment":84,"hubris:Zylophone":65,"conspire:GiftBox":91,"ReplayTheSpireMod:Spearhead":215,"hubris:PeanutButter":161,"StuffTheSpire:PointBlank":77,"Mirror":142,"aspiration:HatOfInfinitePower":228,"StuffTheSpire:OldFever":18,"Hallownest:StagBellRelic1":46,"Black Blood":15,"aspiration:TomeofQuesting":109,"Juzu Bracelet":56,"Replay:Mystery Machine":166,"hubris:RunicObelisk":242,"Empty Cage":267,"aspiration:StickyExplosives_weak":71,"hubris:Icosahedron":48,"hubris:Stopwatch":31,"hubris:IronBody":3,"Red Mask":80,"StuffTheSpire:Nightcore":176,"Guide Book":247,"Replay:WaspNest":62,"hubris:MedicalManual":187,"Mercury Hourglass":12,"Calling Bell":219,"StuffTheSpire:HistoryBook":103,"infinitespire:Satchel":27,"Runesmith:UraniumAnvil":52,"StuffTheSpire:CocoNut":128,"infinitespire:Burning Sword":38,"Bag of Marbles":161,"aspiration:RitualDagger":197,"FossilizedHelix":92,"hubris:OldNail":213,"StuffTheSpire:Barrel":127,"Whetstone":39,"Boot":17,"aspiration:RitualStick":261,"Replay:Ringing Soul":272,"Sundial":208,"hubris:DeckOfHolding":46,"Kunai":190,"Replay:Wax Seal":27,"hubris:TinFlute":165,"Pear":178,"Counterbalance":246,"hubris:SphereOfDissonance":269,"aspiration:FrozenJewel":115,"Ooze Armor":23,"DeathKnight:PutricidesVial":170,"hubris:TenFootPole":181,"infinitespire:PuzzleCube":208,"Lantern":163,"Blue Doll":63,"Painkiller Herb":82,"Bag of Preparation":49,"Replay:Rubber Ducky":211,"StuffTheSpire:OccultApparatus":154,"BranchBurnRelic":219,"Shovel":135,"hubris:FunFungus":173,"hubris:ChampionShield":47,"hubris:GlazedTorus":65,"StuffTheSpire:TintedRock":74,"Self Forming Clay":143,"Thread and Needle":62,"infinitespire:Joker Card":227,"Omamori":230,"infinitespire:CheckeredPen":51,"Frozen Egg 2":56,"MawBank":64,"Busted Crown":45,"Orrery":211,"Bottled Lightning":81,"ReplayTheSpireMod:Lightbulb":32,"conspire:SeveredTorchhead":72,"Lizard Tail":62,"HornCleat":69,"aspiration:MobileForge":74,"conspire:DecoderRing":27,"Strawberry":198,"conspire:Dentures":44,"Happy Flower":214,"aspiration:Nostalgia":67,"Dead Branch":219,"infinitespire:Beetle Shell":40,"aspiration:SeaSaltIceCream":90,"War Paint":76,"Bottled Flame":144,"Replay:Baseball":211,"Brimstone":180,"Bronze Scales":35,"StuffTheSpire:GreaterSneckoEye":159,"StuffTheSpire:DarkSteelAnvil":65,"Molten Egg 2":164,"Simple Rune":191,"Meat on the Bone":221,"ReplayFunnel":65,"Darkstone Periapt":270,"beaked:ShinyBauble":20,"theForsaken:ScaryMask":62,"theForsaken:Lifeblossom":27,"conspire:SpecialSausage":147,"hubris:SlimyHat":34,"Incense Burner":137,"theForsaken:PlagueMask":11,"ClockworkSouvenir":211,"Replay:Bandana":18,"StuffTheSpire:HeavyRock":37,"Pantograph":65,"Gambling Chip":247,"Tiny Chest":6,"Red Skull":4,"StuffTheSpire:Tea":4,"Gremlin Food":151,"ReplayTheSpireMod:Ninjato":39,"Replay:Towering Pillar of Hats":211,"aspiration:FetidBarrel":68,"White Beast Statue":14,"Peace Pipe":58,"Anchor":210,"infinitespire:WardingShard":221,"aspiration:WatcherSkillbook":102,"ChewingGum":260,"Another Sword":152,"hubris:Potato":55,"DeathKnight:SindragosasSkull":65},{"Replay:Accelerometer":748,"StuffTheSpire:Rhapsscallions":953,"Hallownest:UnbreakableCardRelic":148,"StuffTheSpire:BottledEssence":131,"Replay:Wanted Poster":215,"Blood Vial":917,"conspire:GlowingRock":66,"infinitespire:ShieldingShard":335,"hubris:HerbalPaste":1021,"aspiration:BabyByrd":504,"beaked:SacredDeck":891,"HollowMod:PaleOreRelic":193,"m_SnakeCloak":312,"MerchantsRug":90,"hubris:MobiusCoin":413,"Blue Candle":300,"Eternal Feather":233,"StuffTheSpire:Wildfire":692,"Pen Nib":961,"infinitespire:EvilPickle":797,"hubris:Reverence":252,"Regal Pillow":131,"Torii":701,"King of Hearts":839,"StuffTheSpire:GrapeVine":746,"Smiling Mask":191,"Ancient Tea Set":449,"Burning Blood":0,"Pet Ghost":283,"conspire:InfiniteJournal":1019,"StuffTheSpire:Gunfinga":494,"infinitespire:Bottled Soul":191,"aspiration:AnachronicSnailShell":589,"Chemical X":233,"infinitespire:Eraser":249,"wanderingMiniBosses:LockLocket":305,"aspiration:ChemicalBlood":555,"Potion Belt":921,"Lee\u0027s Waffle":320,"Replay:M_StaffOfTheSnake":239,"NeowsBlessing":410,"Golden Idol":493,"blackbeard:LoadTheCannons":521,"Circlet":0,"PreservedInsect":156,"infinitespire:Lucky Rock":170,"hubris:Towel":223,"StuffTheSpire:Mouthbags":94,"Durian":384,"Garlic":872,"Runesmith:AutoHammer":582,"hubris:CrackedHourglass":94,"conspire:DeflatedDodgeball":223,"infinitespire:Midas Blood":266,"Tiny House":44,"Calipers":579,"Gremlin Horn":544,"hubris:VirtuousBlindfold":597,"hubris:TerracottaHorce":170,"TheSimpletonMod:TheHarvester":866,"Philosopher\u0027s Stone":706,"Girya":777,"hubris:DuctTape":934,"ReplayTheSpireMod:CursedCoin":934,"StuffTheSpire:ForceGauntlet":172,"wanderingMiniBosses:MasterThiefsPresence":1009,"Charon\u0027s Ashes":419,"aspiration:HiddenCompartment":295,"hubris:Zylophone":233,"conspire:GiftBox":313,"ReplayTheSpireMod:Spearhead":854,"hubris:PeanutButter":625,"StuffTheSpire:PointBlank":274,"Mirror":539,"aspiration:HatOfInfinitePower":901,"StuffTheSpire:OldFever":101,"Hallownest:StagBellRelic1":186,"Black Blood":84,"aspiration:TomeofQuesting":403,"Juzu Bracelet":208,"Replay:Mystery Machine":641,"hubris:RunicObelisk":928,"Empty Cage":1015,"aspiration:StickyExplosives_weak":257,"hubris:Icosahedron":191,"hubris:Stopwatch":146,"hubris:IronBody":14,"Red Mask":284,"StuffTheSpire:Nightcore":677,"Guide Book":934,"Replay:WaspNest":223,"hubris:MedicalManual":714,"Mercury Hourglass":66,"Calling Bell":872,"StuffTheSpire:HistoryBook":369,"infinitespire:Satchel":134,"Runesmith:UraniumAnvil":200,"StuffTheSpire:CocoNut":481,"infinitespire:Burning Sword":167,"Bag of Marbles":625,"aspiration:RitualDagger":763,"FossilizedHelix":320,"hubris:OldNail":839,"StuffTheSpire:Barrel":476,"Whetstone":170,"Boot":94,"aspiration:RitualStick":987,"Replay:Ringing Soul":1034,"Sundial":815,"hubris:DeckOfHolding":186,"Kunai":730,"Replay:Wax Seal":134,"hubris:TinFlute":637,"Pear":684,"Counterbalance":933,"hubris:SphereOfDissonance":1021,"aspiration:FrozenJewel":419,"Ooze Armor":126,"DeathKnight:PutricidesVial":655,"hubris:TenFootPole":694,"infinitespire:PuzzleCube":815,"Lantern":629,"Blue Doll":224,"Painkiller Herb":292,"Bag of Preparation":193,"Replay:Rubber Ducky":830,"StuffTheSpire:OccultApparatus":589,"BranchBurnRelic":872,"Shovel":501,"hubris:FunFungus":667,"hubris:ChampionShield":187,"hubris:GlazedTorus":233,"StuffTheSpire:TintedRock":263,"Self Forming Clay":544,"Thread and Needle":223,"infinitespire:Joker Card":898,"Omamori":907,"infinitespire:CheckeredPen":196,"Frozen Egg 2":208,"MawBank":226,"Busted Crown":184,"Orrery":830,"Bottled Lightning":286,"ReplayTheSpireMod:Lightbulb":148,"conspire:SeveredTorchhead":260,"Lizard Tail":223,"HornCleat":249,"aspiration:MobileForge":263,"conspire:DecoderRing":134,"Strawberry":769,"conspire:Dentures":180,"Happy Flower":849,"aspiration:Nostalgia":239,"Dead Branch":872,"infinitespire:Beetle Shell":172,"aspiration:SeaSaltIceCream":312,"War Paint":271,"Bottled Flame":550,"Replay:Baseball":830,"Brimstone":692,"Bronze Scales":156,"StuffTheSpire:GreaterSneckoEye":614,"StuffTheSpire:DarkSteelAnvil":233,"Molten Egg 2":633,"Simple Rune":736,"Meat on the Bone":878,"ReplayFunnel":233,"Darkstone Periapt":1024,"beaked:ShinyBauble":112,"theForsaken:ScaryMask":223,"theForsaken:Lifeblossom":134,"conspire:SpecialSausage":565,"hubris:SlimyHat":153,"Incense Burner":514,"theForsaken:PlagueMask":60,"ClockworkSouvenir":830,"Replay:Bandana":101,"StuffTheSpire:HeavyRock":164,"Pantograph":233,"Gambling Chip":934,"Tiny Chest":33,"Red Skull":23,"StuffTheSpire:Tea":23,"Gremlin Food":579,"ReplayTheSpireMod:Ninjato":170,"Replay:Towering Pillar of Hats":830,"aspiration:FetidBarrel":244,"White Beast Statue":76,"Peace Pipe":212,"Anchor":825,"infinitespire:WardingShard":878,"aspiration:WatcherSkillbook":365,"ChewingGum":982,"Another Sword":582,"hubris:Potato":206,"DeathKnight:SindragosasSkull":233}],"aspiration:RitualStick":[0]},"card_choices":[{"not_picked":["TheSimpletonMod:PestManagement","TheSimpletonMod:BumperCrop"],"picked":"TheSimpletonMod:CloseScrape","floor":1},{"not_picked":["TheSimpletonMod:SpiceUp","TheSimpletonMod:Mulch"],"picked":"TheSimpletonMod:Sunseed","floor":3},{"not_picked":["TheSimpletonMod:DigIn","TheSimpletonMod:Aerate"],"picked":"TheSimpletonMod:Photosynthesis","floor":6},{"not_picked":["TheSimpletonMod:Sunchoke","TheSimpletonMod:ToughenUp"],"picked":"TheSimpletonMod:CloseScrape","floor":7},{"not_picked":["TheSimpletonMod:DoubleBarrel","TheSimpletonMod:GoToMarket"],"picked":"TheSimpletonMod:CropRotation","floor":8},{"not_picked":["TheSimpletonMod:Aerate","TheSimpletonMod:SeedCoat"],"picked":"TheSimpletonMod:BumperCrop","floor":13},{"not_picked":["TheSimpletonMod:CropRotation","TheSimpletonMod:StockTheCellar"],"picked":"TheSimpletonMod:Ferment","floor":14},{"not_picked":["TheSimpletonMod:GoToMarket","TheSimpletonMod:Innovate"],"picked":"TheSimpletonMod:Thresh","floor":18},{"not_picked":["TheSimpletonMod:Sunchoke+1","TheSimpletonMod:Aerate"],"picked":"TheSimpletonMod:RootDown+1","floor":23},{"not_picked":["TheSimpletonMod:Aerate+1","TheSimpletonMod:CrackOfDawn"],"picked":"TheSimpletonMod:SaladShooter+1","floor":25},{"not_picked":["TheSimpletonMod:BumperCrop","TheSimpletonMod:Sunchoke+1"],"picked":"TheSimpletonMod:Fertilaser+1","floor":28},{"not_picked":["TheSimpletonMod:Rototilling","TheSimpletonMod:Mulch"],"picked":"TheSimpletonMod:OnionBloom","floor":30},{"not_picked":["TheSimpletonMod:Mulch+1","TheSimpletonMod:KeenEdge+1","TheSimpletonMod:ResistantStrain"],"picked":"SKIP","floor":31},{"not_picked":["TheSimpletonMod:DesperatePlunge","TheSimpletonMod:FlashPasteurize+1"],"picked":"TheSimpletonMod:Surplus","floor":33},{"not_picked":["TheSimpletonMod:Mulch+1","TheSimpletonMod:PestManagement+1","TheSimpletonMod:SeedCoat+1"],"picked":"SKIP","floor":35},{"not_picked":["TheSimpletonMod:KeenEdge+1","TheSimpletonMod:Swelter"],"picked":"TheSimpletonMod:SlashAndBurn+1","floor":36},{"not_picked":["TheSimpletonMod:Potatoes","TheSimpletonMod:Corn+1"],"picked":"TheSimpletonMod:PestManagement+1","floor":38},{"not_picked":["TheSimpletonMod:Sunchoke+1","TheSimpletonMod:DigIn+1"],"picked":"TheSimpletonMod:BumperCrop+1","floor":41},{"not_picked":["TheSimpletonMod:SlashAndBurn+1","TheSimpletonMod:StockTheCellar"],"picked":"TheSimpletonMod:TakeHeart","floor":47},{"not_picked":["TheSimpletonMod:Mulch+1","TheSimpletonMod:Rake+1","TheSimpletonMod:Germinate"],"picked":"SKIP","floor":48}],"player_experience":108516,"relics_obtained":[{"floor":4,"key":"PreservedInsect"},{"floor":6,"key":"StuffTheSpire:Rhapsscallions"},{"floor":9,"key":"Pen Nib"},{"floor":10,"key":"hubris:SlimyHat"},{"floor":14,"key":"StuffTheSpire:TintedRock"},{"floor":23,"key":"theForsaken:Lifeblossom"},{"floor":31,"key":"wanderingMiniBosses:MasterThiefsPresence"},{"floor":43,"key":"Darkstone Periapt"},{"floor":48,"key":"Replay:Ringing Soul"}],"event_choices":[{"cards_removed":["TheSimpletonMod:Strike_TheSimpleton"],"damage_healed":0,"gold_gain":0,"player_choice":"Purged","damage_taken":0,"max_hp_gain":0,"max_hp_loss":0,"event_name":"Purifier","floor":5,"gold_loss":0},{"damage_healed":0,"gold_gain":0,"player_choice":"Upgraded","damage_taken":0,"max_hp_gain":0,"max_hp_loss":0,"event_name":"Upgrade Shrine","floor":12,"gold_loss":0,"cards_upgraded":["TheSimpletonMod:CloseScrape"]},{"damage_healed":0,"gold_gain":0,"player_choice":"Ignored","damage_taken":0,"max_hp_gain":0,"max_hp_loss":0,"event_name":"betterNote:BetterNote","floor":20,"gold_loss":0,"cards_obtained":["blackbeard:GoldenStrike"]},{"damage_healed":0,"gold_gain":0,"player_choice":"Obtain J.A.X.","damage_taken":0,"max_hp_gain":0,"max_hp_loss":0,"event_name":"Drug Dealer","floor":21,"gold_loss":0,"cards_obtained":["J.A.X."]},{"damage_healed":0,"gold_gain":0,"player_choice":"Forge","damage_taken":0,"max_hp_gain":0,"max_hp_loss":0,"event_name":"Accursed Blacksmith","floor":27,"gold_loss":0,"cards_upgraded":["TheSimpletonMod:Photosynthesis"]},{"cards_removed":["TheSimpletonMod:Ferment"],"damage_healed":5,"gold_gain":0,"player_choice":"Offered Common","damage_taken":0,"max_hp_gain":0,"max_hp_loss":0,"event_name":"Bonfire Elementals","floor":44,"gold_loss":0},{"cards_removed":["TheSimpletonMod:Ferment"],"damage_healed":5,"gold_gain":0,"player_choice":"Offered Special","damage_taken":0,"max_hp_gain":0,"max_hp_loss":0,"event_name":"Bonfire Elementals","floor":44,"gold_loss":0}],"is_beta":false,"boss_relics":[{"not_picked":["aspiration:RitualDagger","aspiration:PoetsPen_weak"],"picked":"ChewingGum"},{"not_picked":["Abe\u0027s Treasure","Calling Bell"],"picked":"Empty Cage"}],"items_purged_floors":[],"is_endless":false,"potions_floor_spawned":[3,16,23,25,28,31,41],"killed_by":"Donu and Deca","ascension_level":0}}