{"host":"34ep1ixvv1fq2ewd","time":1613010225,"event":{"mods":["AchievementEnabler","BaseMod","Colored Map","Colored Powertips","Downfall","Googly Eyes","Hubris","Marisa????????","Minty Spire (QoL Compilation)","Rare Cards Sparkle","Replay The Spire","StSLib","The Hierophant"],"gold_per_floor":[116,116,3,3,3,31,31,31,31,124,153,170,230,18,18,117,167,178,178,178,188,288,288,288,288],"floor_reached":24,"language":"ENG","playtime":1261,"items_purged":[],"score":198,"play_id":"3e5f585d-b667-4ab4-bae9-4572ff256156","local_time":"20210211132345","is_ascension_mode":false,"campfire_choices":[{"floor":7,"key":"REST"},{"floor":15,"key":"REST"},{"data":"Noxious Fumes","floor":23,"key":"SMITH"}],"circlet_count":0,"master_deck":["Strike_G","Strike_G","Strike_G","Strike_G","Strike_G+1","Defend_G","Defend_G","Defend_G","Survivor","Neutralize","Finisher","Deflect","Noxious Fumes+1","Sucker Punch","Sucker Punch","hubris:Gluttony","Deadly Poison","Corpse Explosion","ReplayTheSpireMod:Splinters","Sunder","Tempest","Conserve Battery","Rip and Tear","Storm","Caltrops","Replay:Sssssssssshield","Dash","Dodge and Roll","Glass Knife","Deflect","Bane","Bane+1"],"relics":["Ring of the Snake","Ring of Fury","Ring of Hypnosis","Replay:Accelerometer","hubris:DisguiseKit","Snack Pack","Bronze Scales","Tiny House","hubris:BottledHeart"],"acts_visited":["Exordium","TheCity"],"potions_floor_usage":[6],"damage_taken":[{"damage":0,"enemies":"Small Slimes","floor":1,"turns":3},{"damage":16,"enemies":"Gremlin Nob","floor":6,"turns":4},{"damage":17,"enemies":"Replay:BlueRogue","floor":11,"turns":5},{"damage":0,"enemies":"Cultist","floor":12,"turns":2},{"damage":24,"enemies":"Lagavulin Event","floor":13,"turns":5},{"damage":46,"enemies":"The Guardian","floor":16,"turns":9},{"damage":52,"enemies":"2 Thieves","floor":18,"turns":4},{"damage":0,"enemies":"Spheric Guardian","floor":21,"turns":4},{"damage":6,"enemies":"Slavers","floor":24,"turns":2}],"seed_played":"5693402869516267403","potions_obtained":[{"floor":1,"key":"AttackPotion"},{"floor":13,"key":"Strength Potion"},{"floor":16,"key":"Languid Potion"},{"floor":17,"key":"GhostInAJar"}],"is_trial":false,"path_per_floor":["M","?","$","?","$","E","R","?","T","?","E","M","?","$","R","B",null,"M","?","?","M","?","R","E"],"character_chosen":"THE_SILENT","items_purchased":["Noxious Fumes","Sucker Punch","Replay:Sssssssssshield","Dash","Dodge and Roll"],"campfire_rested":2,"item_purchase_floors":[3,3,14,14,14],"current_hp_per_floor":[70,70,70,70,70,54,70,70,70,70,53,55,33,33,54,8,75,23,23,1,1,1,1,0,0],"gold":288,"neow_bonus":"TRANSFORM_CARD","is_daily":false,"chose_seed":false,"campfire_upgraded":1,"win_rate":0.0,"timestamp":1613010225,"path_taken":["M","?","?","?","$","E","R","?","T","?","E","?","?","?","R","BOSS","M","?","?","M","?","R","E"],"items_purchased_type":["Card","Card","Card","Card","Card"],"build_version":"2020-12-22","purchased_purges":0,"victory":false,"max_hp_per_floor":[70,70,70,70,70,70,70,70,70,70,70,70,70,70,70,70,75,75,75,1,1,1,1,1,1],"card_choices":[{"not_picked":["Expertise","Blade Dance"],"picked":"Deflect","floor":1},{"not_picked":["Sneak Up","Blade Dance"],"picked":"Deadly Poison","floor":6},{"not_picked":["Bane","Prepared","All Out Attack"],"picked":"Sunder","floor":10},{"not_picked":["PiercingWail","Doppelganger","Prepared"],"picked":"Tempest","floor":10},{"not_picked":["Hidden Blade","ReplayTheSpireMod:Exploit Weakness","Acrobatics"],"picked":"Conserve Battery","floor":10},{"not_picked":["Dagger Spray","Escape Plan","Backflip"],"picked":"Rip and Tear","floor":11},{"not_picked":["Distraction","Slice","Hidden Blade"],"picked":"Storm","floor":12},{"not_picked":["Masterful Stab","Backstab","ReplaySolidLightProjector"],"picked":"Caltrops","floor":13},{"not_picked":["Night Terror","Tools of the Trade","Fission"],"picked":"Glass Knife","floor":16},{"not_picked":["Backflip","Replay:Poison Smokescreen","Go for the Eyes"],"picked":"Deflect","floor":17},{"not_picked":["hubris:SlightOfHand+1","Dodge and Roll","Chill"],"picked":"Bane","floor":18},{"not_picked":["Flying Knee","hubris:SlightOfHand","Aggregate"],"picked":"Bane+1","floor":21}],"player_experience":34176,"relics_obtained":[{"floor":4,"key":"Ring of Fury"},{"floor":4,"key":"Ring of Hypnosis"},{"floor":6,"key":"Replay:Accelerometer"},{"floor":9,"key":"hubris:DisguiseKit"},{"floor":11,"key":"Snack Pack"},{"floor":13,"key":"Bronze Scales"}],"event_choices":[{"cards_removed":["Defend_G"],"damage_healed":0,"gold_gain":0,"player_choice":"Offered Basic","damage_taken":0,"max_hp_gain":0,"max_hp_loss":0,"event_name":"Bonfire Elementals","floor":2,"gold_loss":0},{"damage_healed":0,"gold_gain":0,"player_choice":"Searched \u00271\u0027 times","damage_taken":0,"max_hp_gain":0,"max_hp_loss":0,"event_name":"Dead Adventurer","floor":13,"gold_loss":0},{"damage_healed":0,"gold_gain":0,"player_choice":"Ignored","damage_taken":0,"max_hp_gain":0,"max_hp_loss":0,"event_name":"Beggar","floor":19,"gold_loss":0},{"damage_healed":0,"gold_gain":100,"player_choice":"Pray","damage_taken":0,"max_hp_gain":0,"max_hp_loss":0,"event_name":"Golden Shrine","floor":22,"gold_loss":0}],"is_beta":false,"boss_relics":[{"not_picked":["Fusion Hammer","Replay:Drink Me"],"picked":"Tiny House"}],"items_purged_floors":[],"is_endless":false,"potions_floor_spawned":[1,13,16,21],"killed_by":"Slavers","ascension_level":0}}