{"host":"rb2p2z6v6vieend5","time":1613005520,"event":{"mods":["BaseMod","Block Reminder","Colored Map","DeckTracker","Highlight Path","Minty Spire (QoL Compilation)","Relic Stats"],"gold_per_floor":[112,62,72,72,72,103,103,114,114,114,142,73,83,118,118,118,118],"floor_reached":16,"language":"ENG","playtime":559,"items_purged":[],"score":180,"play_id":"aa8e29c0-08cd-4c62-bdc8-8e7277f9b260","local_time":"20210211020520","is_ascension_mode":true,"campfire_choices":[{"data":"Zap","floor":7,"key":"SMITH"},{"data":"Coolheaded","floor":10,"key":"SMITH"},{"floor":15,"key":"REST"}],"circlet_count":0,"master_deck":["Strike_B","Strike_B","Strike_B","Defend_B","Defend_B","Defend_B","Defend_B","Zap+1","Dualcast","Redo","Cold Snap","Beam Cell","Coolheaded+1","Self Repair","Scrape","Scrape","Redo"],"relics":["Cracked Core","NeowsBlessing","Shuriken","InkBottle","Ornamental Fan","Odd Mushroom","Happy Flower"],"acts_visited":["Exordium"],"potions_floor_usage":[16,16],"damage_taken":[{"damage":0,"enemies":"2 Louse","floor":1,"turns":1},{"damage":0,"enemies":"Jaw Worm","floor":3,"turns":1},{"damage":0,"enemies":"3 Sentries","floor":6,"turns":1},{"damage":0,"enemies":"Small Slimes","floor":8,"turns":2},{"damage":13,"enemies":"The Mushroom Lair","floor":11,"turns":4},{"damage":13,"enemies":"Exordium Thugs","floor":13,"turns":3},{"damage":32,"enemies":"Gremlin Nob","floor":14,"turns":5},{"damage":43,"enemies":"Hexaghost","floor":16,"turns":11}],"seed_played":"-8317760910119010507","potions_obtained":[{"floor":1,"key":"Weak Potion"},{"floor":8,"key":"Energy Potion"},{"floor":11,"key":"Dexterity Potion"}],"is_trial":false,"path_per_floor":["M","?","M","?","$","E","R","M","T","R","?","$","M","E","R","B"],"character_chosen":"DEFECT","items_purchased":["Scrape"],"campfire_rested":1,"item_purchase_floors":[12],"current_hp_per_floor":[68,68,68,61,61,61,61,61,61,61,48,48,42,17,39,0,0],"gold":118,"neow_bonus":"THREE_ENEMY_KILL","is_daily":false,"chose_seed":false,"campfire_upgraded":2,"win_rate":0.0,"timestamp":1613005520,"path_taken":["M","?","M","?","$","E","R","M","T","R","?","?","?","E","R","BOSS"],"items_purchased_type":["Card"],"build_version":"2020-12-22","purchased_purges":0,"victory":false,"max_hp_per_floor":[75,75,75,75,75,75,75,75,75,75,75,75,75,75,75,75,75],"relic_stats":{"Happy Flower":[3],"counters":[8,28],"Shuriken":[5],"Ornamental Fan":[20],"obtain_stats":[{"NeowsBlessing":0,"Happy Flower":14,"Shuriken":4,"Ornamental Fan":9,"Odd Mushroom":11,"Cracked Core":0,"InkBottle":6},{"NeowsBlessing":0,"Happy Flower":7,"Shuriken":2,"Ornamental Fan":4,"Odd Mushroom":5,"Cracked Core":0,"InkBottle":3},{"NeowsBlessing":0,"Happy Flower":17,"Shuriken":2,"Ornamental Fan":5,"Odd Mushroom":9,"Cracked Core":0,"InkBottle":3}],"InkBottle":[9]},"card_choices":[{"not_picked":["Go for the Eyes","Chill"],"picked":"Redo","floor":1},{"not_picked":["Redo","Turbo"],"picked":"Cold Snap","floor":3},{"not_picked":["Heatsinks","Barrage"],"picked":"Beam Cell","floor":6},{"not_picked":["Cold Snap","Beam Cell"],"picked":"Coolheaded","floor":8},{"not_picked":["Steam","Coolheaded"],"picked":"Self Repair","floor":11},{"not_picked":["Aggregate","Amplify"],"picked":"Scrape","floor":13},{"not_picked":["Beam Cell","Turbo"],"picked":"Redo","floor":14}],"player_experience":717541,"relics_obtained":[{"floor":6,"key":"InkBottle"},{"floor":9,"key":"Ornamental Fan"},{"floor":11,"key":"Odd Mushroom"},{"floor":14,"key":"Happy Flower"}],"event_choices":[{"cards_removed":["Strike_B"],"damage_healed":0,"gold_gain":0,"player_choice":"Card Removal","damage_taken":0,"max_hp_gain":0,"max_hp_loss":0,"event_name":"The Cleric","floor":2,"gold_loss":50},{"damage_healed":0,"gold_gain":0,"player_choice":"Success","damage_taken":7,"relics_obtained":["Shuriken"],"max_hp_gain":0,"max_hp_loss":0,"event_name":"Scrap Ooze","floor":4,"gold_loss":0},{"damage_healed":0,"gold_gain":0,"player_choice":"Fought Mushrooms","damage_taken":0,"max_hp_gain":0,"max_hp_loss":0,"event_name":"Mushrooms","floor":11,"gold_loss":0}],"is_beta":false,"boss_relics":[],"items_purged_floors":[],"is_endless":false,"potions_floor_spawned":[1,8,11],"killed_by":"Hexaghost","ascension_level":7}}