{"host":"47ceihhszt3bzrh1","time":1613002982,"event":{"mods":["BaseMod","Colored Map","Downfall","Minty Spire (QoL Compilation)","Permanent Neow","Quick Restart","StSLib"],"gold_per_floor":[112,132,6,16,30,30,58,70,120,148,164,191,212,231,231,327,327,346,346,445,360,14,34,64,64,91,91,5,15,15,15,15,120,120,133,133,151,201,111,141,141,141,166,184,84,102,117,133,133,133],"floor_reached":51,"language":"ENG","playtime":2406,"items_purged":["Strike_R","downfall:Icky"],"score":757,"play_id":"2ce0264e-28df-4b55-b3de-4fa0f4250c25","local_time":"20210210192302","is_ascension_mode":false,"campfire_choices":[{"data":"Bash","floor":6,"key":"SMITH"},{"data":"Berserk","floor":15,"key":"SMITH"},{"data":"Demon Form","floor":25,"key":"SMITH"},{"data":"Armaments","floor":27,"key":"SMITH"},{"data":"Bandage Up","floor":30,"key":"SMITH"},{"data":"Rampage","floor":32,"key":"SMITH"},{"data":"Double Tap","floor":42,"key":"SMITH"},{"data":"Dark Shackles","floor":49,"key":"SMITH"}],"circlet_count":0,"master_deck":["Strike_R","Strike_R+1","Strike_R+1","Defend_R+1","Defend_R","Defend_R","Defend_R","Bash+1","Clothesline","Thunderclap","Shrug It Off+1","Rampage+1","Armaments+1","Disarm+1","Berserk+1","Shrug It Off","Demon Form+1","Necronomicurse","Master of Strategy","Dropkick+1","Bandage Up+1","Double Tap+1","Pommel Strike+1","Shockwave+1","Dark Shackles+1","Flame Barrier+1","True Grit+1","Dropkick+1"],"relics":["Burning Blood","Nunchaku","Orichalcum","Darkstone Periapt","Vajra","Odd Mushroom","Coffee Dripper","Necronomicon","Strawberry","War Paint","Self Forming Clay","Juzu Bracelet","Cursed Key","Incense Burner","Matryoshka","MealTicket","Whetstone"],"acts_visited":["Exordium","TheCity","TheBeyond"],"potions_floor_usage":[23,24,29,29,33,33,34,40,50,50],"damage_taken":[{"damage":1,"enemies":"Cultist","floor":1,"turns":4},{"damage":0,"enemies":"2 Louse","floor":2,"turns":3},{"damage":3,"enemies":"Jaw Worm","floor":4,"turns":3},{"damage":14,"enemies":"Looter","floor":5,"turns":3},{"damage":16,"enemies":"Gremlin Nob","floor":7,"turns":4},{"damage":0,"enemies":"Large Slime","floor":8,"turns":5},{"damage":21,"enemies":"3 Sentries","floor":10,"turns":9},{"damage":6,"enemies":"3 Louse","floor":11,"turns":4},{"damage":12,"enemies":"The Mushroom Lair","floor":13,"turns":4},{"damage":4,"enemies":"Blue Slaver","floor":14,"turns":4},{"damage":9,"enemies":"Hexaghost","floor":16,"turns":10},{"damage":30,"enemies":"Spheric Guardian","floor":18,"turns":6},{"damage":13,"enemies":"2 Thieves","floor":23,"turns":4},{"damage":1,"enemies":"Book of Stabbing","floor":24,"turns":5},{"damage":8,"enemies":"Shelled Parasite and Fungi","floor":29,"turns":4},{"damage":30,"enemies":"Automaton","floor":33,"turns":7},{"damage":5,"enemies":"3 Shapes","floor":35,"turns":4},{"damage":18,"enemies":"3 Darklings","floor":37,"turns":3},{"damage":0,"enemies":"Mind Bloom Boss Battle","floor":38,"turns":5},{"damage":26,"enemies":"Nemesis","floor":40,"turns":5},{"damage":2,"enemies":"Transient","floor":44,"turns":5},{"damage":0,"enemies":"Maw","floor":46,"turns":7},{"damage":0,"enemies":"Spire Growth","floor":47,"turns":5},{"damage":0,"enemies":"Writhing Mass","floor":48,"turns":6},{"damage":11,"enemies":"Awakened One","floor":50,"turns":8}],"seed_played":"1179409829398495340","potions_obtained":[{"floor":1,"key":"PowerPotion"},{"floor":7,"key":"Strength Potion"},{"floor":8,"key":"Fire Potion"},{"floor":23,"key":"EntropicBrew"},{"floor":33,"key":"EntropicBrew"},{"floor":35,"key":"Regen Potion"},{"floor":46,"key":"BloodPotion"}],"is_trial":false,"path_per_floor":["M","M","$","M","M","R","E","M","T","E","M","T","?","M","R","B",null,"M","?","?","?","$","M","E","R","T","R","$","M","R","?","R","B",null,"M","?","M","?","?","E","?","R","T","M","$","M","M","M","R","B",null],"character_chosen":"IRONCLAD","items_purchased":["Shrug It Off","Master of Strategy","War Paint","Bandage Up"],"campfire_rested":0,"item_purchase_floors":[3,22,22,28],"current_hp_per_floor":[77,83,83,86,78,78,68,74,74,59,59,59,53,55,55,52,96,72,62,62,69,69,62,67,67,67,67,67,69,69,47,47,29,114,114,108,102,108,108,101,101,101,107,114,114,114,114,114,114,109],"gold":133,"neow_bonus":"TWENTY_PERCENT_HP_BONUS","is_daily":false,"chose_seed":false,"campfire_upgraded":8,"win_rate":0.0,"timestamp":1613002982,"path_taken":["M","M","$","?","M","R","E","M","T","E","M","?","?","M","R","BOSS","M","?","?","?","$","M","E","R","T","R","$","M","R","?","R","BOSS","M","?","M","?","?","E","?","R","T","M","$","M","M","M","R","BOSS"],"items_purchased_type":["Card","Card","Relic","Card"],"build_version":"2020-12-22","purchased_purges":2,"victory":true,"max_hp_per_floor":[96,96,96,96,96,96,96,96,96,96,96,96,96,96,96,96,96,96,102,102,109,109,109,109,109,109,109,109,109,109,114,114,114,114,114,108,108,108,108,108,108,108,114,114,114,114,114,114,114,114],"card_choices":[{"not_picked":["Searing Blow","Combust"],"picked":"Clothesline","floor":1},{"not_picked":["Clothesline","Body Slam"],"picked":"Thunderclap","floor":2},{"not_picked":["Sword Boomerang","Reckless Charge"],"picked":"Rampage","floor":4},{"not_picked":["Uppercut","Cleave","Perfected Strike"],"picked":"SKIP","floor":5},{"not_picked":["Berserk","Entrench","Thunderclap"],"picked":"SKIP","floor":7},{"not_picked":["Pommel Strike","Seeing Red"],"picked":"Armaments","floor":8},{"not_picked":["Clothesline","Warcry","Flex"],"picked":"SKIP","floor":10},{"not_picked":["True Grit","Uppercut"],"picked":"Disarm","floor":11},{"not_picked":["Perfected Strike","Carnage"],"picked":"Berserk","floor":13},{"not_picked":["Iron Wave","Cleave"],"picked":"Shrug It Off","floor":14},{"not_picked":["Reaper","Barricade"],"picked":"Demon Form","floor":16},{"not_picked":["Rampage+1","Perfected Strike+1","Clothesline"],"picked":"SKIP","floor":18},{"not_picked":["Pommel Strike","Twin Strike","Perfected Strike"],"picked":"SKIP","floor":23},{"not_picked":["Clothesline","Sever Soul+1"],"picked":"Dropkick+1","floor":24},{"not_picked":["Cleave","Headbutt+1","Perfected Strike"],"picked":"SKIP","floor":29},{"not_picked":["Corruption","Fiend Fire"],"picked":"Double Tap","floor":33},{"not_picked":["Feel No Pain","Dark Embrace"],"picked":"Pommel Strike+1","floor":35},{"not_picked":["Warcry","Armaments"],"picked":"Shockwave+1","floor":37},{"not_picked":["Infernal Blade","Thunderclap+1","Pommel Strike"],"picked":"SKIP","floor":40},{"not_picked":["Swift Strike","Metamorphosis"],"picked":"Dark Shackles","floor":41},{"not_picked":["Shrug It Off+1","Body Slam+1"],"picked":"Flame Barrier+1","floor":44},{"not_picked":["Rage+1","Armaments","Entrench+1"],"picked":"SKIP","floor":46},{"not_picked":["Shrug It Off+1","Ghostly Armor+1"],"picked":"True Grit+1","floor":47},{"not_picked":["Seeing Red","Clash"],"picked":"Dropkick+1","floor":48}],"player_experience":0,"relics_obtained":[{"floor":7,"key":"Nunchaku"},{"floor":9,"key":"Orichalcum"},{"floor":10,"key":"Darkstone Periapt"},{"floor":12,"key":"Vajra"},{"floor":13,"key":"Odd Mushroom"},{"floor":19,"key":"Necronomicon"},{"floor":24,"key":"Self Forming Clay"},{"floor":26,"key":"Juzu Bracelet"},{"floor":38,"key":"Incense Burner"},{"floor":40,"key":"Matryoshka"},{"floor":43,"key":"MealTicket"},{"floor":43,"key":"Whetstone"}],"event_choices":[{"damage_healed":0,"gold_gain":0,"player_choice":"Fought Mushrooms","damage_taken":0,"max_hp_gain":0,"max_hp_loss":0,"event_name":"Mushrooms","floor":13,"gold_loss":0},{"damage_healed":0,"gold_gain":0,"player_choice":"Obtained Book","damage_taken":16,"max_hp_gain":0,"max_hp_loss":0,"event_name":"Cursed Tome","floor":19,"gold_loss":0},{"damage_healed":0,"gold_gain":99,"player_choice":"Stole From Cult","damage_taken":0,"max_hp_gain":0,"max_hp_loss":0,"event_name":"Nest","floor":20,"gold_loss":0},{"damage_healed":0,"gold_gain":0,"player_choice":"Obtained Relic","damage_taken":0,"relics_obtained":["Strawberry"],"max_hp_gain":0,"max_hp_loss":0,"event_name":"Addict","floor":21,"gold_loss":85},{"damage_healed":0,"gold_gain":0,"player_choice":"Shed Blood","damage_taken":27,"max_hp_gain":5,"max_hp_loss":0,"event_name":"Forgotten Altar","floor":31,"gold_loss":0},{"damage_healed":0,"gold_gain":0,"player_choice":"Max HP","damage_taken":0,"max_hp_gain":0,"max_hp_loss":6,"event_name":"Winding Halls","floor":36,"gold_loss":0},{"damage_healed":0,"gold_gain":0,"player_choice":"Fight","damage_taken":0,"max_hp_gain":0,"max_hp_loss":0,"event_name":"MindBloom","floor":38,"gold_loss":0},{"cards_removed":["Strike_R"],"damage_healed":0,"gold_gain":0,"player_choice":"Upgrade and Remove","damage_taken":0,"max_hp_gain":0,"max_hp_loss":0,"event_name":"Designer","floor":39,"gold_loss":90,"cards_upgraded":["Shrug It Off"]},{"damage_healed":0,"gold_gain":0,"player_choice":"Memory 1","damage_taken":0,"max_hp_gain":0,"max_hp_loss":0,"event_name":"SensoryStone","floor":41,"gold_loss":0}],"is_beta":false,"boss_relics":[{"not_picked":["Velvet Choker","Ectoplasm"],"picked":"Coffee Dripper"},{"not_picked":["Runic Pyramid","SacredBark"],"picked":"Cursed Key"}],"items_purged_floors":[3,45],"is_endless":false,"potions_floor_spawned":[1,7,8,11,14,18,23,33,35,38,46,47],"ascension_level":0}}