{"host":"phapnj0danpxvjlm","time":1613070178,"event":{"mods":["Ascension Reborn","BaseMod","Better Note","Better Third Choice","BetterRewards","Bossed Relics","Downfall","Hermit","Minty Spire (QoL Compilation)","Permanent Neow","Quick Restart","Rare Cards Sparkle","Spire Arcade","StSLib","The Necromancer","The Wild Card"],"gold_per_floor":[99,99,99,99,113,113,142,166,198,98,112,136,166,166,179,295,295,295,307,319,126,145,164,164,206,226,226,226,226,246,246,316,432,432,432,444,315,331,391,391,449,449,449,316,316,203,586,445,457,457],"floor_reached":51,"language":"ENG","playtime":4488,"items_purged":["Slimebound:Defend_Slimebound+1","Writhe"],"score":125,"play_id":"5290fba0-edff-43d2-81bb-3eea547f6614","local_time":"20210211200258","is_ascension_mode":true,"campfire_choices":[{"floor":1,"key":"RECALL"},{"data":"Slimebound:Schlurp","floor":10,"key":"SMITH"},{"data":"Slimebound:LeechLife","floor":18,"key":"PURGE"},{"data":"Slimebound:LeadByExample","floor":27,"key":"PURGE"},{"data":"Slimebound:Darklings","floor":35,"key":"PURGE"},{"data":"Slimebound:PrepareCrush","floor":40,"key":"PURGE"},{"data":"Slimebound:TongueLash","floor":43,"key":"SMITH"},{"data":"Slimebound:ViciousTackle+1","floor":45,"key":"PURGE"}],"circlet_count":0,"master_deck":["Slimebound:Strike_Slimebound+1","Slimebound:Strike_Slimebound+1","Slimebound:Strike_Slimebound+1","Slimebound:Tackle+1","Slimebound:Defend_Slimebound+1","Slimebound:Defend_Slimebound+1","Slimebound:Defend_Slimebound+1","Slimebound:Split+1","Slimebound:CorrosiveSpit+1","Slimebound:TongueLash+1","Slimebound:Schlurp","Slimebound:ItLooksTasty","Slimebound:MegaLick","Slimebound:LeadByExample+1","Slimebound:Schlurp+1","Slimebound:Nibble","Slimebound:HauntingLick","Slimebound:SamplingLick","Slimebound:TongueLash","Slimebound:RejuvenatingLick","expansioncontent:DashGenerateEvil","Slimebound:RejuvenatingLick","Slimebound:RejuvenatingLick","Slimebound:HauntingLick+1","Slimebound:TongueLash+1","Slimebound:RainOfGoop+1","Slimebound:AcidTongue+1","Slimebound:Schlurp+1","Slimebound:Gluttony","Slimebound:HauntingLick+1","expansioncontent:QuickStudy","Slimebound:Schlurp+1"],"relics":["Slimebound:AbsorbEndCombat","downfall:HeartsMalice","Happy Flower","Art of War","downfall:HeartBlessingRed","MealTicket","Slimebound:ScrapOozeRelic","Bird Faced Urn","SlaversCollar","Smiling Mask","Sundial","Thread and Needle","Meat on the Bone","Centennial Puzzle","downfall:KnowingSkull","Bottled Tornado","Torii","Vajra","Omamori","DollysMirror","WingedGreaves","Shuriken","Slimebound:AggressiveSlimeRelic","Oddly Smooth Stone","ClockworkSouvenir","Old Coin"],"acts_visited":["Exordium","TheCity","TheBeyond"],"potions_floor_usage":[21,37,37,50],"damage_taken":[{"damage":0,"enemies":"2 Louse","floor":2,"turns":1},{"damage":0,"enemies":"Cultist","floor":3,"turns":1},{"damage":0,"enemies":"Jaw Worm","floor":4,"turns":1},{"damage":3,"enemies":"Large Slime","floor":5,"turns":2},{"damage":0,"enemies":"2 Fungi Beasts","floor":8,"turns":2},{"damage":0,"enemies":"Gremlin Nob","floor":9,"turns":3},{"damage":0,"enemies":"Lots of Slimes","floor":11,"turns":3},{"damage":0,"enemies":"Red Slaver","floor":12,"turns":2},{"damage":0,"enemies":"Lagavulin","floor":13,"turns":3},{"damage":0,"enemies":"Blue Slaver","floor":15,"turns":1},{"damage":5,"enemies":"WA_ARCHETYPE_RETAIN","floor":16,"turns":3},{"damage":0,"enemies":"Shell Parasite","floor":19,"turns":2},{"damage":2,"enemies":"Chosen and Byrds","floor":20,"turns":3},{"damage":3,"enemies":"downfall:FleeingMerchant","floor":21,"turns":4},{"damage":0,"enemies":"3 Cultists","floor":22,"turns":2},{"damage":0,"enemies":"Centurion and Healer","floor":23,"turns":3},{"damage":0,"enemies":"Book of Stabbing","floor":25,"turns":3},{"damage":0,"enemies":"Sentry and Sphere","floor":26,"turns":3},{"damage":0,"enemies":"3 Cultists","floor":30,"turns":3},{"damage":3,"enemies":"Chosen and Byrds","floor":32,"turns":2},{"damage":6,"enemies":"SI_MIRROR_ARCHETYPE","floor":33,"turns":4},{"damage":1,"enemies":"Orb Walker","floor":36,"turns":1},{"damage":4,"enemies":"downfall:FleeingMerchant","floor":37,"turns":3},{"damage":1,"enemies":"3 Darklings","floor":38,"turns":2},{"damage":1,"enemies":"3 Darklings","floor":39,"turns":1},{"damage":1,"enemies":"3 Darklings","floor":42,"turns":2},{"damage":21,"enemies":"Jaw Worm Horde","floor":47,"turns":3},{"damage":1,"enemies":"Transient","floor":49,"turns":5},{"damage":13,"enemies":"DF_ARCHETYPE_ORBS","floor":50,"turns":4}],"seed_played":"-1226976676184490299","potions_obtained":[{"floor":2,"key":"Weak Potion"},{"floor":3,"key":"AttackPotion"},{"floor":4,"key":"SteroidPotion"},{"floor":5,"key":"champ:CounterPotion"},{"floor":11,"key":"Fire Potion"},{"floor":21,"key":"FearPotion"},{"floor":25,"key":"Strength Potion"},{"floor":37,"key":"SkillPotion"},{"floor":38,"key":"Block Potion"}],"is_trial":false,"path_per_floor":["R","M","M","M","M","?","T","M","E","R","M","M","E","?","M","B",null,"R","M","M","$","M","M","T","E","M","R","?","?","M","?","M","B",null,"R","M","$","M","?","R","T","?","R","$","R","$","M","$","M","B",null],"character_chosen":"SLIMEBOUND","items_purchased":["expansioncontent:DashGenerateEvil","Vajra","Omamori","DollysMirror","Slimebound:PrepareCrush","Slimebound:Gluttony","Oddly Smooth Stone","ClockworkSouvenir","expansioncontent:QuickStudy"],"campfire_rested":0,"item_purchase_floors":[21,37,37,37,37,44,44,46,48],"current_hp_per_floor":[71,71,71,71,71,71,71,71,71,71,71,71,71,71,71,77,77,77,77,77,77,77,77,77,77,77,77,77,77,77,71,77,83,83,83,83,83,83,83,83,83,83,83,83,83,83,66,83,83,89],"gold":457,"neow_bonus":"THREE_ENEMY_KILL","is_daily":false,"chose_seed":false,"campfire_upgraded":2,"win_rate":0.0,"timestamp":1613070178,"path_taken":["R","M","M","M","M","?","T","?","E","R","?","M","E","?","M","BOSS","R","M","M","$","M","M","T","E","M","R","?","?","M","?","M","BOSS","R","M","?","?","?","R","T","?","R","$","R","$","M","?","M","BOSS"],"items_purchased_type":["Card","Relic","Relic","Relic","Card","Card","Relic","Relic","Card"],"build_version":"2020-12-22","purchased_purges":2,"victory":true,"max_hp_per_floor":[71,71,71,71,71,71,71,71,71,71,71,71,71,71,71,77,77,77,77,77,77,77,77,77,77,77,77,77,77,77,77,77,83,83,83,83,83,83,83,83,83,83,83,83,83,83,83,83,83,89],"card_choices":[{"not_picked":["Slimebound:SplitMire","Slimebound:FlameTackle+1"],"picked":"Slimebound:TongueLash+1","floor":2},{"not_picked":["Slimebound:GoopTackle","Slimebound:ItLooksTasty+1"],"picked":"Slimebound:Schlurp","floor":3},{"not_picked":["Slimebound:GoopTackle","Slimebound:FinishingTackle"],"picked":"Slimebound:ItLooksTasty","floor":4},{"not_picked":["Slimebound:Prepare","Slimebound:FinishingTackle"],"picked":"Slimebound:MegaLick","floor":5},{"not_picked":["Slimebound:Gluttony","Slimebound:SplitLeeching"],"picked":"Slimebound:LeadByExample+1","floor":8},{"not_picked":["Slimebound:LivingWall","Slimebound:WasteNot"],"picked":"Slimebound:Schlurp","floor":9},{"not_picked":["Slimebound:FinishingTackle","Slimebound:SplitBruiser"],"picked":"Slimebound:Nibble","floor":9},{"not_picked":["Slimebound:SplitAcid+1","Slimebound:GoopSpray"],"picked":"Slimebound:LeadByExample","floor":11},{"not_picked":["Slimebound:LeechEnergy","Slimebound:RollThrough+1"],"picked":"Slimebound:HauntingLick","floor":12},{"not_picked":["Slimebound:SpikyOuterGoop","Slimebound:FinishingTackle","Slimebound:OneTwoCombo"],"picked":"SKIP","floor":13},{"not_picked":["Slimebound:LeechingTouch","Slimebound:Repurpose","Slimebound:SplitLeeching"],"picked":"SKIP","floor":13},{"not_picked":["Slimebound:Schlurp","Slimebound:AcidTongue"],"picked":"Slimebound:SamplingLick","floor":15},{"not_picked":["Slimebound:DouseInSlime","Slimebound:OneTwoCombo"],"picked":"Slimebound:LeechLife","floor":16},{"not_picked":["Slimebound:FlameTackle","Slimebound:Repurpose+1","Slimebound:GoopTackle"],"picked":"SKIP","floor":19},{"not_picked":["Slimebound:GrowthPunch","Slimebound:SlimeSpikes+1"],"picked":"Slimebound:TongueLash","floor":20},{"not_picked":["Slimebound:GoopSpray","Slimebound:DisruptingSlam+1"],"picked":"Slimebound:RejuvenatingLick","floor":21},{"not_picked":["Slimebound:SlimeTap","Slimebound:SplitMire","Slimebound:SplitAcid+1"],"picked":"SKIP","floor":22},{"not_picked":["Slimebound:DivideAndConquer","Slimebound:ViciousTackle+1","Slimebound:Equalize+1"],"picked":"SKIP","floor":23},{"not_picked":["Slimebound:Teamwork","Slimebound:ItLooksTasty"],"picked":"Slimebound:RejuvenatingLick","floor":25},{"not_picked":["Slimebound:GoopTackle","Slimebound:ItLooksTasty","Slimebound:ViciousTackle"],"picked":"SKIP","floor":26},{"not_picked":["Slimebound:SplitMire","Slimebound:SpikyOuterGoop+1","Slimebound:ProtectTheBoss+1"],"picked":"SKIP","floor":30},{"not_picked":["Slimebound:ComboTackle+1","Slimebound:SplitAcid"],"picked":"Slimebound:RejuvenatingLick","floor":32},{"not_picked":["Slimebound:MassFeed","Slimebound:LeechLife"],"picked":"Slimebound:Darklings","floor":33},{"not_picked":["Slimebound:FlameTackle","Slimebound:GrowthPunch+1"],"picked":"Slimebound:ViciousTackle+1","floor":36},{"not_picked":["Slimebound:FormOfPuddle+1","Slimebound:Prepare+1"],"picked":"Slimebound:HauntingLick+1","floor":37},{"not_picked":["Slimebound:SplitMire+1","Slimebound:PressTheAttack+1"],"picked":"Slimebound:RainOfGoop+1","floor":38},{"not_picked":["Slimebound:Repurpose+1","Slimebound:LivingWall+1"],"picked":"Slimebound:AcidTongue+1","floor":39},{"not_picked":["Slimebound:DisruptingSlam+1","Slimebound:GrowthPunch"],"picked":"Slimebound:Schlurp+1","floor":42},{"not_picked":["Slimebound:SplitLeeching","Slimebound:DisruptingSlam+1"],"picked":"Slimebound:HauntingLick+1","floor":47},{"not_picked":["Slimebound:RollThrough+1","Slimebound:SplitMire"],"picked":"Slimebound:Schlurp+1","floor":49}],"player_experience":486746,"relics_obtained":[{"floor":7,"key":"Happy Flower"},{"floor":9,"key":"Art of War"},{"floor":11,"key":"MealTicket"},{"floor":13,"key":"Regal Pillow"},{"floor":16,"key":"Bird Faced Urn"},{"floor":20,"key":"Smiling Mask"},{"floor":24,"key":"Sundial"},{"floor":24,"key":"Thread and Needle"},{"floor":25,"key":"Meat on the Bone"},{"floor":32,"key":"Bottled Tornado"},{"floor":33,"key":"Torii"},{"floor":39,"key":"WingedGreaves"},{"floor":41,"key":"Shuriken"},{"floor":41,"key":"Slimebound:AggressiveSlimeRelic"},{"floor":47,"key":"Old Coin"}],"event_choices":[{"damage_healed":0,"gold_gain":0,"player_choice":"Got Potions","damage_taken":0,"max_hp_gain":0,"max_hp_loss":0,"event_name":"Lab","floor":6,"gold_loss":0}],"is_beta":false,"boss_relics":[{"not_picked":["bronze:MakeshiftBattery","Pandora\u0027s Box"],"picked":"SlaversCollar"},{"not_picked":["Velvet Choker","Coffee Dripper","Cursed Key"]}],"items_purged_floors":[21,37],"is_endless":false,"potions_floor_spawned":[8,9,11,12,15,22,23,25,30,33,42,49],"ascension_level":-20}}