{"host":"9ij7vlqro2mzmyov","time":1613031179,"event":{"mods":["BaseMod","Colored Map","DeckTracker","Minty Spire (QoL Compilation)","Permanent Neow","SuperFastMode"],"gold_per_floor":[114,189,114,129,144,174,174,189,189,204,204,219,0,15,15,115,115,100,150,177,204,231,273,285,312,324,351,393,405,517,454,466,578,590,617,644,656,683,695,737,764,504,529,559,559,574,589,604,604,604],"floor_reached":51,"language":"KOR","playtime":2836,"items_purged":["Strike_P"],"score":880,"play_id":"c2e412f7-5f54-4a45-ad75-44eae081d73e","local_time":"20210211171259","daily_mods":["Allstar","Vintage","Binary"],"is_ascension_mode":false,"campfire_choices":[{"floor":7,"key":"REST"},{"floor":15,"key":"REST"},{"data":"Eruption","floor":24,"key":"SMITH"},{"data":"Alpha","floor":29,"key":"SMITH"},{"floor":32,"key":"REST"},{"floor":49,"key":"REST"}],"circlet_count":0,"master_deck":["Strike_P","Strike_P","Defend_P","Defend_P","Defend_P","Defend_P","Eruption+1","Vigilance","Swift Strike+1","Dark Shackles","Master of Strategy","Panacea+1","ClearTheMind+1","Adaptation+1","EmptyFist+1","Alpha+1","Alpha","Secret Technique","Apotheosis"],"relics":["PureWater","Frozen Egg 2","Anchor","Art of War","Toy Ornithopter","Boot","Matryoshka","Akabeko","Kunai","Strange Spoon","Oddly Smooth Stone","SacredBark","Prayer Wheel","MawBank","PreservedInsect","Regal Pillow","Meat on the Bone","TeardropLocket","Bronze Scales","Happy Flower","Damaru","Question Card","Torii","InkBottle","CloakClasp","Ornamental Fan","Busted Crown","Pear","Nunchaku","Whetstone","Blood Vial","Yang","Dream Catcher","Potion Belt","Girya","Centennial Puzzle","Bottled Flame"],"acts_visited":["Exordium","TheCity","TheBeyond"],"potions_floor_usage":[16,22,23,25,30,36,41,44,46,50,50,50],"damage_taken":[{"damage":1.0,"enemies":"2 Louse","floor":1.0,"turns":3.0},{"damage":0.0,"enemies":"Jaw Worm","floor":4.0,"turns":3.0},{"damage":0.0,"enemies":"Cultist","floor":5.0,"turns":3.0},{"damage":60,"enemies":"3 Sentries","floor":6,"turns":17},{"damage":0,"enemies":"Exordium Wildlife","floor":8,"turns":3},{"damage":5,"enemies":"Looter","floor":10,"turns":3},{"damage":1,"enemies":"Large Slime","floor":12,"turns":3},{"damage":0,"enemies":"Exordium Thugs","floor":14,"turns":5},{"damage":21,"enemies":"Hexaghost","floor":16,"turns":11},{"damage":1,"enemies":"2 Thieves","floor":18,"turns":4},{"damage":12,"enemies":"Spheric Guardian","floor":20,"turns":6},{"damage":31,"enemies":"Centurion and Healer","floor":21,"turns":10},{"damage":0,"enemies":"Cultist and Chosen","floor":22,"turns":5},{"damage":29,"enemies":"Gremlin Leader","floor":23,"turns":8},{"damage":10,"enemies":"Shelled Parasite and Fungi","floor":25,"turns":4},{"damage":11,"enemies":"Snake Plant","floor":27,"turns":3},{"damage":0,"enemies":"Book of Stabbing","floor":28,"turns":4},{"damage":6,"enemies":"Colosseum Slavers","floor":30,"turns":3},{"damage":13,"enemies":"Colosseum Nobs","floor":30,"turns":3},{"damage":10,"enemies":"Collector","floor":33,"turns":8},{"damage":0,"enemies":"3 Shapes","floor":35,"turns":3},{"damage":7,"enemies":"3 Darklings","floor":36,"turns":5},{"damage":24,"enemies":"Sphere and 2 Shapes","floor":38,"turns":4},{"damage":26,"enemies":"Reptomancer","floor":40,"turns":4},{"damage":42,"enemies":"Spire Growth","floor":41,"turns":4},{"damage":34,"enemies":"Nemesis","floor":44,"turns":5},{"damage":9,"enemies":"3 Darklings","floor":46,"turns":5},{"damage":44,"enemies":"Writhing Mass","floor":47,"turns":4},{"damage":1,"enemies":"Jaw Worm Horde","floor":48,"turns":3},{"damage":32,"enemies":"Awakened One","floor":50,"turns":7}],"seed_played":"-587577638262706789","potions_obtained":[{"floor":1.0,"key":"Fruit Juice"},{"floor":8,"key":"Weak Potion"},{"floor":14,"key":"Regen Potion"},{"floor":16,"key":"FearPotion"},{"floor":21,"key":"PowerPotion"},{"floor":22,"key":"Explosive Potion"},{"floor":25,"key":"Ambrosia"},{"floor":27,"key":"LiquidBronze"},{"floor":30,"key":"Dexterity Potion"},{"floor":41,"key":"LiquidMemories"},{"floor":44,"key":"FearPotion"},{"floor":48,"key":"StancePotion"}],"is_trial":false,"path_per_floor":["M","?","$","M","M","E","R","M","T","M","?","M","$","M","R","B",null,"M","T","M","M","M","E","R","M","T","M","E","R","?","?","R","B",null,"M","M","?","M","?","E","M","$","T","E","?","M","M","M","R","B",null],"character_chosen":"WATCHER","items_purchased":["Adaptation+1","Strange Spoon","Secret Technique","Regen Potion"],"campfire_rested":4,"item_purchase_floors":[13,13,42,42],"current_hp_per_floor":[71,60,65,65,65,5,28,28,28,23,8,7,7,7,30,14,77,76,76,64,33,50,38,38,67,67,56,56,56,42,42,77,67,77,87,80,80,56,56,42,19,19,19,44,44,54,24,37,78,61],"gold":604,"neow_bonus":"","is_daily":true,"chose_seed":false,"campfire_upgraded":2,"win_rate":0.0,"timestamp":1613031179,"path_taken":["M","?","$","M","M","E","R","M","T","M","?","M","?","M","R","BOSS","M","?","M","M","M","E","R","M","T","M","E","R","?","?","R","BOSS","M","M","?","M","?","E","M","$","T","E","?","M","M","M","R","BOSS"],"items_purchased_type":["Card","Relic","Card","Potion"],"build_version":"2020-12-22","purchased_purges":1,"victory":true,"max_hp_per_floor":[72,72,77,77,77,77,77,77,77,77,77,77,77,77,77,77,77,77,77,77,77,77,77,77,77,77,77,77,77,77,77,77,77,77,87,87,87,87,87,87,87,87,87,87,87,87,87,87,87,87],"card_choices":[{"not_picked":["WheelKick"],"picked":"ClearTheMind","floor":6},{"not_picked":["WreathOfFlame"],"picked":"EmptyFist","floor":23},{"not_picked":["ThirdEye","SashWhip+1"],"picked":"Alpha","floor":28},{"not_picked":["Vault","LessonLearned"],"picked":"Alpha","floor":33},{"not_picked":["EmptyMind"],"picked":"SKIP","floor":40},{"not_picked":["ThirdEye+1"],"picked":"SKIP","floor":44},{"not_picked":[],"picked":"Apotheosis","floor":45}],"player_experience":272274,"relics_obtained":[{"floor":1.0,"key":"Frozen Egg 2"},{"floor":4.0,"key":"Anchor"},{"floor":5.0,"key":"Art of War"},{"floor":6,"key":"Toy Ornithopter"},{"floor":8,"key":"Boot"},{"floor":9,"key":"Matryoshka"},{"floor":10,"key":"Akabeko"},{"floor":12,"key":"Kunai"},{"floor":14,"key":"Oddly Smooth Stone"},{"floor":18,"key":"Prayer Wheel"},{"floor":19,"key":"MawBank"},{"floor":19,"key":"PreservedInsect"},{"floor":20,"key":"Regal Pillow"},{"floor":21,"key":"Meat on the Bone"},{"floor":22,"key":"TeardropLocket"},{"floor":23,"key":"Bronze Scales"},{"floor":25,"key":"Happy Flower"},{"floor":26,"key":"Damaru"},{"floor":26,"key":"Question Card"},{"floor":27,"key":"Torii"},{"floor":28,"key":"InkBottle"},{"floor":30,"key":"CloakClasp"},{"floor":30,"key":"Ornamental Fan"},{"floor":35,"key":"Pear"},{"floor":36,"key":"Nunchaku"},{"floor":38,"key":"Whetstone"},{"floor":40,"key":"Blood Vial"},{"floor":41,"key":"Yang"},{"floor":43,"key":"Dream Catcher"},{"floor":44,"key":"Potion Belt"},{"floor":46,"key":"Girya"},{"floor":47,"key":"Centennial Puzzle"},{"floor":48,"key":"Bottled Flame"}],"event_choices":[{"damage_healed":0.0,"max_hp_gain":0.0,"max_hp_loss":0.0,"gold_gain":75.0,"event_name":"World of Goop","player_choice":"Gather Gold","floor":2.0,"gold_loss":0.0,"damage_taken":11.0},{"damage_healed":0,"gold_gain":0,"player_choice":"Entered Light","damage_taken":15,"max_hp_gain":0,"max_hp_loss":0,"event_name":"Shining Light","floor":11,"gold_loss":0,"cards_upgraded":["Panacea","ClearTheMind"]},{"damage_healed":0,"gold_gain":0,"player_choice":"Fight","damage_taken":0,"max_hp_gain":0,"max_hp_loss":0,"event_name":"Colosseum","floor":30,"gold_loss":0},{"damage_healed":0,"gold_gain":0,"player_choice":"Fought Nobs","damage_taken":0,"max_hp_gain":0,"max_hp_loss":0,"event_name":"Colosseum","floor":30,"gold_loss":0},{"cards_removed":["Sadistic Nature"],"damage_healed":0,"gold_gain":0,"player_choice":"Gave Gold","damage_taken":0,"max_hp_gain":0,"max_hp_loss":0,"event_name":"Beggar","floor":31,"gold_loss":75},{"cards_removed":["Strike_P"],"damage_healed":0,"gold_gain":0,"player_choice":"Removed Attack","damage_taken":0,"max_hp_gain":0,"max_hp_loss":0,"event_name":"Falling","floor":37,"gold_loss":0},{"damage_healed":0,"gold_gain":0,"player_choice":"Ignored","damage_taken":0,"max_hp_gain":0,"max_hp_loss":0,"event_name":"Tomb of Lord Red Mask","floor":39,"gold_loss":0},{"damage_healed":0,"gold_gain":0,"player_choice":"Memory 1","damage_taken":0,"max_hp_gain":0,"max_hp_loss":0,"event_name":"SensoryStone","floor":45,"gold_loss":0}],"is_beta":false,"boss_relics":[{"not_picked":["Cursed Key","SlaversCollar"],"picked":"SacredBark"},{"not_picked":["Coffee Dripper","Runic Dome"],"picked":"Busted Crown"}],"items_purged_floors":[3],"is_endless":false,"potions_floor_spawned":[1,8,14,16,21,22,25,27,28,30,41,44,48],"ascension_level":0}}