{"host":"kag8mfq4or8nkqb2","time":1613067664,"event":{"mods":["2.2 Compatiblity","BaseMod","Colored Map","Colored Powertips","Downfall","Minty Spire (QoL Compilation)","Relic Stats","StSLib"],"gold_per_floor":[99,115,115,115,134,134,161,186,186,196,196,212,212,229,242,319,319,319,331,345,153,169,0,26,26,26,56,56,156,156,156,176,250,250,150,167,167,52,169,184,211,246,146,157,172,201,1,13,26,26,26,59,11,11,11,11,11],"floor_reached":55,"language":"ENG","playtime":3359,"items_purged":["Guardian:Strike_Guardian","Guardian:Defend_Guardian","Guardian:Strike_Guardian+1"],"score":1294,"play_id":"b12c502b-f8c3-489b-ba6b-dbb05a9117e3","local_time":"20210211182104","is_ascension_mode":true,"campfire_choices":[{"data":"Guardian:CurlUp","floor":1.0,"key":"SMITH"},{"data":"Guardian:FuturePlans","floor":6.0,"key":"SMITH"},{"data":"Guardian:Orbwalk","floor":9.0,"key":"SMITH"},{"data":"Guardian:TwinSlam","floor":13.0,"key":"SMITH"},{"floor":18.0,"key":"RECALL"},{"data":"Guardian:PrismaticBeam","floor":26.0,"key":"SMITH"},{"data":"Guardian:ShieldSpikes","floor":28.0,"key":"SMITH"},{"data":"Guardian:TemporalShield","floor":35.0,"key":"SMITH"},{"data":"Guardian:PiercingHide","floor":47,"key":"SMITH"},{"data":"Guardian:ShieldCharger","floor":54,"key":"SMITH"}],"circlet_count":0,"master_deck":["AscendersBane","Guardian:Defend_Guardian+1","Guardian:Defend_Guardian+1","Guardian:CurlUp+1","Guardian:TwinSlam+1","Guardian:Orbwalk+1","Guardian:FuturePlans+1","Guardian:TemporalStrike","Guardian:TemporalStrike","Guardian:ShieldCharger","Guardian:ShieldSpikes+1","Guardian:PiercingHide+1","Guardian:ShieldCharger+1","Guardian:PrismaticBeam+1","Guardian:BodySlam+1","Guardian:TemporalShield+1","Guardian:RevengeProtocol+1","Guardian:BodySlam+1","Guardian:BronzeArmor","Guardian:EvasiveProtocol+1"],"relics":["Guardian:ModeShifter","Spirit Poop","Akabeko","Bronze Scales","Coffee Dripper","Toy Ornithopter","Centennial Puzzle","Anchor","hexamod:Sixitude","Frozen Egg 2","WingedGreaves","Busted Crown","downfall:HeartBlessingRed","Happy Flower","Orichalcum","downfall:HeartBlessingGreen","downfall:HeartBlessingBlue","Blood Vial"],"acts_visited":["Exordium","TheCity","TheBeyond","TheEnding"],"potions_floor_usage":[42,42,50,50,55],"damage_taken":[{"damage":3.0,"enemies":"2 Louse","floor":2.0,"turns":3.0},{"damage":2.0,"enemies":"Jaw Worm","floor":5.0,"turns":5.0},{"damage":16.0,"enemies":"Gremlin Nob","floor":8.0,"turns":5.0},{"damage":0.0,"enemies":"Cultist","floor":10.0,"turns":3.0},{"damage":1.0,"enemies":"Exordium Wildlife","floor":12.0,"turns":4.0},{"damage":3.0,"enemies":"3 Louse","floor":14.0,"turns":3.0},{"damage":6.0,"enemies":"2 Fungi Beasts","floor":15.0,"turns":3.0},{"damage":20.0,"enemies":"SI_SHIV_ARCHETYPE","floor":16.0,"turns":8.0},{"damage":9.0,"enemies":"Shell Parasite","floor":19.0,"turns":6.0},{"damage":11.0,"enemies":"Chosen","floor":20.0,"turns":5.0},{"damage":0.0,"enemies":"downfall:FleeingMerchant","floor":21.0,"turns":4.0},{"damage":0.0,"enemies":"Snecko","floor":22.0,"turns":6.0},{"damage":0.0,"enemies":"downfall:FleeingMerchant","floor":23.0,"turns":4.0},{"damage":11.0,"enemies":"Gremlin Leader","floor":27.0,"turns":6.0},{"damage":17.0,"enemies":"Colosseum Nobs","floor":29.0,"turns":4.0},{"damage":0.0,"enemies":"Shelled Parasite and Fungi","floor":32.0,"turns":5.0},{"damage":4.0,"enemies":"WA_ARCHETYPE_CALM","floor":33.0,"turns":10.0},{"damage":0.0,"enemies":"3 Darklings","floor":36.0,"turns":7.0},{"damage":0.0,"enemies":"downfall:FleeingMerchant","floor":38.0,"turns":4.0},{"damage":7.0,"enemies":"downfall:FleeingMerchant","floor":39.0,"turns":3.0},{"damage":0.0,"enemies":"3 Shapes","floor":40.0,"turns":3.0},{"damage":5,"enemies":"Reptomancer","floor":42,"turns":5},{"damage":2,"enemies":"Transient","floor":44,"turns":5},{"damage":0,"enemies":"Sphere and 2 Shapes","floor":45,"turns":4},{"damage":0,"enemies":"Giant Head","floor":46,"turns":7},{"damage":11,"enemies":"3 Darklings","floor":48,"turns":3},{"damage":2,"enemies":"Writhing Mass","floor":49,"turns":4},{"damage":39,"enemies":"IC_BLOCK_ARCHETYPE","floor":50,"turns":9},{"damage":26,"enemies":"downfall:CharBossMerchant","floor":52,"turns":8},{"damage":58,"enemies":"downfall:NeowBoss","floor":55,"turns":13}],"seed_played":"-4375629488228733135","potions_obtained":[{"floor":5.0,"key":"Energy Potion"},{"floor":10.0,"key":"champ:CounterPotion"},{"floor":29.0,"key":"Block Potion"},{"floor":52,"key":"bronze:BurnAndBuffPotion"}],"is_trial":false,"path_per_floor":["R","M","?","?","M","R","T","E","R","M","?","M","R","M","M","B",null,"R","M","M","$","M","$","T","?","R","E","R","?","?","?","M","B",null,"R","M","?","$","$","M","T","E","$","M","M","E","R","M","M","B",null,"E","$","R","B"],"character_chosen":"GUARDIAN","items_purchased":["Guardian:PiercingHide","Guardian:ShieldCharger","Toy Ornithopter","PowerPotion","AttackPotion","AttackPotion","PowerPotion","SkillPotion"],"campfire_rested":0,"item_purchase_floors":[21,21,23,39,39,43,43,53],"current_hp_per_floor":[65,62,62,62,60,60,60,44,44,44,44,43,43,40,34,14,58,58,49,38,38,38,38,38,38,38,27,27,15,15,7,7,13,57,57,57,57,57,50,50,50,55,55,53,53,53,63,52,50,21,67,41,41,41,0,0,0],"gold":11,"neow_bonus":"ONE_RANDOM_RARE_CARD","is_daily":false,"chose_seed":false,"campfire_upgraded":9,"win_rate":0.0,"timestamp":1613067664,"path_taken":["R","M","?","?","?","R","T","E","R","M","?","M","R","M","M","BOSS","R","M","M","$","M","$","T","?","R","E","R","?","?","?","M","BOSS","R","M","?","$","$","M","T","E","$","M","M","E","R","M","M","BOSS","E","$","R","BOSS"],"items_purchased_type":["Card","Card","Relic","Potion","Potion","Potion","Potion","Potion"],"build_version":"2020-12-22","purchased_purges":3,"victory":false,"max_hp_per_floor":[72,72,72,72,72,72,72,72,72,72,72,72,72,72,72,72,72,72,72,72,72,72,72,72,72,72,72,72,72,72,72,72,72,72,72,72,72,72,72,72,72,72,72,72,72,72,82,82,82,82,82,82,82,82,82,82,82],"relic_stats":{"Blood Vial":2,"Centennial Puzzle":[30],"Busted Crown":22,"Happy Flower":[17],"counters":[30,159],"Bronze Scales":[382],"Orichalcum":[0],"obtain_stats":[{"downfall:HeartBlessingRed":35,"Happy Flower":42,"Guardian:ModeShifter":0,"Spirit Poop":4,"hexamod:Sixitude":29,"downfall:HeartBlessingGreen":47,"Frozen Egg 2":29,"Orichalcum":46,"Akabeko":7,"Blood Vial":52,"Centennial Puzzle":24,"Anchor":27,"Busted Crown":34,"downfall:HeartBlessingBlue":47,"Bronze Scales":8,"WingedGreaves":30,"Coffee Dripper":17,"Toy Ornithopter":23},{"downfall:HeartBlessingRed":17,"Happy Flower":22,"Guardian:ModeShifter":0,"Spirit Poop":1,"hexamod:Sixitude":15,"downfall:HeartBlessingGreen":25,"Frozen Egg 2":15,"Orichalcum":25,"Akabeko":2,"Blood Vial":29,"Centennial Puzzle":13,"Anchor":14,"Busted Crown":17,"downfall:HeartBlessingBlue":25,"Bronze Scales":3,"WingedGreaves":15,"Coffee Dripper":8,"Toy Ornithopter":13},{"downfall:HeartBlessingRed":84,"Happy Flower":106,"Guardian:ModeShifter":0,"Spirit Poop":3,"hexamod:Sixitude":69,"downfall:HeartBlessingGreen":122,"Frozen Egg 2":69,"Orichalcum":122,"Akabeko":8,"Blood Vial":146,"Centennial Puzzle":59,"Anchor":65,"Busted Crown":84,"downfall:HeartBlessingBlue":122,"Bronze Scales":13,"WingedGreaves":69,"Coffee Dripper":34,"Toy Ornithopter":59}],"Toy Ornithopter":40},"card_choices":[{"not_picked":["Guardian:PiercingHide","Guardian:WalkerClaw"],"picked":"Guardian:Orbwalk","floor":2.0},{"not_picked":["Guardian:TemporalStrike","Guardian:Suspension"],"picked":"Guardian:FuturePlans","floor":5.0},{"not_picked":["Guardian:EvasiveProtocol","Guardian:RefractedBeam"],"picked":"Guardian:VentSteam","floor":8.0},{"not_picked":["Guardian:PrismaticBeam","Guardian:PolyBeam"],"picked":"Guardian:Gem_Orange","floor":10.0},{"not_picked":["Guardian:Incinerate","Guardian:SpikerProtocol"],"picked":"Guardian:TemporalStrike","floor":12.0},{"not_picked":["Guardian:PrimingBeam","Guardian:Gem_Red"],"picked":"Guardian:Gem_Blue","floor":14.0},{"not_picked":["Guardian:Emergency","Guardian:TemporalStrike"],"picked":"Guardian:Gem_Blue","floor":15.0},{"not_picked":["Guardian:ConstructionForm","Guardian:GemFinder"],"picked":"Guardian:Gem_Orange","floor":16.0},{"not_picked":["Guardian:Gem_Green","Guardian:Planning"],"picked":"Guardian:TemporalStrike","floor":19.0},{"not_picked":["Guardian:MultiBeam","Guardian:WalkerClaw"],"picked":"Guardian:ShieldCharger","floor":20.0},{"not_picked":["Guardian:Gem_Fragmented","Guardian:FloatingOrbs"],"picked":"Guardian:ShieldSpikes","floor":21.0},{"not_picked":["Guardian:TemporalShield","Guardian:Gem_Green"],"picked":"Guardian:PrismaticBeam","floor":22.0},{"not_picked":["Guardian:PrimingBeam","Guardian:ChargeUp"],"picked":"Guardian:BodySlam","floor":23.0},{"not_picked":["Guardian:Gem_Crimson","Guardian:CompilePackage"],"picked":"Guardian:Gem_Lightblue","floor":27.0},{"not_picked":["Guardian:MultiBeam+1","Guardian:CrystalBeam"],"picked":"Guardian:TemporalShield","floor":29.0},{"not_picked":["Guardian:CrystalBeam","Guardian:Recover","Guardian:Preprogram"],"picked":"SKIP","floor":32.0},{"not_picked":["Guardian:HyperBeam_Guardian","Guardian:StasisField"],"picked":"Guardian:RevengeProtocol+1","floor":33.0},{"not_picked":[],"picked":"Guardian:BodySlam+1","floor":36.0},{"not_picked":["Guardian:TemporalShield"],"picked":"SKIP","floor":38.0},{"not_picked":[],"picked":"Guardian:EvasiveProtocol+1","floor":39.0},{"not_picked":["Guardian:ChargeCore"],"picked":"SKIP","floor":40.0},{"not_picked":["Guardian:Suspension"],"picked":"SKIP","floor":42},{"not_picked":["Guardian:WalkerClaw"],"picked":"SKIP","floor":44},{"not_picked":[],"picked":"Guardian:Gem_Yellow","floor":45},{"not_picked":["Guardian:TemporalStrike+1"],"picked":"SKIP","floor":46},{"not_picked":["Guardian:Gem_Lightblue"],"picked":"SKIP","floor":48},{"not_picked":["Guardian:Incinerate+1"],"picked":"SKIP","floor":49},{"not_picked":["Guardian:Gem_Lightblue"],"picked":"SKIP","floor":52}],"player_experience":1094409,"relics_obtained":[{"floor":7.0,"key":"Akabeko"},{"floor":8.0,"key":"Bronze Scales"},{"floor":24.0,"key":"Centennial Puzzle"},{"floor":27.0,"key":"Anchor"},{"floor":29.0,"key":"hexamod:Sixitude"},{"floor":29.0,"key":"Frozen Egg 2"},{"floor":42,"key":"Happy Flower"},{"floor":46,"key":"Orichalcum"},{"floor":52,"key":"Blood Vial"}],"event_choices":[{"cards_removed":["downfall:Malfunctioning"],"damage_healed":0.0,"max_hp_gain":0.0,"max_hp_loss":0.0,"gold_gain":0.0,"event_name":"Bonfire Elementals","player_choice":"Offered Curse","floor":4.0,"gold_loss":0.0,"damage_taken":0.0,"relics_obtained":["Spirit Poop"]}],"is_beta":false,"boss_relics":[{"not_picked":["Black Star","expansioncontent:StudyCardRelic"],"picked":"Coffee Dripper"},{"not_picked":["bronze:MakeshiftBattery","Sozu"],"picked":"Busted Crown"}],"items_purged_floors":[21,38,39],"is_endless":false,"potions_floor_spawned":[5,10,12,15,16,29,32,40,44,45,52],"killed_by":"downfall:NeowBoss","ascension_level":14}}