{"host":"·çÓêÒÂ","time":1613023288,"event":{"mods":["ATMod(°¢èªMod)","BaseMod","Better Skull","Better Third Choice","Challenge The Spire","Colored Powertips","Conspire","Minty Spire (QoL Compilation)","Permanent Neow","Quick Restart","Relic Stats","Reliquary","Replay The Spire","RumiaBox-Â¶Ã×æ«µÄÉñÃØºÐ×Ó","Spicy Shops","Spire Birthday Party","StSLib","SuperFastMode","¡¾ÒÅÎï¿¨ÅÆ¡¿REMEMod"],"gold_per_floor":[114,114,114,0,19,19,38,38,38,38,38,57,56,56,56,181,181,200,200,219,238,257,257,276,276,276,295,345,364,364,498,526,529,529,672,681,700,719,791,266,379,426,426,464,464,483,502,521,540,574,574,574],"floor_reached":53,"language":"ZHS","playtime":1391,"items_purged":["Shame"],"score":1040,"play_id":"0b48e1c5-2e57-41a6-88de-1eb9ddda98ee","local_time":"20210211140128","daily_mods":["Allstar","Vintage","Binary"],"is_ascension_mode":false,"campfire_choices":[{"data":"Enlightenment","floor":6,"key":"SMITH"},{"data":"Specialist","floor":8,"key":"SMITH"},{"data":"REME_EyeOfCthun","floor":10,"key":"SMITH"},{"data":"REME_EyeOfCthun+1","floor":15,"key":"SMITH"},{"data":"REME_EyeOfCthun+2","floor":23,"key":"SMITH"},{"floor":30,"key":"REST"},{"floor":34,"key":"REST"},{"data":"REME_EyeOfCthun+3","floor":43,"key":"SMITH"},{"data":"REME_EyeOfCthun+4","floor":51,"key":"SMITH"}],"circlet_count":0,"master_deck":["Strike_P","Strike_P","Strike_P+1","Defend_P","Defend_P","Defend_P","Defend_P","Eruption+1","Vigilance","REME_EyeOfCthun+5","AT_EmpoweredMortalDraw","Specialist+1","DeusExMachina","Prostrate+1","Omniscience+1","Devotion+1","AT_EmpoweredMortalDraw","Replay:AtTheReady+1","Consecrate+1"],"relics":["PureWater","AT_ATBox","REME_ComplimentaryCards","HornCleat","Golden Idol","conspire:InfiniteJournal","conspire:InfiniteJournal","Whetstone","reliquary:SharkskinSheath","Frozen Egg 2","MealTicket","ReplayFunnel","REME_ChargedStone","reliquary:SharkskinSheath","Replay:Baseball","StoneCalendar","Eternal Feather","Juzu Bracelet","Baka2","GodSword7","Replay:Bottled Snecko","CeramicFish","reliquary:IvoryTrinket","Bronze Scales","MoreBug","StrikeDummy","reliquary:Boomerang","Red Mask","AT_MortalBlade","AT_RabadonDeathcap","conspire:Dentures","FossilizedHelix","Ccalipers","reliquary:BrokenClock","Nunchaku","Damaru","Iron Hammer","Pet Ghost","reliquary:FeatherDuster","Potion Belt","Boot","reliquary:PurpleTingedLeaf","ReplayTheSpireMod:Lightbulb","reliquary:Dhvaja"],"acts_visited":["Exordium","TheCity","TheBeyond"],"potions_floor_usage":[52,52,52,52,52,52,52,52],"damage_taken":[{"damage":0,"enemies":"2 Louse","floor":1,"turns":1},{"damage":0,"enemies":"Jaw Worm","floor":5,"turns":3},{"damage":0,"enemies":"Cultist","floor":7,"turns":3},{"damage":1,"enemies":"Exordium Wildlife","floor":12,"turns":2},{"damage":0,"enemies":"Looter","floor":13,"turns":1},{"damage":0,"enemies":"Slime Boss","floor":16,"turns":3},{"damage":0,"enemies":"Spheric Guardian","floor":18,"turns":1},{"damage":11,"enemies":"2 Thieves","floor":20,"turns":2},{"damage":20,"enemies":"Cultist and Chosen","floor":21,"turns":2},{"damage":12,"enemies":"Snecko","floor":22,"turns":3},{"damage":11,"enemies":"conspire:HollyBat","floor":24,"turns":5},{"damage":24,"enemies":"Cultist and Chosen","floor":27,"turns":6},{"damage":8,"enemies":"Shelled Parasite and Fungi","floor":29,"turns":3},{"damage":0,"enemies":"Colosseum Slavers","floor":31,"turns":1},{"damage":24,"enemies":"Colosseum Nobs","floor":31,"turns":3},{"damage":0,"enemies":"Snecko","floor":32,"turns":3},{"damage":0,"enemies":"Masked Bandits","floor":33,"turns":1},{"damage":0,"enemies":"Collector","floor":35,"turns":3},{"damage":0,"enemies":"3 Shapes","floor":37,"turns":1},{"damage":0,"enemies":"3 Darklings","floor":38,"turns":1},{"damage":1,"enemies":"Mind Bloom Boss Battle","floor":39,"turns":2},{"damage":1,"enemies":"R_Hoarder","floor":42,"turns":3},{"damage":0,"enemies":"Reptomancer","floor":44,"turns":2},{"damage":3,"enemies":"Sphere and 2 Shapes","floor":46,"turns":2},{"damage":0,"enemies":"Spire Growth","floor":47,"turns":3},{"damage":0,"enemies":"3 Darklings","floor":48,"turns":1},{"damage":15,"enemies":"Writhing Mass","floor":49,"turns":3},{"damage":0,"enemies":"Jaw Worm Horde","floor":50,"turns":1},{"damage":0,"enemies":"Awakened One","floor":52,"turns":4}],"seed_played":"-587577638262706789","potions_obtained":[{"floor":1,"key":"EntropicBrew"},{"floor":5,"key":"PowerPotion"},{"floor":12,"key":"SkillPotion"},{"floor":21,"key":"BlessingOfTheForge"},{"floor":46,"key":"Adrenaline Potion"},{"floor":48,"key":"DuplicationPotion"}],"is_trial":false,"path_per_floor":["M","?","$","?","M","R","M","R","T","R","$","M","M","?","R","B",null,"M","?","M","M","M","R","M","PTL","PTL","M","T","M","R","?","M","?","R","B",null,"M","M","?","$","?","E","R","E","T","M","M","M","M","M","R","B",null],"character_chosen":"WATCHER","items_purchased":["Ccalipers","reliquary:BrokenClock","Nunchaku"],"campfire_rested":2,"item_purchase_floors":[40,40,40],"current_hp_per_floor":[72,54,54,60,60,60,60,60,60,60,60,59,59,59,59,59,78,78,78,72,52,40,49,52,52,52,38,38,30,61,39,39,39,73,73,76,76,76,76,76,57,60,72,72,72,69,72,72,67,68,77,79],"gold":574,"neow_bonus":"","is_daily":true,"chose_seed":false,"campfire_upgraded":7,"win_rate":0.0,"timestamp":1613023288,"path_taken":["M","?","$","?","M","R","M","R","T","R","?","?","M","?","R","BOSS","M","?","M","M","M","R","M","PTL","PTL","M","T","M","R","?","M","?","R","BOSS","M","M","?","?","?","E","R","E","T","M","M","M","M","M","R","BOSS"],"items_purchased_type":["Relic","Relic","Relic"],"build_version":"2020-12-18","purchased_purges":1,"victory":true,"max_hp_per_floor":[72,72,72,78,78,78,78,78,78,78,78,78,78,78,78,78,78,78,78,76,76,76,76,76,76,76,76,76,76,76,76,76,76,76,76,76,76,76,76,76,76,76,76,76,76,76,79,79,79,79,79,79],"relic_stats":{"Nunchaku":[4],"counters":[29,69],"Golden Idol":229,"CeramicFish":63,"Bronze Scales":[32],"MealTicket":0,"StoneCalendar":[0],"Eternal Feather":51,"Juzu Bracelet":1,"Whetstone":["Eruption","Strike_P"],"Boot":[4],"obtain_stats":[{"ReplayFunnel":13,"reliquary:IvoryTrinket":28,"reliquary:FeatherDuster":45,"AT_ATBox":0,"reliquary:Boomerang":32,"CeramicFish":27,"REME_ChargedStone":17,"StoneCalendar":19,"Juzu Bracelet":21,"Whetstone":5,"Boot":47,"Pet Ghost":44,"conspire:InfiniteJournal":5,"reliquary:Dhvaja":50,"Baka2":22,"Nunchaku":40,"HornCleat":1,"Ccalipers":40,"MealTicket":12,"Iron Hammer":42,"Red Mask":33,"Replay:Bottled Snecko":24,"reliquary:SharkskinSheath":7,"MoreBug":31,"conspire:Dentures":38,"Potion Belt":46,"AT_RabadonDeathcap":37,"Golden Idol":2,"AT_MortalBlade":36,"Damaru":41,"Eternal Feather":20,"Baka":1,"Frozen Egg 2":9,"Replay:Baseball":18,"Bronze Scales":29,"reliquary:SculptingSteel":18,"GodSword7":22,"reliquary:BrokenClock":40,"PureWater":0,"StrikeDummy":31,"ReplayTheSpireMod:Lightbulb":49,"FossilizedHelix":39,"reliquary:PurpleTingedLeaf":48,"REME_ComplimentaryCards":0},{"ReplayFunnel":5,"reliquary:IvoryTrinket":12,"reliquary:FeatherDuster":23,"AT_ATBox":0,"reliquary:Boomerang":16,"CeramicFish":12,"REME_ChargedStone":6,"StoneCalendar":7,"Juzu Bracelet":9,"Whetstone":2,"Boot":25,"Pet Ghost":23,"conspire:InfiniteJournal":2,"reliquary:Dhvaja":28,"Baka2":10,"Nunchaku":21,"HornCleat":1,"Ccalipers":21,"MealTicket":4,"Iron Hammer":22,"Red Mask":17,"Replay:Bottled Snecko":11,"reliquary:SharkskinSheath":3,"MoreBug":15,"conspire:Dentures":20,"Potion Belt":24,"AT_RabadonDeathcap":19,"Golden Idol":1,"AT_MortalBlade":18,"Damaru":21,"Eternal Feather":8,"Baka":1,"Frozen Egg 2":3,"Replay:Baseball":7,"Bronze Scales":13,"reliquary:SculptingSteel":7,"GodSword7":10,"reliquary:BrokenClock":21,"PureWater":0,"StrikeDummy":15,"ReplayTheSpireMod:Lightbulb":27,"FossilizedHelix":21,"reliquary:PurpleTingedLeaf":26,"REME_ComplimentaryCards":0},{"ReplayFunnel":10,"reliquary:IvoryTrinket":32,"reliquary:FeatherDuster":55,"AT_ATBox":0,"reliquary:Boomerang":42,"CeramicFish":32,"REME_ChargedStone":13,"StoneCalendar":14,"Juzu Bracelet":18,"Whetstone":4,"Boot":60,"Pet Ghost":55,"conspire:InfiniteJournal":4,"reliquary:Dhvaja":65,"Baka2":21,"Nunchaku":50,"HornCleat":1,"Ccalipers":50,"MealTicket":9,"Iron Hammer":53,"Red Mask":43,"Replay:Bottled Snecko":26,"reliquary:SharkskinSheath":7,"MoreBug":39,"conspire:Dentures":48,"Potion Belt":57,"AT_RabadonDeathcap":47,"Golden Idol":1,"AT_MortalBlade":46,"Damaru":50,"Eternal Feather":16,"Baka":1,"Frozen Egg 2":7,"Replay:Baseball":14,"Bronze Scales":35,"reliquary:SculptingSteel":14,"GodSword7":21,"reliquary:BrokenClock":50,"PureWater":0,"StrikeDummy":39,"ReplayTheSpireMod:Lightbulb":64,"FossilizedHelix":50,"reliquary:PurpleTingedLeaf":61,"REME_ComplimentaryCards":0}]},"card_choices":[{"not_picked":["Ragnarok"],"picked":"DeusExMachina","floor":16},{"not_picked":["Conclude"],"picked":"Prostrate+1","floor":31},{"not_picked":["AT_IrregularMenstruation"],"picked":"Devotion+1","floor":35},{"not_picked":["REME_MusicOfDeath+1"],"picked":"Replay:AtTheReady+1","floor":39},{"not_picked":["EmptyMind+1"],"picked":"Consecrate+1","floor":42},{"not_picked":["Replay:DivineShield","JustLucky+1"],"picked":"SKIP","floor":44}],"player_experience":24752,"relics_obtained":[{"floor":1,"key":"HornCleat"},{"floor":1,"key":"Baka"},{"floor":5,"key":"conspire:InfiniteJournal"},{"floor":5,"key":"conspire:InfiniteJournal"},{"floor":5,"key":"Whetstone"},{"floor":7,"key":"reliquary:SharkskinSheath"},{"floor":9,"key":"Frozen Egg 2"},{"floor":12,"key":"MealTicket"},{"floor":13,"key":"ReplayFunnel"},{"floor":18,"key":"reliquary:SculptingSteel"},{"floor":18,"key":"Replay:Baseball"},{"floor":20,"key":"Eternal Feather"},{"floor":21,"key":"Juzu Bracelet"},{"floor":22,"key":"Baka2"},{"floor":22,"key":"GodSword7"},{"floor":24,"key":"Replay:Bottled Snecko"},{"floor":27,"key":"CeramicFish"},{"floor":28,"key":"reliquary:IvoryTrinket"},{"floor":29,"key":"Bronze Scales"},{"floor":31,"key":"MoreBug"},{"floor":31,"key":"StrikeDummy"},{"floor":32,"key":"reliquary:Boomerang"},{"floor":33,"key":"Red Mask"},{"floor":37,"key":"AT_RabadonDeathcap"},{"floor":38,"key":"conspire:Dentures"},{"floor":39,"key":"FossilizedHelix"},{"floor":41,"key":"Damaru"},{"floor":42,"key":"Iron Hammer"},{"floor":44,"key":"Pet Ghost"},{"floor":45,"key":"reliquary:FeatherDuster"},{"floor":46,"key":"Potion Belt"},{"floor":47,"key":"Boot"},{"floor":48,"key":"reliquary:PurpleTingedLeaf"},{"floor":49,"key":"ReplayTheSpireMod:Lightbulb"},{"floor":50,"key":"reliquary:Dhvaja"}],"event_choices":[{"damage_healed":0,"gold_gain":0,"player_choice":"Take Damage","damage_taken":18,"relics_obtained":["Golden Idol"],"max_hp_gain":0,"max_hp_loss":0,"event_name":"Golden Idol","floor":2,"gold_loss":0},{"damage_healed":0,"gold_gain":0,"player_choice":"RENOUNCE","damage_taken":114,"max_hp_gain":0,"max_hp_loss":0,"event_name":"betterThird:BetterSerpent","floor":4,"gold_loss":114,"cards_obtained":["Enlightenment"]},{"damage_healed":0,"gold_gain":0,"player_choice":"Stole Relic","damage_taken":0,"relics_obtained":["StoneCalendar"],"max_hp_gain":0,"max_hp_loss":0,"event_name":"Addict","floor":19,"gold_loss":0,"cards_obtained":["Shame"]},{"damage_healed":0,"gold_gain":0,"player_choice":"Fight","damage_taken":0,"max_hp_gain":0,"max_hp_loss":0,"event_name":"Colosseum","floor":31,"gold_loss":0},{"damage_healed":0,"gold_gain":0,"player_choice":"Fought Nobs","damage_taken":0,"max_hp_gain":0,"max_hp_loss":0,"event_name":"Colosseum","floor":31,"gold_loss":0},{"damage_healed":0,"gold_gain":0,"player_choice":"Fought Bandits","damage_taken":0,"max_hp_gain":0,"max_hp_loss":0,"event_name":"Masked Bandits","floor":33,"gold_loss":0},{"damage_healed":0,"gold_gain":0,"player_choice":"Fight","damage_taken":0,"max_hp_gain":0,"max_hp_loss":0,"event_name":"MindBloom","floor":39,"gold_loss":0}],"is_beta":true,"boss_relics":[{"not_picked":["VioletLotus","Philosopher\u0027s Stone"],"picked":"REME_ChargedStone"},{"not_picked":["SlaversCollar","reliquary:RedPaperclip"],"picked":"AT_MortalBlade"}],"items_purged_floors":[40],"is_endless":false,"potions_floor_spawned":[1,5,12,13,20,21,22,31,32,33,35,42,44,46,48,50],"ascension_level":0}}