{"host":"zoyu9oa60f8m99tp","time":1613016703,"event":{"mods":["Act Like it!","Arknights","BaseMod","Colored Map","Gensokyo","Good Game Mod","Luminous","Minty Spire (QoL Compilation)","Shop Mod","StSLib"],"gold_per_floor":[123,135,165,190,15,15,46,46,46,46,65,75,75,91,91,191,191,211,225,225,245,260,289,289,299,344,344,344,362,362,362],"floor_reached":30,"language":"ZHS","playtime":1346,"items_purged":[],"score":254,"play_id":"5ce531bf-e233-4d70-bcf3-7a25587ce1d9","local_time":"20210211121143","is_ascension_mode":false,"campfire_choices":[{"data":"Apotheosis","floor":6,"key":"SMITH"},{"data":"ats:Poison Spread","floor":8,"key":"SMITH"},{"floor":15,"key":"REST"},{"floor":24,"key":"REST"},{"floor":28,"key":"REST"}],"circlet_count":0,"master_deck":["ats:Strike C","ats:Strike G","ats:Strike S","ats:Strike V","ats:Armor Crushing Shot","ats:Defend","ats:Defend","ats:Defend","ats:Defend","ats:Emotion Absorption","Apotheosis+1","ats:Healing Drone","Injury","ats:Poison Spread+1","ats:Part Time Job","ats:Overload","ats:Volcano","ats:Flexible Camouflage","ats:Cat Scratch","ats:Leaping Hammer","ats:Nebulous Foxfire","ats:Curse Doll+1","ats:Apocalypse","ats:Guardian Obelisk+1","ats:Song Of Battle","ats:Shell Defense","ats:Assault Order+1","Carnage","ats:Magnetic Hammer+1"],"relics":["ats:Sanity","REME:ComplimentaryCards","MawBank","ats:Emergency Defibrillator","ats:Support","ats:Originium","Darkstone Periapt","Ice Cream","Matryoshka","Fusion Hammer","ats:Rhine Circuitry","Centennial Puzzle","Letter Opener","ats:Bonebreaker","Juzu Bracelet"],"acts_visited":["Exordium","Gensokyo:Gensokyo"],"potions_floor_usage":[7,16,16,16,29],"damage_taken":[{"damage":7,"enemies":"Gensokyo:2_Kodama","floor":1,"turns":5},{"damage":14,"enemies":"Gensokyo:Gryphon","floor":3,"turns":5},{"damage":3,"enemies":"Gensokyo:Python","floor":4,"turns":3},{"damage":10,"enemies":"Gensokyo:Aya","floor":7,"turns":5},{"damage":0,"enemies":"Gensokyo:LivingMonolith","floor":11,"turns":2},{"damage":13,"enemies":"Gensokyo:2_Rabbits","floor":12,"turns":3},{"damage":9,"enemies":"Gensokyo:Kitsune","floor":14,"turns":3},{"damage":71,"enemies":"Gensokyo:Yukari","floor":16,"turns":10},{"damage":10,"enemies":"Gensokyo:Chomper","floor":18,"turns":3},{"damage":27,"enemies":"Gensokyo:CosmicMonolith","floor":19,"turns":5},{"damage":32,"enemies":"Gensokyo:Wraith","floor":21,"turns":4},{"damage":35,"enemies":"Gensokyo:Monolith_and_Dog","floor":22,"turns":6},{"damage":73,"enemies":"Gensokyo:Tenshi","floor":23,"turns":7},{"damage":72,"enemies":"Gensokyo:3_Gloops","floor":25,"turns":7},{"damage":50,"enemies":"Gensokyo:Slime_Group","floor":29,"turns":5},{"damage":22,"enemies":"Gensokyo:Slime_Group","floor":30,"turns":3}],"seed_played":"-777188446792988574","potions_obtained":[{"floor":3,"key":"DistilledChaos"},{"floor":7,"key":"GamblersBrew"},{"floor":11,"key":"ColorlessPotion"},{"floor":12,"key":"Energy Potion"},{"floor":19,"key":"Explosive Potion"},{"floor":25,"key":"SteroidPotion"},{"floor":29,"key":"SteroidPotion"}],"is_trial":false,"path_per_floor":["M","?","M","M","$","R","E","R","T","?","M","M","T","M","R","B",null,"M","M","T","M","M","E","R","M","T","?","R","M","?"],"character_chosen":"DOCTOR_CLASS","items_purchased":["ats:Overload","ats:Support"],"campfire_rested":3,"item_purchase_floors":[5,5],"current_hp_per_floor":[65,65,65,62,62,62,68,68,68,68,68,55,55,52,72,37,72,63,53,53,45,46,55,72,19,19,19,40,2,0,0],"gold":362,"neow_bonus":"RANDOM_COMMON_RELIC","is_daily":false,"chose_seed":false,"campfire_upgraded":2,"win_rate":0.0,"timestamp":1613016703,"path_taken":["M","?","M","M","$","R","E","R","T","?","M","M","?","M","R","BOSS","M","M","?","M","M","E","R","?","T","?","R","M","?"],"items_purchased_type":["Card","Relic"],"build_version":"2020-12-22","purchased_purges":0,"victory":false,"max_hp_per_floor":[72,72,72,72,72,72,72,72,72,72,72,72,72,72,72,72,72,72,72,72,72,72,72,72,72,72,72,72,72,72,72],"card_choices":[{"not_picked":["ats:Assault Order","ats:Explosion Area Strengthen"],"picked":"ats:Healing Drone","floor":1},{"not_picked":["ats:Revitalization","ats:Absolute Focus"],"picked":"ats:Poison Spread","floor":3},{"not_picked":["ats:Healing Strengthening","ats:Cat Scratch"],"picked":"ats:Part Time Job","floor":4},{"not_picked":["ats:Guard Mode","ats:Flexible Camouflage"],"picked":"ats:Volcano","floor":7},{"not_picked":["ats:Guard Mode","ats:Directed Diagnosis"],"picked":"ats:Flexible Camouflage","floor":11},{"not_picked":["ats:Chain Hook","ats:Overload"],"picked":"ats:Cat Scratch","floor":12},{"not_picked":["ats:Revitalization","ats:Hammer On"],"picked":"ats:Leaping Hammer","floor":14},{"not_picked":["ats:Volcano","ats:Shadow Assault"],"picked":"ats:Nebulous Foxfire","floor":16},{"not_picked":["ats:Flexible Camouflage","ats:Spore Proliferation"],"picked":"ats:Curse Doll+1","floor":18},{"not_picked":["ats:Directed Diagnosis+1","ats:Assault Order"],"picked":"ats:Apocalypse","floor":19},{"not_picked":["ats:Powerful Strike+1","ats:Ignite"],"picked":"ats:Guardian Obelisk+1","floor":21},{"not_picked":["ats:Hook Shot","ats:Flame Of Heaven"],"picked":"ats:Song Of Battle","floor":22},{"not_picked":["ats:Hook Shot+1","ats:Wolf Pack"],"picked":"ats:Shell Defense","floor":23},{"not_picked":["ats:Powerful Strike+1","ats:Phantom"],"picked":"ats:Assault Order+1","floor":25},{"not_picked":["ats:Powerful Strike","ats:Collapsing Strike"],"picked":"ats:Magnetic Hammer+1","floor":29}],"player_experience":6621,"relics_obtained":[{"floor":7,"key":"ats:Originium"},{"floor":7,"key":"Darkstone Periapt"},{"floor":9,"key":"Ice Cream"},{"floor":13,"key":"Matryoshka"},{"floor":20,"key":"ats:Rhine Circuitry"},{"floor":20,"key":"Centennial Puzzle"},{"floor":23,"key":"ats:Originium"},{"floor":23,"key":"Letter Opener"},{"floor":26,"key":"ats:Bonebreaker"},{"floor":26,"key":"Juzu Bracelet"}],"event_choices":[],"is_beta":false,"boss_relics":[{"not_picked":["SacredBark","Cursed Key"],"picked":"Fusion Hammer"}],"items_purged_floors":[],"is_endless":false,"potions_floor_spawned":[3,7,11,12,19,25,29],"killed_by":"Gensokyo:Slime_Group","ascension_level":0}}