{"host":"rolltorest","time":1613031972,"event":{"mods":["BaseMod","Minty Spire (QoL Compilation)","Relic Stats","Slay the Relics Exporter","StSLib"],"gold_per_floor":[20,38,113,27,40,40,69,69,93,124,124,124,124,153,153,229,229,244,244,261,29,29,54,54,89,89,89,12,12,26,60,60,60,60],"floor_reached":33,"language":"ENG","playtime":667,"items_purged":["Bite"],"score":784,"play_id":"99dd2fe4-8962-45b2-a370-cb8b92910f0c","local_time":"20210211002612","is_ascension_mode":true,"campfire_choices":[{"data":"Dagger Spray","floor":6,"key":"SMITH"},{"floor":8,"key":"REST"},{"floor":13,"key":"REST"},{"data":"Bouncing Flask","floor":15,"key":"SMITH"},{"data":"Accuracy","floor":24,"key":"SMITH"},{"data":"Envenom","floor":27,"key":"SMITH"},{"data":"Neutralize","floor":29,"key":"SMITH"},{"data":"Cloak And Dagger","floor":32,"key":"SMITH"}],"circlet_count":0,"master_deck":["AscendersBane","Defend_G","Defend_G","Defend_G","Defend_G","Defend_G","Survivor","Neutralize+1","Sucker Punch","Dagger Spray+1","Accuracy+1","Dagger Throw","Bouncing Flask+1","Cloak And Dagger+1","Underhanded Strike","Corpse Explosion","Riddle With Holes+1","Bite","Bite","Bite","Backstab","Unload","Envenom+1","Infinite Blades","Calculated Gamble","Reflex+1"],"relics":["Ring of the Snake","WingedGreaves","Oddly Smooth Stone","PreservedInsect","Akabeko","Boot","Pen Nib","Cursed Key","OrangePellets","Omamori","Shuriken","Ancient Tea Set","Strawberry"],"acts_visited":["Exordium","TheCity"],"potions_floor_usage":[7,14],"damage_taken":[{"damage":15,"enemies":"Cultist","floor":1,"turns":6},{"damage":4,"enemies":"Small Slimes","floor":2,"turns":4},{"damage":7,"enemies":"Jaw Worm","floor":5,"turns":6},{"damage":5,"enemies":"3 Sentries","floor":7,"turns":4},{"damage":18,"enemies":"Lagavulin","floor":10,"turns":5},{"damage":0,"enemies":"Gremlin Nob","floor":14,"turns":2},{"damage":20,"enemies":"Hexaghost","floor":16,"turns":9},{"damage":2,"enemies":"Chosen","floor":18,"turns":3},{"damage":15,"enemies":"Shell Parasite","floor":20,"turns":7},{"damage":0,"enemies":"Slavers","floor":23,"turns":1},{"damage":0,"enemies":"Gremlin Leader","floor":25,"turns":2},{"damage":29,"enemies":"Snake Plant","floor":30,"turns":3},{"damage":7,"enemies":"Slavers","floor":31,"turns":2},{"damage":13,"enemies":"Champ","floor":33,"turns":3}],"seed_played":"517462118922212225","potions_obtained":[{"floor":2,"key":"LiquidMemories"},{"floor":10,"key":"Poison Potion"},{"floor":14,"key":"LiquidBronze"},{"floor":20,"key":"FearPotion"}],"is_trial":false,"path_per_floor":["M","M","?","$","M","R","E","R","T","E","?","T","R","E","R","B",null,"M","?","M","$","?","E","R","E","T","R","$","R","M","E","R","B"],"character_chosen":"THE_SILENT","items_purchased":["Accuracy","OrangePellets","Infinite Blades"],"campfire_rested":2,"item_purchase_floors":[4,21,28],"current_hp_per_floor":[44,40,29,29,22,22,17,36,36,18,11,11,30,30,30,10,52,50,46,41,41,41,41,41,45,45,45,45,45,18,22,22,9,9],"gold":60,"neow_bonus":"ONE_RARE_RELIC","is_daily":false,"chose_seed":false,"campfire_upgraded":6,"win_rate":0.0,"timestamp":1613031972,"path_taken":["M","M","?","$","M","R","E","R","T","E","?","?","R","E","R","BOSS","M","?","M","$","?","E","R","E","T","R","$","R","?","E","R","BOSS"],"items_purchased_type":["Card","Relic","Card"],"build_version":"2020-12-18","purchased_purges":1,"victory":false,"max_hp_per_floor":[66,66,66,66,66,66,66,66,66,66,66,66,66,66,66,66,66,66,46,46,46,46,46,46,46,46,46,46,46,46,53,53,53,53],"relic_stats":{"OrangePellets":[0],"counters":[14,57],"Shuriken":[1],"PreservedInsect":178,"Pen Nib":[5],"Boot":[27],"Cursed Key":1,"obtain_stats":[{"Oddly Smooth Stone":7,"PreservedInsect":9,"Pen Nib":14,"Omamori":23,"Boot":12,"Cursed Key":17,"Ancient Tea Set":26,"Akabeko":10,"OrangePellets":21,"Shuriken":25,"Strawberry":31,"WingedGreaves":0,"Ring of the Snake":0},{"Oddly Smooth Stone":4,"PreservedInsect":4,"Pen Nib":6,"Omamori":10,"Boot":5,"Cursed Key":7,"Ancient Tea Set":11,"Akabeko":5,"OrangePellets":9,"Shuriken":11,"Strawberry":13,"WingedGreaves":0,"Ring of the Snake":0},{"Oddly Smooth Stone":20,"PreservedInsect":20,"Pen Nib":27,"Omamori":47,"Boot":25,"Cursed Key":36,"Ancient Tea Set":49,"Akabeko":25,"OrangePellets":46,"Shuriken":49,"Strawberry":54,"WingedGreaves":0,"Ring of the Snake":0}],"Ring of the Snake":[28]},"card_choices":[{"not_picked":["Prepared","Reflex"],"picked":"Sucker Punch","floor":1},{"not_picked":["Outmaneuver","Prepared"],"picked":"Dagger Spray","floor":2},{"not_picked":["Accuracy","Flying Knee"],"picked":"Dagger Throw","floor":5},{"not_picked":["Cloak And Dagger","Blur"],"picked":"Bouncing Flask","floor":7},{"not_picked":["Skewer","Reflex"],"picked":"Cloak And Dagger","floor":10},{"not_picked":["Doppelganger","Outmaneuver"],"picked":"Underhanded Strike","floor":14},{"not_picked":["Envenom","Malaise"],"picked":"Corpse Explosion","floor":16},{"not_picked":["Dagger Spray","Choke"],"picked":"Riddle With Holes+1","floor":18},{"not_picked":["Sucker Punch","Prepared"],"picked":"Backstab","floor":20},{"not_picked":["Prepared","Dagger Throw"],"picked":"Unload","floor":23},{"not_picked":["Flying Knee","Flechettes"],"picked":"Envenom","floor":25},{"not_picked":["Choke","Sucker Punch"],"picked":"Calculated Gamble","floor":30},{"not_picked":["Concentrate","Skewer"],"picked":"Reflex+1","floor":31}],"player_experience":1952173,"relics_obtained":[{"floor":7,"key":"Oddly Smooth Stone"},{"floor":9,"key":"PreservedInsect"},{"floor":10,"key":"Akabeko"},{"floor":12,"key":"Boot"},{"floor":14,"key":"Pen Nib"},{"floor":23,"key":"Omamori"},{"floor":25,"key":"Shuriken"},{"floor":26,"key":"Ancient Tea Set"},{"floor":31,"key":"Strawberry"}],"event_choices":[{"damage_healed":0,"gold_gain":75,"player_choice":"Gather Gold","damage_taken":11,"max_hp_gain":0,"max_hp_loss":0,"event_name":"World of Goop","floor":3,"gold_loss":0},{"cards_removed":["Strike_G"],"damage_healed":0,"gold_gain":0,"player_choice":"Card Removal","damage_taken":7,"max_hp_gain":0,"max_hp_loss":0,"event_name":"Golden Wing","floor":11,"gold_loss":0},{"damage_healed":0,"gold_gain":0,"player_choice":"Became a vampire","damage_taken":0,"max_hp_gain":0,"max_hp_loss":20,"event_name":"Vampires","floor":19,"gold_loss":0,"cards_obtained":["Bite","Bite","Bite","Bite","Bite"]},{"cards_removed":["Bite"],"damage_healed":0,"gold_gain":0,"player_choice":"Purged","damage_taken":0,"max_hp_gain":0,"max_hp_loss":0,"event_name":"Purifier","floor":22,"gold_loss":0}],"is_beta":true,"boss_relics":[{"not_picked":["Philosopher\u0027s Stone","Runic Dome"],"picked":"Cursed Key"}],"items_purged_floors":[21],"is_endless":false,"potions_floor_spawned":[2,10,14,20,25,30],"killed_by":"Champ","ascension_level":20}}