{"host":"8f5cu9y0fpol72qs","time":1613027617,"event":{"mods":["AlwaysNeverKeys","BaseMod","Colored Map","Colored Powertips","Curses Come First","Highlight Path","Key Reminder","Minty Spire (QoL Compilation)","StSLib"],"gold_per_floor":[11,11,25,39,59,59,89,105,129,129,162,182,182,182,182,255,255,255,255,255,255,255,255,255,255,255,255,255,255,104,104,104,104,104,104,104,104,104,104,104,104],"floor_reached":40,"language":"ENG","playtime":3748,"items_purged":["Strike_G"],"score":853,"play_id":"08fb8539-afb5-4b86-8bd4-90050dfce174","local_time":"20210210231337","is_ascension_mode":true,"campfire_choices":[{"data":"Predator","floor":6.0,"key":"SMITH"},{"data":"Deadly Poison","floor":10.0,"key":"SMITH"},{"data":"Bouncing Flask","floor":13.0,"key":"SMITH"},{"data":"Backflip","floor":15.0,"key":"SMITH"},{"data":"Noxious Fumes","floor":24.0,"key":"SMITH"},{"floor":29.0,"key":"REST"},{"data":"Noxious Fumes","floor":32.0,"key":"SMITH"}],"circlet_count":0,"master_deck":["AscendersBane","Strike_G","Strike_G","Strike_G","Defend_G","Defend_G","Defend_G","Defend_G","Survivor","Neutralize","Dagger Spray+1","Backflip+1","Predator+1","Cloak And Dagger","Deadly Poison+1","Quick Slash","Bouncing Flask+1","Venomology","Noxious Fumes+1","Neutralize","Prepared+1","Noxious Fumes+1","Burst","Dodge and Roll+1","Purity","PiercingWail"],"relics":["Ring of the Snake","Bottled Lightning","Omamori","Lantern","WingedGreaves","Ectoplasm","Anchor","Bottled Flame","Pantograph","Happy Flower","Frozen Egg 2","Sozu"],"acts_visited":["Exordium","TheCity","TheBeyond"],"potions_floor_usage":[40],"damage_taken":[{"damage":1.0,"enemies":"2 Louse","floor":1.0,"turns":4.0},{"damage":0.0,"enemies":"Cultist","floor":3.0,"turns":3.0},{"damage":2.0,"enemies":"Jaw Worm","floor":4.0,"turns":4.0},{"damage":2.0,"enemies":"Red Slaver","floor":5.0,"turns":3.0},{"damage":25.0,"enemies":"Lagavulin","floor":7.0,"turns":8.0},{"damage":0.0,"enemies":"Blue Slaver","floor":8.0,"turns":3.0},{"damage":3.0,"enemies":"3 Sentries","floor":11.0,"turns":5.0},{"damage":5.0,"enemies":"Exordium Thugs","floor":12.0,"turns":5.0},{"damage":20.0,"enemies":"The Guardian","floor":16.0,"turns":9.0},{"damage":0.0,"enemies":"Spheric Guardian","floor":18.0,"turns":3.0},{"damage":3.0,"enemies":"Shell Parasite","floor":20.0,"turns":4.0},{"damage":8.0,"enemies":"Centurion and Healer","floor":22.0,"turns":6.0},{"damage":0.0,"enemies":"Gremlin Leader","floor":23.0,"turns":6.0},{"damage":16.0,"enemies":"Slavers","floor":25.0,"turns":5.0},{"damage":10.0,"enemies":"Sentry and Sphere","floor":28.0,"turns":4.0},{"damage":28.0,"enemies":"Champ","floor":33.0,"turns":12.0},{"damage":2.0,"enemies":"Orb Walker","floor":35.0,"turns":3.0},{"damage":7.0,"enemies":"3 Darklings","floor":36.0,"turns":5.0},{"damage":11.0,"enemies":"4 Shapes","floor":38.0,"turns":5.0},{"damage":55,"enemies":"Reptomancer","floor":40,"turns":4}],"seed_played":"5296467091007394409","potions_obtained":[{"floor":3.0,"key":"Weak Potion"},{"floor":7.0,"key":"Weak Potion"},{"floor":12.0,"key":"Weak Potion"},{"floor":16.0,"key":"BlessingOfTheForge"},{"floor":22.0,"key":"Block Potion"},{"floor":23.0,"key":"PowerPotion"},{"floor":25.0,"key":"Ancient Potion"}],"is_trial":false,"path_per_floor":["M","?","M","M","M","R","E","M","T","R","E","M","R","T","R","B",null,"M","?","M","?","M","E","R","E","T","?","M","R","$","T","R","B",null,"M","M","?","M","?","E"],"character_chosen":"THE_SILENT","items_purchased":["Noxious Fumes"],"campfire_rested":1,"item_purchase_floors":[30],"current_hp_per_floor":[58,58,58,56,54,54,29,29,29,29,26,21,21,21,21,1,50,50,50,47,47,39,39,39,23,23,23,13,32,32,32,32,29,57,55,48,48,37,50,0,0],"gold":104,"neow_bonus":"REMOVE_TWO","is_daily":false,"chose_seed":false,"campfire_upgraded":6,"win_rate":0.0,"timestamp":1613027617,"path_taken":["M","?","M","M","?","R","E","M","T","R","E","M","R","?","R","BOSS","M","?","?","?","?","E","R","E","T","?","M","R","$","?","R","BOSS","M","M","?","M","?","E"],"items_purchased_type":["Card"],"build_version":"2020-12-22","purchased_purges":1,"victory":false,"max_hp_per_floor":[66,66,66,66,66,66,66,66,66,66,66,66,66,66,66,66,66,66,66,66,66,66,66,66,66,66,66,66,66,66,66,66,66,66,66,66,66,66,66,66,66],"card_choices":[{"not_picked":["Riddle With Holes","Poisoned Stab"],"picked":"Dagger Spray","floor":1.0},{"not_picked":["Dagger Spray","Expertise"],"picked":"Backflip","floor":3.0},{"not_picked":["Underhanded Strike","Eviscerate"],"picked":"Predator","floor":4.0},{"not_picked":["Bane","Envenom"],"picked":"Cloak And Dagger","floor":5.0},{"not_picked":["Accuracy","Choke"],"picked":"Deadly Poison","floor":7.0},{"not_picked":["Backflip","Blur"],"picked":"Quick Slash","floor":8.0},{"not_picked":["Glass Knife","Finisher"],"picked":"Bouncing Flask","floor":11.0},{"not_picked":["Dodge and Roll","Eviscerate","Finisher"],"picked":"SKIP","floor":12.0},{"not_picked":["A Thousand Cuts","Doppelganger"],"picked":"Venomology","floor":16.0},{"not_picked":["Deadly Poison","Acrobatics","Poisoned Stab"],"picked":"SKIP","floor":18.0},{"not_picked":["Dodge and Roll","Outmaneuver"],"picked":"Noxious Fumes","floor":20.0},{"not_picked":["Dagger Spray","Dagger Throw","Flying Knee"],"picked":"SKIP","floor":22.0},{"not_picked":["Quick Slash","Prepared","Dagger Spray"],"picked":"SKIP","floor":23.0},{"not_picked":["Backflip","Cloak And Dagger"],"picked":"Prepared+1","floor":25.0},{"not_picked":["Sucker Punch","Infinite Blades","Deadly Poison"],"picked":"SKIP","floor":28.0},{"not_picked":["Envenom+1","Storm of Steel"],"picked":"Burst","floor":33.0},{"not_picked":["Predator","Outmaneuver","Quick Slash"],"picked":"SKIP","floor":35.0},{"not_picked":["Blade Dance","Bane"],"picked":"Dodge and Roll+1","floor":36.0},{"not_picked":["Mind Blast","Bandage Up"],"picked":"Purity","floor":37.0},{"not_picked":["Poisoned Stab+1","Dodge and Roll+1"],"picked":"PiercingWail","floor":38.0}],"player_experience":1063596,"relics_obtained":[{"floor":7.0,"key":"Bottled Lightning"},{"floor":9.0,"key":"Omamori"},{"floor":11.0,"key":"Lantern"},{"floor":14.0,"key":"WingedGreaves"},{"floor":23.0,"key":"Bottled Flame"},{"floor":25.0,"key":"Pantograph"},{"floor":26.0,"key":"Happy Flower"},{"floor":31.0,"key":"Frozen Egg 2"}],"event_choices":[{"damage_healed":0.0,"max_hp_gain":0.0,"max_hp_loss":0.0,"gold_gain":0.0,"event_name":"Upgrade Shrine","player_choice":"Upgraded","floor":2.0,"gold_loss":0.0,"damage_taken":0.0,"cards_upgraded":["Dagger Spray"]},{"damage_healed":0.0,"max_hp_gain":0.0,"max_hp_loss":0.0,"gold_gain":0.0,"event_name":"WeMeetAgain","player_choice":"Gave Potion","floor":19.0,"gold_loss":0.0,"damage_taken":0.0,"relics_obtained":["Anchor"]},{"damage_healed":0.0,"max_hp_gain":0.0,"max_hp_loss":0.0,"gold_gain":0.0,"event_name":"Match and Keep!","player_choice":"1 cards matched","floor":21.0,"gold_loss":0.0,"damage_taken":0.0,"cards_obtained":["Neutralize"]},{"damage_healed":0.0,"max_hp_gain":0.0,"max_hp_loss":0.0,"gold_gain":50.0,"event_name":"Golden Shrine","player_choice":"Pray","floor":27.0,"gold_loss":0.0,"damage_taken":0.0},{"damage_healed":0.0,"max_hp_gain":0.0,"max_hp_loss":0.0,"gold_gain":0.0,"event_name":"SensoryStone","player_choice":"Memory 1","floor":37.0,"gold_loss":0.0,"damage_taken":0.0},{"damage_healed":13.0,"max_hp_gain":0.0,"max_hp_loss":0.0,"gold_gain":0.0,"event_name":"Winding Halls","player_choice":"Writhe","floor":39.0,"gold_loss":0.0,"damage_taken":0.0,"cards_obtained":["Writhe"]}],"is_beta":false,"boss_relics":[{"not_picked":["Pandora\u0027s Box","Ring of the Serpent"],"picked":"Ectoplasm"},{"not_picked":["SacredBark","Astrolabe"],"picked":"Sozu"}],"items_purged_floors":[30],"is_endless":false,"potions_floor_spawned":[3,7,12,16,22,23,25,36],"killed_by":"Reptomancer","ascension_level":17}}