{"host":"jbmvtpvel2a8rbg6","time":1613065591,"event":{"mods":["Aspiration","BaseMod","Better Match","Better Sensory Stone","Better Skull","Conspire","Downfall","Energized Spire","GungeonMod","Hubris","Infinite Spire","Minty Spire (QoL Compilation)","RRrroohrrRGHHhhh!!","Reliquary","Replay The Spire","StSLib","Wandering Minibosses"],"gold_per_floor":[118,131,141,155,172,202,50,50,50,50,50,50,50],"floor_reached":12,"language":"ENG","playtime":991,"items_purged":[],"score":80,"play_id":"d6e9d62f-85b1-48ab-a21a-40bd9f57c05c","local_time":"20210211094631","is_ascension_mode":false,"campfire_choices":[{"data":"DemoMod:SAA","floor":8,"key":"SMITH"}],"circlet_count":0,"master_deck":["DemoMod:Strike_Huntress","DemoMod:Strike_Huntress","DemoMod:Strike_Huntress","DemoMod:Defend_Huntress","DemoMod:Defend_Huntress","DemoMod:Defend_Huntress","DemoMod:Defend_Huntress","DemoMod:Roll","DemoMod:ManualReload","DemoMod:CrossBow","DemoMod:SAA+1","DemoMod:RadGun","DemoMod:PotionOfGunFriendShip","DemoMod:DarkMarker"],"relics":["DemoMod:Dog","aspiration:Nostalgia","sneckomod:SneckoSoul","reliquary:PurpleTingedLeaf","DemoMod:PortableTableDevice","Replay:WaspNest"],"acts_visited":["Exordium"],"potions_floor_usage":[6],"damage_taken":[{"damage":0,"enemies":"Cultist","floor":1,"turns":4},{"damage":0,"enemies":"2 Louse","floor":2,"turns":3},{"damage":0,"enemies":"Jaw Worm","floor":3,"turns":3},{"damage":5,"enemies":"Red Slaver","floor":4,"turns":5},{"damage":11,"enemies":"Blue Slaver","floor":5,"turns":5},{"damage":27,"enemies":"Gremlin Nob","floor":6,"turns":4},{"damage":34,"enemies":"3 Sentries","floor":12,"turns":5}],"seed_played":"2902590448241694155","potions_obtained":[{"floor":1,"key":"FearPotion"},{"floor":4,"key":"Swift Potion"}],"is_trial":false,"path_per_floor":["M","M","M","M","M","E","$","R","T","$","?","E"],"character_chosen":"HUNTRESS","items_purchased":["DemoMod:PortableTableDevice"],"campfire_rested":0,"item_purchase_floors":[7],"current_hp_per_floor":[70,70,70,65,54,27,27,27,27,27,27,0,0],"gold":50,"neow_bonus":"NOSTALGIA","is_daily":false,"chose_seed":false,"campfire_upgraded":1,"win_rate":0.0,"timestamp":1613065591,"path_taken":["M","M","M","M","M","E","$","R","T","?","?","E"],"items_purchased_type":["Relic"],"build_version":"2020-12-22","purchased_purges":0,"victory":false,"max_hp_per_floor":[70,70,70,70,70,70,70,70,70,70,70,70,70],"card_choices":[{"not_picked":["DemoMod:DoubleSwitch","DemoMod:DirectionalPad","DemoMod:HighKaliber"],"picked":"SKIP","floor":1},{"not_picked":["DemoMod:PracticeMakesPerfect","DemoMod:Ejector","DemoMod:HardPowerCard"],"picked":"SKIP","floor":2},{"not_picked":["DemoMod:BattleInHaste","DemoMod:EasyReloadBullets"],"picked":"DemoMod:SAA","floor":3},{"not_picked":["DemoMod:GunstockTap","DemoMod:PracticeMakesPerfect"],"picked":"DemoMod:RadGun","floor":4},{"not_picked":["DemoMod:GunstockTap","DemoMod:Camera"],"picked":"DemoMod:PotionOfGunFriendShip","floor":5},{"not_picked":["DemoMod:SpreadAmmo","DemoMod:Purify"],"picked":"DemoMod:DarkMarker","floor":6}],"player_experience":869559,"relics_obtained":[{"floor":6,"key":"reliquary:PurpleTingedLeaf"},{"floor":9,"key":"Replay:WaspNest"}],"event_choices":[{"cards_removed":["DemoMod:RustySidearm"],"damage_healed":0,"gold_gain":0,"player_choice":"Forget","damage_taken":0,"max_hp_gain":0,"max_hp_loss":0,"event_name":"Living Wall","floor":11,"gold_loss":0}],"is_beta":false,"boss_relics":[],"items_purged_floors":[],"is_endless":false,"potions_floor_spawned":[1,4],"killed_by":"3 Sentries","ascension_level":0}}