{"host":"xc18ixkpjvqrt8st","time":1613058745,"event":{"mods":["Act Like it!","BaseMod","Better Match","Better Third Choice","Conspire","Downfall","Hallownest","Hermit","Hubris","Minty Spire (QoL Compilation)","Reliquary","Robot Space Explorer","Shop Mod","Spicy Shops","Spire Arcade","StSLib","The Animator","The Edgeheg","The Jungle","The Sage"],"gold_per_floor":[129,129,38,38,38,71,71,98,98,125,154,173,199,199,199,295,295,283,283,283],"floor_reached":19,"language":"ENG","playtime":765,"items_purged":[],"score":229,"play_id":"a1b5f61c-5613-467c-8a93-f3ac60b544b4","local_time":"20210211095225","is_ascension_mode":true,"campfire_choices":[{"floor":7,"key":"RECALL"},{"floor":15,"key":"REST"}],"circlet_count":0,"master_deck":["animator:Strike_OnePunchMan","animator:Defend_OnePunchMan","animator:Strike","animator:Strike","animator:Strike","animator:Defend","animator:Defend","animator:Defend","animator:Genos+1","animator:MumenRider","animator:Demiurge+1","animator:Eris","animator:Mitsurugi","animator:PandorasActor","animator:Sonic","animator:Megumin+3","animator:Eve","animator:Boros","animator:LeleiLaLalena"],"relics":["animator:LivingPicture","animator:TheMissingPiece","NeowsBlessing","CloakClasp","conspire:GlowingRock","reliquary:PartyBalloon","Matryoshka","hubris:CuriousFeather","reliquary:PurpleTingedLeaf","Red Skull","Black Star"],"acts_visited":["Exordium","TheCity"],"potions_floor_usage":[10,18],"damage_taken":[{"damage":0,"enemies":"Small Slimes","floor":1,"turns":1},{"damage":0,"enemies":"Gremlin Nob","floor":6,"turns":1},{"damage":0,"enemies":"conspire:MimicChest","floor":8,"turns":1},{"damage":30,"enemies":"Lagavulin","floor":10,"turns":5},{"damage":5,"enemies":"2 Louse","floor":11,"turns":3},{"damage":4,"enemies":"Cultist","floor":12,"turns":3},{"damage":8,"enemies":"3 Sentries","floor":13,"turns":10},{"damage":13,"enemies":"The Guardian","floor":16,"turns":9},{"damage":18,"enemies":"2 Thieves","floor":18,"turns":5},{"damage":61,"enemies":"Masked Bandits","floor":19,"turns":3}],"seed_played":"-9035456971515652915","potions_obtained":[{"floor":8,"key":"AttackPotion"},{"floor":10,"key":"animator:FalseLifePotion"},{"floor":12,"key":"SpeedPotion"},{"floor":18,"key":"champ:CounterPotion"}],"is_trial":false,"path_per_floor":["M","?","$","?","?","E","R","?","T","E","M","M","E","$","R","B",null,"M","?"],"character_chosen":"THE_ANIMATOR","items_purchased":["CloakClasp","Red Skull"],"campfire_rested":1,"item_purchase_floors":[3,14],"current_hp_per_floor":[66,66,66,66,66,66,66,66,66,40,38,37,32,22,42,37,68,55,0,0],"gold":283,"neow_bonus":"THREE_ENEMY_KILL","is_daily":false,"chose_seed":false,"campfire_upgraded":0,"win_rate":0.0,"timestamp":1613058745,"path_taken":["M","?","$","?","?","E","R","?","T","E","M","M","E","?","R","BOSS","M","?"],"items_purchased_type":["Relic","Relic"],"build_version":"2020-12-22","purchased_purges":0,"victory":false,"max_hp_per_floor":[66,66,66,66,66,66,66,66,66,67,67,67,67,67,67,68,68,68,68,68],"card_choices":[{"not_picked":["animator:Bozes","animator:Verdia"],"picked":"animator:Demiurge","floor":1},{"not_picked":["animator:Sebas","animator:Shiro"],"picked":"animator:Eris","floor":6},{"not_picked":["animator:Darkness","animator:Chris"],"picked":"animator:Mitsurugi","floor":8},{"not_picked":["animator:Jibril","animator:Alexander"],"picked":"animator:PandorasActor","floor":10},{"not_picked":["animator:Genos","animator:MumenRider"],"picked":"animator:Sonic","floor":11},{"not_picked":["animator:Demiurge","animator:PandorasActor"],"picked":"animator:Megumin","floor":12},{"not_picked":["animator:PandorasActor","animator:Cocytus"],"picked":"animator:Eve","floor":13},{"not_picked":["animator:Ainz","animator:Saber"],"picked":"animator:Boros","floor":16},{"not_picked":["animator:Lu","animator:RoryMercury"],"picked":"animator:LeleiLaLalena","floor":18}],"player_experience":703845,"relics_obtained":[{"floor":6,"key":"conspire:GlowingRock"},{"floor":8,"key":"reliquary:PartyBalloon"},{"floor":9,"key":"Matryoshka"},{"floor":10,"key":"hubris:CuriousFeather"},{"floor":13,"key":"reliquary:PurpleTingedLeaf"}],"event_choices":[{"damage_healed":0,"gold_gain":0,"player_choice":"Grow","damage_taken":0,"max_hp_gain":0,"max_hp_loss":0,"event_name":"Living Wall","floor":4,"gold_loss":0,"cards_upgraded":["animator:Genos"]},{"damage_healed":0,"gold_gain":0,"player_choice":"Leave","damage_taken":0,"max_hp_gain":0,"max_hp_loss":0,"event_name":"conspire:Investor","floor":5,"gold_loss":0},{"damage_healed":0,"gold_gain":0,"player_choice":"Fought Bandits","damage_taken":0,"max_hp_gain":0,"max_hp_loss":0,"event_name":"Masked Bandits","floor":19,"gold_loss":0}],"is_beta":false,"boss_relics":[{"not_picked":["reliquary:RedCape","Sozu"],"picked":"Black Star"}],"items_purged_floors":[],"is_endless":false,"potions_floor_spawned":[8,10,12,16,18],"killed_by":"Masked Bandits","ascension_level":2}}