{"host":"x5w9zppki4gdwvc7","time":1613055315,"event":{"mods":["AchievementEnabler","BaseMod","Colored Powertips","DeckTracker","Minty Spire (QoL Compilation)","SuperFastMode"],"gold_per_floor":[109,124,124,1,17,17,48,76,76,76,110,80,94,105,105,209,209,219,239,256,256,274,274,306,306,306,306,339,264,264,264],"floor_reached":30,"language":"ENG","playtime":1761,"items_purged":[],"score":333,"play_id":"9ad5ea70-34b3-4382-8452-29971e41be7a","local_time":"20210211155515","is_ascension_mode":false,"campfire_choices":[{"data":"Sucker Punch","floor":6.0,"key":"SMITH"},{"floor":10.0,"key":"REST"},{"floor":15,"key":"REST"},{"floor":23,"key":"REST"},{"floor":25,"key":"RECALL"},{"data":"Terror","floor":27,"key":"SMITH"}],"circlet_count":0,"master_deck":["Strike_G","Strike_G","Defend_G","Defend_G","Defend_G","Defend_G","Defend_G","Survivor","Neutralize","Doppelganger","Reflex","Sucker Punch+1","Footwork","Dramatic Entrance","PiercingWail","Terror+1","Masterful Stab","Footwork","Acrobatics","Quick Slash","Bullet Time+1","Footwork+1","Footwork","Well Laid Plans+1","Blur","Heel Hook"],"relics":["Ring of the Snake","Paper Crane","Odd Mushroom","Art of War","Anchor","Philosopher\u0027s Stone","Incense Burner","Kunai","Red Mask"],"acts_visited":["Exordium","TheCity"],"potions_floor_usage":[16,16,18,20,28,30],"damage_taken":[{"damage":0.0,"enemies":"Small Slimes","floor":1.0,"turns":5.0},{"damage":0.0,"enemies":"2 Louse","floor":2.0,"turns":5.0},{"damage":0.0,"enemies":"Cultist","floor":5.0,"turns":3.0},{"damage":27.0,"enemies":"Lagavulin","floor":7.0,"turns":12.0},{"damage":35.0,"enemies":"The Mushroom Lair","floor":8.0,"turns":7.0},{"damage":8,"enemies":"Gremlin Nob","floor":11,"turns":5},{"damage":0,"enemies":"3 Louse","floor":13,"turns":2},{"damage":0,"enemies":"Red Slaver","floor":14,"turns":3},{"damage":0,"enemies":"Hexaghost","floor":16,"turns":10},{"damage":13,"enemies":"2 Thieves","floor":18,"turns":4},{"damage":16,"enemies":"Spheric Guardian","floor":19,"turns":8},{"damage":26,"enemies":"3 Cultists","floor":20,"turns":9},{"damage":0,"enemies":"Snake Plant","floor":22,"turns":6},{"damage":3,"enemies":"Book of Stabbing","floor":24,"turns":8},{"damage":32,"enemies":"Masked Bandits","floor":28,"turns":8},{"damage":2,"enemies":"Gremlin Leader","floor":30,"turns":2}],"seed_played":"-6643295718192190812","potions_obtained":[{"floor":2.0,"key":"SpeedPotion"},{"floor":12,"key":"SkillPotion"},{"floor":12,"key":"SteroidPotion"},{"floor":13,"key":"Strength Potion"},{"floor":14,"key":"Dexterity Potion"},{"floor":16,"key":"Explosive Potion"},{"floor":24,"key":"Energy Potion"},{"floor":28,"key":"CultistPotion"}],"is_trial":false,"path_per_floor":["M","M","?","$","M","R","E","?","T","R","E","?","M","M","R","B",null,"M","M","M","?","M","R","E","R","T","R","?","?","E"],"character_chosen":"THE_SILENT","items_purchased":["Footwork","Dramatic Entrance"],"campfire_rested":3,"item_purchase_floors":[4,4],"current_hp_per_floor":[70,70,63,63,63,63,36,1,1,22,14,14,14,14,35,35,70,57,41,15,15,15,36,33,33,33,33,1,1,0,0],"gold":264,"neow_bonus":"TRANSFORM_CARD","is_daily":false,"chose_seed":false,"campfire_upgraded":2,"win_rate":0.0,"timestamp":1613055315,"path_taken":["M","M","?","$","M","R","E","?","T","R","E","?","?","M","R","BOSS","M","M","M","?","?","R","E","R","T","R","?","?","E"],"items_purchased_type":["Card","Card"],"build_version":"2020-12-22","purchased_purges":0,"victory":false,"max_hp_per_floor":[70,70,70,70,70,70,70,70,70,70,70,70,70,70,70,70,70,70,70,70,70,70,70,70,70,70,70,70,70,70,70],"card_choices":[{"not_picked":["Prepared","Heel Hook"],"picked":"Reflex","floor":1.0},{"not_picked":["Flying Knee","Distraction"],"picked":"Sucker Punch","floor":2.0},{"not_picked":["Cloak And Dagger","Skewer"],"picked":"PiercingWail","floor":5.0},{"not_picked":["Slice","Bane"],"picked":"Terror","floor":7.0},{"not_picked":["Expertise","Poisoned Stab"],"picked":"Masterful Stab","floor":8.0},{"not_picked":["Quick Slash","Prepared"],"picked":"Footwork","floor":11},{"not_picked":["Blade Dance","Sucker Punch"],"picked":"Acrobatics","floor":13},{"not_picked":["Backflip","Acrobatics"],"picked":"Quick Slash","floor":14},{"not_picked":["Storm of Steel","Malaise"],"picked":"Bullet Time","floor":16},{"not_picked":["Deadly Poison","Escape Plan"],"picked":"Footwork+1","floor":18},{"not_picked":["Endless Agony","PiercingWail+1"],"picked":"Footwork","floor":19},{"not_picked":["Catalyst+1","Prepared"],"picked":"Well Laid Plans+1","floor":20},{"not_picked":["Dagger Spray+1","Leg Sweep"],"picked":"Blur","floor":22},{"not_picked":["Expertise","Infinite Blades","Venomology"],"picked":"SKIP","floor":24},{"not_picked":["Expertise","Poisoned Stab"],"picked":"Heel Hook","floor":28}],"player_experience":605893,"relics_obtained":[{"floor":7.0,"key":"Paper Crane"},{"floor":8.0,"key":"Odd Mushroom"},{"floor":9.0,"key":"Art of War"},{"floor":11,"key":"Anchor"},{"floor":24,"key":"Incense Burner"},{"floor":26,"key":"Kunai"},{"floor":28,"key":"Red Mask"}],"event_choices":[{"cards_removed":["Strike_G"],"damage_healed":0.0,"max_hp_gain":0.0,"max_hp_loss":0.0,"gold_gain":0.0,"event_name":"Golden Wing","player_choice":"Card Removal","floor":3.0,"gold_loss":0.0,"damage_taken":7.0},{"damage_healed":0.0,"max_hp_gain":0.0,"max_hp_loss":0.0,"gold_gain":0.0,"event_name":"Mushrooms","player_choice":"Fought Mushrooms","floor":8.0,"gold_loss":0.0,"damage_taken":0.0},{"damage_healed":0,"gold_gain":0,"player_choice":"Bought 2 Potions","damage_taken":0,"max_hp_gain":0,"max_hp_loss":0,"event_name":"The Woman in Blue","floor":12,"gold_loss":0},{"damage_healed":0,"gold_gain":0,"player_choice":"Upgraded","damage_taken":0,"max_hp_gain":0,"max_hp_loss":0,"event_name":"Upgrade Shrine","floor":21,"gold_loss":0,"cards_upgraded":["Bullet Time"]},{"damage_healed":0,"gold_gain":0,"player_choice":"Fought Bandits","damage_taken":0,"max_hp_gain":0,"max_hp_loss":0,"event_name":"Masked Bandits","floor":28,"gold_loss":0},{"cards_removed":["Strike_G"],"damage_healed":0,"gold_gain":0,"player_choice":"Gave Gold","damage_taken":0,"max_hp_gain":0,"max_hp_loss":0,"event_name":"Beggar","floor":29,"gold_loss":75}],"is_beta":false,"boss_relics":[{"not_picked":["Fusion Hammer","SacredBark"],"picked":"Philosopher\u0027s Stone"}],"items_purged_floors":[],"is_endless":false,"potions_floor_spawned":[2,13,14,16,24,28],"killed_by":"Gremlin Leader","ascension_level":0}}