{"host":"johnydays","time":1613061596,"event":{"mods":["BaseMod","Bestiary","Block Reminder","Colored Map","Colored Powertips","DeckTracker","Highlight Path","Minty Spire (QoL Compilation)","Relic Stats","Slay-I","StSLib","SuperFastMode"],"gold_per_floor":[114,128,201,201,221,256,256,281,281,281,295,311,311,326,326,399,399,411,149,135,145,163,163,182,212,212,247,263,39,39,39],"floor_reached":30,"language":"ENG","playtime":5615,"items_purged":["Strike_G"],"score":511,"play_id":"6e007116-bcdd-4ef3-858f-47953b32876a","local_time":"20210211163956","is_ascension_mode":true,"campfire_choices":[{"data":"Noxious Fumes","floor":7,"key":"SMITH"},{"data":"Predator","floor":10,"key":"SMITH"},{"data":"Footwork","floor":13,"key":"SMITH"},{"floor":15,"key":"REST"},{"floor":23,"key":"REST"}],"circlet_count":0,"master_deck":["AscendersBane","Strike_G","Strike_G","Strike_G","Strike_G","Defend_G","Defend_G","Defend_G","Defend_G","Defend_G","Survivor","Neutralize","Predator+1","Masterful Stab","Poisoned Stab","Noxious Fumes+1","Terror","PiercingWail","Footwork+1","Die Die Die","Backflip","Backflip","Catalyst","Outmaneuver","Dodge and Roll","Blade Dance+1","Masterful Stab","Flash of Steel"],"relics":["Ring of the Snake","NeowsBlessing","Blue Candle","Letter Opener","Pantograph","Runic Pyramid","Frozen Egg 2","Oddly Smooth Stone","HornCleat","Kunai"],"acts_visited":["Exordium","TheCity"],"potions_floor_usage":[16,25],"damage_taken":[{"damage":0,"enemies":"2 Louse","floor":1,"turns":1},{"damage":0,"enemies":"Small Slimes","floor":2,"turns":1},{"damage":0,"enemies":"Cultist","floor":5,"turns":1},{"damage":27,"enemies":"3 Sentries","floor":6,"turns":9},{"damage":22,"enemies":"Lagavulin","floor":8,"turns":7},{"damage":4,"enemies":"Red Slaver","floor":11,"turns":3},{"damage":0,"enemies":"Blue Slaver","floor":12,"turns":2},{"damage":0,"enemies":"3 Louse","floor":14,"turns":3},{"damage":18,"enemies":"Slime Boss","floor":16,"turns":7},{"damage":0,"enemies":"Spheric Guardian","floor":18,"turns":6},{"damage":20,"enemies":"2 Thieves","floor":20,"turns":4},{"damage":0,"enemies":"Snecko","floor":21,"turns":4},{"damage":11,"enemies":"Chosen and Byrds","floor":22,"turns":6},{"damage":14,"enemies":"3 Cultists","floor":24,"turns":5},{"damage":23,"enemies":"Gremlin Leader","floor":25,"turns":8},{"damage":30,"enemies":"Slavers","floor":27,"turns":7},{"damage":9,"enemies":"Centurion and Healer","floor":28,"turns":7},{"damage":13,"enemies":"Shelled Parasite and Fungi","floor":30,"turns":6}],"seed_played":"-5842644157974417123","potions_obtained":[{"floor":2,"key":"Poison Potion"},{"floor":8,"key":"DuplicationPotion"},{"floor":14,"key":"Dexterity Potion"},{"floor":18,"key":"SteroidPotion"},{"floor":21,"key":"FairyPotion"}],"is_trial":false,"path_per_floor":["M","M","?","?","M","E","R","E","T","R","M","M","R","M","R","B",null,"M","$","M","M","M","R","M","E","T","E","M","$","M"],"character_chosen":"THE_SILENT","items_purchased":["Frozen Egg 2","Masterful Stab","Flash of Steel"],"campfire_rested":2,"item_purchase_floors":[19,29,29],"current_hp_per_floor":[59,59,59,64,64,37,37,15,15,15,11,11,11,11,32,39,63,63,63,43,43,32,53,39,16,16,13,4,4,0,0],"gold":39,"neow_bonus":"THREE_ENEMY_KILL","is_daily":false,"chose_seed":false,"campfire_upgraded":3,"win_rate":0.0,"timestamp":1613061596,"path_taken":["M","M","?","?","M","E","R","E","T","R","M","M","R","M","R","BOSS","M","$","M","M","M","R","M","E","T","E","M","$","M"],"items_purchased_type":["Relic","Card","Card"],"build_version":"2020-12-18","purchased_purges":1,"victory":false,"max_hp_per_floor":[66,66,66,71,71,71,71,71,71,71,71,71,71,71,71,71,71,71,71,71,71,71,71,71,71,71,71,71,71,71,71],"relic_stats":{"counters":[18,87],"Blue Candle":[0],"Pantograph":25,"Letter Opener":[130],"Kunai":[3],"obtain_stats":[{"HornCleat":26,"NeowsBlessing":0,"Blue Candle":6,"Pantograph":9,"Oddly Smooth Stone":25,"Letter Opener":8,"Kunai":27,"Frozen Egg 2":19,"Ring of the Snake":0,"Runic Pyramid":17},{"HornCleat":15,"NeowsBlessing":0,"Blue Candle":4,"Pantograph":5,"Oddly Smooth Stone":15,"Letter Opener":5,"Kunai":16,"Frozen Egg 2":10,"Ring of the Snake":0,"Runic Pyramid":9},{"HornCleat":67,"NeowsBlessing":0,"Blue Candle":12,"Pantograph":19,"Oddly Smooth Stone":67,"Letter Opener":19,"Kunai":74,"Frozen Egg 2":40,"Ring of the Snake":0,"Runic Pyramid":34}],"Ring of the Snake":[36]},"card_choices":[{"not_picked":["Bane","Deadly Poison"],"picked":"Predator","floor":1},{"not_picked":["Quick Slash","Dodge and Roll"],"picked":"Masterful Stab","floor":2},{"not_picked":["Eviscerate","Night Terror"],"picked":"Poisoned Stab","floor":5},{"not_picked":["Blade Dance","Glass Knife"],"picked":"Noxious Fumes","floor":6},{"not_picked":["Blade Dance","PiercingWail"],"picked":"Terror","floor":8},{"not_picked":["Underhanded Strike","Dagger Spray"],"picked":"PiercingWail","floor":11},{"not_picked":["Flying Knee","Escape Plan"],"picked":"Footwork","floor":12},{"not_picked":["Deflect","Quick Slash","Prepared"],"picked":"SKIP","floor":14},{"not_picked":["Glass Knife","Grand Finale"],"picked":"Die Die Die","floor":16},{"not_picked":["Dagger Throw","Deadly Poison"],"picked":"Backflip","floor":18},{"not_picked":["Slice","Dagger Spray+1"],"picked":"Backflip","floor":20},{"not_picked":["Outmaneuver","Dagger Spray","Sucker Punch"],"picked":"SKIP","floor":21},{"not_picked":["Endless Agony","Quick Slash","Cloak And Dagger"],"picked":"SKIP","floor":22},{"not_picked":["Distraction+1","Flechettes"],"picked":"Catalyst","floor":24},{"not_picked":["Setup","Well Laid Plans+1"],"picked":"Outmaneuver","floor":25},{"not_picked":["Setup","Bane"],"picked":"Dodge and Roll","floor":27},{"not_picked":["Concentrate","Bouncing Flask"],"picked":"Blade Dance+1","floor":28}],"player_experience":504210,"relics_obtained":[{"floor":6,"key":"Blue Candle"},{"floor":8,"key":"Letter Opener"},{"floor":9,"key":"Pantograph"},{"floor":25,"key":"Oddly Smooth Stone"},{"floor":26,"key":"HornCleat"},{"floor":27,"key":"Kunai"}],"event_choices":[{"damage_healed":0,"gold_gain":73,"player_choice":"Gained Gold","damage_taken":0,"max_hp_gain":0,"max_hp_loss":0,"event_name":"Golden Wing","floor":3,"gold_loss":0},{"damage_healed":0,"gold_gain":0,"player_choice":"Donut","damage_taken":0,"max_hp_gain":5,"max_hp_loss":0,"event_name":"Big Fish","floor":4,"gold_loss":0}],"is_beta":true,"boss_relics":[{"not_picked":["Tiny House","Velvet Choker"],"picked":"Runic Pyramid"}],"items_purged_floors":[29],"is_endless":false,"potions_floor_spawned":[2,8,12,14,18,21,22,24],"killed_by":"Shelled Parasite and Fungi","ascension_level":16}}