{"host":"mmvmlqmvbrlj5jge","time":1613047975,"event":{"mods":["Act Like it!","BaseMod","Dota2Spire","Gensokyo","GifTheSpireLib","Hallownest","Lobotomy","Mari Mod (Legacy)","Mari\u0027s V1 Patch","Minty Spire (QoL Compilation)","MostiFishMod","Pale of the Ancients","Quick Restart","Remilia（蕾米莉亚）","Replay The Spire","RumiaBox-露米娅的神秘盒子","Spicy Shops","StSLib","TestMod","The Bug Knight","noobMod","【功能Mod】混沌之环修复补丁","【遗物卡牌】REMEMod","篝火指南"],"gold_per_floor":[116,136,0,0,16,42,42,52,52,71,71,99,99,116,116,217,217,230,230,247,247,265,290,390,403,403,430,430,395,406,424,424,524,524,536,551,551,563,579,610,629,657,733,595,595,606,606,638,638,638],"floor_reached":51,"language":"ZHS","playtime":2852,"items_purged":["Defend_RM"],"score":1297,"play_id":"68052999-bccb-4da2-baba-7bb58cd44b62","local_time":"20210211205255","is_ascension_mode":true,"campfire_choices":[{"data":"REME_FirmDetermination","floor":7,"key":"SMITH"},{"data":"ScarletShoot","floor":11,"key":"SMITH"},{"data":"RedMoon","floor":13,"key":"SMITH"},{"data":"Strike_RM","floor":15,"key":"SMITH"},{"data":"Strike_RM","floor":28,"key":"SMITH"},{"data":"Defend_RM","floor":32,"key":"SMITH"},{"data":"Master of Strategy","floor":47,"key":"SMITH"},{"data":"TransientEternity","floor":49,"key":"SMITH"}],"circlet_count":0,"master_deck":["REME_FirmDetermination+1","StarOfDavid+1","DiffusionOfMisfortune+1","TransientEternity+1","Maim","ScarletMeister+1","DemonKingCradle+1","BloodyHallows+1","TricksterDevil+1","TricksterDevil+1","Master of Strategy+1"],"relics":["testmod-TestBox","REME_ComplimentaryCards","ice","FeatherPendant","testmod-Nyarlathotep","testmod-CardMagician","SynthV:TestCard","Hallownest:BankAccountRelic","Hallownest:DreamNailRelic","MagicDraw1","Dota2Spire:ArmletOfMordiggian","Astrolabe","DaveBox","MetatronsCube","Matryoshka","Pear","Dota2Spire:MonkeyKingBar","Turnip","testmod-SaigiyounoYou","SecretRecord","Sundial","MagicDraw4","SumBook","Boot"],"acts_visited":["Hallownest:Greenpath","TheCity","TheBeyond"],"potions_floor_usage":[46],"damage_taken":[{"damage":0.0,"enemies":"Hallownest:2_MossCreeps","floor":1.0,"turns":3.0},{"damage":0.0,"enemies":"Hallownest:2_Baldur","floor":2.0,"turns":3.0},{"damage":2.0,"enemies":"Hallownest:monsterHuskWarrior","floor":5.0,"turns":5.0},{"damage":14.0,"enemies":"Hallownest:eliteMossKnight","floor":6.0,"turns":12.0},{"damage":0,"enemies":"Hallownest:Wandering_and_Horned","floor":8,"turns":3},{"damage":7,"enemies":"Hallownest:1_Baldur_1_Crawlid_1_Warrior","floor":10,"turns":6},{"damage":10,"enemies":"Hallownest:eliteVengeflyKing","floor":12,"turns":10},{"damage":0,"enemies":"Hallownest:MossCreep_and_Mosskin","floor":14,"turns":4},{"damage":6,"enemies":"Hallownest:BossFalseKnight","floor":16,"turns":10},{"damage":2,"enemies":"Chosen","floor":18,"turns":4},{"damage":0,"enemies":"2 Thieves","floor":20,"turns":2},{"damage":0,"enemies":"Snecko","floor":22,"turns":2},{"damage":0,"enemies":"Replay:Snechameleon","floor":23,"turns":2},{"damage":0,"enemies":"3 Cultists","floor":25,"turns":5},{"damage":0,"enemies":"HollowMod:Nosk","floor":27,"turns":2},{"damage":0,"enemies":"Shelled Parasite and Fungi","floor":30,"turns":2},{"damage":0,"enemies":"Centurion and Healer","floor":31,"turns":2},{"damage":24,"enemies":"Collector","floor":33,"turns":6},{"damage":0,"enemies":"3 Shapes","floor":35,"turns":3},{"damage":0,"enemies":"Orb Walker","floor":36,"turns":2},{"damage":0,"enemies":"Maw","floor":38,"turns":5},{"damage":0,"enemies":"Writhing Mass","floor":39,"turns":3},{"damage":0,"enemies":"Reptomancer","floor":40,"turns":3},{"damage":0,"enemies":"Jaw Worm Horde","floor":41,"turns":2},{"damage":25,"enemies":"R_Hoarder","floor":42,"turns":3},{"damage":316,"enemies":"Transient","floor":46,"turns":3},{"damage":91,"enemies":"HollowMod:StalkingDevout","floor":48,"turns":2},{"damage":48,"enemies":"Time Eater","floor":50,"turns":7}],"seed_played":"2575439645649532056","potions_obtained":[{"floor":2.0,"key":"testmod-SpacePotion"},{"floor":6.0,"key":"Elixir"},{"floor":14,"key":"Elixir"},{"floor":16,"key":"Cursed Concoction"},{"floor":20,"key":"Swift Potion"},{"floor":46,"key":"REME_GoldPotion"}],"is_trial":false,"path_per_floor":["M","M","?","?","M","E","R","M","T","M","R","E","R","M","R","B",null,"M","?","M","?","M","E","?","M","T","E","R","$","M","M","R","B",null,"M","M","?","M","M","E","M","E","T","$","?","M","R","E","R","B",null],"character_chosen":"REMILIA","items_purchased":["Master of Strategy"],"campfire_rested":0,"item_purchase_floors":[44],"current_hp_per_floor":[69,69,69,69,71,57,57,57,57,58,58,52,52,58,58,75,75,73,73,73,73,75,75,75,75,85,85,85,85,85,85,85,61,79,85,85,85,85,85,85,85,62,62,62,62,14,14,45,45,74],"gold":638,"neow_bonus":"BOSS_RELIC","is_daily":false,"chose_seed":false,"campfire_upgraded":8,"win_rate":0.0,"timestamp":1613047975,"path_taken":["M","M","?","?","?","E","R","M","T","?","R","E","R","M","R","BOSS","M","?","M","?","M","E","?","?","T","E","R","$","M","M","R","BOSS","M","M","?","?","M","E","M","E","T","$","?","?","R","E","R","BOSS"],"items_purchased_type":["Card"],"build_version":"2020-12-22","purchased_purges":1,"victory":true,"max_hp_per_floor":[75,75,75,75,75,75,75,75,75,75,75,75,75,75,75,75,75,75,75,75,75,75,75,75,75,85,85,85,85,85,85,85,85,85,85,85,85,85,85,85,85,85,85,85,85,85,85,87,87,100],"card_choices":[{"not_picked":["Stigmanizer","VampireKiss","MastersStateliness"],"picked":"SKIP","floor":1.0},{"not_picked":["MastersStateliness","BloodHunter","CharismaGuard","GlobalNightmare","BadLadyScramble"],"picked":"SKIP","floor":2.0},{"not_picked":["TricksterDevil","UnstableMagic","SuperhumanBloodyKnife","TwelveNightmare","UnderTheZenith"],"picked":"SKIP","floor":5.0},{"not_picked":["ScarletImprint","StarOfDavid","ScarletDevil","HellCatastrophe","BlasphemousPunishment"],"picked":"SKIP","floor":6.0},{"not_picked":["EndlessAdversity","FitfulNightmare","ScarletImprint","ScarletDevil","AfternoonTea"],"picked":"SKIP","floor":8},{"not_picked":["MastersStateliness","BloodyMagicSquare","FavorOfDestiny","ScarletNetherworld","FitfulNightmare"],"picked":"SKIP","floor":10},{"not_picked":["ForbiddenFruit","ScarletGensokyo","BombardNight","NightLord","ReincarnationDial"],"picked":"SKIP","floor":12},{"not_picked":["Stigmanizer","EndlessAdversity","NightDance","ScarletDevil","SuperhumanBloodyKnife"],"picked":"SKIP","floor":14},{"not_picked":["ScarletImprint","BlasphemousPunishment","MiserableFate","StarOfDavid+1","MastersStateliness"],"picked":"SKIP","floor":18},{"not_picked":["TwelveNightmare","EndlessAdversity+1","RedRainbow","DiffusionOfMisfortune","NightDance"],"picked":"SKIP","floor":20},{"not_picked":["EternalNight+1","UnderTheZenith+1","EndlessAdversity","FavorOfDestiny","StarOfDavid"],"picked":"SKIP","floor":22},{"not_picked":["ScarletNetherworld","DiffusionOfMisfortune","StarOfDavid+1","RedRainbow","UnderTheZenith"],"picked":"SKIP","floor":23},{"not_picked":["EndlessAdversity","FavorOfDestiny","UnderTheZenith","MillenniumVampire+1","Stigmanizer"],"picked":"SKIP","floor":25},{"not_picked":["VampireClaw","FavorOfDestiny","EndlessAdversity","ScarletImprint","BlasphemousPunishment"],"picked":"SKIP","floor":27},{"not_picked":["UnderTheZenith","RedNightlessCastle+1","MastersStateliness","DiffusionOfMisfortune+1","VampireKiss+1"],"picked":"SKIP","floor":30},{"not_picked":["BlasphemousPunishment","DiffusionOfMisfortune","BloodRain","Septette+1","RedRainbow+1"],"picked":"SKIP","floor":31},{"not_picked":["BloodyHallows","HeartBreak","DemonKingCradle","ScarletMeister"],"picked":"TransientEternity","floor":33},{"not_picked":["UnstableMagic+1","EmergencyRegeneration","ScarletDevilSign","FavorOfDestiny","AfternoonTea"],"picked":"SKIP","floor":35},{"not_picked":["ScarletDream","ScarletDevil+1","StarOfDavid","FavorOfDestiny","UnderTheZenith"],"picked":"SKIP","floor":36},{"not_picked":["ScarletDevil","NightDance+1","BloodAndWine+1","BloodyMagicSquare+1","BombardNight"],"picked":"SKIP","floor":38},{"not_picked":["MastersStateliness+1","RedNightlessCastle+1","ForbiddenFruit+1","UnderTheZenith","Stigmanizer"],"picked":"SKIP","floor":39},{"not_picked":["Stigmanizer+1","NightDance+1","MastersStateliness+1","EternalNight+1","VampireSweep"],"picked":"SKIP","floor":40},{"not_picked":["BadLadyScramble","ScarletImprint","QueenOfMidnight","ScarletDevilSign+1","DiffusionOfMisfortune+1"],"picked":"SKIP","floor":41},{"not_picked":["CeilingFear","StarOfDavid+1","UnstableMagic+1","VampireKiss+1","EmergencyRegeneration"],"picked":"SKIP","floor":42},{"not_picked":["RedMagic","ScarletDevil+1","ScarletGensokyo","VampireClaw+1","BloodAndWine"],"picked":"SKIP","floor":46},{"not_picked":["BombardNight+1","VampireFantasy+1","SuperhumanBloodyKnife+1","Stigmanizer+1","ScarletImprint+1"],"picked":"SKIP","floor":48}],"player_experience":133062,"relics_obtained":[{"floor":1.0,"key":"SynthV:TestCard"},{"floor":6.0,"key":"MagicDraw1"},{"floor":12,"key":"Dota2Spire:ArmletOfMordiggian"},{"floor":23,"key":"Matryoshka"},{"floor":26,"key":"Pear"},{"floor":26,"key":"Dota2Spire:MonkeyKingBar"},{"floor":27,"key":"Turnip"},{"floor":40,"key":"SecretRecord"},{"floor":42,"key":"Sundial"},{"floor":43,"key":"MagicDraw4"},{"floor":43,"key":"SumBook"},{"floor":48,"key":"Boot"}],"event_choices":[{"damage_healed":0,"gold_gain":0,"player_choice":"Swap Relic","damage_taken":0,"relics_obtained":["DaveBox"],"max_hp_gain":0,"max_hp_loss":0,"event_name":"给自己的盒子","floor":19,"relics_lost":["DaveBox"],"gold_loss":0},{"cards_removed":["Defend_RM"],"damage_healed":0,"gold_gain":0,"player_choice":"Elegance","damage_taken":0,"max_hp_gain":0,"max_hp_loss":0,"event_name":"Back to Basics","floor":21,"gold_loss":0},{"damage_healed":0,"gold_gain":100,"player_choice":"Pray","damage_taken":0,"max_hp_gain":0,"max_hp_loss":0,"event_name":"Golden Shrine","floor":24,"gold_loss":0},{"damage_healed":0,"gold_gain":0,"cards_transformed":["SuperhumanBloodyKnife"],"player_choice":"Transformed","damage_taken":0,"max_hp_gain":0,"max_hp_loss":0,"event_name":"Transmorgrifier","floor":37,"gold_loss":0,"cards_obtained":["Maim"]},{"damage_healed":0,"gold_gain":0,"player_choice":"0 cards matched","damage_taken":0,"max_hp_gain":0,"max_hp_loss":0,"event_name":"Match and Keep!","floor":45,"gold_loss":0,"cards_obtained":[]}],"is_beta":false,"boss_relics":[{"not_picked":["ChewingGum","testmod-TimeTraveler"],"picked":"Astrolabe"},{"not_picked":["BloodWine","testmod-BatchProcessingSystem"],"picked":"testmod-SaigiyounoYou"}],"items_purged_floors":[29],"is_endless":false,"potions_floor_spawned":[2,6,14,16,20,22,30,33,35,38,41,46],"ascension_level":9}}