{"host":"kp5m5tbwfn2imaek","time":1613065230,"event":{"mods":["AchievementEnabler","BaseMod","Bestiary","Minty Spire (QoL Compilation)","Relic Stats"],"gold_per_floor":[116,22,97,97,117,146,164,164,217,217,243,262,277,293,293,396,396,415,615,459,90,90,90,424,438,438,438,468,481,494,419,419,519,519,531,335,346,360,407,434,434,467,467,484,464,493,43,72,72,72,72,72,72,106,106,106],"floor_reached":55,"language":"ENG","playtime":3557,"items_purged":["Strike_B","Strike_B","Strike_B","Zap"],"score":1518,"play_id":"59e68904-ea3d-4313-8bc6-fc825f40bfef","local_time":"20210211124030","is_ascension_mode":true,"campfire_choices":[{"data":"Doom and Gloom","floor":8,"key":"SMITH"},{"data":"Glacier","floor":10,"key":"SMITH"},{"data":"Defragment","floor":15,"key":"SMITH"},{"data":"Apotheosis","floor":23,"key":"SMITH"},{"data":"Coolheaded","floor":27,"key":"SMITH"},{"floor":32,"key":"REST"},{"floor":41,"key":"REST"},{"floor":49,"key":"RECALL"},{"data":"Capacitor","floor":52,"key":"SMITH"}],"circlet_count":0,"master_deck":["AscendersBane","Defend_B","Defend_B","Defend_B","Defend_B","Dualcast","Coolheaded+1","Capacitor+1","Coolheaded","Glacier+1","Doom and Gloom+1","Lockon","Defragment+1","Skim","Reinforced Body","Electrodynamics","Defragment","Apotheosis+1","Loop","Coolheaded","Multi-Cast","Capacitor"],"relics":["Cracked Core","NeowsBlessing","Blood Vial","Incense Burner","Velvet Choker","Old Coin","Mummified Hand","Anchor","Busted Crown","Turnip","Darkstone Periapt","Pantograph","Bird Faced Urn","Oddly Smooth Stone","Chemical X","Bag of Preparation","Happy Flower","StrikeDummy"],"acts_visited":["Exordium","TheCity","TheBeyond","TheEnding"],"potions_floor_usage":[24,55,55],"damage_taken":[{"damage":0,"enemies":"Jaw Worm","floor":1,"turns":1},{"damage":0,"enemies":"Small Slimes","floor":5,"turns":1},{"damage":0,"enemies":"Gremlin Nob","floor":6,"turns":1},{"damage":0,"enemies":"Cultist","floor":7,"turns":3},{"damage":7,"enemies":"Lagavulin","floor":11,"turns":10},{"damage":0,"enemies":"Blue Slaver","floor":12,"turns":5},{"damage":0,"enemies":"Exordium Thugs","floor":13,"turns":4},{"damage":0,"enemies":"Large Slime","floor":14,"turns":6},{"damage":21,"enemies":"Hexaghost","floor":16,"turns":14},{"damage":1,"enemies":"2 Thieves","floor":18,"turns":4},{"damage":19,"enemies":"Slavers","floor":24,"turns":5},{"damage":2,"enemies":"Spheric Guardian","floor":25,"turns":5},{"damage":13,"enemies":"Book of Stabbing","floor":28,"turns":4},{"damage":0,"enemies":"3 Cultists","floor":29,"turns":3},{"damage":15,"enemies":"Centurion and Healer","floor":30,"turns":9},{"damage":5,"enemies":"Collector","floor":33,"turns":9},{"damage":23,"enemies":"3 Darklings","floor":35,"turns":4},{"damage":12,"enemies":"Orb Walker","floor":37,"turns":4},{"damage":0,"enemies":"4 Shapes","floor":38,"turns":3},{"damage":17,"enemies":"2 Orb Walkers","floor":39,"turns":3},{"damage":5,"enemies":"Nemesis","floor":40,"turns":9},{"damage":0,"enemies":"Reptomancer","floor":42,"turns":10},{"damage":15,"enemies":"Maw","floor":44,"turns":5},{"damage":0,"enemies":"Giant Head","floor":46,"turns":7},{"damage":8,"enemies":"Nemesis","floor":48,"turns":17},{"damage":0,"enemies":"Awakened One","floor":50,"turns":30},{"damage":3,"enemies":"Shield and Spear","floor":54,"turns":6},{"damage":97,"enemies":"The Heart","floor":55,"turns":15}],"seed_played":"-6167786738255758820","potions_obtained":[{"floor":7,"key":"AttackPotion"},{"floor":12,"key":"SkillPotion"},{"floor":13,"key":"Swift Potion"},{"floor":24,"key":"Ancient Potion"},{"floor":46,"key":"Regen Potion"}],"is_trial":false,"path_per_floor":["M","$","?","?","M","E","M","R","T","R","E","M","M","M","R","B",null,"M","?","$","$","?","R","E","M","T","R","E","M","M","?","R","B",null,"M","$","M","M","?","E","R","E","T","M","?","E","$","E","R","B",null,"R","$","E","B"],"character_chosen":"DEFECT","items_purchased":["Capacitor","Coolheaded","Defragment","Apotheosis","Loop","Capacitor","Chemical X","Bag of Preparation"],"campfire_rested":2,"item_purchase_floors":[2,2,20,21,21,36,47,47],"current_hp_per_floor":[68,68,57,75,75,75,75,75,75,75,68,70,72,74,74,54,70,71,71,71,71,71,71,54,54,54,54,43,45,32,32,54,51,69,48,48,38,40,25,22,44,46,46,45,45,59,59,65,65,75,75,75,75,72,0,0],"gold":106,"neow_bonus":"THREE_ENEMY_KILL","is_daily":false,"chose_seed":false,"campfire_upgraded":6,"win_rate":0.0,"timestamp":1613065230,"path_taken":["M","$","?","?","?","E","M","R","T","R","E","M","M","M","R","BOSS","M","?","?","$","?","R","E","M","T","R","E","M","M","?","R","BOSS","M","$","M","M","?","E","R","E","T","M","?","E","$","E","R","BOSS","R","$","E","BOSS"],"items_purchased_type":["Card","Card","Card","Card","Card","Card","Relic","Relic"],"build_version":"2020-12-22","purchased_purges":4,"victory":false,"max_hp_per_floor":[75,75,75,75,75,75,75,75,75,75,75,75,75,75,75,75,75,75,75,75,75,75,75,75,75,75,75,75,75,75,75,75,75,75,75,75,75,75,75,75,75,75,75,75,75,75,75,75,75,75,75,75,75,75,75,75],"relic_stats":{"Blood Vial":39,"Darkstone Periapt":0,"Busted Crown":20,"Happy Flower":[17],"counters":[28,197],"Mummified Hand":[94],"Pantograph":13,"Bird Faced Urn":[39],"Turnip":[5],"Bag of Preparation":[8],"Chemical X":[16],"obtain_stats":[{"Darkstone Periapt":40,"NeowsBlessing":0,"Happy Flower":48,"Velvet Choker":17,"Oddly Smooth Stone":46,"Incense Burner":11,"Bag of Preparation":47,"Old Coin":24,"Blood Vial":6,"Anchor":28,"Busted Crown":34,"Mummified Hand":26,"Pantograph":42,"Bird Faced Urn":43,"Turnip":39,"Chemical X":47,"Cracked Core":0,"StrikeDummy":54},{"Darkstone Periapt":21,"NeowsBlessing":0,"Happy Flower":25,"Velvet Choker":9,"Oddly Smooth Stone":24,"Incense Burner":5,"Bag of Preparation":24,"Old Coin":11,"Blood Vial":3,"Anchor":13,"Busted Crown":16,"Mummified Hand":12,"Pantograph":22,"Bird Faced Urn":22,"Turnip":20,"Chemical X":24,"Cracked Core":0,"StrikeDummy":27},{"Darkstone Periapt":107,"NeowsBlessing":0,"Happy Flower":146,"Velvet Choker":45,"Oddly Smooth Stone":129,"Incense Burner":16,"Bag of Preparation":129,"Old Coin":54,"Blood Vial":3,"Anchor":63,"Busted Crown":84,"Mummified Hand":59,"Pantograph":117,"Bird Faced Urn":117,"Turnip":98,"Chemical X":129,"Cracked Core":0,"StrikeDummy":182}]},"card_choices":[{"not_picked":["Steam","Heatsinks"],"picked":"Coolheaded","floor":1},{"not_picked":["Conserve Battery","Coolheaded"],"picked":"Glacier","floor":5},{"not_picked":["Melter","Sweeping Beam"],"picked":"Doom and Gloom","floor":6},{"not_picked":["Stack","Sweeping Beam"],"picked":"Lockon","floor":7},{"not_picked":["Barrage","Undo"],"picked":"Defragment","floor":11},{"not_picked":["Auto Shields","Tempest"],"picked":"Skim","floor":12},{"not_picked":["Coolheaded","Conserve Battery"],"picked":"Reinforced Body","floor":13},{"not_picked":["Lockon","Gash","Steam"],"picked":"SKIP","floor":14},{"not_picked":["Machine Learning","Hyperbeam"],"picked":"Electrodynamics","floor":16},{"not_picked":["Turbo","Streamline","Double Energy+1"],"picked":"SKIP","floor":18},{"not_picked":["Tempest","Ball Lightning","All For One"],"picked":"SKIP","floor":24},{"not_picked":["Turbo+1","Stack","Cold Snap+1"],"picked":"SKIP","floor":25},{"not_picked":["Stack","Compile Driver+1"],"picked":"Coolheaded","floor":28},{"not_picked":["Ball Lightning+1","Genetic Algorithm","Cold Snap"],"picked":"SKIP","floor":29},{"not_picked":["FTL","Consume","Rip and Tear"],"picked":"SKIP","floor":30},{"not_picked":["Core Surge","Amplify"],"picked":"Multi-Cast","floor":33},{"not_picked":["Cold Snap+1"],"picked":"SKIP","floor":35},{"not_picked":["Rip and Tear+1"],"picked":"SKIP","floor":37},{"not_picked":["Stack"],"picked":"SKIP","floor":38},{"not_picked":["Turbo+1"],"picked":"SKIP","floor":40},{"not_picked":["Doom and Gloom"],"picked":"SKIP","floor":42},{"not_picked":["Barrage"],"picked":"SKIP","floor":44},{"not_picked":["Coolheaded"],"picked":"SKIP","floor":46},{"not_picked":["Skim"],"picked":"SKIP","floor":48},{"not_picked":["Cold Snap"],"picked":"SKIP","floor":54}],"player_experience":716207,"relics_obtained":[{"floor":6,"key":"Blood Vial"},{"floor":11,"key":"Incense Burner"},{"floor":24,"key":"Old Coin"},{"floor":26,"key":"Mummified Hand"},{"floor":28,"key":"Anchor"},{"floor":39,"key":"Turnip"},{"floor":40,"key":"Darkstone Periapt"},{"floor":42,"key":"Pantograph"},{"floor":43,"key":"Bird Faced Urn"},{"floor":46,"key":"Oddly Smooth Stone"},{"floor":48,"key":"Happy Flower"},{"floor":54,"key":"StrikeDummy"}],"event_choices":[{"damage_healed":0,"gold_gain":75,"player_choice":"Gather Gold","damage_taken":11,"max_hp_gain":0,"max_hp_loss":0,"event_name":"World of Goop","floor":3,"gold_loss":0},{"damage_healed":18,"gold_gain":0,"player_choice":"Full Heal","damage_taken":0,"max_hp_gain":0,"max_hp_loss":0,"event_name":"Wheel of Change","floor":4,"gold_loss":0},{"damage_healed":0,"gold_gain":200,"player_choice":"Gold","damage_taken":0,"max_hp_gain":0,"max_hp_loss":0,"event_name":"Wheel of Change","floor":19,"gold_loss":0},{"damage_healed":0,"gold_gain":0,"player_choice":"Ignored","damage_taken":0,"max_hp_gain":0,"max_hp_loss":0,"event_name":"Vampires","floor":22,"gold_loss":0},{"cards_removed":["Strike_B"],"damage_healed":0,"gold_gain":0,"player_choice":"Gave Gold","damage_taken":0,"max_hp_gain":0,"max_hp_loss":0,"event_name":"Beggar","floor":31,"gold_loss":75},{"damage_healed":0,"gold_gain":0,"player_choice":"Fight","damage_taken":0,"max_hp_gain":0,"max_hp_loss":0,"event_name":"Mysterious Sphere","floor":39,"gold_loss":0},{"damage_healed":0,"gold_gain":0,"player_choice":"Bought 1 Potion","damage_taken":0,"max_hp_gain":0,"max_hp_loss":0,"event_name":"The Woman in Blue","floor":45,"gold_loss":0}],"is_beta":false,"boss_relics":[{"not_picked":["Astrolabe","Ectoplasm"],"picked":"Velvet Choker"},{"not_picked":["Pandora\u0027s Box","Snecko Eye"],"picked":"Busted Crown"}],"items_purged_floors":[20,21,36,47],"is_endless":false,"potions_floor_spawned":[7,12,13,16,24,33,37,42,44,46,48],"killed_by":"The Heart","ascension_level":12}}