{"host":"tq99ucv8ezzqzioe","time":1613016755,"event":{"mods":["BaseMod","Colored Map","Downfall","Highlight Path","Minty Spire (QoL Compilation)","StSLib"],"gold_per_floor":[113,133,10,85,85,85,85,85,112,112,123,123,152,165,165,270,270,290,290,309,309,323,323,333,15,15,15,15,41,41,41,41,136,136,155,205,218,25,25,25,25,25],"floor_reached":41,"language":"ENG","playtime":2715,"items_purged":["Strike_B"],"score":567,"play_id":"9e58667c-c8ed-4515-af98-3e2d5b409c79","local_time":"20210210231235","is_ascension_mode":true,"campfire_choices":[{"data":"Zap","floor":6,"key":"SMITH"},{"floor":10,"key":"REST"},{"floor":15,"key":"REST"},{"floor":23,"key":"REST"},{"floor":30,"key":"RECALL"},{"data":"Chaos","floor":32,"key":"SMITH"},{"floor":40,"key":"REST"}],"circlet_count":0,"master_deck":["Defend_B","Defend_B","Defend_B","Defend_B","Zap+1","Static Discharge","Ball Lightning","Doom and Gloom+1","Sunder+1","Conserve Battery","Chaos+1","Multi-Cast","Ball Lightning","Doom and Gloom+1","Shame","Multi-Cast","Buffer+1","Rip and Tear+1","Ball Lightning+1","Chaos+1","Defragment+1","Conserve Battery"],"relics":["Runic Pyramid","Blue Candle","HornCleat","Vajra","Sozu","Nilry\u0027s Codex","Singing Bowl","Shuriken","Peace Pipe","Akabeko","Astrolabe","Dead Branch","Whetstone"],"acts_visited":["Exordium","TheCity","TheBeyond"],"potions_floor_usage":[13,16],"damage_taken":[{"damage":9,"enemies":"Jaw Worm","floor":1,"turns":6},{"damage":3,"enemies":"2 Louse","floor":2,"turns":4},{"damage":3,"enemies":"Small Slimes","floor":11,"turns":3},{"damage":16,"enemies":"3 Sentries","floor":13,"turns":5},{"damage":12,"enemies":"2 Fungi Beasts","floor":14,"turns":3},{"damage":18,"enemies":"The Guardian","floor":16,"turns":10},{"damage":6,"enemies":"3 Byrds","floor":18,"turns":3},{"damage":7,"enemies":"Chosen","floor":20,"turns":3},{"damage":0,"enemies":"Snecko","floor":22,"turns":3},{"damage":0,"enemies":"Centurion and Healer","floor":24,"turns":5},{"damage":7,"enemies":"Gremlin Leader","floor":29,"turns":5},{"damage":74,"enemies":"Champ","floor":33,"turns":8},{"damage":11,"enemies":"Orb Walker","floor":35,"turns":4},{"damage":8,"enemies":"Mind Bloom Boss Battle","floor":36,"turns":6},{"damage":7,"enemies":"3 Shapes","floor":37,"turns":3},{"damage":71,"enemies":"Giant Head","floor":41,"turns":7}],"seed_played":"-2416834691108218967","potions_obtained":[{"floor":1,"key":"Block Potion"},{"floor":2,"key":"sneckomod:MuddlingPotion"},{"floor":14,"key":"FairyPotion"}],"is_trial":false,"path_per_floor":["M","M","$","?","?","R","?","?","T","R","M","?","E","M","R","B",null,"M","?","M","?","M","R","M","$","T","?","?","E","R","?","R","B",null,"M","?","M","$","?","R","E"],"character_chosen":"DEFECT","items_purchased":["Ball Lightning","Doom and Gloom","Singing Bowl","Whetstone","Conserve Battery"],"campfire_rested":4,"item_purchase_floors":[3,3,25,38,38],"current_hp_per_floor":[59,56,56,45,40,40,37,37,37,59,56,56,40,28,50,32,64,58,42,35,35,35,57,57,57,57,57,57,52,52,52,52,23,64,55,49,42,42,42,66,0,0],"gold":25,"neow_bonus":"BOSS_RELIC","is_daily":false,"chose_seed":false,"campfire_upgraded":2,"win_rate":0.0,"timestamp":1613016755,"path_taken":["M","M","$","?","?","R","?","?","T","R","M","?","E","M","R","BOSS","M","?","M","?","M","R","?","$","T","?","?","E","R","?","R","BOSS","M","?","M","$","?","R","E"],"items_purchased_type":["Card","Card","Relic","Relic","Card"],"build_version":"2020-12-22","purchased_purges":1,"victory":false,"max_hp_per_floor":[75,75,75,75,75,75,75,75,75,75,75,75,75,75,75,75,75,75,75,75,75,75,75,75,75,75,75,75,77,77,77,77,77,77,79,81,81,81,81,81,81,81],"card_choices":[{"not_picked":["Aggregate","Conserve Battery"],"picked":"Static Discharge","floor":1},{"not_picked":["Aggregate","Compile Driver","Turbo"],"picked":"SKIP","floor":2},{"not_picked":["Fusion","Compile Driver"],"picked":"Sunder","floor":11},{"not_picked":["Go for the Eyes","Recycle"],"picked":"Conserve Battery","floor":13},{"not_picked":["Beam Cell","Rip and Tear"],"picked":"Chaos","floor":14},{"not_picked":["All For One","Core Surge"],"picked":"Multi-Cast","floor":16},{"not_picked":["Steam+1","Stack"],"picked":"Ball Lightning","floor":18},{"not_picked":["Skim","Hologram","Sweeping Beam+1"],"picked":"SKIP","floor":20},{"not_picked":["Hello World","Ball Lightning"],"picked":"Doom and Gloom+1","floor":22},{"not_picked":["Sweeping Beam","Go for the Eyes"],"picked":"Redo","floor":24},{"not_picked":["Hyperbeam","Hologram","Gash+1"],"picked":"Singing Bowl","floor":29},{"not_picked":["Amplify","Hyperbeam"],"picked":"Buffer","floor":33},{"not_picked":["Hologram","Turbo+1","Steam"],"picked":"Singing Bowl","floor":35},{"not_picked":["Consume+1","Rip and Tear+1","Go for the Eyes+1"],"picked":"Singing Bowl","floor":36},{"not_picked":["Ball Lightning","Turbo+1"],"picked":"Defragment+1","floor":37}],"player_experience":959977,"relics_obtained":[{"floor":13,"key":"Vajra"},{"floor":19,"key":"Nilry\u0027s Codex"},{"floor":26,"key":"Shuriken"},{"floor":29,"key":"Akabeko"},{"floor":36,"key":"Dead Branch"}],"event_choices":[{"damage_healed":0,"gold_gain":75,"player_choice":"Gather Gold","damage_taken":11,"max_hp_gain":0,"max_hp_loss":0,"event_name":"World of Goop","floor":4,"gold_loss":0},{"damage_healed":0,"gold_gain":0,"player_choice":"Success","damage_taken":3,"relics_obtained":["HornCleat"],"max_hp_gain":0,"max_hp_loss":0,"event_name":"Scrap Ooze","floor":7,"gold_loss":0},{"damage_healed":0,"gold_gain":0,"player_choice":"Ignored","damage_taken":0,"max_hp_gain":0,"max_hp_loss":0,"event_name":"Golden Idol","floor":8,"gold_loss":0},{"damage_healed":0,"gold_gain":0,"player_choice":"Ignored","damage_taken":0,"max_hp_gain":0,"max_hp_loss":0,"event_name":"Liars Game","floor":12,"gold_loss":0},{"damage_healed":0,"gold_gain":0,"player_choice":"Obtained Book","damage_taken":16,"max_hp_gain":0,"max_hp_loss":0,"event_name":"Cursed Tome","floor":19,"gold_loss":0},{"cards_removed":["Strike_B"],"damage_healed":0,"gold_gain":0,"player_choice":"Purged","damage_taken":0,"max_hp_gain":0,"max_hp_loss":0,"event_name":"Purifier","floor":21,"gold_loss":0},{"damage_healed":0,"gold_gain":0,"player_choice":"Stole Relic","damage_taken":0,"relics_obtained":["Peace Pipe"],"max_hp_gain":0,"max_hp_loss":0,"event_name":"Addict","floor":27,"gold_loss":0,"cards_obtained":["Shame"]},{"damage_healed":0,"gold_gain":0,"cards_transformed":["Strike_B","Strike_B"],"player_choice":"Became Test Subject","damage_taken":0,"max_hp_gain":0,"max_hp_loss":0,"event_name":"Drug Dealer","floor":31,"gold_loss":0,"cards_obtained":["Multi-Cast","Double Energy"]},{"damage_healed":0,"gold_gain":0,"player_choice":"Fight","damage_taken":0,"max_hp_gain":0,"max_hp_loss":0,"event_name":"MindBloom","floor":36,"gold_loss":0},{"damage_healed":0,"gold_gain":0,"player_choice":"Upgraded","damage_taken":0,"max_hp_gain":0,"max_hp_loss":0,"event_name":"Upgrade Shrine","floor":39,"gold_loss":0,"cards_upgraded":["Buffer"]}],"is_beta":false,"boss_relics":[{"not_picked":["Ectoplasm","Pandora\u0027s Box"],"picked":"Sozu"},{"not_picked":["bronze:MakeshiftBattery","Runic Dome"],"picked":"Astrolabe"}],"items_purged_floors":[25],"is_endless":false,"potions_floor_spawned":[1,2,14,18,20,24,35,36,37],"killed_by":"Giant Head","ascension_level":8}}