{"host":"drl4gs3853zme1q6","time":1613004768,"event":{"mods":["BaseMod","Colored Map","Colored Powertips","Hermit","Hubris","Infinite Spire","Minty Spire (QoL Compilation)","Replay The Spire","StSLib"],"gold_per_floor":[119,132,146,157,157,157,185,199,199,215,290,302,335,346,346,448,448,448,448],"floor_reached":18,"language":"ENG","playtime":910,"items_purged":[],"score":176,"play_id":"f5884c64-6721-4cb6-ae96-e40f76d5a948","local_time":"20210210185248","daily_mods":["Heirloom","Time Dilation"],"is_ascension_mode":false,"campfire_choices":[{"data":"Wallop","floor":6,"key":"SMITH"},{"floor":15,"key":"REST"}],"circlet_count":0,"master_deck":["Strike_P","Strike_P","Strike_P","Strike_P","Defend_P","Defend_P","Defend_P","Defend_P","Eruption","Vigilance","Consecrate+1","BowlingBash","EmptyFist","Wallop+1","ReachHeaven","Prostrate","Judgement","Languid","hubris:Compulsion","Writhe"],"relics":["PureWater","hubris:FunFungus","Bottled Flame","hubris:Spice","Matryoshka","Oddly Smooth Stone","Replay:Ancient Bell","Regal Pillow","hubris:Metronome","TungstenRod"],"acts_visited":["Exordium","TheCity"],"potions_floor_usage":[8,12,13,13],"damage_taken":[{"damage":3,"enemies":"Cultist","floor":1,"turns":5},{"damage":0,"enemies":"Small Slimes","floor":2,"turns":2},{"damage":6,"enemies":"Jaw Worm","floor":3,"turns":2},{"damage":0,"enemies":"Gremlin Gang","floor":4,"turns":2},{"damage":9,"enemies":"Lagavulin","floor":7,"turns":6},{"damage":6,"enemies":"Exordium Wildlife","floor":8,"turns":2},{"damage":0,"enemies":"Blue Slaver","floor":10,"turns":2},{"damage":6,"enemies":"Looter","floor":12,"turns":2},{"damage":12,"enemies":"Gremlin Nob","floor":13,"turns":3},{"damage":8,"enemies":"Exordium Thugs","floor":14,"turns":3},{"damage":34,"enemies":"Hexaghost","floor":16,"turns":12},{"damage":3,"enemies":"Spheric Guardian","floor":18,"turns":2}],"seed_played":"5632447586597538226","potions_obtained":[{"floor":2,"key":"FearPotion"},{"floor":3,"key":"Energy Potion"},{"floor":7,"key":"Venom Potion"},{"floor":12,"key":"Fruit Juice"}],"is_trial":true,"path_per_floor":["M","M","M","M","?","R","E","M","T","M","T","M","E","M","R","B",null,"M"],"character_chosen":"WATCHER","items_purchased":[],"campfire_rested":1,"item_purchase_floors":[],"current_hp_per_floor":[69,69,63,63,63,63,57,51,59,59,59,58,46,38,63,35,85,82,82],"gold":448,"neow_bonus":"","is_daily":false,"chose_seed":false,"campfire_upgraded":1,"win_rate":0.0,"timestamp":1613004768,"path_taken":["M","M","?","M","?","R","E","M","T","M","?","M","E","?","R","BOSS","M"],"items_purchased_type":[],"build_version":"2020-12-22","purchased_purges":0,"victory":false,"max_hp_per_floor":[72,72,72,72,72,72,72,72,80,80,80,85,85,85,85,85,85,85,85],"card_choices":[{"not_picked":["Sanctity","Evaluate"],"picked":"Consecrate","floor":1},{"not_picked":["Replay:ManipulateFuture","Collect"],"picked":"BowlingBash","floor":2},{"not_picked":["InnerPeace","Wallop"],"picked":"EmptyFist","floor":3},{"not_picked":["Pray","ThirdEye"],"picked":"Wallop","floor":4},{"not_picked":["Establishment","Evaluate"],"picked":"ReachHeaven","floor":7},{"not_picked":["Evaluate","Crescendo"],"picked":"Prostrate","floor":8},{"not_picked":["Swivel","Halt","Nirvana"],"picked":"SKIP","floor":10},{"not_picked":["Swivel","ThirdEye","Wireheading"],"picked":"SKIP","floor":12},{"not_picked":["SashWhip","Study","FearNoEvil"],"picked":"SKIP","floor":13},{"not_picked":["Study","Adaptation","JustLucky"],"picked":"SKIP","floor":14},{"not_picked":["Alpha","DeusExMachina"],"picked":"Judgement","floor":16},{"not_picked":["Overencumbered","infinitespire:Pacifist"],"picked":"Languid","floor":17},{"not_picked":["ReplayTheSpireMod:Restless Dread","Looming Evil"],"picked":"hubris:Compulsion","floor":17},{"not_picked":["CommonCold","Sickly"],"picked":"Writhe","floor":17}],"player_experience":337140,"relics_obtained":[{"floor":7,"key":"Bottled Flame"},{"floor":9,"key":"hubris:Spice"},{"floor":11,"key":"Matryoshka"},{"floor":13,"key":"Oddly Smooth Stone"}],"event_choices":[{"damage_healed":0,"gold_gain":0,"player_choice":"Grow","damage_taken":0,"max_hp_gain":0,"max_hp_loss":0,"event_name":"Living Wall","floor":5,"gold_loss":0,"cards_upgraded":["Consecrate"]}],"is_beta":false,"boss_relics":[{"not_picked":["Coffee Dripper","hubris:HollowSoul"],"picked":"Replay:Ancient Bell"},{"not_picked":["hubris:Spice","Grinning Jar"],"picked":"Regal Pillow"},{"not_picked":["hubris:Reverence","hubris:Spice"],"picked":"hubris:Metronome"},{"not_picked":["hubris:Spice","hubris:AstralHammer"],"picked":"TungstenRod"}],"items_purged_floors":[],"is_endless":false,"potions_floor_spawned":[2,3,7,8,12],"killed_by":"Spheric Guardian","ascension_level":0}}