{"host":"sc0o2qwpf9j16a4i","time":1613058197,"event":{"mods":["AchievementEnabler","BaseMod","BetterRewards","Block Reminder","Colored Map","Colored Powertips","Custom Start","Highlight Path","Minty Spire (QoL Compilation)","Relic Stats"],"gold_per_floor":[109,109,130,57,57,90,90,133,133,14,54,54,104,179,179,314,314,347,371,371,16,69,112,161,238,247,287,310,357,389,398,398,521,521,544,553,587,1604,1937,1980,2007,2007,2007],"floor_reached":42,"language":"ENG","playtime":1317,"items_purged":[],"score":1132,"play_id":"f90990b0-cad0-4ef6-b01b-3a091ba2c83c","local_time":"20210211174317","daily_mods":["Insanity","Colorless Cards","Elite Swarm"],"is_ascension_mode":false,"campfire_choices":[{"data":"TalkToTheHand","floor":15.0,"key":"SMITH"},{"data":"Panacea","floor":32,"key":"SMITH"}],"circlet_count":0,"master_deck":["SashWhip","CutThroughFate","SignatureMove","PathToVictory","ForeignInfluence","Crescendo","PathToVictory","TalkToTheHand+1","Panacea+1","Halt","Tantrum","Evaluate","SandsOfTime","ThirdEye","Protect","BowlingBash","BowlingBash","FlyingSleeves","Deep Breath","FlyingSleeves","Halt","FollowUp","Conclude","Evaluate","Dramatic Entrance","Pray","Conclude","Protect","Indignation","FlyingSleeves","Perseverance","Weave","BowlingBash","Pray+1","SashWhip","Consecrate","Pray","FollowUp","SashWhip","FlurryOfBlows","Crescendo","Consecrate","Halt","CrushJoints","JustLucky","Weave","FlurryOfBlows","FlurryOfBlows","Consecrate","CutThroughFate","Injury","Impatience+1","SashWhip","Regret","Ragnarok","SpiritShield","FlurryOfBlows","Evaluate","PathToVictory","Master of Strategy","DevaForm","Wish","BowlingBash+1","FollowUp","Fasting2","Consecrate","Halt","FlyingSleeves","Blasphemy","Crescendo","Devotion","Clumsy","Ragnarok","Deep Breath","SpiritShield","PathToVictory","Shame","EmptyFist","Pain","EmptyFist+1","Normality","Normality","Vault","ThirdEye+1"],"relics":["PureWater","Thread and Needle","Meat on the Bone","Art of War","Potion Belt","Eternal Feather","Incense Burner","CeramicFish","Cursed Key","OrangePellets","Bird Faced Urn","Regal Pillow","PreservedInsect","Bottled Lightning","Bag of Preparation","Singing Bowl","SacredBark","WarpedTongs","Darkstone Periapt"],"acts_visited":["Exordium","TheCity","TheBeyond"],"potions_floor_usage":[28,29,29,33,33,40,40,40],"damage_taken":[{"damage":0.0,"enemies":"Cultist","floor":1.0,"turns":3.0},{"damage":0.0,"enemies":"Small Slimes","floor":3.0,"turns":2.0},{"damage":22.0,"enemies":"Lagavulin","floor":6.0,"turns":5.0},{"damage":0.0,"enemies":"Gremlin Nob","floor":8.0,"turns":2.0},{"damage":0.0,"enemies":"3 Sentries","floor":11.0,"turns":3.0},{"damage":0.0,"enemies":"Gremlin Nob","floor":13.0,"turns":3.0},{"damage":0.0,"enemies":"Slime Boss","floor":16.0,"turns":5.0},{"damage":0.0,"enemies":"3 Byrds","floor":18.0,"turns":3.0},{"damage":2.0,"enemies":"Spheric Guardian","floor":19.0,"turns":4.0},{"damage":6.0,"enemies":"Snake Plant","floor":22.0,"turns":3.0},{"damage":0.0,"enemies":"Gremlin Leader","floor":23.0,"turns":3.0},{"damage":1.0,"enemies":"Snecko","floor":24.0,"turns":4.0},{"damage":2.0,"enemies":"Book of Stabbing","floor":25.0,"turns":5.0},{"damage":0.0,"enemies":"Slavers","floor":27.0,"turns":1.0},{"damage":1,"enemies":"Centurion and Healer","floor":28,"turns":3},{"damage":5,"enemies":"Book of Stabbing","floor":29,"turns":4},{"damage":0,"enemies":"Cultist and Chosen","floor":30,"turns":2},{"damage":0,"enemies":"Collector","floor":33,"turns":3},{"damage":0,"enemies":"3 Shapes","floor":35,"turns":2},{"damage":0,"enemies":"Orb Walker","floor":37,"turns":1},{"damage":13,"enemies":"Reptomancer","floor":40,"turns":5},{"damage":0,"enemies":"Writhing Mass","floor":41,"turns":8},{"damage":65,"enemies":"Nemesis","floor":42,"turns":4}],"seed_played":"-2979196154619108032","potions_obtained":[{"floor":6.0,"key":"Block Potion"},{"floor":13.0,"key":"Explosive Potion"},{"floor":23.0,"key":"LiquidMemories"},{"floor":24.0,"key":"LiquidBronze"},{"floor":25.0,"key":"BottledMiracle"},{"floor":28,"key":"GamblersBrew"},{"floor":29,"key":"Block Potion"},{"floor":30,"key":"SteroidPotion"},{"floor":35,"key":"ColorlessPotion"},{"floor":37,"key":"FearPotion"}],"is_trial":true,"path_per_floor":["M","?","M","$","?","E","?","E","T","$","E","?","E","?","R","B",null,"M","M","?","$","M","E","M","E","T","E","M","E","M","?","R","B",null,"M","?","M","?","?","E","M","E"],"character_chosen":"WATCHER","items_purchased":["SashWhip","ColorlessPotion","FlurryOfBlows","Evaluate","PathToVictory","OrangePellets","Fasting2","Consecrate","Halt","EntropicBrew"],"campfire_rested":0,"item_purchase_floors":[4,4,10,10,10,21,21,21,21,21],"current_hp_per_floor":[72,72,72,72,72,50,32,44,44,44,44,30,42,31,67,67,72,72,70,72,72,66,66,67,67,67,67,68,63,63,63,72,74,74,74,74,74,74,74,61,61,0,0],"gold":2007,"neow_bonus":"","is_daily":false,"chose_seed":false,"campfire_upgraded":2,"win_rate":0.0,"timestamp":1613058197,"path_taken":["M","?","M","$","?","E","?","E","T","$","E","?","E","?","R","BOSS","M","M","?","$","?","E","M","E","T","E","M","E","M","?","R","BOSS","M","?","?","?","?","E","M","E"],"items_purchased_type":["Card","Potion","Card","Card","Card","Relic","Card","Card","Card","Potion"],"build_version":"2020-12-22","purchased_purges":0,"victory":false,"max_hp_per_floor":[72,72,72,72,72,72,72,72,72,72,72,72,72,72,72,72,72,72,72,72,72,72,72,72,72,72,72,72,72,72,72,72,74,74,74,74,74,74,74,74,74,74,74],"relic_stats":{"Darkstone Periapt":0,"Regal Pillow":0,"Singing Bowl":2,"counters":[23,78],"CeramicFish":216,"Eternal Feather":45,"PreservedInsect":186,"Bag of Preparation":[14],"Cursed Key":1,"WarpedTongs":[18],"OrangePellets":[4],"Bird Faced Urn":[8],"Art of War":[2],"obtain_stats":[{"Potion Belt":8,"Darkstone Periapt":40,"Regal Pillow":25,"Singing Bowl":31,"Golden Idol":2,"CeramicFish":13,"SacredBark":34,"Thread and Needle":5,"Eternal Feather":9,"PreservedInsect":26,"Incense Burner":11,"Bag of Preparation":29,"Cursed Key":17,"WarpedTongs":36,"OrangePellets":21,"Bird Faced Urn":23,"Art of War":7,"Bottled Lightning":27,"PureWater":0,"Meat on the Bone":6},{"Potion Belt":4,"Darkstone Periapt":21,"Regal Pillow":13,"Singing Bowl":17,"Golden Idol":1,"CeramicFish":6,"SacredBark":18,"Thread and Needle":2,"Eternal Feather":4,"PreservedInsect":13,"Incense Burner":5,"Bag of Preparation":16,"Cursed Key":7,"WarpedTongs":19,"OrangePellets":9,"Bird Faced Urn":11,"Art of War":3,"Bottled Lightning":14,"PureWater":0,"Meat on the Bone":3},{"Potion Belt":12,"Darkstone Periapt":66,"Regal Pillow":45,"Singing Bowl":55,"Golden Idol":3,"CeramicFish":18,"SacredBark":58,"Thread and Needle":5,"Eternal Feather":12,"PreservedInsect":45,"Incense Burner":15,"Bag of Preparation":53,"Cursed Key":23,"WarpedTongs":60,"OrangePellets":30,"Bird Faced Urn":36,"Art of War":10,"Bottled Lightning":46,"PureWater":0,"Meat on the Bone":10}],"Meat on the Bone":24},"card_choices":[{"not_picked":["Swift Strike","WindmillStrike"],"picked":"CutThroughFate","floor":1.0},{"not_picked":["Study","FlurryOfBlows"],"picked":"Impatience","floor":3.0},{"not_picked":["Master of Strategy","Brilliance"],"picked":"Ragnarok","floor":6.0},{"not_picked":["The Bomb","DeusExMachina"],"picked":"SpiritShield","floor":8.0},{"not_picked":["Devotion","Transmutation"],"picked":"Master of Strategy","floor":11.0},{"not_picked":["Panache","Vault"],"picked":"DevaForm","floor":13.0},{"not_picked":["Judgement","Metamorphosis"],"picked":"Wish","floor":16.0},{"not_picked":["Swivel","Prostrate+1"],"picked":"BowlingBash+1","floor":18.0},{"not_picked":["Forethought","BowlingBash"],"picked":"FollowUp","floor":19.0},{"not_picked":["Indignation","Worship"],"picked":"FlyingSleeves","floor":22.0},{"not_picked":["MasterReality","Vault"],"picked":"Blasphemy","floor":23.0},{"not_picked":["JustLucky","Prostrate+1"],"picked":"Crescendo","floor":24.0},{"not_picked":["DevaForm","HandOfGreed"],"picked":"Devotion","floor":25.0},{"not_picked":["Panache","Establishment"],"picked":"Ragnarok","floor":27},{"not_picked":["FlurryOfBlows","WheelKick"],"picked":"Deep Breath","floor":28},{"not_picked":["Alpha","ConjureBlade"],"picked":"SpiritShield","floor":29},{"not_picked":["CrushJoints","Prostrate"],"picked":"PathToVictory","floor":30},{"not_picked":["MasterReality","Judgement","DevaForm"],"picked":"Singing Bowl","floor":33},{"not_picked":["FlurryOfBlows","EmptyBody"],"picked":"EmptyFist","floor":35},{"not_picked":["Deep Breath+1","SignatureMove"],"picked":"EmptyFist+1","floor":37},{"not_picked":["Transmutation","Secret Weapon"],"picked":"Vault","floor":40},{"not_picked":["Conclude+1","Consecrate"],"picked":"ThirdEye+1","floor":41}],"player_experience":1339534,"relics_obtained":[{"floor":6.0,"key":"Meat on the Bone"},{"floor":8.0,"key":"Potion Belt"},{"floor":9.0,"key":"Eternal Feather"},{"floor":11.0,"key":"Incense Burner"},{"floor":13.0,"key":"CeramicFish"},{"floor":23.0,"key":"Bird Faced Urn"},{"floor":25.0,"key":"Regal Pillow"},{"floor":26.0,"key":"PreservedInsect"},{"floor":27,"key":"Bottled Lightning"},{"floor":29,"key":"Bag of Preparation"},{"floor":40,"key":"Darkstone Periapt"}],"event_choices":[{"damage_healed":0.0,"max_hp_gain":0.0,"max_hp_loss":0.0,"gold_gain":0.0,"event_name":"Golden Idol","player_choice":"Take Wound","floor":2.0,"gold_loss":0.0,"damage_taken":0.0,"relics_obtained":["Golden Idol"],"cards_obtained":["Injury"]},{"damage_healed":0.0,"max_hp_gain":0.0,"max_hp_loss":0.0,"gold_gain":0.0,"event_name":"Big Fish","player_choice":"Box","floor":5.0,"gold_loss":0.0,"damage_taken":0.0,"relics_obtained":["Thread and Needle"],"cards_obtained":["Regret"]},{"damage_healed":0.0,"max_hp_gain":0.0,"max_hp_loss":0.0,"gold_gain":0.0,"event_name":"Scrap Ooze","player_choice":"Success","floor":7.0,"gold_loss":0.0,"damage_taken":18.0,"relics_obtained":["Art of War"]},{"damage_healed":0.0,"max_hp_gain":0.0,"max_hp_loss":0.0,"gold_gain":0.0,"event_name":"Shining Light","player_choice":"Entered Light","floor":12.0,"gold_loss":0.0,"damage_taken":14.0,"cards_upgraded":["Pray","Impatience"]},{"damage_healed":0.0,"max_hp_gain":0.0,"max_hp_loss":0.0,"gold_gain":75.0,"event_name":"World of Goop","player_choice":"Gather Gold","floor":14.0,"gold_loss":0.0,"damage_taken":11.0},{"cards_removed":["WreathOfFlame"],"damage_healed":2.0,"max_hp_gain":0.0,"max_hp_loss":0.0,"gold_gain":0.0,"event_name":"Bonfire Elementals","player_choice":"Offered Uncommon","floor":20.0,"gold_loss":0.0,"damage_taken":0.0},{"damage_healed":0,"gold_gain":0,"player_choice":"Stole Relic","damage_taken":0,"relics_obtained":["Singing Bowl"],"max_hp_gain":0,"max_hp_loss":0,"event_name":"Addict","floor":31,"gold_loss":0,"cards_obtained":["Shame"]},{"damage_healed":0,"gold_gain":0,"player_choice":"Rummage","damage_taken":0,"relics_obtained":["WarpedTongs"],"max_hp_gain":0,"max_hp_loss":0,"event_name":"Accursed Blacksmith","floor":36,"gold_loss":0,"cards_obtained":["Pain"]},{"damage_healed":0,"gold_gain":999,"player_choice":"Gold","damage_taken":0,"max_hp_gain":0,"max_hp_loss":0,"event_name":"MindBloom","floor":38,"gold_loss":0,"cards_obtained":["Normality","Normality"]},{"damage_healed":0,"gold_gain":333,"player_choice":"Gave Idol","damage_taken":0,"max_hp_gain":0,"max_hp_loss":0,"event_name":"The Moai Head","floor":39,"relics_lost":["Golden Idol"],"gold_loss":0}],"is_beta":false,"boss_relics":[{"not_picked":["SlaversCollar","Calling Bell"],"picked":"Cursed Key"},{"not_picked":["Busted Crown","Coffee Dripper"],"picked":"SacredBark"}],"items_purged_floors":[],"is_endless":false,"potions_floor_spawned":[6,13,23,24,25,28,29,30,35,37],"killed_by":"Nemesis","ascension_level":0}}