{"host":"hl3ams4am2ku5u4p","time":1613084452,"event":{"mods":["AchievementEnabler","Act Like it!","Aspiration","BaseMod","Beaked The Cultist","BetterRewards","CatGirl Mod","Colored Map","Colored Powertips","Conspire","Downfall","Energized Spire","Halation","Hallownest","HornydragonMod","Hubris","Infinite Spire","Mad Scientist","Magitek Elite","Minty Spire (QoL Compilation)","READ ME - Guardian Mod","Replay The Spire","Spikes Relics","StSLib","SuperFastMode","The Blackbeard","The Bug Knight","The Construct","The Disciple","The Jungle","The Mystic","The Necromancer","The Senshi"],"gold_per_floor":[109,109,124,49,49,76,76,109,160,160,190,210,210,223,223,323,323,335,354,254,254,254,254,266,266,266,296,296,306,340,354,354,449,449,469,469,484,508,508,508,518,518,518,518,538,550,550,565,565,565],"floor_reached":51,"language":"FRA","playtime":1846,"items_purged":["Strike_R","Strike_R"],"score":1210,"play_id":"74b08455-1a86-4a36-84ca-d462a3733a50","local_time":"20210212000052","is_ascension_mode":true,"campfire_choices":[{"data":"Spot Weakness","floor":7,"key":"SMITH"},{"data":"Immolate","floor":10,"key":"SMITH"},{"data":"Bash","floor":15,"key":"SMITH"},{"data":"Flame Barrier","floor":23,"key":"SMITH"},{"data":"Sword Boomerang","floor":25,"key":"SMITH"},{"data":"Rage","floor":28,"key":"SMITH"},{"data":"Clash","floor":32,"key":"SMITH"},{"data":"Limit Break","floor":40,"key":"SMITH"},{"floor":42,"key":"REST"},{"data":"Demon Form","floor":44,"key":"SMITH"},{"data":"Pot Of Greed","floor":47,"key":"SMITH"},{"floor":49,"key":"REST"}],"circlet_count":0,"master_deck":["Strike_R","Strike_R","Strike_R","Defend_R","Defend_R","Defend_R","Defend_R","Bash+1","Spot Weakness+1","Rage+1","Clash+1","Flame Barrier+1","Seeing Red","Immolate+1","Feed+1","Sword Boomerang+1","Heavy Blade+1","Rupture+1","Pot Of Greed+1","Pot Of Greed","Metallicize+1","Demon Form+1","Limit Break+1"],"relics":["Burning Blood","Vajra","BlackRope","PreservedInsect","hubris:Towel","halation:LettersToHer","Anchor","Pen Nib","King of Hearts","RollingBoulder","Mark of Pain","Happy Flower","Mango","StoneCalendar","Grinning Jar","hubris:ScarierMask","aspiration:EmptySkull","Paper Frog"],"acts_visited":["Exordium","TheCity","TheBeyond"],"potions_floor_usage":[16,16,24,33,33,33,45,48,48,50,50],"damage_taken":[{"damage":1,"enemies":"Hallownest:monsterHuskGuard","floor":1,"turns":4},{"damage":0,"enemies":"Hallownest:2_Tiktiks_and_1_Crawlid","floor":3,"turns":3},{"damage":2,"enemies":"Hallownest:eliteMossKnight","floor":6,"turns":6},{"damage":7,"enemies":"Hallownest:eliteCrystalGuardian","floor":8,"turns":5},{"damage":0,"enemies":"Hallownest:eliteMossKnight","floor":11,"turns":3},{"damage":0,"enemies":"Hallownest:2_MossCreeps","floor":12,"turns":2},{"damage":0,"enemies":"Hallownest:monsterAspidMother","floor":14,"turns":3},{"damage":15,"enemies":"Hallownest:BossBrokenVessel","floor":16,"turns":5},{"damage":0,"enemies":"Shell Parasite","floor":18,"turns":2},{"damage":0,"enemies":"2 Thieves","floor":19,"turns":2},{"damage":0,"enemies":"Cultist and Chosen","floor":24,"turns":3},{"damage":6,"enemies":"Slavers","floor":27,"turns":4},{"damage":8,"enemies":"3 Cultists","floor":29,"turns":4},{"damage":0,"enemies":"conspire:Head Lice","floor":30,"turns":3},{"damage":1,"enemies":"conspire:HollyBat","floor":31,"turns":7},{"damage":69,"enemies":"Collector","floor":33,"turns":8},{"damage":6,"enemies":"3 Darklings","floor":35,"turns":3},{"damage":21,"enemies":"Orb Walker","floor":37,"turns":5},{"damage":41,"enemies":"Maw","floor":41,"turns":8},{"damage":12,"enemies":"Jaw Worm Horde","floor":45,"turns":4},{"damage":10,"enemies":"Sphere and 2 Shapes","floor":46,"turns":4},{"damage":29,"enemies":"Spire Growth","floor":48,"turns":6},{"damage":76,"enemies":"hubris:GrandSnecko","floor":50,"turns":10}],"seed_played":"-7525352800112592611","potions_obtained":[{"floor":3,"key":"bronze:BurnAndBuffPotion"},{"floor":8,"key":"hexamod:SoulburnPotion"},{"floor":12,"key":"Guardian:BlockOnCardUsePotion"},{"floor":16,"key":"BloodPotion"},{"floor":19,"key":"champ:CounterPotion"},{"floor":27,"key":"champ:CounterPotion"},{"floor":31,"key":"Block Potion"},{"floor":41,"key":"EntropicBrew"},{"floor":46,"key":"Energy Potion"},{"floor":48,"key":"Ancient Potion"}],"is_trial":false,"path_per_floor":["M","?","M","$","?","E","R","E","T","R","E","M","?","M","R","B",null,"M","M","$","?","?","R","M","R","T","E","R","M","E","M","R","B",null,"M","?","M","T","?","R","M","R","T","R","M","M","R","M","R","B",null],"character_chosen":"IRONCLAD","items_purchased":["Vajra","BlackRope","Spot Weakness","PreservedInsect","Rage"],"campfire_rested":2,"item_purchase_floors":[0,0,0,0,0],"current_hp_per_floor":[61,61,67,67,58,62,62,61,61,61,67,73,73,79,79,70,80,80,83,83,83,83,83,83,83,97,97,97,95,101,101,101,58,101,101,101,86,86,86,86,55,86,86,86,80,80,80,82,113,43],"gold":565,"neow_bonus":"","is_daily":false,"chose_seed":false,"campfire_upgraded":10,"win_rate":0.0,"timestamp":1613084452,"path_taken":["M","?","M","$","?","E","R","E","T","R","E","M","?","M","R","BOSS","M","M","$","?","?","R","M","R","T","E","R","M","E","?","R","BOSS","M","?","M","?","?","R","M","R","T","R","M","M","R","M","R","BOSS"],"items_purchased_type":["Relic","Relic","Card","Relic","Card"],"build_version":"2020-12-22","purchased_purges":2,"victory":true,"max_hp_per_floor":[80,80,80,80,80,80,80,80,80,80,80,80,80,80,80,80,80,80,83,83,83,83,83,83,83,97,97,97,97,101,101,101,101,101,101,101,101,101,101,101,105,105,105,105,105,109,109,113,113,113],"card_choices":[{"not_picked":["Headbutt","Perfected Strike"],"picked":"Clash","floor":1},{"not_picked":["Warcry","Body Slam"],"picked":"Flame Barrier","floor":3},{"not_picked":["hubris:SharpeningStone","Warcry"],"picked":"Seeing Red","floor":6},{"not_picked":["Shrug It Off","Twin Strike"],"picked":"Immolate","floor":8},{"not_picked":["Abandon","Pommel Strike","ReplayTheSpireMod:Muscle Training"],"picked":"SKIP","floor":11},{"not_picked":["True Grit","Havoc","Clothesline"],"picked":"SKIP","floor":12},{"not_picked":["Barricade","Run Through","Replay:Undeath\u0027s Touch"],"picked":"SKIP","floor":14},{"not_picked":["Bludgeon","Exhume"],"picked":"Feed","floor":16},{"not_picked":["Cleave","Flex","Anger+1"],"picked":"SKIP","floor":18},{"not_picked":["ReplayTheSpireMod:Muscle Training","Anger"],"picked":"Sword Boomerang","floor":19},{"not_picked":["Twin Strike","Wild Strike"],"picked":"Heavy Blade+1","floor":24},{"not_picked":["True Grit","Rampage"],"picked":"Rupture+1","floor":27},{"not_picked":["True Grit+1","Twin Strike+1","Ghostly Armor"],"picked":"SKIP","floor":29},{"not_picked":["Flame Barrier","Pommel Strike+1","Twin Strike"],"picked":"SKIP","floor":30},{"not_picked":["Flame Barrier","Pommel Strike+1","Twin Strike"],"picked":"SKIP","floor":30},{"not_picked":["Sentinel","Reckless Charge+1"],"picked":"Metallicize+1","floor":31},{"not_picked":["Reaper","Immolate"],"picked":"Demon Form","floor":33},{"not_picked":["Flex","hubris:SharpeningStone+1","Cleave"],"picked":"SKIP","floor":35},{"not_picked":["Body Slam+1","Sword Boomerang"],"picked":"Limit Break","floor":37},{"not_picked":["Demon Form","Clash+1","Warcry"],"picked":"SKIP","floor":41},{"not_picked":["Havoc","Pummel","Thunderclap"],"picked":"SKIP","floor":45},{"not_picked":["Pommel Strike+1","Entrench","Whirlwind+1"],"picked":"SKIP","floor":46},{"not_picked":["Run Through+1","Havoc+1","Wild Strike"],"picked":"SKIP","floor":48}],"player_experience":58598,"relics_obtained":[{"floor":6,"key":"halation:LettersToHer"},{"floor":8,"key":"Anchor"},{"floor":9,"key":"Pen Nib"},{"floor":9,"key":"King of Hearts"},{"floor":11,"key":"RollingBoulder"},{"floor":26,"key":"Happy Flower"},{"floor":26,"key":"Mango"},{"floor":27,"key":"StoneCalendar"},{"floor":30,"key":"Grinning Jar"},{"floor":38,"key":"halation:LettersToHer"},{"floor":38,"key":"aspiration:EmptySkull"},{"floor":43,"key":"halation:LettersToHer"},{"floor":43,"key":"Paper Frog"}],"event_choices":[{"damage_healed":0,"gold_gain":0,"player_choice":"Ignored","damage_taken":0,"max_hp_gain":0,"max_hp_loss":0,"event_name":"Vampires","floor":21,"gold_loss":0},{"damage_healed":0,"gold_gain":0,"player_choice":"Upgraded","damage_taken":0,"max_hp_gain":0,"max_hp_loss":0,"event_name":"Upgrade Shrine","floor":22,"gold_loss":0,"cards_upgraded":["Feed"]},{"damage_healed":0,"gold_gain":0,"player_choice":"Ignored","damage_taken":0,"max_hp_gain":0,"max_hp_loss":0,"event_name":"Mysterious Sphere","floor":39,"gold_loss":0}],"is_beta":false,"boss_relics":[{"not_picked":["aspiration:FutureDiary","HailfireSword"],"picked":"Mark of Pain"},{"not_picked":["energizedSpire:DeadBattery","Honey Jar"],"picked":"hubris:ScarierMask"}],"items_purged_floors":[4,20],"is_endless":false,"potions_floor_spawned":[3,8,12,16,19,27,31,41,46,48],"ascension_level":4}}