{"host":"prxrhpgaxnj4om9r","time":1613048758,"event":{"mods":["AchievementEnabler","BaseMod","DeckTracker","Keyboard Shortcuts","Minty Spire (QoL Compilation)"],"gold_per_floor":[114,133,208,208,208,208,240,240,240,271,286,286,386,402,402,503,503,514,525,344,344,357,307,325,6,29,48,48,67,67,78,78,78,78],"floor_reached":33,"language":"KOR","playtime":1598,"items_purged":[],"score":282,"play_id":"463c94e6-c954-46fa-bac3-6e641aea42ca","local_time":"20210211220558","is_ascension_mode":false,"campfire_choices":[{"floor":6,"key":"RECALL"},{"data":"LessonLearned","floor":8,"key":"SMITH"},{"data":"Evaluate","floor":12,"key":"SMITH"},{"data":"SandsOfTime","floor":15,"key":"SMITH"},{"floor":32,"key":"REST"}],"circlet_count":0,"master_deck":["Strike_P","Strike_P","Strike_P","Defend_P+1","Defend_P","Defend_P+1","Eruption+1","Vigilance+1","SandsOfTime+1","Halt","LessonLearned+1","WaveOfTheHand","Evaluate+1","DeceiveReality+1","Vault+1","ForeignInfluence+1","FlurryOfBlows","Prostrate","Wireheading+1","Study","TalkToTheHand","Prostrate+1","WindmillStrike","EmptyBody+1","ConjureBlade","SignatureMove"],"relics":["PureWater","StrikeDummy","Omamori","Eternal Feather","Cursed Key","Regal Pillow","Ornamental Fan","Nilry\u0027s Codex"],"acts_visited":["Exordium","TheCity"],"potions_floor_usage":[1,7,10,14,22,22,33,33],"damage_taken":[{"damage":1,"enemies":"Jaw Worm","floor":1,"turns":3},{"damage":0,"enemies":"Small Slimes","floor":2,"turns":3},{"damage":0,"enemies":"Lagavulin","floor":7,"turns":4},{"damage":18,"enemies":"3 Sentries","floor":10,"turns":6},{"damage":2,"enemies":"2 Louse","floor":11,"turns":2},{"damage":3,"enemies":"Gremlin Gang","floor":14,"turns":3},{"damage":18,"enemies":"Hexaghost","floor":16,"turns":9},{"damage":9,"enemies":"Shell Parasite","floor":18,"turns":6},{"damage":0,"enemies":"Chosen","floor":19,"turns":4},{"damage":0,"enemies":"Snecko","floor":22,"turns":2},{"damage":12,"enemies":"Shelled Parasite and Fungi","floor":24,"turns":4},{"damage":8,"enemies":"Centurion and Healer","floor":27,"turns":5},{"damage":15,"enemies":"Snake Plant","floor":29,"turns":4},{"damage":0,"enemies":"Shelled Parasite and Fungi","floor":31,"turns":5},{"damage":73,"enemies":"Collector","floor":33,"turns":6}],"seed_played":"-5423166558050283791","potions_obtained":[{"floor":0,"key":"SteroidPotion"},{"floor":0,"key":"Ancient Potion"},{"floor":0,"key":"Fire Potion"},{"floor":7,"key":"EssenceOfSteel"},{"floor":10,"key":"Energy Potion"},{"floor":19,"key":"AttackPotion"},{"floor":22,"key":"Fruit Juice"},{"floor":31,"key":"SteroidPotion"}],"is_trial":false,"path_per_floor":["M","M","?","?","?","R","E","R","T","E","M","R","?","M","R","B",null,"M","M","$","?","M","?","M","$","T","M","?","M","$","M","R","B"],"character_chosen":"WATCHER","items_purchased":["Regal Pillow","Prostrate","Ornamental Fan","WindmillStrike"],"campfire_rested":1,"item_purchase_floors":[20,20,25,25],"current_hp_per_floor":[71,71,60,60,60,60,60,60,60,42,40,49,49,46,55,37,72,63,63,63,63,68,68,56,56,56,48,32,17,17,17,70,0,0],"gold":78,"neow_bonus":"THREE_SMALL_POTIONS","is_daily":false,"chose_seed":false,"campfire_upgraded":3,"win_rate":0.0,"timestamp":1613048758,"path_taken":["M","M","?","?","?","R","E","R","T","E","M","R","?","?","R","BOSS","M","M","$","?","M","?","?","?","T","?","?","M","$","M","R","BOSS"],"items_purchased_type":["Relic","Card","Relic","Card"],"build_version":"2020-12-22","purchased_purges":0,"victory":false,"max_hp_per_floor":[72,72,72,72,72,72,72,72,72,72,72,72,72,72,72,72,72,72,72,72,72,77,77,77,77,77,77,77,77,77,77,77,77,77],"card_choices":[{"not_picked":["PathToVictory","Weave"],"picked":"SandsOfTime","floor":1},{"not_picked":["PathToVictory","Crescendo"],"picked":"Halt","floor":2},{"not_picked":["ClearTheMind","CarveReality"],"picked":"LessonLearned","floor":7},{"not_picked":["FlyingSleeves","Crescendo"],"picked":"WaveOfTheHand","floor":10},{"not_picked":["ThirdEye","FollowUp"],"picked":"Evaluate","floor":11},{"not_picked":["LikeWater","Swivel"],"picked":"DeceiveReality","floor":14},{"not_picked":["Alpha","Devotion"],"picked":"Vault","floor":16},{"not_picked":["Evaluate+1","Prostrate"],"picked":"ForeignInfluence+1","floor":18},{"not_picked":["PathToVictory","WaveOfTheHand+1"],"picked":"FlurryOfBlows","floor":19},{"not_picked":["EmptyBody","FollowUp"],"picked":"TalkToTheHand","floor":22},{"not_picked":["Evaluate","JustLucky"],"picked":"Prostrate+1","floor":24},{"not_picked":["Crescendo+1","ClearTheMind+1"],"picked":"EmptyBody+1","floor":27},{"not_picked":["Halt+1","DeceiveReality"],"picked":"ConjureBlade","floor":29},{"not_picked":["Halt+1","InnerPeace"],"picked":"SignatureMove","floor":31}],"player_experience":385598,"relics_obtained":[{"floor":7,"key":"StrikeDummy"},{"floor":9,"key":"Omamori"},{"floor":10,"key":"Eternal Feather"},{"floor":28,"key":"Nilry\u0027s Codex"}],"event_choices":[{"damage_healed":0,"gold_gain":75,"player_choice":"Gather Gold","damage_taken":11,"max_hp_gain":0,"max_hp_loss":0,"event_name":"World of Goop","floor":3,"gold_loss":0},{"damage_healed":0,"gold_gain":0,"player_choice":"Ignored","damage_taken":0,"max_hp_gain":0,"max_hp_loss":0,"event_name":"Liars Game","floor":4,"gold_loss":0},{"damage_healed":0,"gold_gain":0,"player_choice":"Grow","damage_taken":0,"max_hp_gain":0,"max_hp_loss":0,"event_name":"Living Wall","floor":5,"gold_loss":0,"cards_upgraded":["Eruption"]},{"damage_healed":0,"gold_gain":100,"player_choice":"Pray","damage_taken":0,"max_hp_gain":0,"max_hp_loss":0,"event_name":"Golden Shrine","floor":13,"gold_loss":0},{"damage_healed":0,"gold_gain":0,"cards_transformed":["Defend_P","Strike_P"],"player_choice":"Became Test Subject","damage_taken":0,"max_hp_gain":0,"max_hp_loss":0,"event_name":"Drug Dealer","floor":21,"gold_loss":0,"cards_obtained":["Wireheading","Study"]},{"damage_healed":0,"gold_gain":0,"player_choice":"Bet on Owner","damage_taken":0,"max_hp_gain":0,"max_hp_loss":0,"event_name":"The Joust","floor":23,"gold_loss":50},{"damage_healed":0,"gold_gain":0,"player_choice":"Obtained Book","damage_taken":16,"max_hp_gain":0,"max_hp_loss":0,"event_name":"Cursed Tome","floor":28,"gold_loss":0}],"is_beta":false,"boss_relics":[{"not_picked":["Sozu","SlaversCollar"],"picked":"Cursed Key"}],"items_purged_floors":[],"is_endless":false,"potions_floor_spawned":[7,10,19,22,31],"killed_by":"Collector","ascension_level":0}}