{"host":"uai5ebipunriklel","time":1613010163,"event":{"mods":["BaseMod","Downfall","Hermit","Minty Spire (QoL Compilation)","Replay The Spire","StSLib","The Cursed","The Disciple","The Jungle"],"gold_per_floor":[109,209,224,224,224,224,241,255,255,280,280,296,313,313,313,408,458,478,678,694,713,732,732,732,732],"floor_reached":24,"language":"ENG","playtime":2378,"items_purged":[],"score":200,"play_id":"d3e52f3b-fd30-4405-87f7-ecd374018491","local_time":"20210210182243","is_ascension_mode":false,"campfire_choices":[{"data":"hermit:Snipe","floor":6.0,"key":"SMITH"},{"floor":15.0,"key":"REST"},{"floor":23.0,"key":"REST"}],"circlet_count":0,"master_deck":["hermit:Strike_Hermit","hermit:Strike_Hermit","hermit:Strike_Hermit","hermit:Defend_Hermit","hermit:Defend_Hermit","hermit:Defend_Hermit","hermit:Snapshot+1","hermit:Covet","hermit:Desperado","hermit:Snipe+1","Decay","hermit:Virtue","hermit:Maintenance","hermit:TakeCover","hermit:Ricochet","hermit:GoldenBullet","hermit:FlashPowder","hermit:Magnum","hermit:Shortfuse","hermit:Vantage+1","hermit:Malice","hermit:Combo","hermit:Horror"],"relics":["hermit:Momento","NeowsBlessing","Letter Opener","Pantograph","Pen Nib","Tiny House"],"acts_visited":[],"potions_floor_usage":[],"damage_taken":[{"damage":0.0,"enemies":"Small Slimes","floor":1.0,"turns":1.0},{"damage":0.0,"enemies":"Cultist","floor":3.0,"turns":1.0},{"damage":0.0,"enemies":"2 Louse","floor":7.0,"turns":1.0},{"damage":11.0,"enemies":"Red Slaver","floor":8.0,"turns":3.0},{"damage":22.0,"enemies":"3 Sentries","floor":10.0,"turns":7.0},{"damage":10.0,"enemies":"2 Fungi Beasts","floor":12.0,"turns":4.0},{"damage":0.0,"enemies":"3 Louse","floor":13.0,"turns":3.0},{"damage":32.0,"enemies":"Slime Boss","floor":16.0,"turns":12.0},{"damage":15.0,"enemies":"Shell Parasite","floor":18.0,"turns":6.0},{"damage":25.0,"enemies":"2 Thieves","floor":20.0,"turns":4.0},{"damage":13.0,"enemies":"3 Cultists","floor":21.0,"turns":6.0},{"damage":22.0,"enemies":"Snake Plant","floor":22.0,"turns":3.0},{"damage":29,"enemies":"Gremlin Leader","floor":24,"turns":4}],"seed_played":"-8249420531847446427","potions_obtained":[{"floor":3.0,"key":"SteroidPotion"},{"floor":10.0,"key":"BlessingOfTheForge"},{"floor":12.0,"key":"EssenceOfSteel"},{"floor":13.0,"key":"Energy Potion"},{"floor":17.0,"key":"Explosive Potion"}],"is_trial":false,"path_per_floor":["M","?","M","?","?","R","M","M","T","E","?","M","M","?","R","B",null,"M","?","M","M","M","R","E"],"character_chosen":"HERMIT","items_purchased":[],"campfire_rested":2,"item_purchase_floors":[],"current_hp_per_floor":[75,75,75,68,68,68,68,57,57,35,35,25,25,18,40,33,80,65,65,40,27,5,29,0,0],"gold":732,"neow_bonus":"THREE_ENEMY_KILL","is_daily":false,"chose_seed":false,"campfire_upgraded":1,"win_rate":0.0,"timestamp":1613010163,"path_taken":["M","?","?","?","?","R","M","?","T","E","?","?","M","?","R","BOSS","M","?","?","M","M","R","E"],"items_purchased_type":[],"build_version":"2020-12-22","purchased_purges":0,"victory":false,"max_hp_per_floor":[75,75,75,75,75,75,75,75,75,75,75,75,75,75,75,75,80,80,80,80,80,80,80,80,80],"card_choices":[{"not_picked":["hermit:DeadMansHand","hermit:SprayPray"],"picked":"hermit:Desperado","floor":1.0},{"not_picked":["hermit:Dive","hermit:Headshot"],"picked":"hermit:Snipe","floor":3.0},{"not_picked":["hermit:Snipe","hermit:Coalescence"],"picked":"hermit:Virtue","floor":7.0},{"not_picked":["hermit:Desperado","hermit:EyeOfTheStorm"],"picked":"hermit:Maintenance","floor":8.0},{"not_picked":["hermit:Spite","hermit:Virtue"],"picked":"hermit:TakeCover","floor":10.0},{"not_picked":["hermit:CalledShot","hermit:Enervate"],"picked":"hermit:GoldenBullet","floor":12.0},{"not_picked":["hermit:Coalescence","hermit:Cheat"],"picked":"hermit:FlashPowder","floor":13.0},{"not_picked":["hermit:DeadOrAlive","hermit:Adapt"],"picked":"hermit:Magnum","floor":16.0},{"not_picked":["hermit:BodyArmor","hermit:CalledShot"],"picked":"hermit:Shortfuse","floor":17.0},{"not_picked":["hermit:Ricochet","hermit:WideOpen"],"picked":"hermit:Vantage+1","floor":18.0},{"not_picked":["hermit:WideOpen","hermit:Glare"],"picked":"hermit:Malice","floor":20.0},{"not_picked":["hermit:WideOpen","hermit:TrackingShot"],"picked":"hermit:Combo","floor":21.0},{"not_picked":["hermit:ItchyTrigger","hermit:Headshot+1"],"picked":"hermit:Horror","floor":22.0}],"player_experience":240900,"relics_obtained":[{"floor":9.0,"key":"Pantograph"},{"floor":10.0,"key":"Pen Nib"}],"event_choices":[{"damage_healed":0.0,"max_hp_gain":0.0,"max_hp_loss":0.0,"gold_gain":100.0,"event_name":"Golden Shrine","player_choice":"Pray","floor":2.0,"gold_loss":0.0,"damage_taken":0.0},{"damage_healed":0.0,"max_hp_gain":0.0,"max_hp_loss":0.0,"gold_gain":0.0,"event_name":"Scrap Ooze","player_choice":"Success","floor":4.0,"gold_loss":0.0,"damage_taken":7.0,"relics_obtained":["Letter Opener"]},{"damage_healed":0.0,"max_hp_gain":0.0,"max_hp_loss":0.0,"gold_gain":0.0,"event_name":"Wheel of Change","player_choice":"Cursed","floor":5.0,"gold_loss":0.0,"damage_taken":0.0,"cards_obtained":["Decay"]},{"damage_healed":0.0,"max_hp_gain":0.0,"max_hp_loss":0.0,"gold_gain":0.0,"cards_transformed":["hermit:Strike_Hermit"],"event_name":"Transmorgrifier","player_choice":"Transformed","floor":11.0,"gold_loss":0.0,"damage_taken":0.0,"cards_obtained":["hermit:Ricochet"]},{"cards_removed":["hermit:Defend_Hermit"],"damage_healed":0.0,"max_hp_gain":0.0,"max_hp_loss":0.0,"gold_gain":0.0,"event_name":"Golden Wing","player_choice":"Card Removal","floor":14.0,"gold_loss":0.0,"damage_taken":7.0},{"damage_healed":0.0,"max_hp_gain":0.0,"max_hp_loss":0.0,"gold_gain":200.0,"event_name":"Wheel of Change","player_choice":"Gold","floor":19.0,"gold_loss":0.0,"damage_taken":0.0}],"is_beta":false,"boss_relics":[{"not_picked":["Empty Cage","Pandora\u0027s Box"],"picked":"Tiny House"}],"items_purged_floors":[],"is_endless":false,"potions_floor_spawned":[3,10,12,13],"killed_by":"Gremlin Leader","ascension_level":0}}