{"host":"h4lp0eeso8a0ssq0","time":1613070869,"event":{"mods":["2.2 Compatiblity","AchievementEnabler","BaseMod","CapriCore","Colored Map","Minty Spire (QoL Compilation)","StSLib","SuperFastMode"],"gold_per_floor":[360,378,79,79,92,120,120,146,146,174,191,116,116,116,116,116,116],"floor_reached":16,"language":"KOR","playtime":415,"items_purged":["Strike_G"],"score":236,"play_id":"84ad56e7-3537-4274-b72b-ccd56b391b2e","local_time":"20210212041429","is_ascension_mode":true,"campfire_choices":[{"floor":7.0,"key":"REST"},{"data":"Accuracy","floor":15.0,"key":"SMITH"}],"circlet_count":0,"master_deck":["AscendersBane","Strike_G","Strike_G","Strike_G","Defend_G","Defend_G","Defend_G","Defend_G","Defend_G","Survivor","Neutralize","Blade Dance","Cloak And Dagger","Accuracy+1","Blade Dance","Dagger Throw","Quick Slash","PiercingWail","Deflect","Blur","Cloak And Dagger","Tactician"],"relics":["Ring of the Snake","Ancient Tea Set","Paper Crane","Blood Vial","Pocketwatch","Peace Pipe"],"acts_visited":["Exordium"],"potions_floor_usage":[],"damage_taken":[{"damage":1.0,"enemies":"2 Louse","floor":1.0,"turns":4.0},{"damage":2.0,"enemies":"Jaw Worm","floor":2.0,"turns":4.0},{"damage":0.0,"enemies":"Small Slimes","floor":5.0,"turns":2.0},{"damage":8.0,"enemies":"Gremlin Nob","floor":6.0,"turns":3.0},{"damage":29.0,"enemies":"Lagavulin","floor":8.0,"turns":6.0},{"damage":1.0,"enemies":"3 Sentries","floor":10.0,"turns":7.0},{"damage":3.0,"enemies":"Blue Slaver","floor":11.0,"turns":5.0},{"damage":16,"enemies":"Hexaghost","floor":16,"turns":9}],"seed_played":"-4804768257615084012","potions_obtained":[{"floor":1.0,"key":"Fire Potion"},{"floor":5.0,"key":"EssenceOfSteel"}],"is_trial":false,"path_per_floor":["M","M","$","?","M","E","R","E","T","E","M","?","?","T","R","B"],"character_chosen":"THE_SILENT","items_purchased":["Accuracy","Blade Dance","Dagger Throw","Quick Slash"],"campfire_rested":1,"item_purchase_floors":[3,3,3,3],"current_hp_per_floor":[43,41,41,36,36,28,47,18,18,19,18,18,18,18,18,4,4],"gold":116,"neow_bonus":"TWO_FIFTY_GOLD","is_daily":false,"chose_seed":false,"campfire_upgraded":1,"win_rate":0.0,"timestamp":1613070869,"path_taken":["M","M","$","?","M","E","R","E","T","E","M","?","?","?","R","BOSS"],"items_purchased_type":["Card","Card","Card","Card"],"build_version":"2020-12-22","purchased_purges":1,"victory":false,"max_hp_per_floor":[66,66,66,66,66,66,66,66,66,66,66,66,66,66,66,66,66],"card_choices":[{"not_picked":["Distraction","Concentrate"],"picked":"Blade Dance","floor":1.0},{"not_picked":["Prepared","Dodge and Roll"],"picked":"Cloak And Dagger","floor":2.0},{"not_picked":["Flying Knee","Blur"],"picked":"PiercingWail","floor":5.0},{"not_picked":["Underhanded Strike","Outmaneuver"],"picked":"Deflect","floor":6.0},{"not_picked":["Footwork","Sucker Punch"],"picked":"Blur","floor":8.0},{"not_picked":["Skewer","Venomology"],"picked":"Cloak And Dagger","floor":10.0},{"not_picked":["Poisoned Stab","Dodge and Roll","Tactician"],"picked":"SKIP","floor":11.0},{"not_picked":["Poisoned Stab","Dodge and Roll"],"picked":"Tactician","floor":11.0}],"player_experience":224795,"relics_obtained":[{"floor":8.0,"key":"Paper Crane"},{"floor":9.0,"key":"Blood Vial"},{"floor":10.0,"key":"Pocketwatch"},{"floor":14.0,"key":"Peace Pipe"}],"event_choices":[{"damage_healed":0.0,"max_hp_gain":0.0,"max_hp_loss":0.0,"gold_gain":0.0,"event_name":"Scrap Ooze","player_choice":"Success","floor":4.0,"gold_loss":0.0,"damage_taken":5.0,"relics_obtained":["Ancient Tea Set"]},{"cards_removed":["Strike_G"],"damage_healed":0.0,"max_hp_gain":0.0,"max_hp_loss":0.0,"gold_gain":0.0,"event_name":"The Cleric","player_choice":"Card Removal","floor":12.0,"gold_loss":75.0,"damage_taken":0.0},{"damage_healed":0.0,"max_hp_gain":0.0,"max_hp_loss":0.0,"gold_gain":0.0,"event_name":"Liars Game","player_choice":"Ignored","floor":13.0,"gold_loss":0.0,"damage_taken":0.0}],"is_beta":false,"boss_relics":[],"items_purged_floors":[3],"is_endless":false,"potions_floor_spawned":[1,5],"killed_by":"Hexaghost","ascension_level":20}}