{"host":"yqw1zpryoutrnocq","time":1613069009,"event":{"mods":["2.2 Compatiblity","AchievementEnabler","BaseMod","Colored Map","Custom Start","DeckTracker","Minty Spire (QoL Compilation)","StSLib","SuperFastMode"],"gold_per_floor":[115,126,126,146,146,171,171,205,205,224,238,238,248,523,523,523,523],"floor_reached":16,"language":"KOR","playtime":475,"items_purged":[],"score":168,"play_id":"c55d59f7-4418-4371-bbdd-d90635cdb503","local_time":"20210211124329","is_ascension_mode":true,"campfire_choices":[{"data":"Dash","floor":7,"key":"SMITH"},{"data":"Concentrate","floor":12,"key":"SMITH"},{"data":"Neutralize","floor":15,"key":"SMITH"}],"circlet_count":0,"master_deck":["AscendersBane","Strike_G","Strike_G","Strike_G","Strike_G","Defend_G","Defend_G","Defend_G","Defend_G","Defend_G","Survivor","Neutralize+1","Dash+1","Underhanded Strike","PiercingWail","Dagger Spray","Concentrate+1","Leg Sweep","Dagger Spray","Regret"],"relics":["Snecko Eye","Pantograph","Bottled Lightning","Ninja Scroll"],"acts_visited":["Exordium"],"potions_floor_usage":[8,16],"damage_taken":[{"damage":15,"enemies":"Jaw Worm","floor":1,"turns":5},{"damage":0,"enemies":"Cultist","floor":2,"turns":4},{"damage":7,"enemies":"Small Slimes","floor":4,"turns":4},{"damage":5,"enemies":"3 Sentries","floor":6,"turns":9},{"damage":10,"enemies":"Lagavulin","floor":8,"turns":6},{"damage":6,"enemies":"Looter","floor":10,"turns":3},{"damage":0,"enemies":"2 Fungi Beasts","floor":11,"turns":3},{"damage":0,"enemies":"Large Slime","floor":13,"turns":5},{"damage":42,"enemies":"Slime Boss","floor":16,"turns":10}],"seed_played":"-5191739346926839993","potions_obtained":[{"floor":4,"key":"DuplicationPotion"},{"floor":6,"key":"EssenceOfSteel"},{"floor":13,"key":"SpeedPotion"}],"is_trial":false,"path_per_floor":["M","M","$","M","?","E","R","E","T","M","M","R","M","?","R","B"],"character_chosen":"THE_SILENT","items_purchased":[],"campfire_rested":0,"item_purchase_floors":[],"current_hp_per_floor":[48,48,48,41,34,29,29,19,19,13,13,13,13,13,13,0,0],"gold":523,"neow_bonus":"BOSS_RELIC","is_daily":false,"chose_seed":false,"campfire_upgraded":3,"win_rate":0.0,"timestamp":1613069009,"path_taken":["M","M","$","M","?","E","R","E","T","M","M","R","M","?","R","BOSS"],"items_purchased_type":[],"build_version":"2020-12-22","purchased_purges":0,"victory":false,"max_hp_per_floor":[70,70,70,70,70,70,70,70,70,70,70,70,70,70,70,70,70],"card_choices":[{"not_picked":["Blade Dance","Prepared"],"picked":"Dash","floor":1},{"not_picked":["Noxious Fumes","Blade Dance"],"picked":"Underhanded Strike","floor":2},{"not_picked":["Skewer","Setup","Terror"],"picked":"SKIP","floor":4},{"not_picked":["Grand Finale","Dodge and Roll"],"picked":"PiercingWail","floor":6},{"not_picked":["Dodge and Roll","Blade Dance"],"picked":"Dagger Spray","floor":8},{"not_picked":["Outmaneuver","Dagger Throw"],"picked":"Concentrate","floor":10},{"not_picked":["Accuracy","Dagger Spray"],"picked":"Leg Sweep","floor":11},{"not_picked":["All Out Attack","Quick Slash"],"picked":"Dagger Spray","floor":13}],"player_experience":330411,"relics_obtained":[{"floor":6,"key":"Pantograph"},{"floor":8,"key":"Bottled Lightning"},{"floor":9,"key":"Ninja Scroll"}],"event_choices":[{"cards_removed":["Strike_G"],"damage_healed":0,"gold_gain":0,"player_choice":"Card Removal","damage_taken":7,"max_hp_gain":0,"max_hp_loss":0,"event_name":"Golden Wing","floor":5,"gold_loss":0},{"damage_healed":0,"gold_gain":275,"player_choice":"Desecrate","damage_taken":0,"max_hp_gain":0,"max_hp_loss":0,"event_name":"Golden Shrine","floor":14,"gold_loss":0,"cards_obtained":["Regret"]}],"is_beta":false,"boss_relics":[],"items_purged_floors":[],"is_endless":false,"potions_floor_spawned":[4,6,13],"killed_by":"Slime Boss","ascension_level":10}}