{"host":"pgm1p3lvdjflie30","time":1613014982,"event":{"mods":["AchievementEnabler","Alarm Clock","Aspiration","BaseMod","Challenge The Spire","Colored Map","Colored Powertips","Dark Map","Energized Spire","Hermit","HornydragonMod","Minty Spire (QoL Compilation)","Quarter Circle Forward PUNCH!","Quick Restart","Relic Stats","Robot Space Explorer","Spicy Shops","StSLib","The Blackbeard","The IronCluck","Waifu the Spire","【功能Mod】混沌之?修复?丁","篝火指南"],"gold_per_floor":[115,290,290,117,136,136,158,168,168,168,179,199,218,228,228,326,326,339,354,354,368,381,381,395,395,395],"floor_reached":25,"language":"ZHS","playtime":1422,"items_purged":[],"score":199,"play_id":"bbf97427-f79c-49c8-ae49-a1f57fa4c9c8","local_time":"20210211114302","is_ascension_mode":false,"campfire_choices":[{"data":"aspiration:Lunge","floor":6.0,"key":"SMITH"},{"data":"Bouncing Flask","floor":15,"key":"SMITH"},{"data":"aspiration:Lunge","floor":23,"key":"SMITH"}],"circlet_count":0,"master_deck":["Strike_G","Strike_G","Strike_G","Strike_G","Strike_G","Defend_G","Defend_G","Defend_G","Defend_G","Defend_G","Survivor","Neutralize","Bane","aspiration:Lunge+1","Jack Of All Trades","Dagger Throw","Poisoned Stab","Tools of the Trade","Catalyst","Deadly Poison","PiercingWail","Bouncing Flask+1","aspiration:Lunge+1","Deadly Poison+1","Dagger Spray","aspiration:Lunge+1","Bane+1","Bouncing Flask","Flying Knee"],"relics":["Ring of the Snake"],"acts_visited":["Exordium","TheCity"],"potions_floor_usage":[11,11,18,21,22,22,25],"damage_taken":[{"damage":0.0,"enemies":"Small Slimes","floor":1.0,"turns":4.0},{"damage":3.0,"enemies":"Jaw Worm","floor":5.0,"turns":2.0},{"damage":0.0,"enemies":"The Mushroom Lair","floor":7.0,"turns":1.0},{"damage":0.0,"enemies":"2 Louse","floor":8.0,"turns":1.0},{"damage":7,"enemies":"Exordium Thugs","floor":11,"turns":2},{"damage":10,"enemies":"Looter","floor":12,"turns":3},{"damage":9,"enemies":"Red Slaver","floor":13,"turns":2},{"damage":1,"enemies":"Gremlin Gang","floor":14,"turns":2},{"damage":37,"enemies":"Hexaghost","floor":16,"turns":7},{"damage":15,"enemies":"2 Thieves","floor":18,"turns":2},{"damage":2,"enemies":"Chosen","floor":19,"turns":4},{"damage":8,"enemies":"Snake Plant","floor":21,"turns":2},{"damage":3,"enemies":"Shelled Parasite and Fungi","floor":22,"turns":4},{"damage":13,"enemies":"Chosen and Byrds","floor":24,"turns":3},{"damage":45,"enemies":"Centurion and Healer","floor":25,"turns":5}],"seed_played":"-5197326116065204275","potions_obtained":[{"floor":5.0,"key":"Poison Potion"},{"floor":7.0,"key":"Weak Potion"},{"floor":10.0,"key":"Fruit Juice"},{"floor":10.0,"key":"GhostInAJar"},{"floor":13,"key":"PowerPotion"},{"floor":16,"key":"SkillPotion"},{"floor":18,"key":"DistilledChaos"},{"floor":21,"key":"AttackPotion"}],"is_trial":false,"path_per_floor":["M","?","?","$","M","R","?","M","T","?","M","M","M","M","R","B",null,"M","M","?","M","M","R","M","M"],"character_chosen":"THE_SILENT","items_purchased":["aspiration:Lunge","Jack Of All Trades"],"campfire_rested":0,"item_purchase_floors":[4,4],"current_hp_per_floor":[77,77,77,77,74,74,74,74,74,79,72,62,53,52,52,15,82,67,65,65,57,54,54,41,0,0],"gold":395,"neow_bonus":"TEN_PERCENT_HP_BONUS","is_daily":false,"chose_seed":false,"campfire_upgraded":3,"win_rate":0.0,"timestamp":1613014982,"path_taken":["M","?","?","?","?","R","?","M","T","?","M","M","M","?","R","BOSS","M","M","?","?","M","R","?","M"],"items_purchased_type":["Card","Card"],"build_version":"2020-12-22","purchased_purges":0,"victory":false,"max_hp_per_floor":[77,77,77,77,77,77,77,77,77,82,82,82,82,82,82,82,82,82,82,82,82,82,82,82,82,82],"relic_stats":{"counters":[15,44],"obtain_stats":[{"Ring of the Snake":0},{"Ring of the Snake":0},{"Ring of the Snake":0}],"Ring of the Snake":[30]},"card_choices":[{"not_picked":["Dagger Throw","Tactician"],"picked":"Bane","floor":1.0},{"not_picked":["Reflex","Distraction"],"picked":"Dagger Throw","floor":5.0},{"not_picked":["Predator","Deflect"],"picked":"Poisoned Stab","floor":7.0},{"not_picked":["Tactician","Sucker Punch"],"picked":"Tools of the Trade","floor":8.0},{"not_picked":["Setup","Riddle With Holes"],"picked":"Catalyst","floor":11},{"not_picked":["Deflect","Well Laid Plans"],"picked":"Deadly Poison","floor":12},{"not_picked":["Leg Sweep","Dash"],"picked":"PiercingWail","floor":13},{"not_picked":["Leg Sweep","Slice"],"picked":"Bouncing Flask","floor":14},{"not_picked":["A Thousand Cuts","Storm of Steel"],"picked":"aspiration:Lunge","floor":16},{"not_picked":["Prepared","Dagger Spray"],"picked":"Deadly Poison+1","floor":18},{"not_picked":["Escape Plan+1","Deflect"],"picked":"Dagger Spray","floor":19},{"not_picked":["Finisher","Outmaneuver"],"picked":"Bane+1","floor":21},{"not_picked":["Dodge and Roll","Prepared"],"picked":"Bouncing Flask","floor":22},{"not_picked":["Distraction","Escape Plan"],"picked":"Flying Knee","floor":24}],"player_experience":385781,"relics_obtained":[],"event_choices":[{"damage_healed":0.0,"max_hp_gain":0.0,"max_hp_loss":0.0,"gold_gain":175.0,"event_name":"Liars Game","player_choice":"AGREE","floor":2.0,"gold_loss":0.0,"damage_taken":0.0,"cards_obtained":["Doubt"]},{"cards_removed":["Doubt"],"damage_healed":0.0,"max_hp_gain":0.0,"max_hp_loss":0.0,"gold_gain":0.0,"event_name":"Living Wall","player_choice":"Forget","floor":3.0,"gold_loss":0.0,"damage_taken":0.0},{"damage_healed":0.0,"max_hp_gain":0.0,"max_hp_loss":0.0,"gold_gain":0.0,"event_name":"Mushrooms","player_choice":"Fought Mushrooms","floor":7.0,"gold_loss":0.0,"damage_taken":0.0},{"damage_healed":0.0,"max_hp_gain":0.0,"max_hp_loss":0.0,"gold_gain":0.0,"event_name":"Lab","player_choice":"Got Potions","floor":10.0,"gold_loss":0.0,"damage_taken":0.0},{"damage_healed":0,"gold_gain":0,"player_choice":"Copied","damage_taken":0,"max_hp_gain":0,"max_hp_loss":0,"event_name":"Duplicator","floor":20,"gold_loss":0,"cards_obtained":["aspiration:Lunge"]}],"is_beta":false,"boss_relics":[{"not_picked":["Pandora\u0027s Box","Black Star","Velvet Choker"]}],"items_purged_floors":[],"is_endless":false,"potions_floor_spawned":[5,7,13,16,18,21],"killed_by":"Centurion and Healer","ascension_level":0}}