{"host":"m0bekkrd201b63ug","time":1613074575,"event":{"mods":["AchievementEnabler","BaseMod","Colored Powertips","Highlight Path","Minty Spire (QoL Compilation)","Rare Cards Sparkle","StSLib","SuperFastMode","everything is the same but u backflip on backflip","slay the spire mod where everything is the same but ironclad has a cowboy hat"],"gold_per_floor":[111,111,37,54,70,70,70,70,93,113,113,92,142,154,154,154,154],"floor_reached":16,"language":"ENG","playtime":400,"items_purged":[],"score":179,"play_id":"627f5f84-c448-4e89-b428-d5d27a462e8f","local_time":"20210211181615","is_ascension_mode":true,"campfire_choices":[{"data":"Accuracy","floor":6.0,"key":"SMITH"},{"data":"Dagger Spray","floor":11.0,"key":"SMITH"},{"data":"Footwork","floor":15.0,"key":"SMITH"}],"circlet_count":0,"master_deck":["AscendersBane","Strike_G","Strike_G","Strike_G","Strike_G","Strike_G","Defend_G","Defend_G","Defend_G","Defend_G","Defend_G","Survivor","Neutralize","Footwork+1","Accuracy+1","Escape Plan","Dagger Spray+1","Die Die Die"],"relics":["Ring of the Snake","NeowsBlessing","Bag of Preparation"],"acts_visited":["Exordium"],"potions_floor_usage":[16,16],"damage_taken":[{"damage":0.0,"enemies":"Small Slimes","floor":1.0,"turns":1.0},{"damage":0.0,"enemies":"Cultist","floor":4.0,"turns":1.0},{"damage":0.0,"enemies":"2 Louse","floor":5.0,"turns":1.0},{"damage":0.0,"enemies":"Gremlin Gang","floor":7.0,"turns":1.0},{"damage":3.0,"enemies":"3 Louse","floor":10.0,"turns":6.0},{"damage":15.0,"enemies":"Exordium Thugs","floor":12.0,"turns":4.0},{"damage":8.0,"enemies":"Looter","floor":14.0,"turns":3.0},{"damage":61,"enemies":"The Guardian","floor":16,"turns":17}],"seed_played":"1833420238366739000","potions_obtained":[{"floor":1.0,"key":"SmokeBomb"},{"floor":10.0,"key":"ColorlessPotion"},{"floor":14.0,"key":"PowerPotion"}],"is_trial":false,"path_per_floor":["M","?","$","M","M","R","M","$","T","M","R","M","?","M","R","B"],"character_chosen":"THE_SILENT","items_purchased":["Accuracy"],"campfire_rested":0,"item_purchase_floors":[3],"current_hp_per_floor":[59,55,55,55,55,55,55,55,55,52,52,37,37,29,29,0,0],"gold":154,"neow_bonus":"THREE_ENEMY_KILL","is_daily":false,"chose_seed":false,"campfire_upgraded":3,"win_rate":0.0,"timestamp":1613074575,"path_taken":["M","?","$","?","?","R","M","$","T","M","R","M","?","M","R","BOSS"],"items_purchased_type":["Card"],"build_version":"2020-12-22","purchased_purges":0,"victory":false,"max_hp_per_floor":[66,66,66,66,66,66,66,66,66,66,66,66,66,66,66,66,66],"card_choices":[{"not_picked":["Underhanded Strike","Leg Sweep"],"picked":"Footwork","floor":1.0},{"not_picked":["Endless Agony","Bane","Slice"],"picked":"SKIP","floor":4.0},{"not_picked":["Slice","Finisher"],"picked":"Escape Plan","floor":5.0},{"not_picked":["Prepared","Outmaneuver"],"picked":"Dagger Spray","floor":10.0},{"not_picked":["Dagger Spray","Acrobatics"],"picked":"Die Die Die","floor":12.0},{"not_picked":["Dodge and Roll","Setup","Deadly Poison"],"picked":"SKIP","floor":14.0}],"player_experience":244741,"relics_obtained":[{"floor":9.0,"key":"Bag of Preparation"}],"event_choices":[{"damage_healed":0.0,"max_hp_gain":0.0,"max_hp_loss":0.0,"gold_gain":0.0,"event_name":"The Woman in Blue","player_choice":"Bought 0 Potions","floor":2.0,"gold_loss":0.0,"damage_taken":0.0},{"damage_healed":0.0,"max_hp_gain":0.0,"max_hp_loss":0.0,"gold_gain":50.0,"event_name":"Golden Shrine","player_choice":"Pray","floor":13.0,"gold_loss":0.0,"damage_taken":0.0}],"is_beta":false,"boss_relics":[],"items_purged_floors":[],"is_endless":false,"potions_floor_spawned":[1,10,14],"killed_by":"The Guardian","ascension_level":18}}