{"host":"bpnwh7vpv9k3tssc","time":1613054670,"event":{"mods":["BaseMod","Colored Map","Colored Powertips","Curses Come First","Highlight Path","Minty Spire (QoL Compilation)","Quick Restart","Random Character Button","Relic Sorter","StSLib"],"gold_per_floor":[110,35,35,35,53,94,94,130,130,149,173,173,188,188,188,278,278,296,196,210,233,256,294,294,294,321,246,246,246],"floor_reached":28,"language":"ENG","playtime":1170,"items_purged":["Strike_R","Strike_R"],"score":491,"play_id":"d369ed16-7e5b-49aa-bf23-b89330e2331a","local_time":"20210211154430","is_ascension_mode":true,"campfire_choices":[{"data":"Flex","floor":7,"key":"SMITH"},{"data":"True Grit","floor":15,"key":"SMITH"},{"floor":24,"key":"REST"}],"circlet_count":0,"master_deck":["AscendersBane","Strike_R","Strike_R","Defend_R","Defend_R","Defend_R","Defend_R","Bash","Pummel","Heavy Blade","Flex+1","True Grit+1","Feel No Pain","Twin Strike","Iron Wave","Corruption","Uppercut","Clothesline","Feed","Armaments","Spot Weakness+1"],"relics":["Burning Blood","NeowsBlessing","Golden Idol","InkBottle","Charon\u0027s Ashes","Ornamental Fan","Snecko Eye","Blue Candle","Nilry\u0027s Codex","Happy Flower"],"acts_visited":["Exordium","TheCity"],"potions_floor_usage":[16,16,23,23],"damage_taken":[{"damage":0,"enemies":"Small Slimes","floor":1,"turns":1},{"damage":0,"enemies":"2 Louse","floor":5,"turns":1},{"damage":0,"enemies":"Lagavulin","floor":6,"turns":1},{"damage":25,"enemies":"3 Sentries","floor":8,"turns":7},{"damage":0,"enemies":"Cultist","floor":10,"turns":2},{"damage":8,"enemies":"Blue Slaver","floor":11,"turns":4},{"damage":21,"enemies":"Lots of Slimes","floor":13,"turns":4},{"damage":54,"enemies":"The Guardian","floor":16,"turns":12},{"damage":27,"enemies":"2 Thieves","floor":18,"turns":4},{"damage":30,"enemies":"Shell Parasite","floor":20,"turns":5},{"damage":0,"enemies":"Cultist and Chosen","floor":21,"turns":5},{"damage":12,"enemies":"Chosen and Byrds","floor":22,"turns":6},{"damage":13,"enemies":"Gremlin Leader","floor":23,"turns":6},{"damage":28,"enemies":"Slavers","floor":28,"turns":3}],"seed_played":"-3436143460005043476","potions_obtained":[{"floor":1,"key":"Ancient Potion"},{"floor":8,"key":"Energy Potion"},{"floor":12,"key":"Fruit Juice"},{"floor":16,"key":"Dexterity Potion"},{"floor":20,"key":"LiquidBronze"}],"is_trial":false,"path_per_floor":["M","$","?","?","M","E","R","E","T","M","M","?","M","?","R","B",null,"M","$","M","M","M","E","R","?","T","?","E"],"character_chosen":"IRONCLAD","items_purchased":[],"campfire_rested":1,"item_purchase_floors":[],"current_hp_per_floor":[74,74,48,48,54,60,60,41,41,47,45,45,30,75,75,32,68,47,47,23,29,26,19,43,22,22,22,0,0],"gold":246,"neow_bonus":"THREE_ENEMY_KILL","is_daily":false,"chose_seed":false,"campfire_upgraded":2,"win_rate":0.0,"timestamp":1613054670,"path_taken":["M","$","?","?","M","E","R","E","T","M","M","?","?","?","R","BOSS","M","$","?","M","M","E","R","?","T","?","E"],"items_purchased_type":[],"build_version":"2020-12-22","purchased_purges":2,"victory":false,"max_hp_per_floor":[75,75,75,75,75,75,75,75,75,75,75,75,75,75,75,80,80,80,80,80,80,83,83,83,83,83,83,83,83],"card_choices":[{"not_picked":["Spot Weakness","Cleave"],"picked":"Pummel","floor":1},{"not_picked":["Sword Boomerang","Rage"],"picked":"Heavy Blade","floor":5},{"not_picked":["Clothesline","Clash"],"picked":"Flex","floor":6},{"not_picked":["Berserk","Dual Wield"],"picked":"True Grit","floor":8},{"not_picked":["Clash","Pommel Strike"],"picked":"Feel No Pain","floor":10},{"not_picked":["Clothesline","Immolate"],"picked":"Twin Strike","floor":11},{"not_picked":["Twin Strike","Warcry"],"picked":"Iron Wave","floor":13},{"not_picked":["Bludgeon","Demon Form"],"picked":"Corruption","floor":16},{"not_picked":["Battle Trance","Anger+1"],"picked":"Uppercut","floor":18},{"not_picked":["Pommel Strike","Reckless Charge+1"],"picked":"Clothesline","floor":20},{"not_picked":["Wild Strike","Sword Boomerang"],"picked":"Feed","floor":21},{"not_picked":["Warcry","Flex"],"picked":"Armaments","floor":22},{"not_picked":["Headbutt","Clothesline"],"picked":"Spot Weakness+1","floor":23}],"player_experience":369252,"relics_obtained":[{"floor":6,"key":"InkBottle"},{"floor":8,"key":"Charon\u0027s Ashes"},{"floor":9,"key":"Ornamental Fan"},{"floor":23,"key":"Blue Candle"},{"floor":25,"key":"Nilry\u0027s Codex"},{"floor":26,"key":"Happy Flower"}],"event_choices":[{"damage_healed":0,"gold_gain":0,"player_choice":"Take Damage","damage_taken":26,"relics_obtained":["Golden Idol"],"max_hp_gain":0,"max_hp_loss":0,"event_name":"Golden Idol","floor":3,"gold_loss":0},{"damage_healed":0,"gold_gain":0,"player_choice":"Ignored","damage_taken":0,"max_hp_gain":0,"max_hp_loss":0,"event_name":"Liars Game","floor":4,"gold_loss":0},{"damage_healed":0,"gold_gain":0,"player_choice":"Got Potions","damage_taken":0,"max_hp_gain":0,"max_hp_loss":0,"event_name":"Lab","floor":12,"gold_loss":0},{"damage_healed":45,"gold_gain":0,"player_choice":"Full Heal","damage_taken":0,"max_hp_gain":0,"max_hp_loss":0,"event_name":"Wheel of Change","floor":14,"gold_loss":0},{"damage_healed":0,"gold_gain":0,"player_choice":"Obtained Book","damage_taken":21,"max_hp_gain":0,"max_hp_loss":0,"event_name":"Cursed Tome","floor":25,"gold_loss":0},{"cards_removed":["Strike_R"],"damage_healed":0,"gold_gain":0,"player_choice":"Gave Gold","damage_taken":0,"max_hp_gain":0,"max_hp_loss":0,"event_name":"Beggar","floor":27,"gold_loss":75}],"is_beta":false,"boss_relics":[{"not_picked":["SacredBark","Runic Dome"],"picked":"Snecko Eye"}],"items_purged_floors":[2,19],"is_endless":false,"potions_floor_spawned":[1,8,10,11,16,20,21],"killed_by":"Slavers","ascension_level":16}}