{"host":"dscols65uipasqd2","time":1613020963,"event":{"mods":["2.2 Compatiblity","AchievementEnabler","Aspiration","BaseMod","Colored Powertips","Downfall","Energized Spire","GifTheSpireLib","Hermit","Hubris","Infinite Spire","JesterMod","Jorbs\u0027s Wanderer Trilogy","Marisa????????","Minty Spire (QoL Compilation)","Rare Cards Sparkle","Replay The Spire","StSLib","Stuff the Spire","The Cursed","The Disciple","The Hierophant","The Judge","The Jungle","The Runesmith","TheFirefly"],"gold_per_floor":[99,109,166,6,17,29,29,29,45,64,64,64,64,93,108,212,212,12,29,29,29,53,38,38,38,38,52,63,77,77,92,104,199,249,249,265,282,332,351,451,475,475,491,238,265,165,183,195,211,211,211,211],"floor_reached":50,"language":"ENG","playtime":3327,"items_purged":["Regret"],"score":729,"play_id":"9c6bdc32-0123-4447-bb10-57df0078c51b","local_time":"20210211002243","is_ascension_mode":true,"campfire_choices":[{"floor":1.0,"key":"RECALL"},{"floor":8.0,"key":"REST"},{"floor":13.0,"key":"REST"},{"floor":18.0,"key":"DIG"},{"floor":42,"key":"REST"},{"floor":46,"key":"REST"}],"circlet_count":0,"master_deck":["sneckomod:Strike","sneckomod:Strike","sneckomod:Strike","sneckomod:Defend","sneckomod:Defend","sneckomod:Defend","sneckomod:TailWhip","sneckomod:SnekBite","sneckomod:Unknown","sneckomod:Unknown","sneckomod:QuickBite","sneckomod:Nope","sneckomod:SnakeSap","sneckomod:SerpentIdol","sneckomod:DiceBoulder","sneckomod:UnlimitedRolls","sneckomod:ImprovisedAttack","Injury","sneckomod:UnknownCommonAttack+1","sneckomod:UnknownStrike+1","sneckomod:UnknownRareAttack+1","Ball Lightning+1","StuffTheSpire:CopiaOfFamine+1","sneckomod:UnknownClassTHE_BRONZE_AUTOMATON","sneckomod:CheapStock+1","Vivace+1","Sweeping Beam+1","Go for the Eyes+1","Sweeping Beam+1","sneckomod:Unknown1Cost+1","Loop","ReplayTheSpireMod:Omega Cannon+1","sneckomod:SoulCleanse+1","sneckomod:UnknownClassPURPLE","Chaos+1","ReplaySolidLightProjector","Storm","Turbo+1","ReplaySolidLightProjector+1","aspiration:Polymerization+1","expansioncontent:DashGenerateEvil+1","sneckomod:UnknownCommonAttack+1","Cold Snap+1","FIFO Queue+1","Conserve Battery+1","StuffTheSpire:Synthwave+1"],"relics":["sneckomod:SneckoSoul","hubris:BundleOfHerbs","Replay:Mystery Machine","Sling","Molten Egg 2","Slimebound:PreparedRelic","Odd Mushroom","aspiration:DefectSkillbook","downfall:HeartBlessingRed","downfall:HeartBlessingBlue","aspiration:ArtOfWarUpgrade","sneckomod:SneckoCommon","Ancient Tea Set","Dead Branch","Tiny House","Gambling Chip","White Beast Statue","Runesmith:AutoHammer","Membership Card","Meat on the Bone","Darkstone Periapt","hubris:TenFootPole","downfall:HeartBlessingGreen"],"acts_visited":["Exordium","TheCity","TheBeyond"],"potions_floor_usage":[28,31,31,32,32,45,45,45,45,45,45,47,49,50,50],"damage_taken":[{"damage":5.0,"enemies":"2 Louse","floor":2.0,"turns":2.0},{"damage":22.0,"enemies":"3 Sentries","floor":3.0,"turns":7.0},{"damage":5.0,"enemies":"downfall:FleeingMerchant","floor":4.0,"turns":4.0},{"damage":0.0,"enemies":"Small Slimes","floor":5.0,"turns":3.0},{"damage":2.0,"enemies":"Jaw Worm","floor":6.0,"turns":2.0},{"damage":15.0,"enemies":"Gremlin Gang","floor":9.0,"turns":4.0},{"damage":0.0,"enemies":"2 Fungi Beasts","floor":10.0,"turns":2.0},{"damage":3.0,"enemies":"The Mushroom Lair","floor":14.0,"turns":2.0},{"damage":10.0,"enemies":"3 Louse","floor":15.0,"turns":3.0},{"damage":37.0,"enemies":"IC_STATUS_ARCHETYPE","floor":16.0,"turns":6.0},{"damage":29.0,"enemies":"3 Byrds","floor":19.0,"turns":5.0},{"damage":0,"enemies":"downfall:FleeingMerchant","floor":23,"turns":4},{"damage":0,"enemies":"Shell Parasite","floor":27,"turns":1},{"damage":9,"enemies":"Snecko","floor":28,"turns":3},{"damage":16,"enemies":"Snake Plant","floor":29,"turns":3},{"damage":0,"enemies":"Centurion and Healer","floor":31,"turns":4},{"damage":1,"enemies":"Snecko","floor":32,"turns":3},{"damage":46,"enemies":"WA_ARCHETYPE_CALM","floor":33,"turns":11},{"damage":13,"enemies":"3 Darklings","floor":36,"turns":3},{"damage":17,"enemies":"Orb Walker","floor":37,"turns":4},{"damage":16,"enemies":"Orb Walker","floor":38,"turns":3},{"damage":53,"enemies":"Sphere and 2 Shapes","floor":39,"turns":4},{"damage":4,"enemies":"downfall:LadyInBlue","floor":40,"turns":8},{"damage":0,"enemies":"Writhing Mass","floor":43,"turns":3},{"damage":0,"enemies":"downfall:FleeingMerchant","floor":44,"turns":3},{"damage":0,"enemies":"Giant Head","floor":45,"turns":4},{"damage":0,"enemies":"Transient","floor":47,"turns":5},{"damage":27,"enemies":"3 Darklings","floor":48,"turns":3},{"damage":0,"enemies":"Sphere and 2 Shapes","floor":49,"turns":1},{"damage":64,"enemies":"SI_POISON_ARCHETYPE","floor":50,"turns":4}],"seed_played":"215788427770398954","potions_obtained":[{"floor":5.0,"key":"FearPotion"},{"floor":6.0,"key":"LiquidBronze"},{"floor":9.0,"key":"Regen Potion"},{"floor":14.0,"key":"hexamod:SoulburnPotion"},{"floor":21.0,"key":"CultistPotion"},{"floor":27,"key":"Energy Potion"},{"floor":28,"key":"SpeedPotion"},{"floor":29,"key":"Ancient Potion"},{"floor":31,"key":"SneckoOil"},{"floor":34,"key":"Strength Potion"},{"floor":36,"key":"FairyPotion"},{"floor":37,"key":"Weak Potion"},{"floor":39,"key":"Dexterity Potion"},{"floor":40,"key":"Venom Potion"},{"floor":43,"key":"Adrenaline Potion"},{"floor":45,"key":"BlessingOfTheForge"},{"floor":47,"key":"bronze:BurnAndBuffPotion"},{"floor":48,"key":"DistilledChaos"},{"floor":49,"key":"Toxic Potion"}],"is_trial":false,"path_per_floor":["R","M","?","$","M","M","T","R","M","M","?","?","R","?","M","B",null,"R","M","?","?","T","$","T","R","T","M","M","M","?","M","M","B",null,"R","M","M","?","M","?","T","R","M","$","E","R","M","M","M","B"],"character_chosen":"THE_SNECKO","items_purchased":["Sling","Membership Card","Meat on the Bone","expansioncontent:DashGenerateEvil","Darkstone Periapt","EntropicBrew","sneckomod:UnknownCommonAttack+1"],"campfire_rested":4,"item_purchase_floors":[4,44,44,44,44,44,44],"current_hp_per_floor":[81,76,54,55,55,53,53,77,62,62,62,62,81,78,68,46,72,82,53,33,33,33,33,33,33,33,33,24,8,8,8,7,70,91,91,78,61,45,28,24,24,52,52,52,52,80,80,53,53,0,0,0],"gold":211,"neow_bonus":"ONE_RARE_RELIC","is_daily":false,"chose_seed":false,"campfire_upgraded":0,"win_rate":0.0,"timestamp":1613020963,"path_taken":["R","M","?","$","M","M","T","R","M","M","?","?","R","?","M","BOSS","R","M","?","?","?","$","T","R","?","?","M","M","?","M","M","BOSS","R","M","M","?","M","?","T","R","M","$","E","R","M","M","M","BOSS"],"items_purchased_type":["Relic","Relic","Relic","Card","Relic","Potion","Card"],"build_version":"2020-12-22","purchased_purges":1,"victory":false,"max_hp_per_floor":[81,81,81,81,81,81,81,81,81,81,81,81,81,81,81,81,81,91,91,91,91,91,91,91,91,91,91,91,91,91,91,91,91,96,96,96,96,96,96,96,96,96,96,96,96,96,96,96,96,96,96,96],"card_choices":[{"not_picked":["sneckomod:SoulRoll","sneckomod:UnknownStrike"],"picked":"sneckomod:QuickBite","floor":2.0},{"not_picked":["sneckomod:RainOfDice","sneckomod:UnknownCommonSkill"],"picked":"sneckomod:Nope","floor":3.0},{"not_picked":["sneckomod:SoulRoll","sneckomod:UnknownCommonSkill"],"picked":"sneckomod:SnakeSap","floor":4.0},{"not_picked":["sneckomod:UnknownX","sneckomod:MasterEye"],"picked":"sneckomod:SerpentIdol","floor":5.0},{"not_picked":["sneckomod:WideSting","sneckomod:Unknown2Cost"],"picked":"sneckomod:DiceBoulder","floor":6.0},{"not_picked":["sneckomod:Nope","sneckomod:SlitherStrike"],"picked":"sneckomod:UnlimitedRolls","floor":9.0},{"not_picked":["sneckomod:Nope","sneckomod:SoulRoll"],"picked":"sneckomod:ImprovisedAttack","floor":10.0},{"not_picked":["sneckomod:Memorize","sneckomod:SoulDraw"],"picked":"sneckomod:UnknownCommonAttack+1","floor":14.0},{"not_picked":["sneckomod:UnknownCommonSkill","sneckomod:IronFang+1"],"picked":"sneckomod:UnknownStrike+1","floor":15.0},{"not_picked":["sneckomod:Mudshield","sneckomod:UnlimitedRolls"],"picked":"sneckomod:UnknownRareAttack+1","floor":16.0},{"not_picked":["sneckomod:UnknownCommonAttack+1","Leap+1","sneckomod:SnakeSap+1"],"picked":"Ball Lightning+1","floor":19.0},{"not_picked":["sneckomod:UnknownClassPURPLE","sneckomod:UnknownStrike+1","sneckomod:PureSnecko"],"picked":"sneckomod:CheapStock+1","floor":23},{"not_picked":["sneckomod:RainOfDice+1","Steam+1","sneckomod:UnknownBlock"],"picked":"Sweeping Beam+1","floor":27},{"not_picked":["Cold Snap+1","sneckomod:UnknownDraw+1","sneckomod:QuickBite+1"],"picked":"Go for the Eyes+1","floor":28},{"not_picked":["sneckomod:Nope","sneckomod:MasterEye","Stack"],"picked":"Sweeping Beam+1","floor":29},{"not_picked":["Genetic Algorithm","sneckomod:Memorize","Glacier"],"picked":"sneckomod:Unknown1Cost+1","floor":31},{"not_picked":["Hologram","sneckomod:UnknownClassCHRONO_GOLD","Thunder Strike+1"],"picked":"Loop","floor":32},{"not_picked":["StuffTheSpire:LaunchingStrike+1","sneckomod:DangerNoodle+1","Thunder Strike+1"],"picked":"ReplayTheSpireMod:Omega Cannon+1","floor":33},{"not_picked":["sneckomod:UnknownCommonSkill","Fusion","sneckomod:UnknownClassPURPLE"],"picked":"sneckomod:SoulCleanse+1","floor":34},{"not_picked":["Redo","hubris:PowerSurge","sneckomod:PureSnecko"],"picked":"sneckomod:UnknownClassPURPLE","floor":36},{"not_picked":["sneckomod:DiceBlock","sneckomod:UnknownClassPURPLE+1","sneckomod:DiceCrush+1"],"picked":"Chaos+1","floor":37},{"not_picked":["sneckomod:WideSting+1","sneckomod:CheapStock+1","Coolheaded"],"picked":"ReplaySolidLightProjector","floor":38},{"not_picked":["sneckomod:IronFang+1","sneckomod:Unknown2Cost","StuffTheSpire:SnapShoot"],"picked":"Storm","floor":39},{"not_picked":["StuffTheSpire:LaunchingStrike+1","sneckomod:DiceCrush+1","sneckomod:Unknown2Cost+1"],"picked":"Turbo+1","floor":40},{"not_picked":["sneckomod:Nope","sneckomod:SnekBeam+1","StuffTheSpire:ShieldGenerator"],"picked":"ReplaySolidLightProjector+1","floor":43},{"not_picked":["Streamline+1","StuffTheSpire:LaunchingStrike+1","sneckomod:UnendingSupply"],"picked":"aspiration:Polymerization+1","floor":44},{"not_picked":["ReplayTheSpireMod:Repulse+1","sneckomod:SerpentMind","sneckomod:SoulDraw+1"],"picked":"Cold Snap+1","floor":45},{"not_picked":["Blizzard+1","Skim","sneckomod:SoulDraw"],"picked":"FIFO Queue+1","floor":47},{"not_picked":["BasicCrystalCard","Cold Snap+1","Crystallizer+1"],"picked":"Conserve Battery+1","floor":48},{"not_picked":["sneckomod:ImprovisedGuard+1","Sweeping Beam+1","Hologram+1"],"picked":"StuffTheSpire:Synthwave+1","floor":49}],"player_experience":629780,"relics_obtained":[{"floor":3.0,"key":"Replay:Mystery Machine"},{"floor":14.0,"key":"Odd Mushroom"},{"floor":18.0,"key":"Art of War"},{"floor":22.0,"key":"sneckomod:SneckoCommon"},{"floor":24,"key":"Ancient Tea Set"},{"floor":26,"key":"Dead Branch"},{"floor":38,"key":"Gambling Chip"},{"floor":40,"key":"White Beast Statue"},{"floor":41,"key":"Runesmith:AutoHammer"},{"floor":45,"key":"hubris:TenFootPole"}],"event_choices":[{"damage_healed":0.0,"max_hp_gain":0.0,"max_hp_loss":0.0,"gold_gain":0.0,"event_name":"Big Fish","player_choice":"Box","floor":12.0,"gold_loss":0.0,"damage_taken":0.0,"relics_obtained":["Slimebound:PreparedRelic"],"cards_obtained":["Regret"]},{"damage_healed":0.0,"max_hp_gain":0.0,"max_hp_loss":0.0,"gold_gain":0.0,"event_name":"Mushrooms","player_choice":"Fought Mushrooms","floor":14.0,"gold_loss":0.0,"damage_taken":0.0}],"is_beta":false,"boss_relics":[{"not_picked":["Honey Jar","energizedSpire:SpiderWeb"],"picked":"aspiration:DefectSkillbook"},{"not_picked":["Astrolabe","Kintsugi"],"picked":"Tiny House"}],"items_purged_floors":[44],"is_endless":false,"potions_floor_spawned":[5,6,9,14,27,28,29,31,36,37,39,43,44,45,47,48,49],"killed_by":"SI_POISON_ARCHETYPE","ascension_level":5}}