{"host":"1izdfj84a6wseks8","time":1613030907,"event":{"mods":["2.2 Compatiblity","ATMod(阿瑾Mod)","Act Like it!","Arknights","BaseMod","Better Vampires","Challenge The Spire","Colored Map","Colored Powertips","Curses Come First","Energized Spire","Gensokyo","Good Game Mod","Highlight Path","KinomotoSakuraMod(木之本樱)","Koishi","KomeijiMod","LagranYue(拉格朗・月)","Lobotomy","LobotomyExtend","Luminous","Marisa（F雨　魔理沙）","Minty Spire (QoL Compilation)","Potion Indicator Mod","Reimu（博丽灵梦）","Relic Filter Mod","Relic Stats","Reliquary","Remilia（蕾米莉亚）","Shop Mod","Slay the Relics Exporter","StSLib","TestMod","The Alterego","The Animator","The Bug Knight","The Servant 0.9.4","Waifu the Spire","WarShipGirlsR/战舰少女R mod","Warlord Emblem","Yakumo Yukari mod","Youmu（魂魄妖梦）","Yuyuko","【功能Mod】混沌之环修复补丁","篝火指南"],"gold_per_floor":[119,19,38,17,34,34,366,366,445,89,130,54,66,66,66,180,180,202,224,224,246,41,62,82,6,40,58,109,62,83,161,161,161,161,336,350,29,144],"floor_reached":17,"language":"ZHS","playtime":3666,"items_purged":["ats:Defend","ats:Defend"],"score":341,"play_id":"fe3cfcdc-e90b-4d95-99f8-e585787b373e","local_time":"20210211160827","is_ascension_mode":false,"campfire_choices":[{"floor":6,"key":"RECALL"},{"data":"ats:Phantom","floor":15,"key":"SMITH"}],"circlet_count":0,"master_deck":["ats:Strike C","ats:Strike S","ats:Armor Crushing Shot","ats:Defend","ats:Defend","ats:Emotion Absorption","Gensokyo:RainbowDanmaku","AT_FamilyPortrait","Swift Strike","ats:Blood Oath","ats:Powerful Strike","ats:Flexible Camouflage","ats:Burning Ground","ats:Absolute Focus","ats:Phantom+1","ats:Hook Shot","ats:Blood Oath","ats:Shadow Raid","ats:Ignite","ats:Ignite","testmod-AssimilatedRune+1","ats:Flame Of Heaven+1","ats:Wolf Pack","ats:Overload+1","ats:Shadow Raid","ats:Very Hot Blade+1","HandOfGreed","ats:Magnetic Hammer","ats:Flexible Camouflage","ats:Very Hot Blade","AT_CelerityRune","ats:Ignite","ats:Ignite","ats:Closed Bolt Burst Fire","ats:Sashimi Platter","ats:Very Hot Blade","Doubt","ats:Rat Pack","ats:Closed Bolt Burst Fire","ats:Hook Shot"],"relics":["ats:Sanity","AT_ATBox","REME:ComplimentaryCards","testmod-DeterminationOfClimber","ats:Originium","Blood Vial","MerchantsRug","reliquary:Stiletto","Fusion Hammer","Heaven_r","Moonlight_r","LetterFromLob","testmod-ArcanaOfDestiny","Juzu Bracelet","Bottled Tornado"],"acts_visited":["Gensokyo:Gensokyo","Gensokyo:Gensokyoer"],"potions_floor_usage":[],"damage_taken":[{"damage":0,"enemies":"Gensokyo:Gryphon","floor":1,"turns":2},{"damage":0,"enemies":"Gensokyo:Python","floor":3,"turns":2},{"damage":0,"enemies":"Gensokyo:3_Fairies","floor":5,"turns":2},{"damage":14,"enemies":"Gensokyo:Aya","floor":7,"turns":3},{"damage":0,"enemies":"Gensokyo:Mamizou","floor":11,"turns":5},{"damage":0,"enemies":"Gensokyo:LivingMonolith","floor":13,"turns":1},{"damage":6,"enemies":"Gensokyo:Yukari","floor":16,"turns":4},{"damage":0,"enemies":"Gensokyo:AngelMirror","floor":18,"turns":1},{"damage":19,"enemies":"Gensokyo:3_Dogs","floor":19,"turns":3},{"damage":5,"enemies":"Gensokyo:Slime_Group","floor":21,"turns":2},{"damage":0,"enemies":"Gensokyo:Koishi","floor":23,"turns":1},{"damage":0,"enemies":"Small Slimes","floor":1,"turns":2},{"damage":0,"enemies":"Cultist","floor":2,"turns":2},{"damage":0,"enemies":"2 Louse","floor":4,"turns":1},{"damage":0,"enemies":"Exordium Wildlife","floor":5,"turns":1},{"damage":9,"enemies":"3 Sentries","floor":6,"turns":3},{"damage":0,"enemies":"Lots of Slimes","floor":8,"turns":2},{"damage":0,"enemies":"2 Fungi Beasts","floor":14,"turns":1},{"damage":0,"enemies":"Hexaghost","floor":16,"turns":2}],"seed_played":"1493456490476308064","potions_obtained":[{"floor":1,"key":"Weak Potion"},{"floor":3,"key":"CalmPotion"},{"floor":11,"key":"SkillPotion"},{"floor":13,"key":"ExcitationPotion"},{"floor":16,"key":"ColorlessPotion"},{"floor":19,"key":"BlessingOfTheForge"},{"floor":1,"key":"Weak Potion"},{"floor":4,"key":"Explosive Potion"},{"floor":5,"key":"SpeedPotion"},{"floor":14,"key":"ZuzhouPotion:ReiMu"}],"is_trial":false,"path_per_floor":["M","$","M","COS","M","R","E","?","T","R","E","R","M","?","R","B",null,"M","M","?","M","$","E","M","M","$","M","M","E","R","M","T","?","?","$","?","M","R","B",null],"character_chosen":"DOCTOR_CLASS","items_purchased":["ats:Powerful Strike","MerchantsRug","ats:Blood Oath","ats:Shadow Raid","ats:Ignite","testmod-AssimilatedRune","HandOfGreed","ats:Magnetic Hammer","AT_CelerityRune","ats:Sashimi Platter","ats:Closed Bolt Burst Fire","ats:Hook Shot","Bottled Tornado"],"campfire_rested":0,"item_purchase_floors":[2,10,10,10,10,12,22,22,3,7,15,15,15],"current_hp_per_floor":[72,72,72,72,72,72,66,66,66,66,72,72,72,72,72,72,72,72,58,58,62,62,76,76,76,76,76,68,68,72,72,72,72,72,72,76,76,76],"gold":144,"neow_bonus":"RANDOM_COLORLESS","is_daily":false,"chose_seed":false,"campfire_upgraded":1,"win_rate":0.0,"timestamp":1613030907,"path_taken":["M","$","M","COS","M","R","E","?","T","R","E","R","M","?","R","BOSS","M","M","?","M","$","E","M","M","$","M","M","E","R","M","T","?","?","?","?","M","R","BOSS"],"items_purchased_type":["Card","Relic","Card","Card","Card","Card","Card","Card","Card","Card","Card","Card","Relic"],"build_version":"2020-12-22","purchased_purges":2,"victory":true,"max_hp_per_floor":[72,72,72,72,72,72,72,72,72,72,72,72,72,72,72,72,72,72,72,72,72,72,76,76,76,76,76,76,76,76,76,76,76,76,76,76,76,76],"relic_stats":{"Blood Vial":10,"counters":[19,40],"Juzu Bracelet":0,"obtain_stats":[{"MerchantsRug":10,"AT_ATBox":0,"testmod-TestBox":0,"LagranYue:RandomDrawCardRelic":0,"Juzu Bracelet":11,"Bottled Tornado":15,"Blood Vial":7,"Heaven_r":23,"Moonlight_r":23,"REME:ComplimentaryCards":0,"ats:Originium":7,"reliquary:Stiletto":11,"Fusion Hammer":17,"testmod-DeterminationOfClimber":0,"LetterFromLob":1,"ats:Sanity":0,"testmod-ArcanaOfDestiny":9},{"MerchantsRug":4,"AT_ATBox":0,"testmod-TestBox":0,"LagranYue:RandomDrawCardRelic":0,"Juzu Bracelet":17,"Bottled Tornado":18,"Blood Vial":4,"Heaven_r":11,"Moonlight_r":11,"REME:ComplimentaryCards":0,"ats:Originium":4,"reliquary:Stiletto":5,"Fusion Hammer":7,"testmod-DeterminationOfClimber":0,"LetterFromLob":1,"ats:Sanity":0,"testmod-ArcanaOfDestiny":17},{"MerchantsRug":9,"AT_ATBox":0,"testmod-TestBox":0,"LagranYue:RandomDrawCardRelic":0,"Juzu Bracelet":37,"Bottled Tornado":38,"Blood Vial":9,"Heaven_r":26,"Moonlight_r":26,"REME:ComplimentaryCards":0,"ats:Originium":9,"reliquary:Stiletto":14,"Fusion Hammer":19,"testmod-DeterminationOfClimber":0,"LetterFromLob":2,"ats:Sanity":0,"testmod-ArcanaOfDestiny":37}]},"card_choices":[{"not_picked":["AT_PowerWithin","testmod-ConditionedReflex"],"picked":"Swift Strike","floor":0},{"not_picked":["ats:Revitalization","ats:Assault Order"],"picked":"ats:Blood Oath","floor":1},{"not_picked":["ats:Closed Bolt Burst Fire","ats:Serious Mode"],"picked":"ats:Flexible Camouflage","floor":3},{"not_picked":["ats:Cat Scratch","ats:Shell Defense"],"picked":"ats:Burning Ground","floor":5},{"not_picked":["ats:Hammer On","ats:Explosion Area Strengthen"],"picked":"ats:Absolute Focus","floor":7},{"not_picked":["ats:Revitalization","ats:Powerful Strike"],"picked":"ats:Phantom","floor":8},{"not_picked":["ats:Absolute Focus","ats:Ambush"],"picked":"ats:Hook Shot","floor":8},{"not_picked":["ats:Revitalization","ats:Composite Medical Shells"],"picked":"ats:Ignite","floor":11},{"not_picked":["ats:Part Time Job","ats:Rapid Magazine"],"picked":"ats:Flame Of Heaven","floor":13},{"not_picked":["ats:Fractured Body","ats:Calcification"],"picked":"ats:Wolf Pack","floor":16},{"not_picked":["ats:Rapid Magazine","ats:Explosion Area Strengthen"],"picked":"ats:Overload+1","floor":18},{"not_picked":["ats:Thorns","ats:Consecutive Shot Auto"],"picked":"ats:Shadow Raid","floor":19},{"not_picked":["ats:Flexible Camouflage","ats:Closed Bolt Burst Fire"],"picked":"ats:Very Hot Blade+1","floor":21},{"not_picked":["ats:Cat Scratch","ats:Leaping Hammer"],"picked":"ats:Flexible Camouflage","floor":1},{"not_picked":["ats:Assault Order","ats:Poison Spread"],"picked":"ats:Very Hot Blade","floor":2},{"not_picked":["ats:Very Hot Blade","ats:Revitalization"],"picked":"ats:Ignite","floor":4},{"not_picked":["ats:Poison Spread","ats:Calcification"],"picked":"ats:Ignite","floor":5},{"not_picked":["ats:Assault Order","ats:Flexible Camouflage"],"picked":"ats:Closed Bolt Burst Fire","floor":6},{"not_picked":["ats:Cat Scratch","ats:Consecutive Shot Auto"],"picked":"ats:Very Hot Blade","floor":8},{"not_picked":["ats:Guardian Obelisk","ats:Leaping Hammer"],"picked":"ats:Rat Pack","floor":14}],"player_experience":17514,"relics_obtained":[{"floor":1,"key":"LetterFromLob"},{"floor":7,"key":"ats:Originium"},{"floor":7,"key":"Blood Vial"},{"floor":11,"key":"ats:Originium"},{"floor":11,"key":"reliquary:Stiletto"},{"floor":1,"key":"LetterFromLob"},{"floor":6,"key":"ats:Originium"},{"floor":9,"key":"testmod-ArcanaOfDestiny"}],"event_choices":[{"cards_removed":["Writhe"],"damage_healed":0,"gold_gain":0,"player_choice":"Forget","damage_taken":0,"max_hp_gain":0,"max_hp_loss":0,"event_name":"Living Wall","floor":10,"gold_loss":0},{"damage_healed":0,"gold_gain":0,"player_choice":"Swap Relic","damage_taken":0,"relics_obtained":["Juzu Bracelet"],"max_hp_gain":0,"max_hp_loss":0,"event_name":"给自己的盒子","floor":11,"relics_lost":["testmod-TestBox"],"gold_loss":0},{"damage_healed":0,"gold_gain":175,"player_choice":"AGREE","damage_taken":0,"max_hp_gain":0,"max_hp_loss":0,"event_name":"Liars Game","floor":13,"gold_loss":0,"cards_obtained":["Doubt"]}],"is_beta":false,"boss_relics":[{"not_picked":["AT_MortalBlade","energizedSpire:EnergizedDie"],"picked":"Fusion Hammer"}],"items_purged_floors":[2,10],"is_endless":false,"potions_floor_spawned":[1,3,11,13,16,19,21,1,4,5,14],"ascension_level":0}}