{"host":"313mh4uoe5sucao3","time":1613049416,"event":{"mods":["BaseMod","Challenge The Spire","Dota2Spire","Downfall","Good Game Mod","GungeonMod","Hero for Fun","Lobotomy","Minty Spire (QoL Compilation)","Quick Restart","Reimu（博丽灵梦）","Remilia（蕾米莉亚）","Ryuuou龙王","Shop Mod","Spicy Shops","StSLib","Td1madao Mod","The Bladedancer","The Invoker Mod","UnlockEverythingMod","[IsaacMod]以撒尖塔","noobMod"],"gold_per_floor":[13,13,113,123,142,142,142,154,207,38,55,55,86,86,86,186,186,210,220,120,144,144,143,143],"floor_reached":23,"language":"ZHS","playtime":2246,"items_purged":["Poor:ReiMu","Regret"],"score":199,"play_id":"682cdc13-b9d9-4b53-b6e1-4c5ed474a484","local_time":"20210211211656","is_ascension_mode":false,"campfire_choices":[{"floor":12.0,"key":"REST"},{"floor":15.0,"key":"REST"}],"circlet_count":0,"master_deck":["DemoMod:Strike_Huntress","DemoMod:Strike_Huntress","DemoMod:Strike_Huntress","DemoMod:Defend_Huntress","DemoMod:Defend_Huntress","DemoMod:Defend_Huntress","DemoMod:Defend_Huntress","DemoMod:Roll","DemoMod:ManualReload","DemoMod:RustySidearm","DemoMod:CrossBow","BloodyBrimstone","EpicFetus","DemoMod:BoxingGlove","DemoMod:HardPowerCard","DemoMod:TeaPot","DemoMod:EasyReloadBullets","DemoMod:HardPowerCard","DemoMod:MachoBrace","DemoMod:DarkMarker","DemoMod:MachoBrace+1","DemoMod:PotionOfGunFriendShip","DemoMod:GunstockTap"],"relics":["DemoMod:Dog","REME:ComplimentaryCards","HushsDoor","ice","TuHaoJin","TungstenRod","YidongShenshe:ReiMu","Sundial","Ice Cream","DemoMod:BlueGuonStone","TheBean","DemoMod:GreenGuonStone","Cursed Key","DemoMod:GlassGuonStoneRelic"],"acts_visited":["Exordium","TheCity"],"potions_floor_usage":[],"damage_taken":[{"damage":0.0,"enemies":"2 Louse","floor":1.0,"turns":3.0},{"damage":0.0,"enemies":"Small Slimes","floor":4.0,"turns":4.0},{"damage":5.0,"enemies":"Jaw Worm","floor":5.0,"turns":4.0},{"damage":5.0,"enemies":"Red Slaver","floor":8.0,"turns":2.0},{"damage":37.0,"enemies":"Gremlin Nob","floor":11.0,"turns":5.0},{"damage":20.0,"enemies":"3 Sentries","floor":13.0,"turns":8.0},{"damage":12.0,"enemies":"The Guardian","floor":16.0,"turns":9.0},{"damage":16.0,"enemies":"Spheric Guardian","floor":18.0,"turns":5.0},{"damage":8.0,"enemies":"2 Thieves","floor":19.0,"turns":4.0},{"damage":33.0,"enemies":"Snake Plant","floor":21.0,"turns":6.0},{"damage":0,"enemies":"Slavers","floor":23,"turns":1}],"seed_played":"8211826543431398275","potions_obtained":[{"floor":8.0,"key":"LiquidMemories"},{"floor":18.0,"key":"Strength Potion"},{"floor":19.0,"key":"AttackPotion"}],"is_trial":false,"path_per_floor":["M","?","?","M","M","?","?","M","T","$","E","R","E","$","R","B",null,"M","M","$","M","?","E"],"character_chosen":"HUNTRESS","items_purchased":["Ice Cream","DemoMod:GreenGuonStone"],"campfire_rested":2,"item_purchase_floors":[10,14],"current_hp_per_floor":[70,70,70,70,65,65,65,60,60,60,23,43,23,23,43,31,64,48,46,46,31,31,31,31],"gold":143,"neow_bonus":"ONE_RARE_RELIC","is_daily":false,"chose_seed":false,"campfire_upgraded":0,"win_rate":0.0,"timestamp":1613049416,"path_taken":["M","?","?","M","M","?","?","?","T","?","E","R","E","$","R","BOSS","M","M","$","M","?","E"],"items_purchased_type":["Relic","Relic"],"build_version":"2020-12-22","purchased_purges":2,"victory":false,"max_hp_per_floor":[70,70,70,70,70,70,70,70,70,70,67,67,67,67,67,64,64,64,64,64,64,64,64,64],"card_choices":[{"not_picked":[],"picked":"BloodyBrimstone","floor":0.0},{"not_picked":["DemoMod:SAA","DemoMod:GunstockTap"],"picked":"DemoMod:BoxingGlove","floor":1.0},{"not_picked":["DemoMod:ZorGun","DemoMod:SuppressiveFire"],"picked":"DemoMod:HardPowerCard","floor":3.0},{"not_picked":["DemoMod:DirectionalPad","DemoMod:EasyReloadBullets"],"picked":"DemoMod:TeaPot","floor":4.0},{"not_picked":["DemoMod:DirectionalPad","DemoMod:AC15"],"picked":"DemoMod:EasyReloadBullets","floor":4.0},{"not_picked":["DemoMod:GunslingerForm","DemoMod:StickyCrossBow"],"picked":"DemoMod:HardPowerCard","floor":5.0},{"not_picked":["DemoMod:ZorGun","DemoMod:JK47","DemoMod:AbyssalTentacle"],"picked":"SKIP","floor":8.0},{"not_picked":["DemoMod:ConditionalReflex","DemoMod:HighKaliber","DemoMod:BoxingGlove"],"picked":"SKIP","floor":11.0},{"not_picked":["DemoMod:ProbeStrike","DemoMod:HungryBullets"],"picked":"DemoMod:MachoBrace","floor":13.0},{"not_picked":["DemoMod:BalloonGun","DemoMod:FinishedGun"],"picked":"DemoMod:DarkMarker","floor":16.0},{"not_picked":["DemoMod:ConditionalReflex","DemoMod:BoxingGlove"],"picked":"DemoMod:MachoBrace+1","floor":18.0},{"not_picked":["DemoMod:RadGun","DemoMod:JK47"],"picked":"DemoMod:PotionOfGunFriendShip","floor":19.0},{"not_picked":["DemoMod:DirectionalPad","DemoMod:CombinedRifle+1"],"picked":"DemoMod:GunstockTap","floor":21.0}],"player_experience":50786,"relics_obtained":[{"floor":11.0,"key":"DemoMod:BlueGuonStone"},{"floor":13.0,"key":"TheBean"}],"event_choices":[{"damage_healed":0.0,"max_hp_gain":0.0,"max_hp_loss":0.0,"gold_gain":0.0,"event_name":"yidonshenshe","player_choice":"带走神社","floor":6.0,"gold_loss":0.0,"damage_taken":0.0,"relics_obtained":["YidongShenshe:ReiMu"],"cards_obtained":["Poor:ReiMu"]},{"damage_healed":0.0,"max_hp_gain":0.0,"max_hp_loss":0.0,"gold_gain":0.0,"event_name":"Big Fish","player_choice":"Box","floor":7.0,"gold_loss":0.0,"damage_taken":0.0,"relics_obtained":["Sundial"],"cards_obtained":["Regret"]}],"is_beta":false,"boss_relics":[{"not_picked":["RedLine:ReiMu","Snecko Eye"],"picked":"Cursed Key"},{"not_picked":[]}],"items_purged_floors":[10,20],"is_endless":false,"potions_floor_spawned":[8,11,18,19],"killed_by":"Slavers","ascension_level":0}}