{"host":"soyfmymeou4emntr","time":1613012777,"event":{"mods":["BaseMod","Minty Spire (QoL Compilation)","Permanent Neow","Relic Sorter","Relic Stats","StSLib"],"gold_per_floor":[110,35,50,67,67,67,102,102,102,102,135,135,176,195,195,291,291,304,254,272,65,83,99,99,134,134,154,154,178,209,222,222,321,321,344,359,378,122,187,230,51,71,118,132,163,163,196,217,217,217,217,217,217,8,8,8],"floor_reached":55,"language":"ENG","playtime":14557,"items_purged":["Strike_G","Strike_G"],"score":2063,"play_id":"e3663bfe-1c5a-463f-b411-5ed458d89b3e","local_time":"20210210200616","is_ascension_mode":true,"campfire_choices":[{"data":"Dash","floor":6.0,"key":"SMITH"},{"data":"Predator","floor":8.0,"key":"SMITH"},{"data":"Poisoned Stab","floor":10.0,"key":"SMITH"},{"data":"Leg Sweep","floor":15.0,"key":"SMITH"},{"floor":24.0,"key":"REST"},{"floor":32.0,"key":"REST"},{"floor":46.0,"key":"RECALL"},{"floor":49.0,"key":"REST"},{"floor":53.0,"key":"REST"}],"circlet_count":0,"master_deck":["AscendersBane","Strike_G","Strike_G","Defend_G","Defend_G+1","Defend_G","Defend_G","Defend_G","Survivor","Neutralize","Predator+1","Poisoned Stab+1","Dash+1","Leg Sweep+1","Backflip+1","PiercingWail","Dagger Spray","Tools of the Trade+1","Cloak And Dagger+1","Footwork+1","Blade Dance","Finisher","Well Laid Plans+1","Backflip","Cloak And Dagger","Backflip+1","Skewer","Corpse Explosion","Eviscerate","Blade Dance","Riddle With Holes","Infinite Blades+1","Blur+1","Choke+1","A Thousand Cuts+1","Choke+1","Caltrops+1","Terror"],"relics":["Ring of the Snake","Incense Burner","The Specimen","Frozen Egg 2","Mango","Golden Idol","Anchor","HoveringKite","Ginger","Shuriken","InkBottle","Lantern","Snecko Eye","Medical Kit","Gambling Chip","Mercury Hourglass","Paper Crane"],"acts_visited":["Exordium","TheCity","TheBeyond","TheEnding"],"potions_floor_usage":[55],"damage_taken":[{"damage":4.0,"enemies":"Small Slimes","floor":1.0,"turns":4.0},{"damage":0.0,"enemies":"2 Louse","floor":3.0,"turns":2.0},{"damage":0.0,"enemies":"Cultist","floor":4.0,"turns":4.0},{"damage":8.0,"enemies":"3 Sentries","floor":7.0,"turns":11.0},{"damage":9.0,"enemies":"Lagavulin","floor":11.0,"turns":6.0},{"damage":8.0,"enemies":"Gremlin Nob","floor":13.0,"turns":4.0},{"damage":6.0,"enemies":"Large Slime","floor":14.0,"turns":9.0},{"damage":12.0,"enemies":"The Guardian","floor":16.0,"turns":18.0},{"damage":2.0,"enemies":"3 Byrds","floor":18.0,"turns":5.0},{"damage":3.0,"enemies":"Chosen","floor":20.0,"turns":5.0},{"damage":19.0,"enemies":"3 Cultists","floor":22.0,"turns":6.0},{"damage":4.0,"enemies":"Centurion and Healer","floor":23.0,"turns":7.0},{"damage":11.0,"enemies":"Slavers","floor":25.0,"turns":7.0},{"damage":0.0,"enemies":"Snake Plant","floor":27.0,"turns":5.0},{"damage":3.0,"enemies":"3 Cultists","floor":29.0,"turns":6.0},{"damage":0.0,"enemies":"Gremlin Leader","floor":30.0,"turns":7.0},{"damage":0.0,"enemies":"Snecko","floor":31.0,"turns":5.0},{"damage":8.0,"enemies":"Automaton","floor":33.0,"turns":9.0},{"damage":0.0,"enemies":"Orb Walker","floor":35.0,"turns":4.0},{"damage":5.0,"enemies":"3 Darklings","floor":36.0,"turns":4.0},{"damage":1.0,"enemies":"Writhing Mass","floor":37.0,"turns":6.0},{"damage":2.0,"enemies":"2 Orb Walkers","floor":39.0,"turns":3.0},{"damage":3.0,"enemies":"Giant Head","floor":40.0,"turns":6.0},{"damage":1.0,"enemies":"4 Shapes","floor":42.0,"turns":4.0},{"damage":0.0,"enemies":"Maw","floor":44.0,"turns":7.0},{"damage":11.0,"enemies":"Nemesis","floor":45.0,"turns":7.0},{"damage":3.0,"enemies":"Giant Head","floor":47.0,"turns":6.0},{"damage":0.0,"enemies":"Spire Growth","floor":48.0,"turns":4.0},{"damage":6.0,"enemies":"Awakened One","floor":50.0,"turns":13.0},{"damage":33.0,"enemies":"Donu and Deca","floor":51.0,"turns":10.0},{"damage":83,"enemies":"Shield and Spear","floor":55,"turns":5}],"seed_played":"8721152461372473224","potions_obtained":[{"floor":1.0,"key":"CunningPotion"},{"floor":7.0,"key":"DistilledChaos"},{"floor":23.0,"key":"Strength Potion"},{"floor":27.0,"key":"SteroidPotion"},{"floor":29.0,"key":"GhostInAJar"},{"floor":35.0,"key":"BlessingOfTheForge"},{"floor":36.0,"key":"EssenceOfSteel"},{"floor":45.0,"key":"ColorlessPotion"}],"is_trial":false,"path_per_floor":["M","?","M","M","?","R","E","R","T","R","E","?","E","M","R","B",null,"M","?","M","$","M","M","R","E","T","M","?","M","E","M","R","B",null,"M","M","M","$","?","E","$","M","T","M","E","R","E","M","R","B","B",null,"R","$","E"],"character_chosen":"THE_SILENT","items_purchased":["Footwork+1","Blade Dance","Medical Kit","Infinite Blades+1","DuplicationPotion","Caltrops+1","Terror","FearPotion"],"campfire_rested":4,"item_purchase_floors":[21,21,38,38,41,54,54,54],"current_hp_per_floor":[55,55,55,55,60,60,52,52,52,52,57,57,49,43,43,31,62,60,60,57,57,38,34,55,44,44,44,44,41,41,41,62,54,68,68,63,62,62,60,57,57,56,56,56,45,45,42,42,63,57,24,60,72,72,0,0],"gold":8,"neow_bonus":"ONE_RARE_RELIC","is_daily":false,"chose_seed":false,"campfire_upgraded":4,"win_rate":0.0,"timestamp":1613012776,"path_taken":["M","?","M","M","?","R","E","R","T","R","E","?","E","M","R","BOSS","M","?","M","?","M","M","R","E","T","M","?","?","E","M","R","BOSS","M","M","M","$","?","E","$","M","T","M","E","R","E","M","R","BOSS","BOSS","R","$","E"],"items_purchased_type":["Card","Card","Relic","Card","Potion","Card","Card","Potion"],"build_version":"2020-12-22","purchased_purges":2,"victory":false,"max_hp_per_floor":[60,60,60,60,65,65,65,65,65,65,79,72,72,72,72,72,72,72,72,72,72,72,72,72,72,72,72,72,72,72,72,72,72,72,72,72,72,72,72,72,72,72,72,72,72,72,72,72,72,72,72,72,72,72,72,72],"relic_stats":{"counters":[31,199],"Golden Idol":186,"Shuriken":[82],"Gambling Chip":[28],"HoveringKite":[104],"Snecko Eye":[181,180,161,197],"Ginger":[12],"Medical Kit":[13],"obtain_stats":[{"Lantern":30,"The Specimen":7,"Golden Idol":12,"HoveringKite":17,"Mango":11,"Incense Burner":0,"Ginger":25,"Frozen Egg 2":9,"Paper Crane":47,"Medical Kit":38,"Mercury Hourglass":45,"Anchor":13,"Shuriken":26,"Gambling Chip":39,"Snecko Eye":34,"InkBottle":28,"Ring of the Snake":0},{"Lantern":16,"The Specimen":4,"Golden Idol":5,"HoveringKite":8,"Mango":5,"Incense Burner":0,"Ginger":13,"Frozen Egg 2":4,"Paper Crane":27,"Medical Kit":21,"Mercury Hourglass":26,"Anchor":6,"Shuriken":13,"Gambling Chip":22,"Snecko Eye":18,"InkBottle":14,"Ring of the Snake":0},{"Lantern":106,"The Specimen":21,"Golden Idol":27,"HoveringKite":58,"Mango":27,"Incense Burner":0,"Ginger":88,"Frozen Egg 2":21,"Paper Crane":167,"Medical Kit":134,"Mercury Hourglass":161,"Anchor":31,"Shuriken":88,"Gambling Chip":137,"Snecko Eye":120,"InkBottle":93,"Ring of the Snake":0}],"InkBottle":[58],"Ring of the Snake":[62],"Mercury Hourglass":[120]},"card_choices":[{"not_picked":["Underhanded Strike","Backflip"],"picked":"Predator","floor":1.0},{"not_picked":["Prepared","Sucker Punch"],"picked":"Poisoned Stab","floor":3.0},{"not_picked":["Sucker Punch","Flying Knee"],"picked":"Dash","floor":4.0},{"not_picked":["Slice","Well Laid Plans"],"picked":"Leg Sweep","floor":7.0},{"not_picked":["Bane","Setup"],"picked":"Backflip","floor":11.0},{"not_picked":["Deflect","Doppelganger"],"picked":"PiercingWail","floor":13.0},{"not_picked":["Escape Plan","Outmaneuver"],"picked":"Dagger Spray","floor":14.0},{"not_picked":["Storm of Steel","Burst"],"picked":"Tools of the Trade+1","floor":16.0},{"not_picked":["Choke","Acrobatics"],"picked":"Cloak And Dagger+1","floor":18.0},{"not_picked":["Infinite Blades+1","Masterful Stab","Distraction"],"picked":"SKIP","floor":20.0},{"not_picked":["Sucker Punch","Dagger Spray"],"picked":"Finisher","floor":22.0},{"not_picked":["Dagger Throw","Dagger Spray"],"picked":"Well Laid Plans+1","floor":23.0},{"not_picked":["Masterful Stab","Deadly Poison"],"picked":"Backflip","floor":25.0},{"not_picked":["Doppelganger","Bane"],"picked":"Cloak And Dagger","floor":27.0},{"not_picked":["Slice","Predator"],"picked":"Backflip+1","floor":29.0},{"not_picked":["Distraction","Storm of Steel"],"picked":"Skewer","floor":30.0},{"not_picked":["Acrobatics","Sucker Punch","Dagger Throw"],"picked":"SKIP","floor":31.0},{"not_picked":["Storm of Steel","Glass Knife"],"picked":"Corpse Explosion","floor":33.0},{"not_picked":["Cloak And Dagger","Leg Sweep+1"],"picked":"Eviscerate","floor":35.0},{"not_picked":["Bane","Dagger Spray+1"],"picked":"Blade Dance","floor":36.0},{"not_picked":["Dagger Throw+1","Cloak And Dagger"],"picked":"Riddle With Holes","floor":37.0},{"not_picked":["Dagger Throw","Setup","Acrobatics"],"picked":"SKIP","floor":40.0},{"not_picked":["Riddle With Holes","Dodge and Roll+1"],"picked":"Blur+1","floor":42.0},{"not_picked":["Calculated Gamble","Cloak And Dagger","Sucker Punch"],"picked":"SKIP","floor":44.0},{"not_picked":["Leg Sweep","Sucker Punch"],"picked":"Choke+1","floor":45.0},{"not_picked":["Endless Agony+1","Dagger Spray"],"picked":"A Thousand Cuts+1","floor":47.0},{"not_picked":["Flying Knee","Outmaneuver"],"picked":"Choke+1","floor":48.0}],"player_experience":3201370,"relics_obtained":[{"floor":7.0,"key":"The Specimen"},{"floor":9.0,"key":"Frozen Egg 2"},{"floor":11.0,"key":"Mango"},{"floor":13.0,"key":"Anchor"},{"floor":25.0,"key":"Ginger"},{"floor":26.0,"key":"Shuriken"},{"floor":30.0,"key":"Lantern"},{"floor":39.0,"key":"Gambling Chip"},{"floor":45.0,"key":"Mercury Hourglass"},{"floor":47.0,"key":"Paper Crane"}],"event_choices":[{"cards_removed":["Strike_G"],"damage_healed":0.0,"max_hp_gain":0.0,"max_hp_loss":0.0,"gold_gain":0.0,"event_name":"The Cleric","player_choice":"Card Removal","floor":2.0,"gold_loss":75.0,"damage_taken":0.0},{"damage_healed":0.0,"max_hp_gain":5.0,"max_hp_loss":0.0,"gold_gain":0.0,"event_name":"Big Fish","player_choice":"Donut","floor":5.0,"gold_loss":0.0,"damage_taken":0.0},{"damage_healed":0.0,"max_hp_gain":0.0,"max_hp_loss":7.0,"gold_gain":0.0,"event_name":"Golden Idol","player_choice":"Lose Max HP","floor":12.0,"gold_loss":0.0,"damage_taken":0.0,"relics_obtained":["Golden Idol"]},{"damage_healed":0.0,"max_hp_gain":0.0,"max_hp_loss":0.0,"gold_gain":0.0,"event_name":"Designer","player_choice":"Upgraded Two","floor":19.0,"gold_loss":50.0,"damage_taken":0.0,"cards_upgraded":["Backflip","Defend_G"]},{"damage_healed":0.0,"max_hp_gain":0.0,"max_hp_loss":0.0,"gold_gain":0.0,"event_name":"WeMeetAgain","player_choice":"Gave Potion","floor":28.0,"gold_loss":0.0,"damage_taken":0.0,"relics_obtained":["InkBottle"]},{"damage_healed":0.0,"max_hp_gain":0.0,"max_hp_loss":0.0,"gold_gain":0.0,"event_name":"Mysterious Sphere","player_choice":"Fight","floor":39.0,"gold_loss":0.0,"damage_taken":0.0}],"is_beta":false,"boss_relics":[{"not_picked":["Fusion Hammer","Astrolabe"],"picked":"HoveringKite"},{"not_picked":["Tiny House","SacredBark"],"picked":"Snecko Eye"}],"items_purged_floors":[21,41],"is_endless":false,"potions_floor_spawned":[1,7,14,23,27,29,30,35,36,44,45],"killed_by":"Shield and Spear","ascension_level":20}}