{"host":"o9lehcdjc4u6j9un","time":1613045135,"event":{"mods":["Aspiration","BaseMod","Better-Laid Plans","Colored Map","Downfall","Gremlin Mod","Hermit","Marisa£®ÏF”Í°°ƒß¿Ì…≥£©","Minty Spire (QoL Compilation)","Reimu£®≤©¿ˆ¡È√Œ£©","Remilia£®¿Ÿ√◊¿Ú—«£©","StSLib","The Alterego","The Hierophant","The Runesmith","The Senshi","The Servant 0.9.4","Yakumo Yukari mod","Youmu£®ªÍ∆«—˝√Œ£©","≤–¡Ù÷ÆŒÔ"],"gold_per_floor":[119,10,24,24,38,81,101,101,125,125,125,150,186,86,86,205,205,205],"floor_reached":17,"language":"ZHS","playtime":2717,"items_purged":["hierophant:Strike_Hierophant","hierophant:Strike_Hierophant"],"score":165,"play_id":"e5974f66-ccf9-490d-92b0-e8872f921ba8","local_time":"20210211200535","is_ascension_mode":false,"campfire_choices":[{"floor":8,"key":"REST"},{"floor":10,"key":"REST"},{"floor":15,"key":"REST"}],"circlet_count":0,"master_deck":["hierophant:Punish","hierophant:Defend_Hierophant","hierophant:Defend_Hierophant","hierophant:Defend_Hierophant","hierophant:Defend_Hierophant","hierophant:ChurchCoffers","hierophant:SealAway","hierophant:Endure","hierophant:Encroach","hierophant:TollTheBells","hierophant:Exaltation","hierophant:FieryStrike","hierophant:Zeal","hierophant:SecretStash","hierophant:Determination"],"relics":["hierophant:PropheticMaskRelic","Golden Idol","Mummified Hand","PlaceholderMod:DeVermisMysteriis","Pen Nib","Empty Cage"],"acts_visited":["Exordium","TheCity"],"potions_floor_usage":[6,6,16],"damage_taken":[{"damage":0,"enemies":"2 Louse","floor":1,"turns":1},{"damage":4,"enemies":"Cultist","floor":3,"turns":5},{"damage":0,"enemies":"Small Slimes","floor":5,"turns":2},{"damage":27,"enemies":"Gremlin Nob","floor":6,"turns":5},{"damage":0,"enemies":"3 Louse","floor":7,"turns":2},{"damage":0,"enemies":"Large Slime","floor":12,"turns":7},{"damage":37,"enemies":"Lagavulin","floor":13,"turns":6},{"damage":47,"enemies":"Hexaghost","floor":16,"turns":9}],"seed_played":"9066261332870432792","potions_obtained":[{"floor":3,"key":"Explosive Potion"},{"floor":5,"key":"Explosive Potion"},{"floor":7,"key":"Dexterity Potion"},{"floor":12,"key":"Fire Potion"},{"floor":16,"key":"Guardian:BlockOnCardUsePotion"}],"is_trial":false,"path_per_floor":["M","$","M","?","M","E","M","R","T","R","?","M","E","$","R","B",null],"character_chosen":"HIEROPHANT","items_purchased":["hierophant:Endure"],"campfire_rested":3,"item_purchase_floors":[2],"current_hp_per_floor":[82,82,78,58,58,31,31,55,55,79,79,79,42,42,66,19,82,82],"gold":205,"neow_bonus":"TEN_PERCENT_HP_BONUS","is_daily":false,"chose_seed":false,"campfire_upgraded":0,"win_rate":0.0,"timestamp":1613045135,"path_taken":["M","$","M","?","M","E","M","R","T","R","?","?","E","$","R","BOSS"],"items_purchased_type":["Card"],"build_version":"2020-12-22","purchased_purges":2,"victory":false,"max_hp_per_floor":[82,82,82,82,82,82,82,82,82,82,82,82,82,82,82,82,82,82],"card_choices":[{"not_picked":["hierophant:RepressedViolence","hierophant:Sermon"],"picked":"hierophant:SealAway","floor":1},{"not_picked":["hierophant:ThreeLashes","hierophant:CursedGold"],"picked":"hierophant:Encroach","floor":3},{"not_picked":["hierophant:FieryStrike","hierophant:HolyVerse"],"picked":"hierophant:TollTheBells","floor":5},{"not_picked":["hierophant:ThreeLashes","hierophant:Bribe"],"picked":"hierophant:Exaltation","floor":6},{"not_picked":["hierophant:Remorse","hierophant:Prophecy"],"picked":"hierophant:FieryStrike","floor":7},{"not_picked":["hierophant:ThreeLashes","hierophant:HolyVerse"],"picked":"hierophant:Zeal","floor":12},{"not_picked":["hierophant:Upheaval","hierophant:Prophecy"],"picked":"hierophant:SecretStash","floor":13},{"not_picked":["hierophant:LocustPlague","hierophant:MintersHammer"],"picked":"hierophant:Determination","floor":16}],"player_experience":241216,"relics_obtained":[{"floor":6,"key":"Mummified Hand"},{"floor":13,"key":"Pen Nib"}],"event_choices":[{"damage_healed":0,"gold_gain":0,"player_choice":"Take Damage","damage_taken":20,"relics_obtained":["Golden Idol"],"max_hp_gain":0,"max_hp_loss":0,"event_name":"Golden Idol","floor":4,"gold_loss":0},{"damage_healed":0,"gold_gain":0,"player_choice":"Gave Potion","damage_taken":0,"relics_obtained":["PlaceholderMod:DeVermisMysteriis"],"max_hp_gain":0,"max_hp_loss":0,"event_name":"WeMeetAgain","floor":11,"gold_loss":0}],"is_beta":false,"boss_relics":[{"not_picked":["Sozu","Fusion Hammer"],"picked":"Empty Cage"}],"items_purged_floors":[2,14],"is_endless":false,"potions_floor_spawned":[3,5,7,12,16],"ascension_level":0}}