{"host":"06gxn1c1bsk424jw","time":1613056590,"event":{"mods":["BaseMod","DeckTracker","Minty Spire (QoL Compilation)","SuperFastMode"],"gold_per_floor":[118,131,148,168,168,199,199,214,238,238,256,256,270,289,289,362,362,375,375,375,395,395,395,413,413,413,230,330,10,26,46,46,46,46],"floor_reached":33,"language":"KOR","playtime":2382,"items_purged":["Decay"],"score":452,"play_id":"84e6b645-08d3-4c0b-bd3b-896080e311f5","local_time":"20210212001630","is_ascension_mode":true,"campfire_choices":[{"floor":7.0,"key":"REST"},{"floor":10.0,"key":"REST"},{"data":"Finisher","floor":15.0,"key":"SMITH"},{"data":"Dagger Spray","floor":23.0,"key":"SMITH"},{"floor":25.0,"key":"REST"},{"floor":32.0,"key":"REST"}],"circlet_count":0,"master_deck":["AscendersBane","Strike_G+1","Strike_G+1","Strike_G+1","Strike_G+1","Defend_G+1","Defend_G+1","Defend_G+1","Defend_G+1","Defend_G+1","Survivor","Neutralize+1","Deadly Poison","Dagger Spray+1","Infinite Blades","Backstab","Outmaneuver+1","Concentrate+1","Finisher+1","Malaise+1","CurseOfTheBell","Acrobatics+1","Tactician+1","Cloak And Dagger+1","Acrobatics+1","Cloak And Dagger+1","Footwork","Prepared+1","Reflex+1"],"relics":["Ring of the Snake","Toxic Egg 2","Anchor","Calling Bell","Juzu Bracelet","Darkstone Periapt","Unceasing Top","The Courier","Tingsha","Ninja Scroll","Bird Faced Urn"],"acts_visited":["Exordium","TheCity"],"potions_floor_usage":[33],"damage_taken":[{"damage":4.0,"enemies":"Small Slimes","floor":1.0,"turns":6.0},{"damage":0.0,"enemies":"Cultist","floor":2.0,"turns":4.0},{"damage":0.0,"enemies":"2 Louse","floor":3.0,"turns":3.0},{"damage":4.0,"enemies":"Exordium Thugs","floor":4.0,"turns":5.0},{"damage":28.0,"enemies":"Gremlin Nob","floor":6.0,"turns":5.0},{"damage":6.0,"enemies":"3 Louse","floor":8.0,"turns":2.0},{"damage":0.0,"enemies":"Looter","floor":11.0,"turns":2.0},{"damage":4.0,"enemies":"Large Slime","floor":13.0,"turns":5.0},{"damage":0.0,"enemies":"2 Fungi Beasts","floor":14.0,"turns":1.0},{"damage":27.0,"enemies":"Slime Boss","floor":16.0,"turns":10.0},{"damage":1.0,"enemies":"Chosen","floor":18.0,"turns":5.0},{"damage":11.0,"enemies":"3 Byrds","floor":21.0,"turns":7.0},{"damage":35.0,"enemies":"Sentry and Sphere","floor":24.0,"turns":6.0},{"damage":0.0,"enemies":"Colosseum Slavers","floor":28.0,"turns":4.0},{"damage":27.0,"enemies":"Colosseum Nobs","floor":28.0,"turns":7.0},{"damage":0.0,"enemies":"Snecko","floor":30.0,"turns":1.0},{"damage":0.0,"enemies":"Centurion and Healer","floor":31.0,"turns":6.0},{"damage":39,"enemies":"Champ","floor":33,"turns":10}],"seed_played":"3667297642067796246","potions_obtained":[{"floor":2.0,"key":"SpeedPotion"},{"floor":4.0,"key":"Dexterity Potion"},{"floor":18.0,"key":"Dexterity Potion"},{"floor":31.0,"key":"ColorlessPotion"}],"is_trial":false,"path_per_floor":["M","M","M","M","?","E","R","M","T","R","M","?","M","M","R","B",null,"M","?","?","M","?","R","M","R","T","$","?","$","M","M","R","B"],"character_chosen":"THE_SILENT","items_purchased":["Acrobatics+1","Cloak And Dagger+1","Footwork","Bird Faced Urn","LiquidMemories"],"campfire_rested":4,"item_purchase_floors":[27,27,27,29,29],"current_hp_per_floor":[55,55,55,51,31,3,22,16,16,35,35,35,31,31,31,4,51,50,56,56,45,45,45,10,31,31,31,4,4,4,8,29,0,0],"gold":46,"neow_bonus":"UPGRADE_CARD","is_daily":false,"chose_seed":false,"campfire_upgraded":2,"win_rate":0.0,"timestamp":1613056590,"path_taken":["M","M","M","M","?","E","R","M","T","R","M","?","?","M","R","BOSS","M","?","?","M","?","R","M","R","T","$","?","$","M","M","R","BOSS"],"items_purchased_type":["Card","Card","Card","Relic","Potion"],"build_version":"2020-12-22","purchased_purges":1,"victory":false,"max_hp_per_floor":[66,66,66,66,66,66,66,66,66,66,66,66,66,66,66,66,66,66,72,72,72,72,72,72,72,72,72,72,72,72,72,72,72,72],"card_choices":[{"not_picked":["Quick Slash","Terror"],"picked":"Deadly Poison","floor":1.0},{"not_picked":["Expertise","Blade Dance"],"picked":"Dagger Spray","floor":2.0},{"not_picked":["Bane","Reflex"],"picked":"Infinite Blades","floor":3.0},{"not_picked":["Heel Hook","Dagger Throw"],"picked":"Backstab","floor":4.0},{"not_picked":["Backstab","Distraction+1"],"picked":"Outmaneuver+1","floor":6.0},{"not_picked":["Masterful Stab","Flying Knee","Bane"],"picked":"SKIP","floor":8.0},{"not_picked":["Flying Knee","Heel Hook"],"picked":"Concentrate+1","floor":11.0},{"not_picked":["Dodge and Roll+1","Blade Dance+1"],"picked":"Finisher","floor":13.0},{"not_picked":["Underhanded Strike","Eviscerate","Poisoned Stab"],"picked":"SKIP","floor":14.0},{"not_picked":["Glass Knife","Corpse Explosion+1"],"picked":"Malaise+1","floor":16.0},{"not_picked":["Underhanded Strike","Dash"],"picked":"Acrobatics+1","floor":18.0},{"not_picked":["Caltrops","Bane","Underhanded Strike"],"picked":"SKIP","floor":21.0},{"not_picked":["Dash+1","Deadly Poison+1"],"picked":"Cloak And Dagger+1","floor":24.0},{"not_picked":["Finisher","Riddle With Holes"],"picked":"Prepared+1","floor":28.0},{"not_picked":["Deadly Poison+1","Crippling Poison+1","Outmaneuver+1"],"picked":"SKIP","floor":30.0},{"not_picked":["Skewer","Prepared+1"],"picked":"Reflex+1","floor":31.0}],"player_experience":837763,"relics_obtained":[{"floor":6.0,"key":"Toxic Egg 2"},{"floor":9.0,"key":"Anchor"},{"floor":17.0,"key":"Juzu Bracelet"},{"floor":17.0,"key":"Darkstone Periapt"},{"floor":17.0,"key":"Unceasing Top"},{"floor":26.0,"key":"The Courier"},{"floor":28.0,"key":"Tingsha"},{"floor":28.0,"key":"Ninja Scroll"}],"event_choices":[{"damage_healed":0.0,"max_hp_gain":0.0,"max_hp_loss":0.0,"gold_gain":0.0,"event_name":"Shining Light","player_choice":"Entered Light","floor":5.0,"gold_loss":0.0,"damage_taken":20.0,"cards_upgraded":["Strike_G","Strike_G"]},{"cards_removed":["Strike_G"],"damage_healed":0.0,"max_hp_gain":0.0,"max_hp_loss":0.0,"gold_gain":0.0,"event_name":"Purifier","player_choice":"Purged","floor":12.0,"gold_loss":0.0,"damage_taken":0.0},{"damage_healed":0.0,"max_hp_gain":0.0,"max_hp_loss":0.0,"gold_gain":0.0,"event_name":"Wheel of Change","player_choice":"Cursed","floor":19.0,"gold_loss":0.0,"damage_taken":0.0,"cards_obtained":["Decay"]},{"damage_healed":0.0,"max_hp_gain":0.0,"max_hp_loss":0.0,"gold_gain":0.0,"event_name":"The Library","player_choice":"Read","floor":20.0,"gold_loss":0.0,"damage_taken":0.0,"cards_obtained":["Tactician"]},{"damage_healed":0.0,"max_hp_gain":0.0,"max_hp_loss":0.0,"gold_gain":0.0,"event_name":"Back to Basics","player_choice":"Simplicity","floor":22.0,"gold_loss":0.0,"damage_taken":0.0,"cards_upgraded":["Strike_G","Strike_G","Defend_G","Defend_G","Defend_G","Defend_G","Defend_G"]},{"damage_healed":0.0,"max_hp_gain":0.0,"max_hp_loss":0.0,"gold_gain":0.0,"event_name":"Colosseum","player_choice":"Fight","floor":28.0,"gold_loss":0.0,"damage_taken":0.0},{"damage_healed":0.0,"max_hp_gain":0.0,"max_hp_loss":0.0,"gold_gain":0.0,"event_name":"Colosseum","player_choice":"Fought Nobs","floor":28.0,"gold_loss":0.0,"damage_taken":0.0}],"is_beta":false,"boss_relics":[{"not_picked":["SacredBark","Ring of the Serpent"],"picked":"Calling Bell"}],"items_purged_floors":[27],"is_endless":false,"potions_floor_spawned":[2,4,13,18,31],"killed_by":"Champ","ascension_level":16}}