{"host":"pah2xi72mkoh8qg3","time":1613072054,"event":{"mods":["BaseMod","Colored Powertips","Conspire","FoggyMod","Highlight Path","Minty Spire (QoL Compilation)","Reliquary","Replay The Spire","Shop Mod","StSLib","The Mystic","Waifu the Spire"],"gold_per_floor":[114,64,118,129,129,129,94,160,160,160,174,193,368,368,368,471,471,486,125,125,65,65,97,97,116,116,76,93,93,127,145,145,249,249,260,181,236,236,236,236,236,236,307,7,24,35,85,85,85,85,85,85,36,62,62,62],"floor_reached":55,"language":"ZHS","playtime":3700,"items_purged":["Shame","Amnesia"],"score":562,"play_id":"1c6e1c8c-4bfd-44a2-8cd4-8aa7a0a7a4d8","local_time":"20210212033414","is_ascension_mode":false,"campfire_choices":[{"floor":6,"key":"RECALL"},{"data":"mysticmod:EbbAndFlow","floor":15,"key":"SMITH"},{"floor":32,"key":"REST"},{"floor":40,"key":"REST"},{"floor":42,"key":"REST"},{"floor":49,"key":"REST"},{"floor":52,"key":"REST"}],"circlet_count":0,"master_deck":["mysticmod:ArcaneDodge","mysticmod:ShockingGrasp","mysticmod:Flurry","mysticmod:Daze","mysticmod:EbbAndFlow+1","mysticmod:EbbAndFlow","mysticmod:TomeOfSpells","mysticmod:Snowball","mysticmod:PreparedCaster","mysticmod:Discipline+1","mysticmod:DiviningBlow","mysticmod:MirrorStrike","mysticmod:Discipline+1","mysticmod:Fireball","mysticmod:SpontaneousCaster","mysticmod:VorpalThrust","mysticmod:TomeOfSpells","mysticmod:EarthenWall+1","mysticmod:DiviningBlow","mysticmod:Alacrity","mysticmod:PureInstinct","mysticmod:RapidCaster+1","mysticmod:Momentum","mysticmod:SuddenClarity+1","Madness","Madness","mysticmod:Daze+1","mysticmod:LightningBolt+1","mysticmod:Alacrity+1"],"relics":["mysticmod:SpellBook","Potion Belt","reliquary:RoseTintedGlasses","ReplayTheSpireMod:TigerMarble","Fusion Hammer","MerchantsRug","Bag of Preparation","reliquary:RosewoodLute","HornCleat","reliquary:PorcupineQuills","Garlic","reliquary:JackalopeAntler","reliquary:BallBearing","Anchor","reliquary:Sideboard","mysticmod:DeckOfManyThings","reliquary:BrokenClock","Sundial","BranchBurnRelic","Question Card","Pondfish Scales","ReplayTheSpireMod:CursedCoin","reliquary:PartyBalloon","reliquary:SilkGlove"],"acts_visited":["Exordium","TheCity","TheBeyond","TheEnding"],"potions_floor_usage":[16,23,30,31,31,33,37,50,50],"damage_taken":[{"damage":0,"enemies":"2 Louse","floor":1,"turns":3},{"damage":9,"enemies":"Jaw Worm","floor":4,"turns":3},{"damage":0,"enemies":"Cultist","floor":11,"turns":4},{"damage":11,"enemies":"2 Fungi Beasts","floor":12,"turns":3},{"damage":8,"enemies":"Hexaghost","floor":16,"turns":11},{"damage":20,"enemies":"conspire:FuzzyDice","floor":18,"turns":4},{"damage":28,"enemies":"conspire:Head Lice","floor":23,"turns":4},{"damage":2,"enemies":"Shell Parasite","floor":25,"turns":3},{"damage":6,"enemies":"conspire:HollyBat","floor":28,"turns":6},{"damage":7,"enemies":"Replay:Snechameleon","floor":30,"turns":5},{"damage":1,"enemies":"Snecko","floor":31,"turns":5},{"damage":33,"enemies":"Champ","floor":33,"turns":12},{"damage":5,"enemies":"3 Darklings","floor":35,"turns":4},{"damage":67,"enemies":"2 Orb Walkers","floor":37,"turns":5},{"damage":25,"enemies":"3 Shapes","floor":45,"turns":3},{"damage":48,"enemies":"Sphere and 2 Shapes","floor":46,"turns":5},{"damage":61,"enemies":"Replay:Hell Engine","floor":50,"turns":12},{"damage":49,"enemies":"Shield and Spear","floor":54,"turns":6},{"damage":51,"enemies":"The Heart","floor":55,"turns":5}],"seed_played":"7779917034922829055","potions_obtained":[{"floor":8,"key":"FairyPotion"},{"floor":12,"key":"AttackPotion"},{"floor":16,"key":"Swift Potion"},{"floor":23,"key":"SkillPotion"},{"floor":27,"key":"DistilledChaos"},{"floor":27,"key":"Adrenaline Potion"},{"floor":27,"key":"DuplicationPotion"},{"floor":30,"key":"FairyPotion"},{"floor":31,"key":"Block Potion"},{"floor":33,"key":"Strength Potion"},{"floor":37,"key":"Adrenaline Potion"},{"floor":46,"key":"Elixir"}],"is_trial":false,"path_per_floor":["M","?","T","M","?","R","$","?","T","T","M","M","?","?","R","B",null,"M","$","T","?","?","E","T","M","T","?","M","?","E","M","R","B",null,"M","$","?","?","T","R","?","R","T","$","M","M","$","T","R","B",null,"R","$","E","B"],"character_chosen":"MYSTIC_CLASS","items_purchased":["mysticmod:EbbAndFlow","MerchantsRug","Guide Book","Bag of Preparation","reliquary:RosewoodLute","reliquary:BrokenClock","Pondfish Scales","ReplayTheSpireMod:CursedCoin","reliquary:PartyBalloon"],"campfire_rested":5,"item_purchase_floors":[7,19,19,19,19,36,44,47,53],"current_hp_per_floor":[84,84,84,75,84,84,84,63,63,63,63,52,52,52,52,44,84,64,64,64,64,64,36,36,34,34,34,28,28,21,23,48,15,84,82,82,15,15,15,40,29,54,54,54,38,16,16,16,41,25,84,84,84,51,0,0],"gold":62,"neow_bonus":"TEN_PERCENT_HP_BONUS","is_daily":false,"chose_seed":false,"campfire_upgraded":1,"win_rate":0.0,"timestamp":1613072054,"path_taken":["M","?","?","?","?","R","?","?","T","?","?","?","?","?","R","BOSS","M","$","?","?","?","E","?","?","T","?","?","?","E","?","R","BOSS","M","$","?","?","?","R","?","R","T","$","?","?","?","?","R","BOSS","R","$","E","BOSS"],"items_purchased_type":["Card","Relic","Relic","Relic","Relic","Relic","Relic","Relic","Relic"],"build_version":"2020-12-22","purchased_purges":2,"victory":false,"max_hp_per_floor":[84,84,84,84,84,84,84,84,84,84,84,84,84,84,84,84,84,84,84,84,84,84,84,84,84,84,84,84,84,84,84,84,84,84,84,84,84,84,84,84,84,84,84,84,84,84,84,84,84,84,84,84,84,84,84,84],"card_choices":[{"not_picked":["mysticmod:Daze","mysticmod:PureInstinct"],"picked":"mysticmod:Flurry","floor":1},{"not_picked":["mysticmod:Sideswipe","mysticmod:Disengage"],"picked":"mysticmod:Daze","floor":4},{"not_picked":["mysticmod:DiviningBlow","mysticmod:VorpalThrust"],"picked":"mysticmod:EbbAndFlow","floor":8},{"not_picked":["mysticmod:Shield","mysticmod:MagicWeapon"],"picked":"mysticmod:TomeOfSpells","floor":8},{"not_picked":["mysticmod:SuddenClarity","mysticmod:EnergizedRift"],"picked":"mysticmod:Snowball","floor":11},{"not_picked":["mysticmod:StyleChange","mysticmod:MagicWeapon"],"picked":"mysticmod:PreparedCaster","floor":12},{"not_picked":["mysticmod:Disintegrate","mysticmod:EnchantedMoulinet"],"picked":"mysticmod:Discipline","floor":16},{"not_picked":["mysticmod:Snowball","mysticmod:VorpalThrust"],"picked":"mysticmod:EarthenWall+1","floor":18},{"not_picked":["mysticmod:BulkUp","mysticmod:Snowball"],"picked":"mysticmod:DiviningBlow","floor":23},{"not_picked":["mysticmod:PowerSlash","mysticmod:DiviningBlow"],"picked":"mysticmod:Alacrity","floor":25},{"not_picked":["mysticmod:Shield","mysticmod:VorpalThrust"],"picked":"mysticmod:PureInstinct","floor":28},{"not_picked":["mysticmod:Daze","mysticmod:LightningBolt"],"picked":"mysticmod:Disintegrate","floor":30},{"not_picked":["mysticmod:HunkerDown","mysticmod:KeenEdge"],"picked":"mysticmod:RapidCaster+1","floor":31},{"not_picked":["mysticmod:SpellRecall","mysticmod:SpontaneousCaster"],"picked":"mysticmod:Momentum","floor":33},{"not_picked":["mysticmod:Riposte","mysticmod:Probe"],"picked":"mysticmod:SuddenClarity+1","floor":35},{"not_picked":["mysticmod:PureInstinct","mysticmod:Sideswipe"],"picked":"mysticmod:Alacrity+1","floor":37},{"not_picked":["mysticmod:Riposte+1","mysticmod:Sideswipe+1","mysticmod:Alacrity+1"],"picked":"mysticmod:Daze+1","floor":45},{"not_picked":["mysticmod:PureInstinct","mysticmod:BulkUp","mysticmod:Riposte"],"picked":"mysticmod:LightningBolt+1","floor":46},{"not_picked":["mysticmod:Probe","mysticmod:PowerAttack+1","mysticmod:Flourish+1"],"picked":"mysticmod:ClosingBarrage","floor":54}],"player_experience":333058,"relics_obtained":[{"floor":3,"key":"Potion Belt"},{"floor":8,"key":"reliquary:RoseTintedGlasses"},{"floor":10,"key":"ReplayTheSpireMod:TigerMarble"},{"floor":20,"key":"HornCleat"},{"floor":23,"key":"Garlic"},{"floor":24,"key":"reliquary:JackalopeAntler"},{"floor":26,"key":"reliquary:BallBearing"},{"floor":30,"key":"reliquary:Sideboard"},{"floor":37,"key":"Dead Branch"},{"floor":39,"key":"Sundial"},{"floor":43,"key":"Question Card"},{"floor":48,"key":"Molten Egg 2"},{"floor":54,"key":"reliquary:SilkGlove"}],"event_choices":[{"cards_removed":["mysticmod:Defend_Mystic"],"damage_healed":0,"gold_gain":0,"player_choice":"Card Removal","damage_taken":0,"max_hp_gain":0,"max_hp_loss":0,"event_name":"The Cleric","floor":2,"gold_loss":50},{"damage_healed":9,"gold_gain":0,"player_choice":"Full Heal","damage_taken":0,"max_hp_gain":0,"max_hp_loss":0,"event_name":"Wheel of Change","floor":5,"gold_loss":0},{"damage_healed":0,"gold_gain":175,"player_choice":"AGREE","damage_taken":0,"max_hp_gain":0,"max_hp_loss":0,"event_name":"Liars Game","floor":13,"gold_loss":0,"cards_obtained":["Doubt"]},{"cards_removed":["Doubt"],"damage_healed":0,"gold_gain":0,"player_choice":"Took Card","damage_taken":0,"max_hp_gain":0,"max_hp_loss":0,"event_name":"NoteForYourself","floor":14,"gold_loss":0,"cards_obtained":["Strike_R"]},{"damage_healed":0,"gold_gain":0,"player_choice":"Stole Relic","damage_taken":0,"relics_obtained":["reliquary:PorcupineQuills"],"max_hp_gain":0,"max_hp_loss":0,"event_name":"Addict","floor":22,"gold_loss":0,"cards_obtained":["Shame"]},{"damage_healed":0,"gold_gain":0,"player_choice":"Bought 3 Potions","damage_taken":0,"max_hp_gain":0,"max_hp_loss":0,"event_name":"The Woman in Blue","floor":27,"gold_loss":0},{"damage_healed":0,"gold_gain":0,"player_choice":"Opened","damage_taken":0,"relics_obtained":["Anchor"],"max_hp_gain":0,"max_hp_loss":0,"event_name":"The Mausoleum","floor":29,"gold_loss":0},{"damage_healed":0,"gold_gain":0,"player_choice":"Fight","damage_taken":0,"max_hp_gain":0,"max_hp_loss":0,"event_name":"Mysterious Sphere","floor":37,"gold_loss":0},{"cards_removed":["mysticmod:Feint"],"damage_healed":0,"gold_gain":0,"player_choice":"Removed Attack","damage_taken":0,"max_hp_gain":0,"max_hp_loss":0,"event_name":"Falling","floor":38,"gold_loss":0},{"damage_healed":0,"gold_gain":0,"player_choice":"Embrace Madness","damage_taken":11,"max_hp_gain":0,"max_hp_loss":0,"event_name":"Winding Halls","floor":41,"gold_loss":0,"cards_obtained":["Madness","Madness"]}],"is_beta":false,"boss_relics":[{"not_picked":["Replay:Drink Me","Runic Dome"],"picked":"Replay:Grab Bag"},{"not_picked":["Sozu","Cursed Key"],"picked":"Fusion Hammer"},{"not_picked":["Busted Crown","Velvet Choker"],"picked":"ChewingGum"},{"not_picked":["SacredBark","Empty Cage"],"picked":"Pandora\u0027s Box"},{"not_picked":["reliquary:Craggleroot","ReplayTheSpireMod:DimensionalGlitch"],"picked":"mysticmod:DeckOfManyThings"}],"items_purged_floors":[36,47],"is_endless":false,"potions_floor_spawned":[12,16,23,28,30,31,33,37,46],"killed_by":"The Heart","ascension_level":0}}