{"host":"h4lp0eeso8a0ssq0","time":1613070368,"event":{"mods":["2.2 Compatiblity","AchievementEnabler","BaseMod","CapriCore","Colored Map","Minty Spire (QoL Compilation)","StSLib","SuperFastMode"],"gold_per_floor":[119,133,208,133,133,166,180,205,205,267,287,155,174,174,174,252,252,252,73,0,0],"floor_reached":20,"language":"KOR","playtime":501,"items_purged":["Strike_G","Strike_G"],"score":414,"play_id":"7e7b8c2b-1c0f-446d-8424-424c57b0f2cb","local_time":"20210212040608","is_ascension_mode":true,"campfire_choices":[{"data":"Acrobatics","floor":15.0,"key":"SMITH"}],"circlet_count":0,"master_deck":["AscendersBane","Defend_G","Defend_G","Defend_G","Defend_G","Defend_G","Survivor","Neutralize","Backstab","PiercingWail","Tactician","Acrobatics+1","Masterful Stab","Grand Finale","Deflect","Dagger Throw","After Image","CurseOfTheBell","Backflip","Concentrate"],"relics":["Ring of the Snake","NeowsBlessing","Mercury Hourglass","Meat on the Bone","Pantograph","Lizard Tail","Calling Bell","CeramicFish","Kunai","Incense Burner"],"acts_visited":["Exordium","TheCity"],"potions_floor_usage":[],"damage_taken":[{"damage":0.0,"enemies":"Small Slimes","floor":1.0,"turns":1.0},{"damage":0.0,"enemies":"Jaw Worm","floor":2.0,"turns":1.0},{"damage":0.0,"enemies":"Lagavulin","floor":6.0,"turns":1.0},{"damage":0.0,"enemies":"2 Louse","floor":7.0,"turns":2.0},{"damage":6.0,"enemies":"Gremlin Nob","floor":8.0,"turns":3.0},{"damage":8.0,"enemies":"Gremlin Nob","floor":10.0,"turns":3.0},{"damage":0.0,"enemies":"Large Slime","floor":11.0,"turns":7.0},{"damage":7.0,"enemies":"Looter","floor":13.0,"turns":3.0},{"damage":49.0,"enemies":"The Guardian","floor":16.0,"turns":20.0},{"damage":0.0,"enemies":"Chosen","floor":18.0,"turns":1.0},{"damage":13,"enemies":"2 Thieves","floor":20,"turns":3}],"seed_played":"-626197636088733630","potions_obtained":[{"floor":1.0,"key":"Regen Potion"},{"floor":6.0,"key":"ColorlessPotion"},{"floor":10.0,"key":"SmokeBomb"}],"is_trial":false,"path_per_floor":["M","M","?","?","?","E","M","E","T","?","M","$","M","?","R","B",null,"M","$","M"],"character_chosen":"THE_SILENT","items_purchased":["FearPotion","Backflip","Concentrate"],"campfire_rested":0,"item_purchase_floors":[12,19,19],"current_hp_per_floor":[59,59,48,48,48,48,48,42,42,43,43,43,36,29,29,17,54,54,54,41,41],"gold":0,"neow_bonus":"THREE_ENEMY_KILL","is_daily":false,"chose_seed":false,"campfire_upgraded":1,"win_rate":0.0,"timestamp":1613070368,"path_taken":["M","M","?","?","?","E","M","E","T","?","M","$","M","?","R","BOSS","M","$","M"],"items_purchased_type":["Potion","Card","Card"],"build_version":"2020-12-22","purchased_purges":2,"victory":false,"max_hp_per_floor":[66,66,66,66,66,66,66,66,66,66,66,66,66,66,66,66,66,66,66,66,66],"card_choices":[{"not_picked":["Expertise","Dodge and Roll"],"picked":"Backstab","floor":1.0},{"not_picked":["Skewer","Prepared"],"picked":"PiercingWail","floor":2.0},{"not_picked":["Sucker Punch","Underhanded Strike"],"picked":"Acrobatics","floor":6.0},{"not_picked":["Crippling Poison","Backflip"],"picked":"Masterful Stab","floor":7.0},{"not_picked":["Caltrops","Poisoned Stab"],"picked":"Grand Finale","floor":8.0},{"not_picked":["All Out Attack","Slice"],"picked":"Deflect","floor":11.0},{"not_picked":["Leg Sweep","Blade Dance"],"picked":"Dagger Throw","floor":13.0},{"not_picked":["Doppelganger","Burst"],"picked":"After Image","floor":16.0}],"player_experience":224294,"relics_obtained":[{"floor":6.0,"key":"Mercury Hourglass"},{"floor":8.0,"key":"Meat on the Bone"},{"floor":9.0,"key":"Pantograph"},{"floor":10.0,"key":"Lizard Tail"},{"floor":17.0,"key":"CeramicFish"},{"floor":17.0,"key":"Kunai"},{"floor":17.0,"key":"Incense Burner"}],"event_choices":[{"damage_healed":0.0,"max_hp_gain":0.0,"max_hp_loss":0.0,"gold_gain":75.0,"event_name":"World of Goop","player_choice":"Gather Gold","floor":3.0,"gold_loss":0.0,"damage_taken":11.0},{"cards_removed":["Strike_G"],"damage_healed":0.0,"max_hp_gain":0.0,"max_hp_loss":0.0,"gold_gain":0.0,"event_name":"The Cleric","player_choice":"Card Removal","floor":4.0,"gold_loss":75.0,"damage_taken":0.0},{"damage_healed":0.0,"max_hp_gain":0.0,"max_hp_loss":0.0,"gold_gain":0.0,"cards_transformed":["Strike_G"],"event_name":"Living Wall","player_choice":"Change","floor":5.0,"gold_loss":0.0,"damage_taken":0.0,"cards_obtained":["Tactician"]},{"damage_healed":0.0,"max_hp_gain":0.0,"max_hp_loss":0.0,"gold_gain":0.0,"event_name":"Dead Adventurer","player_choice":"Searched \u00271\u0027 times","floor":10.0,"gold_loss":0.0,"damage_taken":0.0},{"cards_removed":["Strike_G"],"damage_healed":0.0,"max_hp_gain":0.0,"max_hp_loss":0.0,"gold_gain":0.0,"event_name":"Golden Wing","player_choice":"Card Removal","floor":14.0,"gold_loss":0.0,"damage_taken":7.0}],"is_beta":false,"boss_relics":[{"not_picked":["WristBlade","Snecko Eye"],"picked":"Calling Bell"}],"items_purged_floors":[12,19],"is_endless":false,"potions_floor_spawned":[1,6,10,13,18],"killed_by":"2 Thieves","ascension_level":20}}