{"host":"prxrhpgaxnj4om9r","time":1613057569,"event":{"mods":["AchievementEnabler","BaseMod","DeckTracker","Keyboard Shortcuts","Minty Spire (QoL Compilation)"],"gold_per_floor":[114,114,114,14,39,39,72,72,97,172,172,193,242,269,269,406,406,438,438,278,306,306,345,345,370,370,389,389,389,389,416,416,416,416],"floor_reached":33,"language":"KOR","playtime":1479,"items_purged":["Regret"],"score":287,"play_id":"8e14b89d-514e-4d5d-8591-2eb3113b987d","local_time":"20210212003249","is_ascension_mode":true,"campfire_choices":[{"floor":6,"key":"REST"},{"data":"Backflip","floor":8,"key":"SMITH"},{"floor":15,"key":"REST"},{"floor":24,"key":"REST"},{"floor":28,"key":"RECALL"},{"data":"Glass Knife","floor":30,"key":"SMITH"},{"data":"Poisoned Stab","floor":32,"key":"SMITH"}],"circlet_count":0,"master_deck":["Strike_G","Strike_G","Strike_G","Strike_G+1","Strike_G","Defend_G","Defend_G","Defend_G","Defend_G","Defend_G","Survivor","Neutralize+1","Backflip+1","Poisoned Stab+1","Dagger Spray+1","Bouncing Flask","Quick Slash","Backstab","PiercingWail","Glass Knife+1","Leg Sweep","Underhanded Strike","Bane","Sucker Punch","Predator+1","Riddle With Holes","Deflect"],"relics":["Ring of the Snake","Pocketwatch","Bloody Idol","Whetstone","Vajra","CeramicFish","Philosopher\u0027s Stone","Nilry\u0027s Codex","Pen Nib","The Courier"],"acts_visited":["Exordium","TheCity"],"potions_floor_usage":[16,16,23,25,31,33,33,33],"damage_taken":[{"damage":0,"enemies":"2 Louse","floor":1,"turns":4},{"damage":0,"enemies":"Jaw Worm","floor":5,"turns":3},{"damage":26,"enemies":"Lagavulin","floor":7,"turns":6},{"damage":0,"enemies":"Small Slimes","floor":12,"turns":1},{"damage":14,"enemies":"Gremlin Nob","floor":13,"turns":4},{"damage":0,"enemies":"2 Fungi Beasts","floor":14,"turns":2},{"damage":18,"enemies":"Hexaghost","floor":16,"turns":8},{"damage":0,"enemies":"3 Byrds","floor":18,"turns":4},{"damage":12,"enemies":"Shell Parasite","floor":21,"turns":5},{"damage":29,"enemies":"Gremlin Leader","floor":23,"turns":5},{"damage":0,"enemies":"3 Cultists","floor":25,"turns":4},{"damage":18,"enemies":"Centurion and Healer","floor":27,"turns":3},{"damage":12,"enemies":"Snake Plant","floor":31,"turns":4},{"damage":67,"enemies":"Champ","floor":33,"turns":8}],"seed_played":"-3294720809411239147","potions_obtained":[{"floor":7,"key":"GamblersBrew"},{"floor":13,"key":"DistilledChaos"},{"floor":16,"key":"Regen Potion"},{"floor":21,"key":"FearPotion"},{"floor":23,"key":"Strength Potion"},{"floor":29,"key":"Weak Potion"},{"floor":29,"key":"AttackPotion"},{"floor":31,"key":"DistilledChaos"}],"is_trial":false,"path_per_floor":["M","?","?","$","M","R","E","R","T","?","?","M","E","M","R","B",null,"M","?","$","M","?","E","R","M","T","M","R","?","R","M","R","B"],"character_chosen":"THE_SILENT","items_purchased":["Poisoned Stab","Pen Nib","Underhanded Strike"],"campfire_rested":3,"item_purchase_floors":[4,20,20],"current_hp_per_floor":[70,70,53,53,53,70,44,44,44,33,33,33,19,19,40,22,70,70,54,54,42,42,23,44,54,54,46,46,46,46,44,44,0,0],"gold":416,"neow_bonus":"UPGRADE_CARD","is_daily":false,"chose_seed":false,"campfire_upgraded":3,"win_rate":0.0,"timestamp":1613057569,"path_taken":["M","?","?","$","M","R","E","R","T","?","?","?","E","M","R","BOSS","M","?","$","M","?","E","R","M","T","M","R","?","R","?","R","BOSS"],"items_purchased_type":["Card","Relic","Card"],"build_version":"2020-12-22","purchased_purges":1,"victory":false,"max_hp_per_floor":[70,70,70,70,70,70,70,70,70,70,70,70,70,70,70,70,70,70,70,70,70,70,70,70,70,70,70,70,70,70,70,70,70,70],"card_choices":[{"not_picked":["Dagger Throw","Prepared"],"picked":"Backflip","floor":1},{"not_picked":["Underhanded Strike","Quick Slash"],"picked":"Dagger Spray","floor":5},{"not_picked":["Concentrate","PiercingWail"],"picked":"Bouncing Flask","floor":7},{"not_picked":["Doppelganger","Deflect"],"picked":"Quick Slash","floor":12},{"not_picked":["Acrobatics","Prepared"],"picked":"Backstab","floor":13},{"not_picked":["Deadly Poison","Bouncing Flask"],"picked":"PiercingWail","floor":14},{"not_picked":["Doppelganger","Night Terror"],"picked":"Glass Knife","floor":16},{"not_picked":["Backflip","Accuracy"],"picked":"Leg Sweep","floor":18},{"not_picked":["Backflip","Deflect"],"picked":"Bane","floor":21},{"not_picked":["Slice","Quick Slash"],"picked":"Sucker Punch","floor":23},{"not_picked":["PiercingWail","Burst"],"picked":"Predator+1","floor":25},{"not_picked":["Outmaneuver","Cloak And Dagger+1"],"picked":"Riddle With Holes","floor":27},{"not_picked":["Reflex","Underhanded Strike"],"picked":"Deflect","floor":31}],"player_experience":391943,"relics_obtained":[{"floor":7,"key":"Whetstone"},{"floor":9,"key":"Vajra"},{"floor":13,"key":"CeramicFish"},{"floor":19,"key":"Nilry\u0027s Codex"},{"floor":23,"key":"The Courier"}],"event_choices":[{"damage_healed":0,"gold_gain":0,"player_choice":"Box","damage_taken":0,"relics_obtained":["Pocketwatch"],"max_hp_gain":0,"max_hp_loss":0,"event_name":"Big Fish","floor":2,"gold_loss":0,"cards_obtained":["Regret"]},{"damage_healed":0,"gold_gain":0,"player_choice":"Take Damage","damage_taken":17,"relics_obtained":["Golden Idol"],"max_hp_gain":0,"max_hp_loss":0,"event_name":"Golden Idol","floor":3,"gold_loss":0},{"damage_healed":0,"gold_gain":75,"player_choice":"Gather Gold","damage_taken":11,"max_hp_gain":0,"max_hp_loss":0,"event_name":"World of Goop","floor":10,"gold_loss":0},{"damage_healed":0,"gold_gain":0,"player_choice":"Ignored","damage_taken":0,"max_hp_gain":0,"max_hp_loss":0,"event_name":"NoteForYourself","floor":11,"gold_loss":0},{"damage_healed":0,"gold_gain":0,"player_choice":"Obtained Book","damage_taken":16,"max_hp_gain":0,"max_hp_loss":0,"event_name":"Cursed Tome","floor":19,"gold_loss":0},{"damage_healed":0,"gold_gain":0,"player_choice":"Gave Idol","damage_taken":0,"relics_obtained":["Bloody Idol"],"max_hp_gain":0,"max_hp_loss":0,"event_name":"Forgotten Altar","floor":22,"relics_lost":["Golden Idol"],"gold_loss":0},{"damage_healed":0,"gold_gain":0,"player_choice":"Got Potions","damage_taken":0,"max_hp_gain":0,"max_hp_loss":0,"event_name":"Lab","floor":29,"gold_loss":0}],"is_beta":false,"boss_relics":[{"not_picked":["Ectoplasm","Sozu"],"picked":"Philosopher\u0027s Stone"}],"items_purged_floors":[4],"is_endless":false,"potions_floor_spawned":[7,13,16,21,23,31],"killed_by":"Champ","ascension_level":1}}