{"host":"rolltorest","time":1613008681,"event":{"mods":["BaseMod","Minty Spire (QoL Compilation)","Relic Stats","Slay the Relics Exporter","StSLib"],"gold_per_floor":[111,111,111,125,148,188,188,208,208,208,23,23,36,36,36],"floor_reached":14,"language":"ENG","playtime":334,"items_purged":[],"score":180,"play_id":"1740fa4c-0d9a-4825-a4b0-8c06bbdb3509","local_time":"20210210175801","is_ascension_mode":true,"campfire_choices":[{"data":"Darkness","floor":7,"key":"SMITH"},{"floor":12,"key":"REST"}],"circlet_count":0,"master_deck":["AscendersBane","Zap","Dualcast","Consume","Double Energy","Darkness+1","White Noise","Undo","Machine Learning","Beam Cell","Compile Driver","Hologram","Sweeping Beam","Doom and Gloom","Flash of Steel","Defragment"],"relics":["Pandora\u0027s Box","Golden Idol","Ancient Tea Set","Shuriken"],"acts_visited":["Exordium"],"potions_floor_usage":[],"damage_taken":[{"damage":10,"enemies":"Small Slimes","floor":1,"turns":3},{"damage":12,"enemies":"Jaw Worm","floor":4,"turns":3},{"damage":3,"enemies":"Cultist","floor":5,"turns":5},{"damage":7,"enemies":"Lagavulin","floor":6,"turns":6},{"damage":12,"enemies":"Exordium Wildlife","floor":8,"turns":4},{"damage":0,"enemies":"Blue Slaver","floor":13,"turns":2},{"damage":14,"enemies":"3 Sentries","floor":14,"turns":4}],"seed_played":"1505609781438221430","potions_obtained":[{"floor":5,"key":"Explosive Potion"},{"floor":8,"key":"FocusPotion"}],"is_trial":false,"path_per_floor":["M","?","?","M","M","E","R","M","T","?","$","R","M","E"],"character_chosen":"DEFECT","items_purchased":["Doom and Gloom","Flash of Steel"],"campfire_rested":1,"item_purchase_floors":[11,11],"current_hp_per_floor":[54,47,47,35,32,25,25,13,13,4,4,23,23,9,9],"gold":36,"neow_bonus":"BOSS_RELIC","is_daily":false,"chose_seed":false,"campfire_upgraded":1,"win_rate":0.0,"timestamp":1613008681,"path_taken":["M","?","?","M","?","E","R","M","T","?","$","R","?","E"],"items_purchased_type":["Card","Card"],"build_version":"2020-12-18","purchased_purges":0,"victory":false,"max_hp_per_floor":[71,71,64,64,64,64,64,64,64,64,64,64,64,64,64],"relic_stats":{"counters":[7,27],"Golden Idol":23,"Shuriken":[0],"Pandora\u0027s Box":["Consume","Double Energy","Darkness","White Noise","Undo","Machine Learning","Beam Cell","Storm"],"obtain_stats":[{"Golden Idol":3,"Shuriken":9,"Pandora\u0027s Box":0,"Cracked Core":0,"Ancient Tea Set":6},{"Golden Idol":1,"Shuriken":5,"Pandora\u0027s Box":0,"Cracked Core":0,"Ancient Tea Set":4},{"Golden Idol":3,"Shuriken":21,"Pandora\u0027s Box":0,"Cracked Core":0,"Ancient Tea Set":17}]},"card_choices":[{"not_picked":["Chaos","Steam"],"picked":"Compile Driver","floor":1},{"not_picked":["Compile Driver","Barrage"],"picked":"Hologram","floor":4},{"not_picked":["Force Field","FTL"],"picked":"Sweeping Beam","floor":5},{"not_picked":["Scrape","Tempest","Turbo"],"picked":"SKIP","floor":6},{"not_picked":["Tempest","Barrage","Stack"],"picked":"SKIP","floor":8},{"not_picked":["Rebound","Redo"],"picked":"Defragment","floor":13}],"player_experience":1944513,"relics_obtained":[{"floor":6,"key":"Ancient Tea Set"},{"floor":9,"key":"Shuriken"}],"event_choices":[{"cards_removed":["Storm"],"damage_healed":0,"gold_gain":0,"player_choice":"Card Removal","damage_taken":7,"max_hp_gain":0,"max_hp_loss":0,"event_name":"Golden Wing","floor":2,"gold_loss":0},{"damage_healed":0,"gold_gain":0,"player_choice":"Lose Max HP","damage_taken":0,"relics_obtained":["Golden Idol"],"max_hp_gain":0,"max_hp_loss":7,"event_name":"Golden Idol","floor":3,"gold_loss":0},{"damage_healed":0,"gold_gain":0,"player_choice":"Damaged","damage_taken":9,"max_hp_gain":0,"max_hp_loss":0,"event_name":"Wheel of Change","floor":10,"gold_loss":0}],"is_beta":true,"boss_relics":[],"items_purged_floors":[],"is_endless":false,"potions_floor_spawned":[5,8],"killed_by":"3 Sentries","ascension_level":20}}