{"host":"rolltorest","time":1613079085,"event":{"mods":["BaseMod","Minty Spire (QoL Compilation)","Relic Stats","Slay the Relics Exporter","StSLib"],"gold_per_floor":[114,114,114,129,152,152,152,190,190,30,105,105,105],"floor_reached":12,"language":"ENG","playtime":250,"items_purged":["Strike_R"],"score":152,"play_id":"48a6fd74-21a8-4dda-9ed6-0a520f39c130","local_time":"20210211133125","is_ascension_mode":true,"campfire_choices":[{"data":"Anger","floor":7,"key":"SMITH"}],"circlet_count":0,"master_deck":["AscendersBane","Strike_R","Strike_R","Strike_R","Defend_R","Defend_R","Defend_R","Defend_R","Bash","Anger+1","Evolve","Reckless Charge","Offering","Feed"],"relics":["Runic Dome","Mummified Hand","Golden Idol","Regal Pillow","Bottled Lightning"],"acts_visited":["Exordium"],"potions_floor_usage":[8],"damage_taken":[{"damage":2,"enemies":"2 Louse","floor":1,"turns":3},{"damage":6,"enemies":"Small Slimes","floor":4,"turns":4},{"damage":2,"enemies":"Jaw Worm","floor":5,"turns":3},{"damage":8,"enemies":"Gremlin Nob","floor":8,"turns":3},{"damage":11,"enemies":"3 Sentries","floor":12,"turns":4}],"seed_played":"-2815793119147854948","potions_obtained":[{"floor":5,"key":"DistilledChaos"}],"is_trial":false,"path_per_floor":["M","?","?","M","M","?","R","E","T","$","?","E"],"character_chosen":"IRONCLAD","items_purchased":["Feed"],"campfire_rested":0,"item_purchase_floors":[10],"current_hp_per_floor":[66,55,55,49,47,40,40,32,32,32,21,10,10],"gold":105,"neow_bonus":"BOSS_RELIC","is_daily":false,"chose_seed":false,"campfire_upgraded":1,"win_rate":0.0,"timestamp":1613079085,"path_taken":["M","?","?","M","M","?","R","E","T","$","?","E"],"items_purchased_type":["Card"],"build_version":"2020-12-18","purchased_purges":1,"victory":false,"max_hp_per_floor":[75,75,68,68,68,68,68,68,68,68,68,68,68],"relic_stats":{"Regal Pillow":0,"counters":[5,17],"Mummified Hand":[1],"Golden Idol":16,"obtain_stats":[{"Runic Dome":0,"Regal Pillow":8,"Mummified Hand":2,"Golden Idol":3,"Bottled Lightning":9,"Burning Blood":0},{"Runic Dome":0,"Regal Pillow":4,"Mummified Hand":1,"Golden Idol":1,"Bottled Lightning":4,"Burning Blood":0},{"Runic Dome":0,"Regal Pillow":13,"Mummified Hand":3,"Golden Idol":3,"Bottled Lightning":13,"Burning Blood":0}]},"card_choices":[{"not_picked":["Twin Strike","Warcry"],"picked":"Anger","floor":1},{"not_picked":["Twin Strike","True Grit"],"picked":"Evolve","floor":4},{"not_picked":["Wild Strike","Perfected Strike"],"picked":"Reckless Charge","floor":5},{"not_picked":["Metallicize","Searing Blow"],"picked":"Offering","floor":8}],"player_experience":1955602,"relics_obtained":[{"floor":8,"key":"Regal Pillow"},{"floor":9,"key":"Bottled Lightning"}],"event_choices":[{"damage_healed":0,"gold_gain":0,"player_choice":"Success","damage_taken":11,"relics_obtained":["Mummified Hand"],"max_hp_gain":0,"max_hp_loss":0,"event_name":"Scrap Ooze","floor":2,"gold_loss":0},{"damage_healed":0,"gold_gain":0,"player_choice":"Lose Max HP","damage_taken":0,"relics_obtained":["Golden Idol"],"max_hp_gain":0,"max_hp_loss":7,"event_name":"Golden Idol","floor":3,"gold_loss":0},{"cards_removed":["Strike_R"],"damage_healed":0,"gold_gain":0,"player_choice":"Card Removal","damage_taken":7,"max_hp_gain":0,"max_hp_loss":0,"event_name":"Golden Wing","floor":6,"gold_loss":0},{"damage_healed":0,"gold_gain":75,"player_choice":"Gather Gold","damage_taken":11,"max_hp_gain":0,"max_hp_loss":0,"event_name":"World of Goop","floor":11,"gold_loss":0}],"is_beta":true,"boss_relics":[],"items_purged_floors":[10],"is_endless":false,"potions_floor_spawned":[5],"killed_by":"3 Sentries","ascension_level":20}}