{"host":"ls51t9cob9m2p2s9","time":1613063739,"event":{"mods":["2.2 Compatiblity","AchievementEnabler","Bard","BaseMod","Beaked The Cultist","Become a monster ???","Better Third Choice","Challenge The Spire","Colored Powertips","Conspire","Downfall","Gremlin Mod","Hermit","Highlight Path","Lobotomy","Marisa????????","Mimic Mod","Minty Spire (QoL Compilation)","Quick Restart","Random Character Button","Rare Cards Sparkle","Reliquary","Replay The Spire","Shop Mod","StSLib","The Disciple","The Hierophant","TheBandit","TheHeartMod","Thieving Mod","Uncapped","Wandering Minibosses"],"gold_per_floor":[112,126,139,139,439,469,469,267,300,300,300,320,337,357,357,453,453,461,461],"floor_reached":18,"language":"ENG","playtime":2291,"items_purged":[],"score":162,"play_id":"1a5e43ec-6955-45dd-930e-4d41110bfd10","local_time":"20210211171539","is_ascension_mode":false,"campfire_choices":[{"floor":7,"key":"REST"},{"floor":10,"key":"RECALL"},{"floor":15,"key":"REST"}],"circlet_count":0,"master_deck":["Gremlin:Strike","Gremlin:Strike","Gremlin:Strike","Gremlin:Defend","Gremlin:Defend","Gremlin:Defend","Gremlin:Defend","Gremlin:TagTeam","Gremlin:GremlinDance","Bloodbath","Gremlin:IrksomeBlow","CherryBlossoms","Gremlin:Pinprick","WallGazer","Gremlin:Wizardry","Gremlin:Unforgiving+1","Gremlin:ShadowShiv+1","Gremlin:GlitterGuard+1","GreedKing","Gremlin:GremlinMeal","CrumblingArmor","Gremlin:Irritability","Woodsman","Gremlin:Patsy","BigBadWolf","Gremlin:Tricksy","RedShoes","Gremlin:ShowStopper+1","Parasite","downfall:Bewildered","downfall:Icky"],"relics":["Gremlin:GremlinKnob","CogitoBucket","Golden Egg","PreservedInsect","conspire:GiftBox","MerchantsRug","Cauldron","HellTrain","Replay:Ancient Bell","Replay:Bandana","Meat on the Bone","Calipers"],"acts_visited":["Exordium","TheCity"],"potions_floor_usage":[18],"damage_taken":[{"damage":1,"enemies":"Cultist","floor":1,"turns":3},{"damage":0,"enemies":"2 Louse","floor":2,"turns":3},{"damage":5,"enemies":"Small Slimes","floor":3,"turns":5},{"damage":20,"enemies":"Lagavulin","floor":6,"turns":6},{"damage":4,"enemies":"Exordium Thugs","floor":9,"turns":7},{"damage":39,"enemies":"Exordium Thugs","floor":12,"turns":6},{"damage":17,"enemies":"Looter","floor":13,"turns":3},{"damage":15,"enemies":"3 Louse","floor":14,"turns":4},{"damage":89,"enemies":"Hexaghost","floor":16,"turns":8},{"damage":24,"enemies":"Spheric Guardian","floor":18,"turns":3}],"seed_played":"-6288848588980080828","potions_obtained":[{"floor":1,"key":"SneckoOil"},{"floor":3,"key":"GamblersBrew"},{"floor":8,"key":"conspire:TimeTravelPotion"},{"floor":8,"key":"Death Potion"},{"floor":8,"key":"Milkshake"},{"floor":13,"key":"Guardian:BlockOnCardUsePotion"},{"floor":16,"key":"ColorlessPotion"}],"is_trial":false,"path_per_floor":["M","M","M","T","?","E","R","$","MIM","R","?","M","M","M","R","B",null,"M"],"character_chosen":"GREMLIN","items_purchased":["MerchantsRug","Cauldron","Gremlin:GlitterGuard"],"campfire_rested":2,"item_purchase_floors":[8,8,8],"current_hp_per_floor":[19,19,19,19,19,15,20,20,20,20,20,5,1,18,20,7,20,0,0],"gold":461,"neow_bonus":"","is_daily":false,"chose_seed":false,"campfire_upgraded":0,"win_rate":0.0,"timestamp":1613063739,"path_taken":["M","M","M","?","?","E","R","$","MIM","R","?","M","?","M","R","BOSS","M"],"items_purchased_type":["Relic","Relic","Card"],"build_version":"2020-12-22","purchased_purges":0,"victory":false,"max_hp_per_floor":[20,20,20,20,20,20,20,20,20,20,20,20,20,20,20,20,20,20,20],"card_choices":[{"not_picked":["ShyLook","Wellcheers"],"picked":"Bloodbath","floor":1},{"not_picked":["Gremlin:BubbleBarrier","Gremlin:DaggerDance"],"picked":"Gremlin:IrksomeBlow","floor":1},{"not_picked":["BeautyBeast","VoidDream"],"picked":"CherryBlossoms","floor":2},{"not_picked":["Gremlin:IrksomeBlow","Gremlin:Dazzle"],"picked":"Gremlin:Pinprick","floor":2},{"not_picked":["FairyFestival","Wellcheers"],"picked":"WallGazer","floor":3},{"not_picked":["Gremlin:Revel","Gremlin:Tadah"],"picked":"Gremlin:Wizardry","floor":3},{"not_picked":["VoidDream","MeatLantern"],"picked":"Laetitia","floor":6},{"not_picked":["Gremlin:Erupt","Gremlin:Necromancy"],"picked":"Gremlin:Unforgiving","floor":6},{"not_picked":["Gremlin:CounterStrike","Gremlin:Whiz"],"picked":"Gremlin:ShadowShiv","floor":6},{"not_picked":["OldLady","Woodsman"],"picked":"GreedKing","floor":9},{"not_picked":["Gremlin:BurlyBlow","Gremlin:Pinprick"],"picked":"Gremlin:GremlinMeal","floor":9},{"not_picked":["Laetitia","OSAHOGD"],"picked":"CrumblingArmor","floor":12},{"not_picked":["Gremlin:Kablamo","Gremlin:GlitterGuard"],"picked":"Gremlin:Irritability","floor":12},{"not_picked":["SpiderBud","PunishingBird"],"picked":"Woodsman","floor":13},{"not_picked":["Gremlin:BurlyBlow","Gremlin:Pretaliation"],"picked":"Gremlin:Patsy","floor":13},{"not_picked":["OldLady","Wellcheers"],"picked":"BigBadWolf","floor":14},{"not_picked":["Gremlin:Duplicate","Gremlin:Raid"],"picked":"Gremlin:Tricksy","floor":14},{"not_picked":["WhitesApple","ShyLook"],"picked":"RedShoes","floor":16},{"not_picked":["Gremlin:FlipOut","Gremlin:BrokenShin"],"picked":"Gremlin:ShowStopper","floor":16},{"not_picked":["Regret","SwitchConfidence"],"picked":"Parasite","floor":17},{"not_picked":["Injury","Overencumbered"],"picked":"downfall:Bewildered","floor":17},{"not_picked":["ReplayTheSpireMod:Compounding Headache","Voices"],"picked":"downfall:Icky","floor":17}],"player_experience":438899,"relics_obtained":[{"floor":4,"key":"Golden Egg"},{"floor":5,"key":"PreservedInsect"},{"floor":6,"key":"conspire:GiftBox"}],"event_choices":[{"damage_healed":0,"gold_gain":0,"player_choice":"Gremlins","damage_taken":0,"max_hp_gain":0,"max_hp_loss":0,"event_name":"Wheel of Change","floor":5,"gold_loss":0},{"cards_removed":["Laetitia"],"damage_healed":0,"gold_gain":0,"player_choice":"Offered Uncommon","damage_taken":0,"max_hp_gain":0,"max_hp_loss":0,"event_name":"Bonfire Elementals","floor":11,"gold_loss":0}],"is_beta":false,"boss_relics":[{"not_picked":["reliquary:Ember","Pandora\u0027s Box"],"picked":"Replay:Ancient Bell"},{"not_picked":["reliquary:WeakTea","Bag of Marbles"],"picked":"Replay:Bandana"},{"not_picked":["reliquary:Sideboard","Eternal Feather"],"picked":"Meat on the Bone"},{"not_picked":["Turnip","Ice Cream"],"picked":"Calipers"}],"items_purged_floors":[],"is_endless":false,"potions_floor_spawned":[1,3,13,16],"killed_by":"Spheric Guardian","ascension_level":0}}