{"host":"am0cr9xwekqmrere","time":1613081720,"event":{"mods":["AchievementEnabler","Act Like it!","BaseMod","Better Altar","Better Match","Better Note","Better Sensory Stone","Better Skull","Better Third Choice","BetterRewards","Conspire","Downfall","Hubris","Infinite Spire","Minty Spire (QoL Compilation)","Rare Cards Sparkle","Spicy Shops","StSLib","Unceasing Turn Reminder"],"gold_per_floor":[199,218,66,84,97,108,108,108,140,40,60,60,60,45,63,63,63,63],"floor_reached":16,"language":"ENG","playtime":869,"items_purged":[],"score":102,"play_id":"099ca372-c389-4933-83aa-f466d7c6d798","local_time":"20210211161520","is_ascension_mode":false,"campfire_choices":[{"data":"hexamod:Float","floor":1.0,"key":"SMITH"},{"floor":10.0,"key":"REST"}],"circlet_count":0,"master_deck":["hexamod:Strike+1","hexamod:Strike+1","hexamod:Strike+1","hexamod:Strike+1","hexamod:Defend+1","hexamod:Defend","hexamod:Defend+1","hexamod:Defend","hexamod:Sear","hexamod:Float+1","hexamod:ExtraCrispy","hexamod:ShieldOfDarkness","hexamod:SixthSeal","Regret","hexamod:SwordOfDarkness+1","hexamod:AdvancingGuard","hexamod:ThermalTransfer","hexamod:GhostflameBarrier+1","infinitespire:Collect+1"],"relics":["hexamod:SpiritBrand","OrangePellets","Toxic Egg 2","Oddly Smooth Stone","Singing Bowl","Akabeko","downfall:HeartBlessingGreen","hubris:Icosahedron"],"acts_visited":["Exordium"],"potions_floor_usage":[14,16],"damage_taken":[{"damage":1.0,"enemies":"Jaw Worm","floor":2.0,"turns":4.0},{"damage":0.0,"enemies":"downfall:FleeingMerchant","floor":3.0,"turns":4.0},{"damage":15.0,"enemies":"2 Louse","floor":4.0,"turns":5.0},{"damage":2.0,"enemies":"Small Slimes","floor":5.0,"turns":3.0},{"damage":4.0,"enemies":"Blue Slaver","floor":6.0,"turns":4.0},{"damage":19.0,"enemies":"Lagavulin","floor":9.0,"turns":10.0},{"damage":3.0,"enemies":"2 Fungi Beasts","floor":11.0,"turns":4.0},{"damage":11,"enemies":"downfall:FleeingMerchant","floor":14,"turns":4},{"damage":3,"enemies":"Large Slime","floor":15,"turns":4},{"damage":5,"enemies":"IC_STATUS_ARCHETYPE","floor":16,"turns":4}],"seed_played":"9150144975908175975","potions_obtained":[{"floor":4.0,"key":"Energy Potion"},{"floor":6.0,"key":"hexamod:EctoCoolerPotion"},{"floor":11.0,"key":"Swift Potion"},{"floor":15,"key":"Fire Potion"}],"is_trial":false,"path_per_floor":["R","M","$","M","M","M","T","?","E","R","M","?","?","$","M","B"],"character_chosen":"THE_SPIRIT","items_purchased":["hexamod:SixthSeal","OrangePellets"],"campfire_rested":1,"item_purchase_floors":[3,3],"current_hp_per_floor":[70,69,69,54,52,48,48,37,18,39,38,19,19,10,9,4,4,4],"gold":63,"neow_bonus":"HUNDRED_GOLD","is_daily":false,"chose_seed":false,"campfire_upgraded":1,"win_rate":0.0,"timestamp":1613081720,"path_taken":["R","M","$","M","M","M","T","?","E","R","M","?","?","?","M","BOSS"],"items_purchased_type":["Card","Relic"],"build_version":"2020-12-22","purchased_purges":0,"victory":false,"max_hp_per_floor":[70,70,70,70,70,70,70,70,70,70,72,72,72,74,76,76,76,76],"card_choices":[{"not_picked":["hexamod:SkipABeat","hexamod:Firestarter"],"picked":"hexamod:ExtraCrispy","floor":2.0},{"not_picked":["hexamod:NightmareStrike","hexamod:PowerFromBeyond"],"picked":"hexamod:ShieldOfDarkness","floor":3.0},{"not_picked":["hexamod:GhostOfSpirePast","hexamod:SpectralSpark"],"picked":"hexamod:SwordOfDarkness","floor":4.0},{"not_picked":["hexamod:ParanormalForm","hexamod:HeatCrush"],"picked":"hexamod:AdvancingGuard","floor":5.0},{"not_picked":["hexamod:ShieldOfDarkness","hexamod:NightmareStrike"],"picked":"hexamod:ThermalTransfer","floor":6.0},{"not_picked":["hexamod:GhostShield+1","hexamod:Haunt+1"],"picked":"hexamod:GhostflameBarrier+1","floor":9.0},{"not_picked":["hexamod:PhantomFireball","hexamod:SkipABeat+1","hexamod:GhostLash"],"picked":"Singing Bowl","floor":11.0},{"not_picked":["infinitespire:Oblivion","infinitespire:NeuralNetwork"],"picked":"infinitespire:Collect","floor":12.0},{"not_picked":["hexamod:HeatMetal","hexamod:BacktrackSmack","hexamod:FlamesFromBeyond+1"],"picked":"Singing Bowl","floor":14},{"not_picked":["hexamod:Incineration","hexamod:AdvancingGuard+1","hexamod:ApocalypseNow+1"],"picked":"Singing Bowl","floor":15}],"player_experience":2770019,"relics_obtained":[{"floor":7.0,"key":"Toxic Egg 2"},{"floor":9.0,"key":"Akabeko"}],"event_choices":[{"damage_healed":0.0,"max_hp_gain":0.0,"max_hp_loss":0.0,"gold_gain":1.0,"event_name":"betterThird:BetterScrap","player_choice":"Relic Relic ","floor":8.0,"gold_loss":0.0,"damage_taken":11.0,"cards_obtained":["hubris:PowerSurge"]}],"is_beta":false,"boss_relics":[],"items_purged_floors":[],"is_endless":false,"potions_floor_spawned":[4,6,11,15],"killed_by":"IC_STATUS_ARCHETYPE","ascension_level":0}}