{"host":"dhlnk6yox2l1s6up","time":1613015567,"event":{"mods":["BaseMod","Minty Spire (QoL Compilation)","Relic Stats","StSLib","ojb\u0027s Info Mod"],"gold_per_floor":[114,114,131,143,143,169,169,194,217,217,248,198,198,198,198,297,297,315,315,332,29,45,71,71,105,117,129,141,178,200,228,240,348,360,387,399,422,27,27,27,59,83,83,94,94,112,139,157,157,157,157,157,27,56,56],"floor_reached":56,"language":"ENG","playtime":4117,"items_purged":["Strike_R"],"score":1684,"play_id":"de746e39-b892-4e45-8dcd-459f5736bfcf","local_time":"20210210215247","is_ascension_mode":true,"campfire_choices":[{"floor":7.0,"key":"REST"},{"data":"Demon Form","floor":13.0,"key":"SMITH"},{"data":"Whirlwind","floor":15.0,"key":"SMITH"},{"data":"Flame Barrier","floor":24.0,"key":"SMITH"},{"data":"Twin Strike","floor":27.0,"key":"SMITH"},{"floor":32.0,"key":"RECALL"},{"data":"Burning Pact","floor":40.0,"key":"SMITH"},{"data":"Shrug It Off","floor":45.0,"key":"SMITH"},{"data":"Shrug It Off","floor":49.0,"key":"SMITH"},{"data":"Shrug It Off","floor":52.0,"key":"SMITH"}],"circlet_count":0,"master_deck":["AscendersBane","Strike_R+1","Strike_R+1","Defend_R","Defend_R","Defend_R","Defend_R+1","Bash","Demon Form+1","Sword Boomerang+1","Whirlwind+1","Bloodletting","Battle Trance","Reaper","Flame Barrier+1","Shrug It Off+1","Burning Pact","Twin Strike+1","Metallicize","Decay","Feel No Pain","Shrug It Off+1","Offering","Burning Pact+1","Purity","Panacea","Dark Shackles","Shockwave","Sword Boomerang+1","Shrug It Off+1","Intimidate+1","Dark Embrace+1"],"relics":["Burning Blood","Vajra","Whetstone","Anchor","Lantern","Coffee Dripper","Toy Ornithopter","OrangePellets","Lizard Tail","MawBank","StrikeDummy","Bronze Scales","SacredBark","ClockworkSouvenir","Paper Frog","Boot","Juzu Bracelet","Girya","White Beast Statue"],"acts_visited":["Exordium","TheCity","TheBeyond","TheEnding"],"potions_floor_usage":[55],"damage_taken":[{"damage":5.0,"enemies":"Jaw Worm","floor":1.0,"turns":5.0},{"damage":0.0,"enemies":"Small Slimes","floor":3.0,"turns":3.0},{"damage":1.0,"enemies":"Cultist","floor":4.0,"turns":3.0},{"damage":35.0,"enemies":"Gremlin Nob","floor":6.0,"turns":4.0},{"damage":25.0,"enemies":"Lagavulin","floor":8.0,"turns":6.0},{"damage":13.0,"enemies":"3 Sentries","floor":11.0,"turns":5.0},{"damage":21.0,"enemies":"Hexaghost","floor":16.0,"turns":7.0},{"damage":7.0,"enemies":"Shell Parasite","floor":18.0,"turns":3.0},{"damage":0.0,"enemies":"Spheric Guardian","floor":20.0,"turns":3.0},{"damage":19.0,"enemies":"Centurion and Healer","floor":22.0,"turns":6.0},{"damage":23.0,"enemies":"Slavers","floor":23.0,"turns":6.0},{"damage":23.0,"enemies":"Book of Stabbing","floor":25.0,"turns":5.0},{"damage":34.0,"enemies":"Slavers","floor":29.0,"turns":5.0},{"damage":11.0,"enemies":"Sentry and Sphere","floor":30.0,"turns":8.0},{"damage":2.0,"enemies":"Snecko","floor":31.0,"turns":4.0},{"damage":41.0,"enemies":"Automaton","floor":33.0,"turns":8.0},{"damage":0.0,"enemies":"Orb Walker","floor":35.0,"turns":4.0},{"damage":15.0,"enemies":"3 Darklings","floor":37.0,"turns":5.0},{"damage":32.0,"enemies":"Nemesis","floor":41.0,"turns":9.0},{"damage":32.0,"enemies":"Maw","floor":44.0,"turns":7.0},{"damage":27.0,"enemies":"4 Shapes","floor":46.0,"turns":8.0},{"damage":65.0,"enemies":"Giant Head","floor":47.0,"turns":7.0},{"damage":15.0,"enemies":"Spire Growth","floor":48.0,"turns":9.0},{"damage":86.0,"enemies":"Time Eater","floor":50.0,"turns":10.0},{"damage":34.0,"enemies":"Shield and Spear","floor":54.0,"turns":8.0},{"damage":60,"enemies":"The Heart","floor":55,"turns":6}],"seed_played":"-8599980483393472571","potions_obtained":[{"floor":1.0,"key":"DuplicationPotion"},{"floor":3.0,"key":"ElixirPotion"},{"floor":18.0,"key":"EssenceOfSteel"},{"floor":29.0,"key":"Energy Potion"},{"floor":31.0,"key":"EssenceOfSteel"},{"floor":35.0,"key":"Fire Potion"},{"floor":36.0,"key":"Weak Potion"},{"floor":36.0,"key":"DistilledChaos"},{"floor":36.0,"key":"Regen Potion"},{"floor":41.0,"key":"Fruit Juice"},{"floor":44.0,"key":"Fire Potion"}],"is_trial":false,"path_per_floor":["M","?","M","M","?","E","R","E","T","?","E","?","R","?","R","B",null,"M","?","M","$","M","E","R","E","T","R","?","E","M","M","R","B",null,"M","?","M","$","?","R","E","T","T","M","R","M","E","M","R","B",null,"R","$","E","B",null],"character_chosen":"IRONCLAD","items_purchased":["OrangePellets","Burning Pact","ClockworkSouvenir","Paper Frog","DuplicationPotion","ColorlessPotion"],"campfire_rested":1,"item_purchase_floors":[21,21,38,38,53,53],"current_hp_per_floor":[72,65,71,72,58,29,50,31,31,31,24,24,24,24,24,9,56,55,55,61,61,70,72,72,72,72,72,72,60,68,72,72,37,63,69,69,64,64,54,54,38,38,38,72,72,72,17,58,58,13,57,57,72,57,48],"gold":56,"neow_bonus":"THREE_RARE_CARDS","is_daily":false,"chose_seed":false,"campfire_upgraded":8,"win_rate":0.0,"timestamp":1613015567,"path_taken":["M","?","M","M","?","E","R","E","T","?","E","?","R","?","R","BOSS","M","?","M","$","M","E","R","E","T","R","?","E","?","M","R","BOSS","M","?","?","?","?","R","E","?","T","M","R","M","E","M","R","BOSS","R","$","E","BOSS"],"items_purchased_type":["Relic","Card","Relic","Relic","Potion","Potion"],"build_version":"2020-12-22","purchased_purges":1,"victory":true,"max_hp_per_floor":[72,72,72,72,72,72,72,72,72,72,72,72,72,72,72,72,72,72,72,72,72,72,72,72,72,72,72,72,72,72,72,72,72,72,72,72,72,72,72,72,72,72,72,72,72,72,72,72,72,72,72,72,82,82,82],"relic_stats":{"OrangePellets":[15],"Lizard Tail":0,"counters":[26,154],"Bronze Scales":[294],"Juzu Bracelet":0,"Whetstone":["Sword Boomerang","Strike_R"],"MawBank":156,"Boot":[13],"obtain_stats":[{"Girya":47,"Lantern":11,"SacredBark":34,"Vajra":6,"Juzu Bracelet":43,"Whetstone":8,"MawBank":25,"Boot":41,"Burning Blood":0,"White Beast Statue":54,"ClockworkSouvenir":38,"OrangePellets":21,"Anchor":9,"Lizard Tail":23,"Bronze Scales":29,"Coffee Dripper":17,"StrikeDummy":26,"Toy Ornithopter":19,"Paper Frog":38},{"Girya":22,"Lantern":6,"SacredBark":16,"Vajra":4,"Juzu Bracelet":19,"Whetstone":5,"MawBank":12,"Boot":19,"Burning Blood":0,"White Beast Statue":25,"ClockworkSouvenir":18,"OrangePellets":9,"Anchor":5,"Lizard Tail":11,"Bronze Scales":13,"Coffee Dripper":7,"StrikeDummy":12,"Toy Ornithopter":8,"Paper Frog":18},{"Girya":121,"Lantern":26,"SacredBark":81,"Vajra":15,"Juzu Bracelet":99,"Whetstone":21,"MawBank":56,"Boot":99,"Burning Blood":0,"White Beast Statue":148,"ClockworkSouvenir":90,"OrangePellets":39,"Anchor":21,"Lizard Tail":51,"Bronze Scales":61,"Coffee Dripper":33,"StrikeDummy":56,"Toy Ornithopter":36,"Paper Frog":90}],"Burning Blood":137,"Toy Ornithopter":42},"card_choices":[{"not_picked":["Offering","Limit Break"],"picked":"Demon Form","floor":0.0},{"not_picked":["Entrench","Thunderclap"],"picked":"Sword Boomerang","floor":1.0},{"not_picked":["Headbutt","Warcry"],"picked":"Whirlwind","floor":3.0},{"not_picked":["Uppercut","Perfected Strike"],"picked":"Bloodletting","floor":4.0},{"not_picked":["Reckless Charge","Twin Strike"],"picked":"Battle Trance","floor":6.0},{"not_picked":["Cleave","Bludgeon","Heavy Blade"],"picked":"SKIP","floor":8.0},{"not_picked":["Iron Wave","Clash","Perfected Strike"],"picked":"SKIP","floor":11.0},{"not_picked":["Fiend Fire","Exhume"],"picked":"Reaper","floor":16.0},{"not_picked":["Cleave","True Grit"],"picked":"Flame Barrier","floor":18.0},{"not_picked":["Armaments","Entrench"],"picked":"Shrug It Off","floor":20.0},{"not_picked":["Reckless Charge","Headbutt"],"picked":"Twin Strike","floor":22.0},{"not_picked":["Fire Breathing","Spot Weakness+1"],"picked":"Metallicize","floor":23.0},{"not_picked":["Clash","Combust","Armaments"],"picked":"SKIP","floor":25.0},{"not_picked":["Armaments","Heavy Blade"],"picked":"Feel No Pain","floor":29.0},{"not_picked":["Perfected Strike+1","Thunderclap","Anger+1"],"picked":"SKIP","floor":30.0},{"not_picked":["Heavy Blade","Clash"],"picked":"Shrug It Off","floor":31.0},{"not_picked":["Reaper","Barricade"],"picked":"Offering","floor":33.0},{"not_picked":["Wild Strike+1","Warcry"],"picked":"Burning Pact","floor":35.0},{"not_picked":["Reckless Charge+1","Second Wind+1","Twin Strike+1"],"picked":"SKIP","floor":37.0},{"not_picked":["Secret Weapon","Forethought"],"picked":"Purity","floor":39.0},{"not_picked":["Discovery","Enlightenment"],"picked":"Panacea","floor":39.0},{"not_picked":["Flash of Steel","Swift Strike"],"picked":"Dark Shackles","floor":39.0},{"not_picked":["Ghostly Armor","Sentinel"],"picked":"Shockwave","floor":41.0},{"not_picked":["Wild Strike+1","Flex"],"picked":"Sword Boomerang+1","floor":44.0},{"not_picked":["Havoc","Thunderclap"],"picked":"Shrug It Off","floor":46.0},{"not_picked":["Perfected Strike+1","Cleave"],"picked":"Intimidate+1","floor":47.0},{"not_picked":["Thunderclap+1","Body Slam"],"picked":"Dark Embrace+1","floor":48.0},{"not_picked":["Inflame+1","Immolate","Iron Wave"],"picked":"SKIP","floor":54.0}],"player_experience":6170420,"relics_obtained":[{"floor":6.0,"key":"Vajra"},{"floor":8.0,"key":"Whetstone"},{"floor":9.0,"key":"Anchor"},{"floor":11.0,"key":"Lantern"},{"floor":23.0,"key":"Lizard Tail"},{"floor":25.0,"key":"MawBank"},{"floor":26.0,"key":"StrikeDummy"},{"floor":29.0,"key":"Bronze Scales"},{"floor":41.0,"key":"Boot"},{"floor":43.0,"key":"Juzu Bracelet"},{"floor":47.0,"key":"Girya"},{"floor":54.0,"key":"White Beast Statue"}],"event_choices":[{"cards_removed":["Strike_R"],"damage_healed":0.0,"max_hp_gain":0.0,"max_hp_loss":0.0,"gold_gain":0.0,"event_name":"Golden Wing","player_choice":"Card Removal","floor":2.0,"gold_loss":0.0,"damage_taken":7.0},{"damage_healed":0.0,"max_hp_gain":0.0,"max_hp_loss":0.0,"gold_gain":0.0,"event_name":"Shining Light","player_choice":"Entered Light","floor":5.0,"gold_loss":0.0,"damage_taken":14.0,"cards_upgraded":["Defend_R","Strike_R"]},{"damage_healed":0.0,"max_hp_gain":0.0,"max_hp_loss":0.0,"gold_gain":0.0,"event_name":"Scrap Ooze","player_choice":"Fled","floor":10.0,"gold_loss":0.0,"damage_taken":0.0},{"cards_removed":["Strike_R"],"damage_healed":0.0,"max_hp_gain":0.0,"max_hp_loss":0.0,"gold_gain":0.0,"event_name":"The Cleric","player_choice":"Card Removal","floor":12.0,"gold_loss":50.0,"damage_taken":0.0},{"damage_healed":0.0,"max_hp_gain":0.0,"max_hp_loss":0.0,"gold_gain":0.0,"event_name":"Liars Game","player_choice":"Ignored","floor":14.0,"gold_loss":0.0,"damage_taken":0.0},{"damage_healed":0.0,"max_hp_gain":0.0,"max_hp_loss":0.0,"gold_gain":0.0,"event_name":"The Mausoleum","player_choice":"Opened","floor":19.0,"gold_loss":0.0,"damage_taken":0.0,"relics_obtained":["Toy Ornithopter"]},{"damage_healed":0.0,"max_hp_gain":0.0,"max_hp_loss":0.0,"gold_gain":0.0,"event_name":"Wheel of Change","player_choice":"Cursed","floor":28.0,"gold_loss":0.0,"damage_taken":0.0,"cards_obtained":["Decay"]},{"damage_healed":0.0,"max_hp_gain":0.0,"max_hp_loss":0.0,"gold_gain":0.0,"event_name":"Lab","player_choice":"Got Potions","floor":36.0,"gold_loss":0.0,"damage_taken":0.0},{"damage_healed":0.0,"max_hp_gain":0.0,"max_hp_loss":0.0,"gold_gain":0.0,"event_name":"SensoryStone","player_choice":"Memory 3","floor":39.0,"gold_loss":0.0,"damage_taken":10.0}],"is_beta":false,"boss_relics":[{"not_picked":["Astrolabe","Sozu"],"picked":"Coffee Dripper"},{"not_picked":["Runic Dome","Cursed Key"],"picked":"SacredBark"}],"items_purged_floors":[21],"is_endless":false,"potions_floor_spawned":[1,3,18,29,31,35,41,44],"ascension_level":10}}