{"host":"wuernuywc9gl215o","time":1613027400,"event":{"mods":["2.2 Compatiblity","AchievementEnabler","BaseMod","Bestiary","Block Reminder","Displayed Cursed Tome","Highlight Path","Key Reminder","Minty Spire (QoL Compilation)","Permanent Neow","Potion Indicator Mod","Quick Restart","Rare Cards Sparkle","Relic Stats","ojb\u0027s Info Mod"],"gold_per_floor":[112,125,125,137,153,153,172,172,226,257,257,184,198,215,215,293,293,305,318,167,167,180,180,213,213,237,248,248,282,282,38,38,38,38],"floor_reached":33,"language":"ENG","playtime":1780,"items_purged":["Strike_R"],"score":574,"play_id":"a6a4fe20-e3bf-46ec-9654-15bd59959c4f","local_time":"20210211071000","is_ascension_mode":true,"campfire_choices":[{"data":"Hemokinesis","floor":6.0,"key":"SMITH"},{"floor":11.0,"key":"REST"},{"data":"Fire Breathing","floor":15.0,"key":"SMITH"},{"floor":23.0,"key":"REST"},{"floor":25.0,"key":"REST"},{"floor":28.0,"key":"REST"},{"floor":32,"key":"REST"}],"circlet_count":0,"master_deck":["AscendersBane","Strike_R","Strike_R","Defend_R","Defend_R","Defend_R","Defend_R","Bash","Ghostly Armor","Cleave","Clash","Hemokinesis+1","Carnage","Disarm","Fire Breathing+1","Bludgeon","True Grit","Burning Pact","Feel No Pain","True Grit","Uppercut","Fiend Fire","Power Through","Pain","Whirlwind"],"relics":["Runic Cube","Potion Belt","Singing Bowl","PreservedInsect","Mark of Pain","Girya","Dream Catcher","Champion Belt","WarpedTongs","ClockworkSouvenir"],"acts_visited":["Exordium","TheCity"],"potions_floor_usage":[29,33,33],"damage_taken":[{"damage":2.0,"enemies":"Cultist","floor":1.0,"turns":4.0},{"damage":15.0,"enemies":"Small Slimes","floor":2.0,"turns":5.0},{"damage":4.0,"enemies":"Jaw Worm","floor":4.0,"turns":4.0},{"damage":2.0,"enemies":"Lots of Slimes","floor":5.0,"turns":3.0},{"damage":5.0,"enemies":"2 Fungi Beasts","floor":7.0,"turns":3.0},{"damage":18.0,"enemies":"Lagavulin","floor":10.0,"turns":5.0},{"damage":6.0,"enemies":"Gremlin Gang","floor":13.0,"turns":6.0},{"damage":2.0,"enemies":"Exordium Wildlife","floor":14.0,"turns":2.0},{"damage":23.0,"enemies":"Slime Boss","floor":16.0,"turns":5.0},{"damage":30.0,"enemies":"2 Thieves","floor":18.0,"turns":4.0},{"damage":28.0,"enemies":"Shell Parasite","floor":19.0,"turns":4.0},{"damage":15.0,"enemies":"Snecko","floor":22.0,"turns":3.0},{"damage":25.0,"enemies":"Book of Stabbing","floor":24.0,"turns":4.0},{"damage":23.0,"enemies":"3 Cultists","floor":27.0,"turns":5.0},{"damage":28,"enemies":"Gremlin Leader","floor":29,"turns":4},{"damage":50,"enemies":"Champ","floor":33,"turns":8}],"seed_played":"3942254976561756127","potions_obtained":[{"floor":5.0,"key":"Explosive Potion"},{"floor":7.0,"key":"DistilledChaos"},{"floor":13.0,"key":"BloodPotion"},{"floor":19.0,"key":"DuplicationPotion"},{"floor":27.0,"key":"Energy Potion"}],"is_trial":false,"path_per_floor":["M","M","?","M","M","R","M","?","T","E","R","?","M","M","R","B",null,"M","M","$","?","M","R","E","R","T","M","R","E","?","$","R","B"],"character_chosen":"IRONCLAD","items_purchased":["Feel No Pain","DistilledChaos","ClockworkSouvenir"],"campfire_rested":5,"item_purchase_floors":[20,31,31],"current_hp_per_floor":[66,51,56,52,50,50,45,45,45,27,51,51,47,47,47,24,69,39,27,27,27,12,37,12,37,37,16,41,13,13,13,38,0,0],"gold":38,"neow_bonus":"BOSS_RELIC","is_daily":false,"chose_seed":false,"campfire_upgraded":2,"win_rate":0.0,"timestamp":1613027400,"path_taken":["M","M","?","M","M","R","M","?","T","E","R","?","?","M","R","BOSS","M","M","?","?","M","R","E","R","T","?","R","E","?","$","R","BOSS"],"items_purchased_type":["Card","Potion","Relic"],"build_version":"2020-12-22","purchased_purges":1,"victory":false,"max_hp_per_floor":[75,75,80,80,80,80,80,80,80,80,80,80,82,84,84,84,84,84,84,84,84,84,84,84,84,84,86,86,86,86,86,86,86,86],"relic_stats":{"Dream Catcher":2,"Singing Bowl":6,"counters":[16,69],"PreservedInsect":89,"Champion Belt":[2],"obtain_stats":[{"Potion Belt":9,"Girya":24,"Dream Catcher":26,"Singing Bowl":10,"PreservedInsect":12,"Mark of Pain":17,"Champion Belt":29,"Burning Blood":0,"Runic Cube":0,"WarpedTongs":30,"ClockworkSouvenir":31},{"Potion Belt":5,"Girya":13,"Dream Catcher":13,"Singing Bowl":6,"PreservedInsect":6,"Mark of Pain":9,"Champion Belt":15,"Burning Blood":0,"Runic Cube":0,"WarpedTongs":15,"ClockworkSouvenir":15},{"Potion Belt":19,"Girya":52,"Dream Catcher":52,"Singing Bowl":24,"PreservedInsect":24,"Mark of Pain":37,"Champion Belt":61,"Burning Blood":0,"Runic Cube":0,"WarpedTongs":61,"ClockworkSouvenir":61}],"Runic Cube":[52],"WarpedTongs":[8]},"card_choices":[{"not_picked":["Clothesline","True Grit"],"picked":"Ghostly Armor","floor":1.0},{"not_picked":["Rampage","Shrug It Off"],"picked":"Cleave","floor":2.0},{"not_picked":["Iron Wave","Perfected Strike"],"picked":"Clash","floor":4.0},{"not_picked":["Evolve","Dropkick"],"picked":"Hemokinesis","floor":5.0},{"not_picked":["Clothesline","Inflame"],"picked":"Carnage","floor":7.0},{"not_picked":["Wild Strike","Combust"],"picked":"Fire Breathing","floor":10.0},{"not_picked":["Headbutt","Perfected Strike","Sentinel"],"picked":"Singing Bowl","floor":13.0},{"not_picked":["Twin Strike","Cleave","Corruption"],"picked":"Singing Bowl","floor":14.0},{"not_picked":["Limit Break","Demon Form"],"picked":"Bludgeon","floor":16.0},{"not_picked":["Twin Strike","Iron Wave"],"picked":"True Grit","floor":18.0},{"not_picked":["Perfected Strike","Iron Wave"],"picked":"Burning Pact","floor":19.0},{"not_picked":["Perfected Strike","Searing Blow"],"picked":"True Grit","floor":22.0},{"not_picked":["Sword Boomerang","Heavy Blade"],"picked":"Uppercut","floor":24.0},{"not_picked":["Body Slam","True Grit","Clothesline"],"picked":"Singing Bowl","floor":27.0},{"not_picked":["True Grit","Havoc"],"picked":"Fiend Fire","floor":28.0},{"not_picked":["Wild Strike","Rage"],"picked":"Power Through","floor":29},{"not_picked":["Ghostly Armor","Carnage"],"picked":"Whirlwind","floor":32}],"player_experience":905032,"relics_obtained":[{"floor":9.0,"key":"Potion Belt"},{"floor":10.0,"key":"Singing Bowl"},{"floor":24.0,"key":"Girya"},{"floor":26.0,"key":"Dream Catcher"},{"floor":29,"key":"Champion Belt"}],"event_choices":[{"damage_healed":0.0,"max_hp_gain":5.0,"max_hp_loss":0.0,"gold_gain":0.0,"event_name":"Big Fish","player_choice":"Donut","floor":3.0,"gold_loss":0.0,"damage_taken":0.0},{"damage_healed":0.0,"max_hp_gain":0.0,"max_hp_loss":0.0,"gold_gain":0.0,"cards_transformed":["Strike_R"],"event_name":"Living Wall","player_choice":"Change","floor":8.0,"gold_loss":0.0,"damage_taken":0.0,"cards_obtained":["Disarm"]},{"damage_healed":0.0,"max_hp_gain":0.0,"max_hp_loss":0.0,"gold_gain":0.0,"event_name":"WeMeetAgain","player_choice":"Paid Gold","floor":12.0,"gold_loss":73.0,"damage_taken":0.0,"relics_obtained":["PreservedInsect"]},{"cards_removed":["Strike_R"],"damage_healed":0.0,"max_hp_gain":0.0,"max_hp_loss":0.0,"gold_gain":0.0,"event_name":"Purifier","player_choice":"Purged","floor":21.0,"gold_loss":0.0,"damage_taken":0.0},{"damage_healed":0,"gold_gain":0,"player_choice":"Rummage","damage_taken":0,"relics_obtained":["WarpedTongs"],"max_hp_gain":0,"max_hp_loss":0,"event_name":"Accursed Blacksmith","floor":30,"gold_loss":0,"cards_obtained":["Pain"]}],"is_beta":false,"boss_relics":[{"not_picked":["Pandora\u0027s Box","Philosopher\u0027s Stone"],"picked":"Mark of Pain"}],"items_purged_floors":[20],"is_endless":false,"potions_floor_spawned":[5,7,13,19,27],"killed_by":"Champ","ascension_level":20}}