{"host":"ve5hox67eka4rdnb","time":1613049102,"event":{"mods":["ATMod(∞¢Ë™Mod)","AchievementEnabler","Act Like it!","BaseMod","Downfall","Gensokyo","Hermit","Lobotomy","LobotomyExtend","Marisa£®ÏF”Í°°ƒß¿Ì…≥£©","Minty Spire (QoL Compilation)","Quick Restart","Remilia£®¿Ÿ√◊¿Ú—«£©","Replay The Spire","Shop Mod","StSLib","The Servant 0.9.4"],"gold_per_floor":[120,131,131,131,131,131,161,161,161,161,180,180,160,177,177,282,282,294,314,11,11,11,42,42,42,68,79,79,110,59,78,78,183,183,202,217,73,88,101,121,121,121,153,153,3,3,23,51,51,51,51,51,147,147],"floor_reached":18,"language":"ZHS","playtime":2578,"items_purged":[],"score":463,"play_id":"6ad986a9-d6e4-4995-b564-b468f0f2b79b","local_time":"20210211211142","is_ascension_mode":false,"campfire_choices":[{"floor":32.0,"key":"RECALL"}],"circlet_count":0,"master_deck":["CENSORED","Funeral","SpecialBullet","SpecialBullet","SpecialBullet","SpecialBullet","InformationCode","SecurityCode","TrainingCode","OSAHOGD","UniverseFragment","Mimicry","WallGazer","SpiderBud","MeatLantern","LaLuna","Lamp+15","Heaven+1","GoldRush","Wingbeat","SpecialBullet","GoldRush","FieryBird","DisciplinaryCode"],"relics":["CogitoBucket","AT_ATBox","Quantum Egg","MagicBullet_r","Anchor","Empty Cage","FleshIdol","Medical Kit","Toy Ornithopter","Replay:Rubber Ducky","ReplayFunnel","BehaviorAdjustment","SlaversCollar","TheAbacus","LetterFromLob","SolemnVow_r","AspirationHeart","Tiny Chest","Omamori","Bronze Scales","Chameleon Ring","Replay:WaspNest","CENSORED_r"],"acts_visited":["Exordium","TheCity","TheBeyond"],"potions_floor_usage":[18],"damage_taken":[{"damage":6.0,"enemies":"2 Louse","floor":1.0,"turns":2.0},{"damage":10.0,"enemies":"Small Slimes","floor":2.0,"turns":2.0},{"damage":27.0,"enemies":"3 Sentries","floor":7.0,"turns":5.0},{"damage":0.0,"enemies":"Cultist","floor":11.0,"turns":2.0},{"damage":0.0,"enemies":"Exordium Wildlife","floor":14.0,"turns":1.0},{"damage":21.0,"enemies":"Slime Boss","floor":16.0,"turns":9.0},{"damage":3.0,"enemies":"2 Thieves","floor":18.0,"turns":6.0},{"damage":24.0,"enemies":"3 Byrds","floor":19.0,"turns":4.0},{"damage":12.0,"enemies":"Replay:Snechameleon","floor":23.0,"turns":3.0},{"damage":26.0,"enemies":"Centurion and Healer","floor":27.0,"turns":4.0},{"damage":2.0,"enemies":"Gremlin Leader","floor":29.0,"turns":3.0},{"damage":29.0,"enemies":"Cultist and Chosen","floor":31.0,"turns":6.0},{"damage":57.0,"enemies":"Automaton","floor":33.0,"turns":7.0},{"damage":20.0,"enemies":"Cultist","floor":1.0,"turns":1.0},{"damage":0.0,"enemies":"Jaw Worm","floor":2.0,"turns":1.0},{"damage":0.0,"enemies":"Cultist","floor":1.0,"turns":1.0},{"damage":6.0,"enemies":"2 Louse","floor":2.0,"turns":3.0},{"damage":2.0,"enemies":"Small Slimes","floor":3.0,"turns":2.0},{"damage":0.0,"enemies":"Lagavulin","floor":6.0,"turns":2.0},{"damage":20.0,"enemies":"Gremlin Gang","floor":10.0,"turns":1.0},{"damage":27.0,"enemies":"Gremlin Nob","floor":11.0,"turns":1.0},{"damage":2.0,"enemies":"Fading Forest","floor":16.0,"turns":8.0},{"damage":63.0,"enemies":"Malkuth","floor":17.0,"turns":4.0},{"damage":91.0,"enemies":"Yesod","floor":17.0,"turns":5.0},{"damage":108.0,"enemies":"Tiphereth","floor":17.0,"turns":8.0},{"damage":75.0,"enemies":"Hokma","floor":17.0,"turns":9.0}],"seed_played":"-1585506812704544065","potions_obtained":[{"floor":7.0,"key":"Venom Potion"},{"floor":11.0,"key":"Fire Potion"},{"floor":13.0,"key":"Ancient Potion"},{"floor":14.0,"key":"Dexterity Potion"},{"floor":16.0,"key":"DistilledChaos"},{"floor":19.0,"key":"Fire Potion"},{"floor":27.0,"key":"SneckoOil"},{"floor":33.0,"key":"AttackPotion"},{"floor":2.0,"key":"LifebloodPotion"},{"floor":6.0,"key":"Weak Potion"}],"is_trial":false,"path_per_floor":["M","M","?","?","?","R","E","R","T","R","M","R","?","M","R","B",null,"M","M","$","?","?","E","R","?","T","M","R","E","$","M","R","B",null,"M","M","M","$","M","M","M","M","?","?","E","R","$","T","M","E","?","R","$","R","B",null,null,null],"character_chosen":"Angela","items_purchased":["Medical Kit","GoldRush","Energy Potion","TheAbacus","Bronze Scales"],"campfire_rested":0,"item_purchase_floors":[20,20,30,3,8],"current_hp_per_floor":[70,68,50,50,50,50,34,34,34,34,52,52,52,70,70,67,70,67,63,63,63,63,69,69,69,69,61,61,70,70,63,63,33,70,68,74,74,78,88,88,81,78,88,88,88,88,91,83,97,97,97,97,97,83],"gold":147,"neow_bonus":"REMOVE_CARD","is_daily":false,"chose_seed":false,"campfire_upgraded":0,"win_rate":0.0,"timestamp":1613049102,"path_taken":["M","M","?","?","?","R","E","R","T","R","M","R","?","M","R","BOSS","M","M","$","?","?","E","R","?","T","M","R","E","?","M","R","BOSS","M","M","M","$","M","M","M","M","?","?","E","R","?","T","?","E","?","R","$","R","BOSS"],"items_purchased_type":["Relic","Card","Potion","Relic","Relic"],"build_version":"2020-12-22","purchased_purges":0,"victory":true,"max_hp_per_floor":[70,70,70,70,70,70,70,70,70,70,70,70,70,70,70,70,70,70,70,70,70,70,70,70,70,70,70,70,70,70,70,70,70,70,70,74,74,78,88,88,88,88,88,88,88,88,92,92,97,97,97,97,97,97],"card_choices":[{"not_picked":["Loneliness","CrimsonScar"],"picked":"SKIP","floor":1.0},{"not_picked":["Wellcheers","QueenBee"],"picked":"OSAHOGD","floor":2.0},{"not_picked":["Lantern","Beak"],"picked":"SKIP","floor":2.0},{"not_picked":["VoidDream","BigBird"],"picked":"UniverseFragment","floor":7.0},{"not_picked":["Hornet"],"picked":"Mimicry","floor":7.0},{"not_picked":["BlackSwan","Scorched"],"picked":"WallGazer","floor":11.0},{"not_picked":["Beak"],"picked":"WristCuter","floor":11.0},{"not_picked":["Alriune","CrumblingArmor"],"picked":"SpiderBud","floor":14.0},{"not_picked":["Reverberation","Horn"],"picked":"SKIP","floor":14.0},{"not_picked":["RedShoes","Variant"],"picked":"MeatLantern","floor":16.0},{"not_picked":["SnowQueen","FieryBird"],"picked":"LaLuna","floor":18.0},{"not_picked":["ScreamingWedge"],"picked":"Lamp","floor":18.0},{"not_picked":["Laetitia_ego"],"picked":"Heaven+1","floor":19.0},{"not_picked":["CUTE+1","Regret_ego"],"picked":"SKIP","floor":23.0},{"not_picked":["Lantern"],"picked":"Wingbeat","floor":27.0},{"not_picked":["Beak+1","Galaxy+1"],"picked":"SKIP","floor":29.0},{"not_picked":["Horn+1","GreenStem+1"],"picked":"SKIP","floor":31.0},{"not_picked":["Adoration"],"picked":"GoldRush","floor":33.0},{"not_picked":["Reverberation","Tough"],"picked":"SKIP","floor":1.0},{"not_picked":["MHz","Murderer"],"picked":"FieryBird","floor":2.0},{"not_picked":["BearPaw"],"picked":"Moonlight","floor":2.0},{"not_picked":["VoidDream","Scarecrow"],"picked":"Funeral","floor":1.0},{"not_picked":["Regret_ego","ScreamingWedge"],"picked":"SKIP","floor":1.0},{"not_picked":["CUTE","Soda"],"picked":"SKIP","floor":2.0},{"not_picked":["ShedSkin","GreenStem"],"picked":"SKIP","floor":3.0},{"not_picked":["Diffraction","Regret_ego"],"picked":"SKIP","floor":6.0},{"not_picked":["DespairKnight","WhitesApple"],"picked":"CENSORED","floor":10.0},{"not_picked":["RedEyes","CUTE"],"picked":"SKIP","floor":10.0},{"not_picked":["Mimicry","Loneliness"],"picked":"SKIP","floor":11.0}],"player_experience":204867,"relics_obtained":[{"floor":1.0,"key":"LetterFromLob"},{"floor":7.0,"key":"Anchor"},{"floor":23.0,"key":"Toy Ornithopter"},{"floor":26.0,"key":"Replay:Rubber Ducky"},{"floor":29.0,"key":"ReplayFunnel"},{"floor":1.0,"key":"LetterFromLob"},{"floor":1.0,"key":"LetterFromLob"},{"floor":6.0,"key":"Omamori"},{"floor":9.0,"key":"Chameleon Ring"},{"floor":11.0,"key":"Replay:WaspNest"}],"event_choices":[{"damage_healed":0.0,"max_hp_gain":0.0,"max_hp_loss":0.0,"gold_gain":0.0,"event_name":"Scrap Ooze","player_choice":"Success","floor":3.0,"gold_loss":0.0,"damage_taken":18.0,"relics_obtained":["Quantum Egg"]},{"damage_healed":0.0,"max_hp_gain":0.0,"max_hp_loss":0.0,"gold_gain":0.0,"event_name":"The Woman in Blue","player_choice":"Bought 1 Potion","floor":13.0,"gold_loss":0.0,"damage_taken":0.0},{"damage_healed":0.0,"max_hp_gain":0.0,"max_hp_loss":0.0,"gold_gain":0.0,"event_name":"Back to Basics","player_choice":"Simplicity","floor":25.0,"gold_loss":0.0,"damage_taken":0.0,"cards_upgraded":[]},{"cards_removed":["Moonlight"],"damage_healed":0.0,"max_hp_gain":0.0,"max_hp_loss":0.0,"gold_gain":0.0,"event_name":"Golden Wing","player_choice":"Card Removal","floor":4.0,"gold_loss":0.0,"damage_taken":7.0},{"damage_healed":0.0,"max_hp_gain":0.0,"max_hp_loss":0.0,"gold_gain":0.0,"event_name":"Scrap Ooze","player_choice":"Success","floor":5.0,"gold_loss":0.0,"damage_taken":3.0,"relics_obtained":["Tiny Chest"]},{"damage_healed":0.0,"max_hp_gain":5.0,"max_hp_loss":0.0,"gold_gain":0.0,"event_name":"Big Fish","player_choice":"Donut","floor":12.0,"gold_loss":0.0,"damage_taken":0.0}],"is_beta":false,"boss_relics":[{"not_picked":["Abe\u0027s Treasure","Kintsugi"],"picked":"Empty Cage"},{"not_picked":["Sozu","bronze:MakeshiftBattery"],"picked":"SlaversCollar"}],"items_purged_floors":[],"is_endless":false,"potions_floor_spawned":[7,11,14,16,19,27,33,1,2,1,6],"ascension_level":0}}