{"host":"gtkw0hh8g0porc44","time":1613066243,"event":{"mods":["AchievementEnabler","BaseMod","Better Altar","Better Match","Better Note","Better Sensory Stone","Better Skull","Better Synergies","Better Vampires","BetterRewards","Colored Map","Colored Powertips","Custom Start","DeckTracker","Highlight Path","Infinite Spire","Minty Spire (QoL Compilation)","Relic Stats","Replay The Spire","StSLib","Synergy Search"],"gold_per_floor":[112,128,93,93,104,131,146,146,146,146,158,158,188,188,188,285,285,300,300,399,324,324,324,349,349,349],"floor_reached":25,"language":"ENG","playtime":1763,"items_purged":[],"score":238,"play_id":"12ca7209-e414-492f-994a-707608c6682b","local_time":"20210211125723","is_ascension_mode":true,"campfire_choices":[{"floor":8,"key":"REST"},{"floor":15,"key":"REST"},{"floor":23,"key":"REST"}],"circlet_count":0,"master_deck":["Echo Form+1","Electrodynamics+1","Defragment+1","Loop","Storm+1","Crystallizer+1","Static Discharge+1","Capacitor+1","Consume+1","Tempest+1","Zap+1","Thunder Strike+1","Machine Learning","Ball Lightning+1","Enlightenment+1"],"relics":["Cracked Core","Bronze Scales","Oddly Smooth Stone","Inserter","Bottled Tornado"],"acts_visited":["Exordium","TheCity"],"potions_floor_usage":[2],"damage_taken":[{"damage":7,"enemies":"2 Louse","floor":1,"turns":2},{"damage":11,"enemies":"Jaw Worm","floor":2,"turns":2},{"damage":6,"enemies":"Cultist","floor":5,"turns":2},{"damage":16,"enemies":"Gremlin Nob","floor":6,"turns":3},{"damage":7,"enemies":"Blue Slaver","floor":7,"turns":2},{"damage":13,"enemies":"3 Louse","floor":11,"turns":2},{"damage":18,"enemies":"Lagavulin","floor":13,"turns":3},{"damage":42,"enemies":"Hexaghost","floor":16,"turns":4},{"damage":20,"enemies":"2 Thieves","floor":18,"turns":2},{"damage":54,"enemies":"Slavers","floor":24,"turns":3},{"damage":22,"enemies":"Shell Parasite","floor":25,"turns":2}],"seed_played":"3623120353425003405","potions_obtained":[{"floor":1,"key":"SkillPotion"},{"floor":5,"key":"infinitespire:BlackPotion"},{"floor":11,"key":"SteroidPotion"}],"is_trial":true,"path_per_floor":["M","M","?","$","M","E","M","R","T","?","M","?","E","?","R","B",null,"M","?","?","?","?","R","E","M"],"character_chosen":"DEFECT","items_purchased":[],"campfire_rested":3,"item_purchase_floors":[],"current_hp_per_floor":[68,57,75,75,69,53,46,68,68,73,60,60,42,42,64,22,75,55,55,55,55,55,75,21,0,0],"gold":349,"neow_bonus":"","is_daily":false,"chose_seed":false,"campfire_upgraded":0,"win_rate":0.0,"timestamp":1613066243,"path_taken":["M","M","?","$","M","E","M","R","T","?","?","?","E","?","R","BOSS","M","?","?","?","?","R","E","M"],"items_purchased_type":[],"build_version":"2020-12-22","purchased_purges":0,"victory":false,"max_hp_per_floor":[75,75,75,75,75,75,75,75,75,75,75,75,75,75,75,75,75,75,75,75,75,75,75,75,75,75],"relic_stats":{"Inserter":[3],"counters":[11,27],"Bronze Scales":[63],"obtain_stats":[{"Inserter":17,"Bronze Scales":6,"Oddly Smooth Stone":9,"Bottled Tornado":24,"Cracked Core":0},{"Inserter":8,"Bronze Scales":4,"Oddly Smooth Stone":5,"Bottled Tornado":10,"Cracked Core":0},{"Inserter":20,"Bronze Scales":9,"Oddly Smooth Stone":11,"Bottled Tornado":25,"Cracked Core":0}]},"card_choices":[{"not_picked":["Streamline","FTL","Coolheaded"],"picked":"SKIP","floor":1},{"not_picked":["Compile Driver","Hello World","Rebound"],"picked":"SKIP","floor":2},{"not_picked":["Sweeping Beam","Cold Snap","ReplaySolidLightProjector"],"picked":"SKIP","floor":5},{"not_picked":["Streamline","Conserve Battery","Sweeping Beam"],"picked":"SKIP","floor":6},{"not_picked":["Chill","Hologram","Darkness"],"picked":"SKIP","floor":7},{"not_picked":["Steam","Turbo","Sweeping Beam"],"picked":"SKIP","floor":11},{"not_picked":["Go for the Eyes","Beam Cell","Turbo"],"picked":"SKIP","floor":13},{"not_picked":["Multi-Cast","Biased Cognition"],"picked":"Machine Learning","floor":16},{"not_picked":["Gash","Beam Cell"],"picked":"Ball Lightning+1","floor":18},{"not_picked":["Bandage Up+1","ReplayTheSpireMod:Trickstab+1"],"picked":"Enlightenment+1","floor":21},{"not_picked":["Turbo","Glacier","Gash+1"],"picked":"SKIP","floor":24}],"player_experience":118010,"relics_obtained":[{"floor":6,"key":"Bronze Scales"},{"floor":9,"key":"Oddly Smooth Stone"},{"floor":24,"key":"Bottled Tornado"}],"event_choices":[{"damage_healed":18,"gold_gain":0,"player_choice":"Healed","damage_taken":0,"max_hp_gain":0,"max_hp_loss":0,"event_name":"The Cleric","floor":3,"gold_loss":35},{"cards_removed":["Ball Lightning"],"damage_healed":5,"gold_gain":0,"player_choice":"Offered Common","damage_taken":0,"max_hp_gain":0,"max_hp_loss":0,"event_name":"Bonfire Elementals","floor":10,"gold_loss":0},{"cards_removed":["Ball Lightning"],"damage_healed":5,"gold_gain":0,"player_choice":"Offered Special","damage_taken":0,"max_hp_gain":0,"max_hp_loss":0,"event_name":"Bonfire Elementals","floor":10,"gold_loss":0},{"damage_healed":0,"gold_gain":0,"player_choice":"Ignored","damage_taken":0,"max_hp_gain":0,"max_hp_loss":0,"event_name":"Liars Game","floor":12,"gold_loss":0},{"damage_healed":0,"gold_gain":1,"player_choice":"1","damage_taken":0,"max_hp_gain":0,"max_hp_loss":0,"event_name":"betterStone:BetterStone","floor":14,"gold_loss":0},{"damage_healed":0,"gold_gain":99,"player_choice":"Stole From Cult","damage_taken":0,"max_hp_gain":0,"max_hp_loss":0,"event_name":"Nest","floor":20,"gold_loss":0},{"damage_healed":0,"gold_gain":0,"player_choice":"2","damage_taken":0,"max_hp_gain":0,"max_hp_loss":0,"event_name":"betterMatch:BetterMatch","floor":21,"gold_loss":0,"cards_obtained":["betterMatch:ColorlessUncommonCard"]},{"damage_healed":0,"gold_gain":0,"player_choice":"Ignored","damage_taken":0,"max_hp_gain":0,"max_hp_loss":0,"event_name":"Ghosts","floor":22,"gold_loss":0}],"is_beta":false,"boss_relics":[{"not_picked":["Pandora\u0027s Box","Replay:Wanted Poster"],"picked":"Inserter"}],"items_purged_floors":[],"is_endless":false,"potions_floor_spawned":[1,5,11],"killed_by":"Shell Parasite","ascension_level":1}}