{"host":"dqv8oo4v229c1o2l","time":1613074997,"event":{"mods":["AchievementEnabler","BaseMod","Colored Map","Colored Powertips","Minty Spire (QoL Compilation)","Quick Restart","Rare Cards Sparkle","StSLib","Synergy Search"],"gold_per_floor":[114,127,127,139,151,180,180,193,193,193,193,0,10,22,22,123,123,142,142,142,142,142,142,177,177,177,187,187,216,216,236,236,338,338,350,364,384,159,171,171,191,210,210,210,226,226,244,258,258,258,258],"floor_reached":50,"language":"ENG","playtime":2373,"items_purged":[],"score":686,"play_id":"e4ec0696-e4a6-4cc6-81b1-338e685c403f","local_time":"20210211122317","is_ascension_mode":true,"campfire_choices":[{"data":"Biased Cognition","floor":7.0,"key":"SMITH"},{"floor":11.0,"key":"REST"},{"floor":15.0,"key":"REST"},{"floor":23.0,"key":"RECALL"},{"floor":28.0,"key":"REST"},{"floor":30.0,"key":"REST"},{"floor":32.0,"key":"REST"},{"floor":40.0,"key":"REST"},{"floor":44.0,"key":"REST"},{"floor":49.0,"key":"REST"}],"circlet_count":0,"master_deck":["Defend_B","Defend_B","Defend_B","Defend_B","Zap","Echo Form","Biased Cognition+1","Conserve Battery","Loop+1","Skim","Conserve Battery","Ball Lightning","Loop","Force Field","Electrodynamics","Beam Cell","All For One","Ball Lightning+1","Static Discharge","Reboot","CurseOfTheBell","Biased Cognition+1","Self Repair+1","Reinforced Body","Rebound","Loop+1"],"relics":["Cracked Core","Shuriken","Cables","Strange Spoon","Busted Crown","Anchor","Blue Candle","TungstenRod","Calling Bell","Omamori","Frozen Egg 2","FossilizedHelix","DollysMirror","Darkstone Periapt"],"acts_visited":["Exordium","TheCity","TheBeyond"],"potions_floor_usage":[50,50,50],"damage_taken":[{"damage":3.0,"enemies":"2 Louse","floor":1.0,"turns":2.0},{"damage":0.0,"enemies":"Cultist","floor":2.0,"turns":4.0},{"damage":7.0,"enemies":"Jaw Worm","floor":4.0,"turns":3.0},{"damage":3.0,"enemies":"Blue Slaver","floor":5.0,"turns":4.0},{"damage":20.0,"enemies":"Lagavulin","floor":6.0,"turns":5.0},{"damage":21.0,"enemies":"Lots of Slimes","floor":8.0,"turns":4.0},{"damage":0.0,"enemies":"Gremlin Gang","floor":10.0,"turns":1.0},{"damage":1.0,"enemies":"Blue Slaver","floor":13.0,"turns":3.0},{"damage":1.0,"enemies":"2 Fungi Beasts","floor":14.0,"turns":2.0},{"damage":2.0,"enemies":"Hexaghost","floor":16.0,"turns":7.0},{"damage":4.0,"enemies":"Spheric Guardian","floor":18.0,"turns":3.0},{"damage":18.0,"enemies":"Book of Stabbing","floor":24.0,"turns":5.0},{"damage":1.0,"enemies":"Shell Parasite","floor":27.0,"turns":5.0},{"damage":23.0,"enemies":"Gremlin Leader","floor":29.0,"turns":5.0},{"damage":8.0,"enemies":"Chosen and Byrds","floor":31.0,"turns":4.0},{"damage":7.0,"enemies":"Champ","floor":33.0,"turns":6.0},{"damage":14.0,"enemies":"3 Darklings","floor":35.0,"turns":4.0},{"damage":9.0,"enemies":"Orb Walker","floor":36.0,"turns":4.0},{"damage":0.0,"enemies":"4 Shapes","floor":37.0,"turns":3.0},{"damage":33.0,"enemies":"Jaw Worm Horde","floor":39.0,"turns":3.0},{"damage":24.0,"enemies":"Transient","floor":41.0,"turns":5.0},{"damage":27.0,"enemies":"Spire Growth","floor":42.0,"turns":4.0},{"damage":22.0,"enemies":"4 Shapes","floor":45.0,"turns":4.0},{"damage":17.0,"enemies":"Sphere and 2 Shapes","floor":47.0,"turns":3.0},{"damage":2.0,"enemies":"Writhing Mass","floor":48.0,"turns":6.0},{"damage":37,"enemies":"Time Eater","floor":50,"turns":6}],"seed_played":"-1442808914265024954","potions_obtained":[{"floor":4.0,"key":"Dexterity Potion"},{"floor":6.0,"key":"SmokeBomb"},{"floor":18.0,"key":"Ancient Potion"},{"floor":29.0,"key":"Fire Potion"},{"floor":31.0,"key":"LiquidBronze"},{"floor":35.0,"key":"AttackPotion"},{"floor":41.0,"key":"Block Potion"},{"floor":45.0,"key":"Strength Potion"},{"floor":48.0,"key":"LiquidMemories"}],"is_trial":false,"path_per_floor":["M","M","?","M","M","E","R","M","T","M","R","$","M","M","R","B",null,"M","?","?","$","$","R","E","T","T","M","R","E","R","M","R","B",null,"M","M","M","$","M","R","M","M","T","R","M","?","M","M","R","B"],"character_chosen":"DEFECT","items_purchased":["Loop","Strange Spoon","DollysMirror","Self Repair+1"],"campfire_rested":8,"item_purchase_floors":[12,12,38,38],"current_hp_per_floor":[65,65,65,58,55,35,35,14,14,14,34,34,33,32,52,50,64,60,48,48,48,48,48,30,30,30,29,50,27,48,40,61,54,68,54,45,45,45,22,43,29,22,22,43,21,21,4,12,33,0,0],"gold":258,"neow_bonus":"TRANSFORM_TWO_CARDS","is_daily":false,"chose_seed":false,"campfire_upgraded":1,"win_rate":0.0,"timestamp":1613074997,"path_taken":["M","M","?","M","M","E","R","M","T","M","R","$","M","M","R","BOSS","M","?","?","?","$","R","E","?","T","M","R","E","R","?","R","BOSS","M","?","M","$","M","R","?","M","T","R","M","?","M","M","R","BOSS"],"items_purchased_type":["Card","Relic","Relic","Card"],"build_version":"2020-12-22","purchased_purges":0,"victory":false,"max_hp_per_floor":[68,68,68,68,68,68,68,68,68,68,68,68,68,68,68,68,68,68,73,73,73,73,73,73,73,73,73,73,73,73,73,73,73,73,73,73,73,73,73,73,73,73,73,73,73,73,73,73,73,73,73],"card_choices":[{"not_picked":["Heatsinks","Gash"],"picked":"Conserve Battery","floor":1.0},{"not_picked":["Cold Snap","Streamline"],"picked":"Loop","floor":2.0},{"not_picked":["Recycle","Steam"],"picked":"Skim","floor":4.0},{"not_picked":["Cold Snap","Aggregate","Creative AI"],"picked":"SKIP","floor":5.0},{"not_picked":["All For One","Stack"],"picked":"Conserve Battery","floor":6.0},{"not_picked":["Hello World","Redo"],"picked":"Ball Lightning","floor":8.0},{"not_picked":["Hello World","Cold Snap","Streamline"],"picked":"SKIP","floor":13.0},{"not_picked":["Beam Cell","Rebound"],"picked":"Force Field","floor":14.0},{"not_picked":["Buffer","Creative AI"],"picked":"Electrodynamics","floor":16.0},{"not_picked":["Stack+1"],"picked":"SKIP","floor":18.0},{"not_picked":["Doom and Gloom"],"picked":"SKIP","floor":24.0},{"not_picked":[],"picked":"Ball Lightning+1","floor":27.0},{"not_picked":[],"picked":"Static Discharge","floor":29.0},{"not_picked":["Barrage"],"picked":"SKIP","floor":31.0},{"not_picked":[],"picked":"Reboot","floor":33.0},{"not_picked":["Compile Driver+1"],"picked":"SKIP","floor":35.0},{"not_picked":["Gash"],"picked":"SKIP","floor":36.0},{"not_picked":["Compile Driver"],"picked":"SKIP","floor":37.0},{"not_picked":[],"picked":"Reinforced Body","floor":39.0},{"not_picked":[],"picked":"Rebound","floor":41.0},{"not_picked":["Hologram"],"picked":"SKIP","floor":42.0},{"not_picked":["Rip and Tear"],"picked":"SKIP","floor":45.0},{"not_picked":["Turbo+1"],"picked":"SKIP","floor":47.0},{"not_picked":[],"picked":"Loop+1","floor":48.0}],"player_experience":309342,"relics_obtained":[{"floor":6.0,"key":"Shuriken"},{"floor":9.0,"key":"Cables"},{"floor":24.0,"key":"Anchor"},{"floor":26.0,"key":"Blue Candle"},{"floor":29.0,"key":"TungstenRod"},{"floor":34.0,"key":"Omamori"},{"floor":34.0,"key":"Frozen Egg 2"},{"floor":34.0,"key":"FossilizedHelix"},{"floor":43.0,"key":"Darkstone Periapt"}],"event_choices":[{"damage_healed":0.0,"max_hp_gain":0.0,"max_hp_loss":0.0,"gold_gain":0.0,"event_name":"Upgrade Shrine","player_choice":"Upgraded","floor":3.0,"gold_loss":0.0,"damage_taken":0.0,"cards_upgraded":["Loop"]},{"damage_healed":0.0,"max_hp_gain":5.0,"max_hp_loss":0.0,"gold_gain":0.0,"event_name":"Forgotten Altar","player_choice":"Shed Blood","floor":19.0,"gold_loss":0.0,"damage_taken":17.0},{"damage_healed":0.0,"max_hp_gain":0.0,"max_hp_loss":0.0,"gold_gain":0.0,"cards_transformed":["Strike_B","Strike_B"],"event_name":"Drug Dealer","player_choice":"Became Test Subject","floor":20.0,"gold_loss":0.0,"damage_taken":0.0,"cards_obtained":["Beam Cell","All For One"]},{"cards_removed":["Dualcast"],"damage_healed":0.0,"max_hp_gain":0.0,"max_hp_loss":0.0,"gold_gain":0.0,"event_name":"Falling","player_choice":"Removed Skill","floor":46.0,"gold_loss":0.0,"damage_taken":0.0}],"is_beta":false,"boss_relics":[{"not_picked":["Runic Pyramid","Inserter"],"picked":"Busted Crown"},{"not_picked":["SlaversCollar","Cursed Key"],"picked":"Calling Bell"}],"items_purged_floors":[],"is_endless":false,"potions_floor_spawned":[4,6,10,18,29,31,35,41,45,47,48],"killed_by":"Time Eater","ascension_level":8}}