{"host":"yn1175etg9ni8l0q","time":1613055017,"event":{"mods":["AchievementEnabler","BaseMod","Colored Map","Colored Powertips","DeckTracker","Minty Spire (QoL Compilation)","Rare Cards Sparkle","Relic Stats","SuperFastMode","everything is the same but u backflip on backflip"],"gold_per_floor":[114,129,79,79,141,168,218,218,218,328,348,348,365,49,49,150,150,166,178,228,243,257,257,319,386,386,139,156,167,167,167],"floor_reached":30,"language":"KOR","playtime":854,"items_purged":["Defend_B"],"score":236,"play_id":"6760d736-1851-4042-8567-3265595e2648","local_time":"20210211235017","is_ascension_mode":false,"campfire_choices":[{"floor":8.0,"key":"REST"},{"data":"Zap","floor":12.0,"key":"SMITH"},{"data":"Dualcast","floor":15.0,"key":"SMITH"},{"data":"Turbo","floor":23.0,"key":"SMITH"}],"circlet_count":0,"master_deck":["Zap+1","Dualcast+1","Static Discharge","Coolheaded","Turbo+1","Sunder+1","Ball Lightning","Reboot","Coolheaded","Creative AI","Skim","Conserve Battery","Aggregate","BootSequence","Cold Snap+1","Heatsinks","Seek","Panacea"],"relics":["Cracked Core","SsserpentHead","Symbiotic Virus","Mummified Hand","Pandora\u0027s Box","Vajra"],"acts_visited":["Exordium","TheCity"],"potions_floor_usage":[30],"damage_taken":[{"damage":6.0,"enemies":"Jaw Worm","floor":1.0,"turns":3.0},{"damage":1.0,"enemies":"Cultist","floor":2.0,"turns":3.0},{"damage":11.0,"enemies":"2 Louse","floor":5.0,"turns":2.0},{"damage":17.0,"enemies":"Lagavulin","floor":6.0,"turns":7.0},{"damage":2.0,"enemies":"3 Sentries","floor":10.0,"turns":4.0},{"damage":13.0,"enemies":"2 Fungi Beasts","floor":11.0,"turns":2.0},{"damage":0.0,"enemies":"Red Slaver","floor":13.0,"turns":3.0},{"damage":21.0,"enemies":"Slime Boss","floor":16.0,"turns":6.0},{"damage":2.0,"enemies":"3 Byrds","floor":18.0,"turns":3.0},{"damage":0.0,"enemies":"Shell Parasite","floor":19.0,"turns":1.0},{"damage":16.0,"enemies":"Snecko","floor":21.0,"turns":4.0},{"damage":9.0,"enemies":"Sentry and Sphere","floor":22.0,"turns":4.0},{"damage":3.0,"enemies":"Centurion and Healer","floor":24.0,"turns":7.0},{"damage":0.0,"enemies":"Snake Plant","floor":25.0,"turns":3.0},{"damage":3.0,"enemies":"Chosen and Byrds","floor":28.0,"turns":3.0},{"damage":3.0,"enemies":"Centurion and Healer","floor":29.0,"turns":5.0},{"damage":39,"enemies":"Slavers","floor":30,"turns":2}],"seed_played":"-6797301649715206684","potions_obtained":[{"floor":2.0,"key":"Block Potion"},{"floor":13.0,"key":"ColorlessPotion"},{"floor":16.0,"key":"Dexterity Potion"},{"floor":24.0,"key":"DuplicationPotion"}],"is_trial":false,"path_per_floor":["M","M","?","?","M","E","?","R","T","?","M","R","M","$","R","B",null,"M","M","?","M","M","R","M","M","T","$","M","M","E"],"character_chosen":"DEFECT","items_purchased":["Mummified Hand","Seek","Panacea"],"campfire_rested":1,"item_purchase_floors":[14,27,27],"current_hp_per_floor":[62,61,61,61,50,33,19,39,39,37,24,24,24,24,24,3,68,66,66,66,50,41,41,38,38,38,38,35,32,0,0],"gold":167,"neow_bonus":"TRANSFORM_TWO_CARDS","is_daily":false,"chose_seed":false,"campfire_upgraded":3,"win_rate":0.0,"timestamp":1613055017,"path_taken":["M","M","?","?","?","E","?","R","T","?","M","R","M","$","R","BOSS","M","M","?","M","M","R","?","?","T","$","M","M","E"],"items_purchased_type":["Relic","Card","Card"],"build_version":"2020-12-22","purchased_purges":1,"victory":false,"max_hp_per_floor":[68,68,68,68,68,68,68,68,68,68,68,68,68,68,68,68,68,68,68,68,68,68,68,68,68,68,68,68,68,68,68],"relic_stats":{"SsserpentHead":300,"counters":[17,62],"Mummified Hand":[28],"Pandora\u0027s Box":["Creative AI","Skim","Conserve Battery","Aggregate"],"obtain_stats":[{"SsserpentHead":4,"Mummified Hand":14,"Vajra":26,"Pandora\u0027s Box":17,"Cracked Core":0,"Symbiotic Virus":6},{"SsserpentHead":2,"Mummified Hand":7,"Vajra":14,"Pandora\u0027s Box":8,"Cracked Core":0,"Symbiotic Virus":4},{"SsserpentHead":6,"Mummified Hand":24,"Vajra":52,"Pandora\u0027s Box":30,"Cracked Core":0,"Symbiotic Virus":15}]},"card_choices":[{"not_picked":["Streamline","Darkness"],"picked":"Coolheaded","floor":1.0},{"not_picked":["Conserve Battery","Rebound"],"picked":"Turbo","floor":2.0},{"not_picked":["Go for the Eyes","Sweeping Beam"],"picked":"Sunder","floor":5.0},{"not_picked":["Steam","Reprogram","Force Field"],"picked":"SKIP","floor":6.0},{"not_picked":["BootSequence","Consume"],"picked":"Ball Lightning","floor":10.0},{"not_picked":["Auto Shields","Rebound"],"picked":"Reboot","floor":11.0},{"not_picked":["Leap","Redo"],"picked":"Coolheaded","floor":13.0},{"not_picked":["Gash","Barrage","Compile Driver"],"picked":"SKIP","floor":18.0},{"not_picked":["Conserve Battery","Ball Lightning+1","Heatsinks"],"picked":"SKIP","floor":19.0},{"not_picked":["Leap+1","Cold Snap+1"],"picked":"BootSequence","floor":21.0},{"not_picked":["Sunder","Ball Lightning+1"],"picked":"Cold Snap+1","floor":22.0},{"not_picked":["Force Field+1","Rip and Tear"],"picked":"Heatsinks","floor":24.0},{"not_picked":["Consume","Ball Lightning","Darkness"],"picked":"SKIP","floor":25.0},{"not_picked":["Scrape","Tempest","Hologram"],"picked":"SKIP","floor":28.0},{"not_picked":["Turbo+1","Sweeping Beam","Ball Lightning"],"picked":"SKIP","floor":29.0}],"player_experience":374598,"relics_obtained":[{"floor":6.0,"key":"Symbiotic Virus"},{"floor":26.0,"key":"Vajra"}],"event_choices":[{"cards_removed":["Strike_B"],"damage_healed":0.0,"max_hp_gain":0.0,"max_hp_loss":0.0,"gold_gain":0.0,"event_name":"The Cleric","player_choice":"Card Removal","floor":3.0,"gold_loss":50.0,"damage_taken":0.0},{"damage_healed":0.0,"max_hp_gain":0.0,"max_hp_loss":0.0,"gold_gain":0.0,"event_name":"FaceTrader","player_choice":"Trade","floor":4.0,"gold_loss":0.0,"damage_taken":0.0,"relics_obtained":["SsserpentHead"]},{"damage_healed":0.0,"max_hp_gain":0.0,"max_hp_loss":0.0,"gold_gain":0.0,"event_name":"Shining Light","player_choice":"Entered Light","floor":7.0,"gold_loss":0.0,"damage_taken":14.0,"cards_upgraded":["Defend_B","Sunder"]},{"damage_healed":0.0,"max_hp_gain":0.0,"max_hp_loss":0.0,"gold_gain":30.0,"event_name":"Dead Adventurer","player_choice":"Searched \u00272\u0027 times","floor":10.0,"gold_loss":0.0,"damage_taken":0.0},{"cards_removed":["Beam Cell"],"damage_healed":0.0,"max_hp_gain":0.0,"max_hp_loss":0.0,"gold_gain":0.0,"event_name":"Purifier","player_choice":"Purged","floor":20.0,"gold_loss":0.0,"damage_taken":0.0}],"is_beta":false,"boss_relics":[{"not_picked":["Snecko Eye","SlaversCollar"],"picked":"Pandora\u0027s Box"}],"items_purged_floors":[14],"is_endless":false,"potions_floor_spawned":[2,13,16,21,24,25],"killed_by":"Slavers","ascension_level":0}}