{"host":"zov10424ma9lu08x","time":1613061757,"event":{"mods":["2.2 Compatiblity","Act Like it!","BaseMod","Card Forge","Highlight Path","Minty Spire (QoL Compilation)","Permanent Neow","Practice Mode","Quick Restart","StSLib","Synergy Search"],"gold_per_floor":[111,124,124,141,152,152,152,162,188,188,218,140,140,151,151,251,251,271,271,285,296,296,330,76,86,112,131,163,163,163,244,244,348,348,360,360,376,376,388,388,399,419,466,493,505,739,751,76,76,76],"floor_reached":51,"language":"ENG","playtime":2528,"items_purged":["Strike_R","Strike_R"],"score":719,"play_id":"9407bcef-5322-441c-9772-6f56176cdf2b","local_time":"20210212004237","is_ascension_mode":false,"campfire_choices":[{"data":"Uppercut","floor":6.0,"key":"SMITH"},{"data":"Cleave","floor":10.0,"key":"SMITH"},{"data":"Clothesline","floor":15.0,"key":"SMITH"},{"data":"Shrug It Off","floor":29.0,"key":"SMITH"},{"data":"Shrug It Off","floor":32.0,"key":"SMITH"},{"data":"Demon Form","floor":40,"key":"SMITH"},{"data":"Bash","floor":45,"key":"SMITH"},{"data":"Secret Technique","floor":49,"key":"SMITH"}],"circlet_count":0,"master_deck":["Strike_R","Strike_R","Strike_R","Defend_R","Defend_R","Defend_R","Defend_R","Bash+1","Uppercut+1","Uppercut+1","Cleave+1","Shrug It Off+1","Cleave","Hemokinesis","Clothesline+1","Demon Form+1","Impervious","Shrug It Off+1","Twin Strike+1","Impervious","Master of Strategy","Heavy Blade+1","Secret Technique+1"],"relics":["Burning Blood","Hammer of Thor","Seething Fire","Anvil of the Gods","Tiny Chest","Toy Ornithopter","PreservedInsect","Bag of Marbles","Mark of Pain","Oddly Smooth Stone","Smiling Mask","Ancient Tea Set","Anchor","Red Mask","Gremlin Horn","Sozu","MawBank","Sundial","Lantern","Dead Branch"],"acts_visited":["Exordium","TheCity","TheBeyond"],"potions_floor_usage":[50],"damage_taken":[{"damage":2.0,"enemies":"2 Louse","floor":1.0,"turns":3.0},{"damage":3.0,"enemies":"Small Slimes","floor":2.0,"turns":3.0},{"damage":1.0,"enemies":"Jaw Worm","floor":4.0,"turns":3.0},{"damage":6.0,"enemies":"2 Fungi Beasts","floor":5.0,"turns":4.0},{"damage":18.0,"enemies":"Exordium Thugs","floor":8.0,"turns":5.0},{"damage":7.0,"enemies":"Gremlin Nob","floor":11.0,"turns":3.0},{"damage":7.0,"enemies":"Looter","floor":14.0,"turns":2.0},{"damage":27.0,"enemies":"Slime Boss","floor":16.0,"turns":8.0},{"damage":4.0,"enemies":"Shell Parasite","floor":18.0,"turns":3.0},{"damage":5.0,"enemies":"3 Byrds","floor":20.0,"turns":5.0},{"damage":11.0,"enemies":"Snecko","floor":21.0,"turns":4.0},{"damage":22.0,"enemies":"Book of Stabbing","floor":23.0,"turns":4.0},{"damage":6.0,"enemies":"Cultist and Chosen","floor":25.0,"turns":4.0},{"damage":2.0,"enemies":"Centurion and Healer","floor":27.0,"turns":7.0},{"damage":2.0,"enemies":"Masked Bandits","floor":28.0,"turns":4.0},{"damage":40.0,"enemies":"Automaton","floor":33.0,"turns":7.0},{"damage":2.0,"enemies":"3 Shapes","floor":35.0,"turns":4.0},{"damage":13.0,"enemies":"3 Darklings","floor":37.0,"turns":4.0},{"damage":2.0,"enemies":"Jaw Worm Horde","floor":39.0,"turns":4.0},{"damage":3,"enemies":"Maw","floor":41,"turns":7},{"damage":2,"enemies":"4 Shapes","floor":42,"turns":3},{"damage":0,"enemies":"Transient","floor":44,"turns":5},{"damage":47,"enemies":"Awakened One","floor":50,"turns":9}],"seed_played":"-7864547824274182549","potions_obtained":[{"floor":1.0,"key":"BlessingOfTheForge"},{"floor":4.0,"key":"Dexterity Potion"},{"floor":18.0,"key":"SkillPotion"},{"floor":21.0,"key":"CultistPotion"},{"floor":28.0,"key":"Weak Potion"}],"is_trial":false,"path_per_floor":["M","M","?","M","M","R","?","M","T","R","E","$","?","M","R","B",null,"M","T","M","M","?","E","$","M","T","M","?","R","?","T","R","B",null,"M","?","M","?","M","R","M","M","T","M","R","?","T","$","R","B",null],"character_chosen":"IRONCLAD","items_purchased":["Hemokinesis","Shrug It Off","Ancient Tea Set","Secret Technique","Lantern","Dead Branch"],"campfire_rested":0,"item_purchase_floors":[12,24,24,48,48,48],"current_hp_per_floor":[80,80,80,80,80,80,68,56,56,56,55,55,55,54,54,33,80,80,80,80,75,75,64,64,64,64,68,72,72,57,57,57,28,85,85,85,78,78,82,82,85,85,85,85,85,85,85,85,85,49],"gold":76,"neow_bonus":"RANDOM_COMMON_RELIC","is_daily":false,"chose_seed":false,"campfire_upgraded":8,"win_rate":0.0,"timestamp":1613061757,"path_taken":["M","M","?","M","M","R","?","M","T","R","E","$","?","M","R","BOSS","M","?","M","M","?","E","$","M","T","M","?","R","?","?","R","BOSS","M","?","M","?","M","R","M","M","T","M","R","?","?","$","R","BOSS"],"items_purchased_type":["Card","Card","Relic","Card","Relic","Relic"],"build_version":"2020-12-22","purchased_purges":2,"victory":true,"max_hp_per_floor":[80,80,80,80,80,80,80,80,80,80,80,80,80,80,80,80,80,80,80,80,80,80,80,80,80,80,80,80,80,85,85,85,85,85,85,85,85,85,85,85,85,85,85,85,85,85,85,85,85,85],"card_choices":[{"not_picked":["Wild Strike","Clash"],"picked":"Uppercut","floor":1.0},{"not_picked":["Clothesline","Metallicize"],"picked":"Uppercut","floor":2.0},{"not_picked":["Feel No Pain","Havoc","Burning Pact"],"picked":"SKIP","floor":4.0},{"not_picked":["Headbutt","Wild Strike"],"picked":"Cleave","floor":5.0},{"not_picked":["Infernal Blade","Clothesline"],"picked":"Shrug It Off","floor":8.0},{"not_picked":["Burning Pact","Rupture"],"picked":"Cleave","floor":11.0},{"not_picked":["Rampage","Dark Embrace"],"picked":"Clothesline","floor":14.0},{"not_picked":["Limit Break","Juggernaut"],"picked":"Demon Form","floor":16.0},{"not_picked":["Armaments","Pommel Strike","Seeing Red"],"picked":"SKIP","floor":18.0},{"not_picked":["Clothesline","Perfected Strike","Clash"],"picked":"SKIP","floor":20.0},{"not_picked":["Searing Blow","Flex","Entrench"],"picked":"SKIP","floor":21.0},{"not_picked":["Hemokinesis","Clash"],"picked":"Impervious","floor":23.0},{"not_picked":["Perfected Strike","Sword Boomerang","Armaments"],"picked":"SKIP","floor":25.0},{"not_picked":["Havoc","Thunderclap","Clothesline"],"picked":"SKIP","floor":27.0},{"not_picked":["Anger","Clash"],"picked":"Twin Strike+1","floor":28.0},{"not_picked":["Fiend Fire","Immolate"],"picked":"Impervious","floor":33.0},{"not_picked":["Second Wind","Thunderclap","Body Slam+1"],"picked":"SKIP","floor":35.0},{"not_picked":["Iron Wave+1","Rampage","Sentinel+1"],"picked":"SKIP","floor":37.0},{"not_picked":["Panacea","Deep Breath"],"picked":"Master of Strategy","floor":38.0},{"not_picked":["Armaments","Entrench"],"picked":"Heavy Blade+1","floor":39},{"not_picked":["Metallicize+1","Armaments+1","Havoc+1"],"picked":"SKIP","floor":41},{"not_picked":["Thunderclap+1","Iron Wave","Sword Boomerang+1"],"picked":"SKIP","floor":42},{"not_picked":["Sword Boomerang","Havoc+1","Wild Strike"],"picked":"SKIP","floor":44}],"player_experience":353729,"relics_obtained":[{"floor":9.0,"key":"PreservedInsect"},{"floor":11.0,"key":"Bag of Marbles"},{"floor":19.0,"key":"Oddly Smooth Stone"},{"floor":23.0,"key":"Smiling Mask"},{"floor":26.0,"key":"Anchor"},{"floor":28.0,"key":"Red Mask"},{"floor":31.0,"key":"Gremlin Horn"},{"floor":43,"key":"MawBank"},{"floor":47,"key":"Sundial"}],"event_choices":[{"damage_healed":0.0,"max_hp_gain":0.0,"max_hp_loss":0.0,"gold_gain":0.0,"event_name":"Living Wall","player_choice":"Grow","floor":3.0,"gold_loss":0.0,"damage_taken":0.0,"cards_upgraded":["Uppercut"]},{"damage_healed":0.0,"max_hp_gain":0.0,"max_hp_loss":0.0,"gold_gain":0.0,"event_name":"Scrap Ooze","player_choice":"Success","floor":7.0,"gold_loss":0.0,"damage_taken":12.0,"relics_obtained":["Toy Ornithopter"]},{"damage_healed":0.0,"max_hp_gain":0.0,"max_hp_loss":0.0,"gold_gain":0.0,"event_name":"Liars Game","player_choice":"Ignored","floor":13.0,"gold_loss":0.0,"damage_taken":0.0},{"damage_healed":0.0,"max_hp_gain":0.0,"max_hp_loss":0.0,"gold_gain":0.0,"event_name":"Drug Dealer","player_choice":"Obtain J.A.X.","floor":22.0,"gold_loss":0.0,"damage_taken":0.0,"cards_obtained":["J.A.X."]},{"damage_healed":0.0,"max_hp_gain":0.0,"max_hp_loss":0.0,"gold_gain":0.0,"event_name":"Masked Bandits","player_choice":"Fought Bandits","floor":28.0,"gold_loss":0.0,"damage_taken":0.0},{"damage_healed":0.0,"max_hp_gain":5.0,"max_hp_loss":0.0,"gold_gain":0.0,"event_name":"Forgotten Altar","player_choice":"Shed Blood","floor":30.0,"gold_loss":0.0,"damage_taken":20.0},{"damage_healed":0.0,"max_hp_gain":0.0,"max_hp_loss":0.0,"gold_gain":0.0,"event_name":"Mysterious Sphere","player_choice":"Ignored","floor":36.0,"gold_loss":0.0,"damage_taken":0.0},{"damage_healed":0.0,"max_hp_gain":0.0,"max_hp_loss":0.0,"gold_gain":0.0,"event_name":"SensoryStone","player_choice":"Memory 1","floor":38.0,"gold_loss":0.0,"damage_taken":0.0},{"damage_healed":0,"gold_gain":222,"player_choice":"Wore Mask","damage_taken":0,"max_hp_gain":0,"max_hp_loss":0,"event_name":"Tomb of Lord Red Mask","floor":46,"gold_loss":0}],"is_beta":false,"boss_relics":[{"not_picked":["SacredBark","Empty Cage"],"picked":"Mark of Pain"},{"not_picked":["Astrolabe","Black Star"],"picked":"Sozu"}],"items_purged_floors":[24,48],"is_endless":false,"potions_floor_spawned":[1,4,18,21,28,37,41],"ascension_level":0}}