{"host":"jr9f8lmgw9kaplsw","time":1613016648,"event":{"mods":["AchievementEnabler","BaseMod","BetterRewards","Colored Map","Hubris","Minty Spire (QoL Compilation)","Replay The Spire","Shop Mod","StSLib","The Cursed"],"gold_per_floor":[114,114,133,152,171,171,209,59,59,78,78,97,116,77,77,202,202,221,240,259,259,278,278,297,316,366,366,385,385,404,423,423,548,548,567,586,614,633,652,652,652,331,331,331,592,611,630,649,649,649],"floor_reached":51,"language":"ENG","playtime":3539,"items_purged":[],"score":586,"play_id":"cc598561-cbc9-4b6e-abf1-5d477e1d6d6f","local_time":"20210210231048","daily_mods":["Allstar","Vintage","Binary"],"is_ascension_mode":false,"campfire_choices":[{"data":"Panache","floor":6,"key":"SMITH"},{"data":"1","floor":15,"key":"LIFT"},{"data":"2","floor":23,"key":"LIFT"},{"data":"3","floor":29,"key":"LIFT"},{"data":"Life Link","floor":32,"key":"SMITH"},{"data":"Corruption","floor":40,"key":"SMITH"},{"data":"Bludgeon","floor":44,"key":"SMITH"},{"data":"hubris:EnhanceAbility","floor":49,"key":"SMITH"}],"circlet_count":0,"master_deck":["Strike_R+2","Strike_R+1","Strike_R+1","Strike_R+1","Strike_R+1","Defend_R+2","Defend_R+1","Defend_R+1","Defend_R+1","Bash","Enlightenment","Dark Shackles","Panache+1","Master of Strategy","Deep Breath","Injury","Life Link+1","Bludgeon+1","CurseOfTheBell","Corruption+1","Havoc+1","Combust","hubris:EnhanceAbility+1","Magnetism","Dark Shackles","ReplayTheSpireMod:Splinters","Spot Weakness+1","Parasite"],"relics":["Burning Blood","Iron Hammer","Golden Idol","ReplayFunnel","Juzu Bracelet","Replay:Bottled Eggs","Girya","hubris:EmptyBottle","Bottled Lightning","hubris:ToyBattleship","Lizard Tail","Mirror","Calling Bell","Gremlin Food","Garlic","Bird Faced Urn","hubris:Metronome","Replay:Rubber Ducky","Magic Flower","Bottled Flame","Pet Ghost","Replay:Mystery Machine","Simple Rune","hubris:Towel","ReplayTheSpireMod:Lightbulb","Dead Branch","hubris:PeanutButter","Vajra","Shuriken","hubris:Potato","Replay:Baseball","Replay:Bottled Flurry","ReplayTheSpireMod:ShopPack","hubris:Reverence","Onion Ring","Gremlin Horn","hubris:IronBody"],"acts_visited":["Exordium","TheCity","TheBeyond"],"potions_floor_usage":[7,7,7,12,16,16,22,25,33,33,37,38,50,50,50,50,50],"damage_taken":[{"damage":11,"enemies":"2 Louse","floor":1,"turns":4},{"damage":0,"enemies":"Jaw Worm","floor":3,"turns":3},{"damage":1,"enemies":"Cultist","floor":4,"turns":4},{"damage":1,"enemies":"Exordium Wildlife","floor":5,"turns":5},{"damage":0,"enemies":"3 Sentries","floor":7,"turns":8},{"damage":0,"enemies":"Looter","floor":10,"turns":4},{"damage":16,"enemies":"Large Slime","floor":12,"turns":4},{"damage":2,"enemies":"Exordium Thugs","floor":13,"turns":4},{"damage":13,"enemies":"Slime Boss","floor":16,"turns":10},{"damage":14,"enemies":"Spheric Guardian","floor":18,"turns":4},{"damage":7,"enemies":"2 Thieves","floor":19,"turns":3},{"damage":21,"enemies":"Cultist and Chosen","floor":20,"turns":6},{"damage":15,"enemies":"Shelled Parasite and Fungi","floor":22,"turns":6},{"damage":0,"enemies":"Snake Plant","floor":24,"turns":3},{"damage":0,"enemies":"Cultist and Chosen","floor":25,"turns":3},{"damage":1,"enemies":"3 Cultists","floor":28,"turns":3},{"damage":0,"enemies":"Snecko","floor":30,"turns":3},{"damage":5,"enemies":"Centurion and Healer","floor":31,"turns":2},{"damage":30,"enemies":"Collector","floor":33,"turns":5},{"damage":0,"enemies":"3 Darklings","floor":35,"turns":3},{"damage":4,"enemies":"Orb Walker","floor":36,"turns":2},{"damage":0,"enemies":"2 Orb Walkers","floor":37,"turns":4},{"damage":0,"enemies":"3 Darklings","floor":38,"turns":2},{"damage":0,"enemies":"Sphere and 2 Shapes","floor":39,"turns":3},{"damage":2,"enemies":"Spire Growth","floor":46,"turns":4},{"damage":0,"enemies":"3 Darklings","floor":47,"turns":2},{"damage":0,"enemies":"Writhing Mass","floor":48,"turns":6},{"damage":0,"enemies":"Replay:Hell Engine","floor":50,"turns":5}],"seed_played":"-587577638262706789","potions_obtained":[{"floor":1,"key":"EntropicBrew"},{"floor":4,"key":"Dexterity Potion"},{"floor":10,"key":"Strength Potion"},{"floor":18,"key":"BloodPotion"},{"floor":25,"key":"ElixirPotion"},{"floor":35,"key":"FearPotion"},{"floor":37,"key":"DistilledChaos"},{"floor":48,"key":"CultistPotion"}],"is_trial":false,"path_per_floor":["M","?","M","M","M","R","E","$","T","M","?","M","M","$","R","B",null,"M","M","M","?","M","R","M","M","T","?","M","R","M","M","R","B",null,"M","M","?","M","M","R","?","$","T","R","?","M","M","M","R","B",null],"character_chosen":"IRONCLAD","items_purchased":["hubris:EmptyBottle","Life Link","ReplayTheSpireMod:ShopPack","Combust","hubris:EnhanceAbility"],"campfire_rested":0,"item_purchase_floors":[8,14,42,42,42],"current_hp_per_floor":[75,75,80,80,80,80,80,80,80,80,80,70,74,74,74,67,80,72,75,64,64,64,64,79,80,80,80,80,80,80,80,80,59,80,80,80,80,80,80,80,80,80,80,80,80,80,80,80,80,80],"gold":649,"neow_bonus":"","is_daily":true,"chose_seed":false,"campfire_upgraded":5,"win_rate":0.0,"timestamp":1613016648,"path_taken":["M","?","M","M","M","R","E","$","T","M","?","M","M","?","R","BOSS","M","M","M","?","M","R","M","M","T","?","M","R","M","M","R","BOSS","M","M","?","M","M","R","?","$","T","R","?","M","M","M","R","BOSS"],"items_purchased_type":["Relic","Card","Relic","Card","Card"],"build_version":"2020-12-22","purchased_purges":0,"victory":true,"max_hp_per_floor":[80,80,80,80,80,80,80,80,80,80,80,80,80,80,80,80,80,80,80,80,80,80,80,80,80,80,80,80,80,80,80,80,80,80,80,80,80,80,80,80,80,80,80,80,80,80,80,80,80,80],"card_choices":[{"not_picked":["Havoc","ReplayTheSpireMod:LeadingStrike"],"picked":"SKIP","floor":7},{"not_picked":["Berserk"],"picked":"Bludgeon","floor":16},{"not_picked":["Offering"],"picked":"Corruption","floor":33},{"not_picked":["True Grit+1"],"picked":"Havoc+1","floor":37},{"not_picked":["Secret Weapon"],"picked":"Magnetism","floor":42},{"not_picked":["Specialist"],"picked":"Dark Shackles","floor":42},{"not_picked":["ReplayTheSpireMod:Strike From Hell"],"picked":"Spot Weakness+1","floor":45}],"player_experience":2818132,"relics_obtained":[{"floor":1,"key":"Iron Hammer"},{"floor":3,"key":"ReplayFunnel"},{"floor":4,"key":"Juzu Bracelet"},{"floor":5,"key":"Replay:Bottled Eggs"},{"floor":7,"key":"Girya"},{"floor":9,"key":"Bottled Lightning"},{"floor":10,"key":"hubris:ToyBattleship"},{"floor":12,"key":"Lizard Tail"},{"floor":13,"key":"Mirror"},{"floor":17,"key":"Gremlin Food"},{"floor":17,"key":"Garlic"},{"floor":17,"key":"Bird Faced Urn"},{"floor":18,"key":"hubris:Metronome"},{"floor":19,"key":"Replay:Rubber Ducky"},{"floor":20,"key":"Magic Flower"},{"floor":22,"key":"Bottled Flame"},{"floor":24,"key":"Pet Ghost"},{"floor":25,"key":"Replay:Mystery Machine"},{"floor":26,"key":"Simple Rune"},{"floor":28,"key":"ReplayTheSpireMod:Lightbulb"},{"floor":30,"key":"Dead Branch"},{"floor":31,"key":"hubris:PeanutButter"},{"floor":35,"key":"Vajra"},{"floor":36,"key":"Shuriken"},{"floor":37,"key":"hubris:Potato"},{"floor":38,"key":"Replay:Baseball"},{"floor":39,"key":"Replay:Bottled Flurry"},{"floor":43,"key":"hubris:Reverence"},{"floor":46,"key":"Onion Ring"},{"floor":47,"key":"Gremlin Horn"},{"floor":48,"key":"hubris:IronBody"}],"event_choices":[{"damage_healed":0,"gold_gain":0,"player_choice":"Take Wound","damage_taken":0,"relics_obtained":["Golden Idol"],"max_hp_gain":0,"max_hp_loss":0,"event_name":"Golden Idol","floor":2,"gold_loss":0,"cards_obtained":["Injury"]},{"damage_healed":0,"gold_gain":0,"player_choice":"Simplicity","damage_taken":0,"max_hp_gain":0,"max_hp_loss":0,"event_name":"Back to Basics","floor":21,"gold_loss":0,"cards_upgraded":["Strike_R","Strike_R","Strike_R","Strike_R","Strike_R"]},{"damage_healed":0,"gold_gain":0,"player_choice":"Fight","damage_taken":0,"max_hp_gain":0,"max_hp_loss":0,"event_name":"Mysterious Sphere","floor":37,"gold_loss":0}],"is_beta":false,"boss_relics":[{"not_picked":["Kintsugi","Runic Dome"],"picked":"Calling Bell"},{"not_picked":["Snecko Eye","ChewingGum","hubris:CrackedHourglass"]}],"items_purged_floors":[],"is_endless":false,"potions_floor_spawned":[1,4,10,12,18,22,24,25,31,35,37,47,48],"ascension_level":0}}