{"host":"liwj66r6jjqhm4vi","time":1613069487,"event":{"mods":["BaseMod","Colored Map","Downfall","Minty Spire (QoL Compilation)","Replay The Spire","StSLib"],"gold_per_floor":[109,109,124,136,136,136,155,187,187,207,78,97,126,140,140,237,237,249,264,264,264,274,98,98,110,161,202,202,239,292,318,318,431,431,474,474,384,45,66,107,142,142,142,182,228,268,114,157,157,165,165],"floor_reached":50,"language":"ENG","playtime":2478,"items_purged":["Defend_R","Strike_R","Perfected Strike"],"score":584,"play_id":"68d9cfb1-e5b3-4d77-b7be-ad419aeaf6b4","local_time":"20210211135127","is_ascension_mode":false,"campfire_choices":[{"data":"Bash","floor":6,"key":"SMITH"},{"data":"Fiend Fire","floor":15,"key":"SMITH"},{"data":"Whirlwind","floor":42,"key":"SMITH"},{"floor":49,"key":"RECALL"}],"circlet_count":0,"master_deck":["Defend_R+1","Defend_R+1","Defend_R+1","Bash+1","Armaments","Run Through","Shrug It Off","Battle Trance+1","Searing Blow+1","Hemogenesis","Headbutt","Fiend Fire+1","Double Tap","Fire Breathing","Uppercut","Shockwave+1","Fire Breathing","Evolve","Exhume","ReplayTheSpireMod:Stacked","Twin Strike","Eclipse","Pommel Strike+1","Bludgeon","Whirlwind+1","True Grit+1","Havoc","Bludgeon","Bludgeon"],"relics":["ChewingGum","Replay:PocketPolymizer","Paper Frog","Mercury Hourglass","bronze:MakeshiftBattery","Replay:Bandana","Boot","Singing Bowl","Snecko Eye","Nunchaku","Self Forming Clay","Bag of Preparation","DollysMirror","King of Hearts"],"acts_visited":["Exordium","TheCity","TheBeyond"],"potions_floor_usage":[16,33,45],"damage_taken":[{"damage":6,"enemies":"Jaw Worm","floor":1,"turns":3},{"damage":0,"enemies":"Cultist","floor":3,"turns":2},{"damage":0,"enemies":"Small Slimes","floor":4,"turns":2},{"damage":0,"enemies":"Blue Slaver","floor":7,"turns":3},{"damage":1,"enemies":"Replay:BlueRogue","floor":8,"turns":7},{"damage":1,"enemies":"Exordium Thugs","floor":10,"turns":5},{"damage":0,"enemies":"Looter","floor":12,"turns":2},{"damage":15,"enemies":"3 Sentries","floor":13,"turns":7},{"damage":0,"enemies":"3 Louse","floor":14,"turns":3},{"damage":22,"enemies":"Hexaghost","floor":16,"turns":7},{"damage":12,"enemies":"2 Thieves","floor":18,"turns":3},{"damage":0,"enemies":"Chosen","floor":19,"turns":4},{"damage":0,"enemies":"Centurion and Healer","floor":22,"turns":5},{"damage":4,"enemies":"3 Cultists","floor":25,"turns":3},{"damage":18,"enemies":"Replay:Snechameleon","floor":27,"turns":5},{"damage":23,"enemies":"Book of Stabbing","floor":29,"turns":5},{"damage":10,"enemies":"Chosen and Byrds","floor":31,"turns":5},{"damage":56,"enemies":"Collector","floor":33,"turns":7},{"damage":5,"enemies":"3 Darklings","floor":35,"turns":3},{"damage":7,"enemies":"Orb Walker","floor":39,"turns":2},{"damage":28,"enemies":"Nemesis","floor":40,"turns":4},{"damage":2,"enemies":"Jaw Worm Horde","floor":41,"turns":3},{"damage":3,"enemies":"Transient","floor":44,"turns":5},{"damage":9,"enemies":"Giant Head","floor":45,"turns":5},{"damage":8,"enemies":"3 Darklings","floor":46,"turns":2},{"damage":14,"enemies":"Reptomancer","floor":48,"turns":4},{"damage":73,"enemies":"Time Eater","floor":50,"turns":10}],"seed_played":"5893515411434594642","potions_obtained":[{"floor":3,"key":"sneckomod:MuddlingPotion"},{"floor":8,"key":"Languid Potion"},{"floor":10,"key":"champ:CounterPotion"},{"floor":12,"key":"LiquidBronze"},{"floor":18,"key":"SteroidPotion"},{"floor":39,"key":"DuplicationPotion"},{"floor":45,"key":"SpeedPotion"}],"is_trial":false,"path_per_floor":["M","?","M","M","?","R","M","E","T","M","$","M","E","M","R_BF","B",null,"M","M","?","?","M","$","?","M","T","E","?","E","T","M","R_BF","B",null,"M","?","?","$","M","E","M","R","T","M","E","M","$","E","R","B"],"character_chosen":"IRONCLAD","items_purchased":["Searing Blow+1","Fire Breathing","Bludgeon","Whirlwind","DollysMirror"],"campfire_rested":0,"item_purchase_floors":[11,23,38,38,47],"current_hp_per_floor":[74,58,58,58,58,58,58,57,57,56,56,56,41,46,46,29,80,68,68,68,68,68,68,68,64,64,56,56,45,45,45,69,23,82,77,77,77,77,70,49,54,54,54,63,64,63,63,56,56,0,0],"gold":165,"neow_bonus":"BOSS_RELIC","is_daily":false,"chose_seed":false,"campfire_upgraded":3,"win_rate":0.0,"timestamp":1613069487,"path_taken":["M","?","M","M","?","R","M","E","T","?","?","M","E","M","R_BF","BOSS","M","M","?","?","?","$","?","M","T","E","?","E","?","M","R_BF","BOSS","M","?","?","$","M","E","M","R","T","M","E","M","$","E","R","BOSS"],"items_purchased_type":["Card","Card","Card","Card","Relic"],"build_version":"2020-12-22","purchased_purges":3,"victory":false,"max_hp_per_floor":[80,80,80,80,80,80,80,80,80,80,80,80,80,80,80,80,80,80,80,80,80,80,80,80,80,80,80,80,82,82,82,82,82,82,82,78,78,78,78,80,82,82,82,84,84,86,86,88,88,88,88],"card_choices":[{"not_picked":["Sentinel","Anger"],"picked":"Armaments","floor":1},{"not_picked":["Dual Wield","Sever Soul"],"picked":"Run Through","floor":3},{"not_picked":["Anger","Massacre"],"picked":"Shrug It Off","floor":4},{"not_picked":["Rage","Warcry","Wild Strike"],"picked":"SKIP","floor":7},{"not_picked":["Life Link","Cleave"],"picked":"Battle Trance","floor":8},{"not_picked":["True Grit","Power Through"],"picked":"Perfected Strike","floor":10},{"not_picked":["Sword Boomerang","Massacre"],"picked":"Hemogenesis","floor":12},{"not_picked":["Run Through","Defy Death","Power Through"],"picked":"SKIP","floor":13},{"not_picked":["Shrug It Off","Iron Wave"],"picked":"Headbutt","floor":14},{"not_picked":["Feed","Barricade"],"picked":"Double Tap","floor":16},{"not_picked":["Combust","Run Through","ReplayTheSpireMod:Corrosion Curse"],"picked":"SKIP","floor":18},{"not_picked":["ReplayTheSpireMod:Muscle Training+1","Run Through"],"picked":"Fire Breathing","floor":19},{"not_picked":["Life Link","Flex+1"],"picked":"Shockwave","floor":22},{"not_picked":["Clothesline","Body Slam"],"picked":"Evolve","floor":25},{"not_picked":["Iron Wave","Cleave"],"picked":"Exhume","floor":27},{"not_picked":["Disarm+1","Heavy Blade","Wild Strike"],"picked":"Singing Bowl","floor":29},{"not_picked":["Massacre","Clothesline"],"picked":"ReplayTheSpireMod:Stacked","floor":31},{"not_picked":["Offering","Brutality"],"picked":"Eclipse","floor":33},{"not_picked":["True Grit+1","Anger"],"picked":"Pommel Strike+1","floor":35},{"not_picked":["ReplayTheSpireMod:Strike From Hell","Perfected Strike"],"picked":"True Grit+1","floor":39},{"not_picked":["Corruption","Second Wind+1","Seeing Red+1"],"picked":"Singing Bowl","floor":40},{"not_picked":["Headbutt","Anger","Cleave"],"picked":"Singing Bowl","floor":41},{"not_picked":["Havoc+1","Anger+1","Shrug It Off+1"],"picked":"Singing Bowl","floor":44},{"not_picked":["Hemokinesis+1","Battle Trance+1"],"picked":"Bludgeon","floor":45},{"not_picked":["Seeing Red","Perfected Strike","Whirlwind"],"picked":"Singing Bowl","floor":46},{"not_picked":["True Grit+1","Run Through+1","Dual Wield"],"picked":"Singing Bowl","floor":48}],"player_experience":191782,"relics_obtained":[{"floor":8,"key":"Replay:PocketPolymizer"},{"floor":9,"key":"Paper Frog"},{"floor":13,"key":"Mercury Hourglass"},{"floor":26,"key":"Replay:Bandana"},{"floor":27,"key":"Boot"},{"floor":29,"key":"Singing Bowl"},{"floor":40,"key":"Nunchaku"},{"floor":43,"key":"Self Forming Clay"},{"floor":45,"key":"Bag of Preparation"},{"floor":48,"key":"King of Hearts"}],"event_choices":[{"damage_healed":0,"gold_gain":0,"player_choice":"Entered Light","damage_taken":16,"max_hp_gain":0,"max_hp_loss":0,"event_name":"Shining Light","floor":2,"gold_loss":0,"cards_upgraded":["Strike_R","Defend_R"]},{"damage_healed":0,"gold_gain":0,"player_choice":"Ignored","damage_taken":0,"max_hp_gain":0,"max_hp_loss":0,"event_name":"Liars Game","floor":5,"gold_loss":0},{"damage_healed":0,"gold_gain":0,"player_choice":"Read","damage_taken":0,"max_hp_gain":0,"max_hp_loss":0,"event_name":"The Library","floor":20,"gold_loss":0,"cards_obtained":["Uppercut"]},{"damage_healed":0,"gold_gain":0,"player_choice":"Ignored","damage_taken":0,"max_hp_gain":0,"max_hp_loss":0,"event_name":"Ghosts","floor":21,"gold_loss":0},{"damage_healed":0,"gold_gain":0,"player_choice":"Simplicity","damage_taken":0,"max_hp_gain":0,"max_hp_loss":0,"event_name":"Back to Basics","floor":24,"gold_loss":0,"cards_upgraded":["Strike_R","Strike_R","Defend_R","Defend_R"]},{"damage_healed":0,"gold_gain":0,"player_choice":"Max HP","damage_taken":0,"max_hp_gain":0,"max_hp_loss":4,"event_name":"Winding Halls","floor":36,"gold_loss":0},{"cards_removed":["Strike_R"],"damage_healed":0,"gold_gain":0,"player_choice":"Upgrade and Remove","damage_taken":0,"max_hp_gain":0,"max_hp_loss":0,"event_name":"Designer","floor":37,"gold_loss":90,"cards_upgraded":["Shockwave"]}],"is_beta":false,"boss_relics":[{"not_picked":["Fusion Hammer","Busted Crown"],"picked":"bronze:MakeshiftBattery"},{"not_picked":["Runic Pyramid","Coffee Dripper"],"picked":"Snecko Eye"}],"items_purged_floors":[11,23,38],"is_endless":false,"potions_floor_spawned":[3,8,10,12,18,19,25,39,41,45,48],"killed_by":"Time Eater","ascension_level":0}}