{"host":"j4nfyhit1dl35m08","time":1613074258,"event":{"mods":["BaseMod","Downfall","Highlight Path","Minty Spire (QoL Compilation)","StSLib"],"gold_per_floor":[99,118,118,130,148,48,48,75,92,92,124,140,40,56,67,67,67,67],"floor_reached":16,"language":"ENG","playtime":890,"items_purged":[],"score":211,"play_id":"0c0fb6c8-e50c-4707-8960-c867735f7b12","local_time":"20210211141058","is_ascension_mode":true,"campfire_choices":[{"floor":1,"key":"RECALL"},{"data":"bronze:WhirlingStrike","floor":6,"key":"SMITH"},{"floor":10,"key":"REST"},{"floor":13,"key":"REST"}],"circlet_count":0,"master_deck":["AscendersBane","bronze:Strike+1","bronze:Strike","bronze:Strike","bronze:Strike","bronze:Defend","bronze:Defend","bronze:Defend","bronze:Defend","bronze:Replicate","bronze:Goto","bronze:Separator+1","bronze:InfiniteBeams","bronze:WhirlingStrike+1","bronze:Terminator","bronze:Iterate","bronze:BitShift","bronze:ForceShield","bronze:Terminator"],"relics":["bronze:BronzeCore","downfall:HeartBlessingRed","Whetstone","Juzu Bracelet","Centennial Puzzle","downfall:HeartBlessingGreen"],"acts_visited":["Exordium"],"potions_floor_usage":[15,16],"damage_taken":[{"damage":3,"enemies":"2 Louse","floor":2,"turns":3},{"damage":2,"enemies":"Jaw Worm","floor":4,"turns":3},{"damage":6,"enemies":"Cultist","floor":5,"turns":3},{"damage":15,"enemies":"3 Sentries","floor":8,"turns":5},{"damage":13,"enemies":"3 Louse","floor":9,"turns":2},{"damage":22,"enemies":"Lagavulin","floor":11,"turns":5},{"damage":13,"enemies":"Exordium Thugs","floor":12,"turns":2},{"damage":25,"enemies":"Exordium Wildlife","floor":14,"turns":4},{"damage":0,"enemies":"Blue Slaver","floor":15,"turns":2},{"damage":24,"enemies":"DF_ARCHETYPE_STREAMLINE","floor":16,"turns":3}],"seed_played":"919144648454955782","potions_obtained":[{"floor":8,"key":"hexamod:SoulburnPotion"},{"floor":9,"key":"Energy Potion"},{"floor":14,"key":"Guardian:BlockOnCardUsePotion"}],"is_trial":false,"path_per_floor":["R","M","?","M","M","R","T","E","M","R","E","M","R","M","M","B"],"character_chosen":"THE_AUTOMATON","items_purchased":[],"campfire_rested":2,"item_purchase_floors":[],"current_hp_per_floor":[63,60,60,58,52,52,52,37,24,44,22,9,29,4,4,0,0,0],"gold":67,"neow_bonus":"TEN_PERCENT_HP_BONUS","is_daily":false,"chose_seed":false,"campfire_upgraded":1,"win_rate":0.0,"timestamp":1613074258,"path_taken":["R","M","?","M","M","R","T","E","M","R","E","M","R","M","M","BOSS"],"items_purchased_type":[],"build_version":"2020-12-22","purchased_purges":0,"victory":false,"max_hp_per_floor":[69,69,69,69,69,69,69,69,69,69,69,69,69,69,69,69,69,69],"card_choices":[{"not_picked":["bronze:Frontload","bronze:Branch"],"picked":"bronze:Separator","floor":2},{"not_picked":["bronze:Safeguard","bronze:Separator"],"picked":"bronze:InfiniteBeams","floor":4},{"not_picked":["bronze:BronzeOrb","bronze:DelayedSlice"],"picked":"bronze:WhirlingStrike","floor":5},{"not_picked":["bronze:Return","bronze:Philosophize"],"picked":"bronze:Terminator","floor":8},{"not_picked":["bronze:BronzeOrb","bronze:Overheat"],"picked":"bronze:Iterate","floor":9},{"not_picked":["bronze:Turbo","bronze:OilSpill","bronze:Shield"],"picked":"SKIP","floor":11},{"not_picked":["bronze:Separator","bronze:InfiniteBeams"],"picked":"bronze:BitShift","floor":12},{"not_picked":["bronze:DelayedSlice","bronze:BugBarrage"],"picked":"bronze:ForceShield","floor":14},{"not_picked":["bronze:OilSpill","bronze:Safeguard"],"picked":"bronze:Terminator","floor":15}],"player_experience":516811,"relics_obtained":[{"floor":7,"key":"Whetstone"},{"floor":8,"key":"Juzu Bracelet"},{"floor":11,"key":"Centennial Puzzle"}],"event_choices":[],"is_beta":false,"boss_relics":[],"items_purged_floors":[],"is_endless":false,"potions_floor_spawned":[8,9,14],"killed_by":"DF_ARCHETYPE_STREAMLINE","ascension_level":17}}