{"host":"kg61lsvem4dxoat8","time":1613056372,"event":{"mods":["AchievementEnabler","BaseMod","Better Altar","Better Match","Better Sensory Stone","Better Skull","Block Reminder","Highlight Path","Minty Spire (QoL Compilation)","Quick Restart","Rare Cards Sparkle","Relic Sorter","Relic Stats","StSLib","Synergy Search","slay the spire mod where everything is the same but ironclad has a cowboy hat"],"gold_per_floor":[116,128,403,14,26,53,53,53,76,76,76],"floor_reached":10,"language":"ENG","playtime":251,"items_purged":["Regret"],"score":99,"play_id":"1f0450d4-6d9a-401c-9052-a2dc0dcff9fc","local_time":"20210211231252","is_ascension_mode":true,"campfire_choices":[],"circlet_count":0,"master_deck":["AscendersBane","Strike_R","Strike_R","Strike_R","Strike_R","Strike_R","Defend_R","Defend_R","Defend_R","Defend_R","Bash","True Grit","Spot Weakness","Infernal Blade","Battle Trance","Impervious"],"relics":["Burning Blood","NeowsBlessing","Molten Egg 2","Du-Vu Doll","Calipers","Bag of Preparation"],"acts_visited":["Exordium"],"potions_floor_usage":[],"damage_taken":[{"damage":0,"enemies":"Small Slimes","floor":1,"turns":2},{"damage":0,"enemies":"Cultist","floor":2,"turns":1},{"damage":0,"enemies":"Jaw Worm","floor":5,"turns":1},{"damage":58,"enemies":"Gremlin Nob","floor":6,"turns":5},{"damage":33,"enemies":"3 Sentries","floor":10,"turns":5}],"seed_played":"2781414971185278127","potions_obtained":[{"floor":2,"key":"Energy Potion"},{"floor":6,"key":"SteroidPotion"}],"is_trial":false,"path_per_floor":["M","M","?","$","M","E","$","T","T","E"],"character_chosen":"IRONCLAD","items_purchased":["Infernal Blade","Molten Egg 2"],"campfire_rested":0,"item_purchase_floors":[4,4],"current_hp_per_floor":[78,80,80,80,80,28,28,28,28,0,0],"gold":76,"neow_bonus":"THREE_ENEMY_KILL","is_daily":false,"chose_seed":false,"campfire_upgraded":0,"win_rate":0.0,"timestamp":1613056372,"path_taken":["M","M","?","$","M","E","?","?","T","E"],"items_purchased_type":["Card","Relic"],"build_version":"2020-12-22","purchased_purges":1,"victory":false,"max_hp_per_floor":[80,80,80,80,80,80,80,80,80,80,80],"relic_stats":{"counters":[5,14],"Bag of Preparation":[2],"obtain_stats":[{"Du-Vu Doll":6,"Calipers":8,"NeowsBlessing":0,"Molten Egg 2":4,"Bag of Preparation":9,"Burning Blood":0},{"Du-Vu Doll":4,"Calipers":4,"NeowsBlessing":0,"Molten Egg 2":2,"Bag of Preparation":4,"Burning Blood":0},{"Du-Vu Doll":9,"Calipers":9,"NeowsBlessing":0,"Molten Egg 2":3,"Bag of Preparation":9,"Burning Blood":0}],"Burning Blood":14},"card_choices":[{"not_picked":["Clothesline","Perfected Strike"],"picked":"True Grit","floor":1},{"not_picked":["Havoc","Seeing Red"],"picked":"Spot Weakness","floor":2},{"not_picked":["Thunderclap+1","Shrug It Off"],"picked":"Battle Trance","floor":5},{"not_picked":["Body Slam+1","Iron Wave+1"],"picked":"Impervious","floor":6}],"player_experience":1463680,"relics_obtained":[{"floor":6,"key":"Du-Vu Doll"},{"floor":8,"key":"Calipers"},{"floor":9,"key":"Bag of Preparation"}],"event_choices":[{"damage_healed":0,"gold_gain":275,"player_choice":"Desecrate","damage_taken":0,"max_hp_gain":0,"max_hp_loss":0,"event_name":"Golden Shrine","floor":3,"gold_loss":0,"cards_obtained":["Regret"]}],"is_beta":false,"boss_relics":[],"items_purged_floors":[4],"is_endless":false,"potions_floor_spawned":[2,6],"killed_by":"3 Sentries","ascension_level":10}}