{"host":"hk6dyp3pgs92n0l4","time":1613063998,"event":{"mods":["AchievementEnabler","BaseMod","Colored Powertips","GifTheSpireLib","Infinite Spire","Minty Spire (QoL Compilation)","Random Character Mod","StSLib","The Bug Knight","The Construct","The Cursed","The Disciple","The Hierophant","The Runesmith"],"gold_per_floor":[118,134,147,163,178,178,178],"floor_reached":6,"language":"ENG","playtime":313,"items_purged":[],"score":40,"play_id":"2832760f-1ed5-4a9a-8e66-baa5504ea2f9","local_time":"20210211091958","is_ascension_mode":false,"campfire_choices":[],"circlet_count":0,"master_deck":["Runesmith:Strike_RS","Runesmith:Strike_RS","Runesmith:Strike_RS","Runesmith:Strike_RS","Runesmith:Defend_RS","Runesmith:Defend_RS","Runesmith:Defend_RS","Runesmith:Defend_RS","Runesmith:CraftFirestone","Runesmith:Fortify","Runesmith:CraftMagma","Runesmith:WhiteBalance","Runesmith:LithiumIon","Runesmith:EarthShield","Runesmith:NegativeSpace"],"relics":["Runesmith:BrokenRuby"],"acts_visited":["Exordium"],"potions_floor_usage":[],"damage_taken":[{"damage":0,"enemies":"Cultist","floor":1,"turns":4},{"damage":0,"enemies":"2 Louse","floor":2,"turns":3},{"damage":5,"enemies":"Jaw Worm","floor":3,"turns":5},{"damage":3,"enemies":"2 Fungi Beasts","floor":4,"turns":6},{"damage":27,"enemies":"Lots of Slimes","floor":5,"turns":6},{"damage":0,"enemies":"Lagavulin","floor":6,"turns":1}],"seed_played":"-7714867359762358976","potions_obtained":[{"floor":1,"key":"Energy Potion"},{"floor":5,"key":"SneckoOil"}],"is_trial":true,"path_per_floor":["M","M","M","M","M","E"],"character_chosen":"RUNESMITH_CLASS","items_purchased":[],"campfire_rested":0,"item_purchase_floors":[],"current_hp_per_floor":[70,70,65,62,35,35,35],"gold":178,"neow_bonus":"","is_daily":false,"chose_seed":false,"campfire_upgraded":0,"win_rate":0.0,"timestamp":1613063998,"path_taken":["M","M","M","M","M","E"],"items_purchased_type":[],"build_version":"2020-12-22","purchased_purges":0,"victory":false,"max_hp_per_floor":[70,70,70,70,70,70,70],"card_choices":[{"not_picked":["Runesmith:StaticCage","Runesmith:Grindstone"],"picked":"Runesmith:CraftMagma","floor":1},{"not_picked":["Runesmith:CraftMagma","Runesmith:MetallurgicalResearch"],"picked":"Runesmith:WhiteBalance","floor":2},{"not_picked":["Runesmith:CraftMagma","Runesmith:Overpower"],"picked":"Runesmith:LithiumIon","floor":3},{"not_picked":["Runesmith:RuneHurl","Runesmith:BackupBattery"],"picked":"Runesmith:EarthShield","floor":4},{"not_picked":["Runesmith:HammerTime","Runesmith:ShiftingStrike"],"picked":"Runesmith:NegativeSpace","floor":5}],"player_experience":136235,"relics_obtained":[],"event_choices":[],"is_beta":false,"boss_relics":[],"items_purged_floors":[],"is_endless":false,"potions_floor_spawned":[1,5],"killed_by":"Lagavulin","ascension_level":0}}