{"host":"h4lp0eeso8a0ssq0","time":1613068071,"event":{"mods":["2.2 Compatiblity","AchievementEnabler","BaseMod","CapriCore","Colored Map","Minty Spire (QoL Compilation)","StSLib","SuperFastMode"],"gold_per_floor":[113,188,30,30,30,60,60,91,129,151,174,186,236,274,286,384,396,422,434,150,174,174,174,192,192,192,89,128,108,108,129,129,129,129],"floor_reached":33,"language":"KOR","playtime":951,"items_purged":["Strike_G"],"score":662,"play_id":"3f61ee73-f29d-424b-8fa1-1a8c4fd493f1","local_time":"20210212032751","is_ascension_mode":true,"campfire_choices":[{"data":"Crippling Poison","floor":12.0,"key":"SMITH"},{"data":"Poisoned Stab","floor":15.0,"key":"SMITH"},{"floor":23.0,"key":"REST"},{"floor":25.0,"key":"REST"},{"data":"Noxious Fumes","floor":30.0,"key":"SMITH"},{"floor":32.0,"key":"REST"}],"circlet_count":0,"master_deck":["AscendersBane","Strike_G","Strike_G","Strike_G","Strike_G","Defend_G","Defend_G","Defend_G","Defend_G","Defend_G","Survivor","Neutralize","Masterful Stab","Heel Hook","Choke","PiercingWail","Crippling Poison+1","Poisoned Stab+1","Well Laid Plans","Glass Knife","Backflip","Leg Sweep+1","Noxious Fumes+1","Backstab","Burst","Sucker Punch"],"relics":["Ring of the Snake","NeowsBlessing","ClockworkSouvenir","Happy Flower","MawBank","Centennial Puzzle","CeramicFish","Cursed Key","Enchiridion","Juzu Bracelet","Lantern"],"acts_visited":["Exordium","TheCity"],"potions_floor_usage":[33,33],"damage_taken":[{"damage":0.0,"enemies":"Cultist","floor":1.0,"turns":1.0},{"damage":0.0,"enemies":"3 Sentries","floor":6.0,"turns":1.0},{"damage":0.0,"enemies":"Gremlin Nob","floor":8.0,"turns":1.0},{"damage":0.0,"enemies":"Small Slimes","floor":10.0,"turns":2.0},{"damage":0.0,"enemies":"2 Louse","floor":11.0,"turns":2.0},{"damage":22.0,"enemies":"Lagavulin","floor":13.0,"turns":9.0},{"damage":3.0,"enemies":"Gremlin Gang","floor":14.0,"turns":3.0},{"damage":22.0,"enemies":"The Guardian","floor":16.0,"turns":13.0},{"damage":3.0,"enemies":"3 Byrds","floor":18.0,"turns":5.0},{"damage":3.0,"enemies":"2 Thieves","floor":21.0,"turns":3.0},{"damage":7.0,"enemies":"Centurion and Healer","floor":24.0,"turns":5.0},{"damage":20.0,"enemies":"Gremlin Leader","floor":28.0,"turns":6.0},{"damage":0.0,"enemies":"Snake Plant","floor":31.0,"turns":3.0},{"damage":63,"enemies":"Collector","floor":33,"turns":9}],"seed_played":"-1510540443392081959","potions_obtained":[{"floor":6.0,"key":"SkillPotion"},{"floor":7.0,"key":"SkillPotion"},{"floor":10.0,"key":"Regen Potion"},{"floor":11.0,"key":"Fruit Juice"},{"floor":13.0,"key":"Dexterity Potion"},{"floor":24.0,"key":"Poison Potion"},{"floor":28.0,"key":"Dexterity Potion"},{"floor":29.0,"key":"Weak Potion"}],"is_trial":false,"path_per_floor":["M","?","$","?","?","E","?","E","T","M","M","R","E","M","R","B",null,"M","?","$","M","?","R","M","R","T","$","E","?","R","M","R","B"],"character_chosen":"THE_SILENT","items_purchased":["ClockworkSouvenir","Backflip","Juzu Bracelet","Noxious Fumes","Backstab"],"campfire_rested":3,"item_purchase_floors":[3,20,20,27,27],"current_hp_per_floor":[59,48,48,53,53,53,53,53,53,53,58,58,51,48,48,26,64,61,40,40,37,15,39,32,56,56,56,36,36,36,36,60,0,0],"gold":129,"neow_bonus":"THREE_ENEMY_KILL","is_daily":false,"chose_seed":false,"campfire_upgraded":3,"win_rate":0.0,"timestamp":1613068071,"path_taken":["M","?","$","?","?","E","?","E","T","M","M","R","E","?","R","BOSS","M","?","$","M","?","R","M","R","T","$","E","?","R","M","R","BOSS"],"items_purchased_type":["Relic","Card","Relic","Card","Card"],"build_version":"2020-12-22","purchased_purges":1,"victory":false,"max_hp_per_floor":[66,66,66,71,71,71,71,71,71,71,76,76,76,76,76,76,76,76,76,76,76,81,81,81,81,81,81,81,81,81,81,81,81,81],"card_choices":[{"not_picked":["Dagger Throw","PiercingWail"],"picked":"Masterful Stab","floor":1.0},{"not_picked":["Underhanded Strike","Quick Slash"],"picked":"Heel Hook","floor":6.0},{"not_picked":["Adrenaline","Poisoned Stab"],"picked":"Choke","floor":8.0},{"not_picked":["Dagger Spray","Acrobatics"],"picked":"PiercingWail","floor":10.0},{"not_picked":["Flechettes","Dodge and Roll"],"picked":"Crippling Poison","floor":11.0},{"not_picked":["All Out Attack","Prepared"],"picked":"Poisoned Stab","floor":13.0},{"not_picked":["Riddle With Holes","Dodge and Roll"],"picked":"Well Laid Plans","floor":14.0},{"not_picked":["Envenom","Tools of the Trade"],"picked":"Glass Knife","floor":16.0},{"not_picked":["Underhanded Strike","Flying Knee","Choke"],"picked":"SKIP","floor":18.0},{"not_picked":["Slice","Deflect"],"picked":"Leg Sweep+1","floor":21.0},{"not_picked":["Flying Knee","Terror","Dagger Spray"],"picked":"SKIP","floor":24.0},{"not_picked":["Poisoned Stab","Phantasmal Killer"],"picked":"Burst","floor":28.0},{"not_picked":["Cloak And Dagger","Flying Knee"],"picked":"Sucker Punch","floor":31.0}],"player_experience":222040,"relics_obtained":[{"floor":6.0,"key":"Happy Flower"},{"floor":8.0,"key":"MawBank"},{"floor":9.0,"key":"Centennial Puzzle"},{"floor":13.0,"key":"CeramicFish"},{"floor":19.0,"key":"Enchiridion"},{"floor":28.0,"key":"Lantern"}],"event_choices":[{"damage_healed":0.0,"max_hp_gain":0.0,"max_hp_loss":0.0,"gold_gain":75.0,"event_name":"World of Goop","player_choice":"Gather Gold","floor":2.0,"gold_loss":0.0,"damage_taken":11.0},{"damage_healed":0.0,"max_hp_gain":5.0,"max_hp_loss":0.0,"gold_gain":0.0,"event_name":"Big Fish","player_choice":"Donut","floor":4.0,"gold_loss":0.0,"damage_taken":0.0},{"damage_healed":0.0,"max_hp_gain":0.0,"max_hp_loss":0.0,"gold_gain":0.0,"event_name":"Liars Game","player_choice":"Ignored","floor":5.0,"gold_loss":0.0,"damage_taken":0.0},{"damage_healed":0.0,"max_hp_gain":0.0,"max_hp_loss":0.0,"gold_gain":0.0,"event_name":"Lab","player_choice":"Got Potions","floor":7.0,"gold_loss":0.0,"damage_taken":0.0},{"damage_healed":0.0,"max_hp_gain":0.0,"max_hp_loss":0.0,"gold_gain":0.0,"event_name":"Cursed Tome","player_choice":"Obtained Book","floor":19.0,"gold_loss":0.0,"damage_taken":21.0},{"damage_healed":0.0,"max_hp_gain":5.0,"max_hp_loss":0.0,"gold_gain":0.0,"event_name":"Forgotten Altar","player_choice":"Shed Blood","floor":22.0,"gold_loss":0.0,"damage_taken":27.0},{"damage_healed":0.0,"max_hp_gain":0.0,"max_hp_loss":0.0,"gold_gain":0.0,"event_name":"The Woman in Blue","player_choice":"Bought 1 Potion","floor":29.0,"gold_loss":0.0,"damage_taken":0.0}],"is_beta":false,"boss_relics":[{"not_picked":["Ectoplasm","Sozu"],"picked":"Cursed Key"}],"items_purged_floors":[20],"is_endless":false,"potions_floor_spawned":[6,10,11,13,24,28],"killed_by":"Collector","ascension_level":20}}