{"host":"Luke","time":1613057915,"event":{"mods":["BaseMod","Downfall","Hermit","Minty Spire (QoL Compilation)","StSLib"],"gold_per_floor":[99,116,133,233,253,253,280,295,17,32,49,49,49,49,61,166,166,66,79,179,195,145,145,145,163,183,458,492,292,193,219,229,331,331,331,318,336,139,154,154,181,213,213,230,250,261,261,288,298,298,298,298,298,298],"floor_reached":52,"language":"ENG","playtime":10038,"items_purged":[],"score":946,"play_id":"65d6bb9f-8356-436a-b870-10b6ad5a97e9","local_time":"20210211153835","is_ascension_mode":false,"campfire_choices":[{"floor":1,"key":"RECALL"},{"floor":13,"key":"REST"},{"data":"Slimebound:SelfFormingGoo","floor":18,"key":"SMITH"},{"floor":23,"key":"REST"},{"floor":29,"key":"REST"},{"data":"Slimebound:MassRepurpose","floor":35,"key":"SMITH"},{"floor":43,"key":"DIG"},{"floor":47,"key":"DIG"}],"circlet_count":0,"master_deck":["Slimebound:Strike_Slimebound","Slimebound:Strike_Slimebound","Slimebound:Strike_Slimebound","Slimebound:Tackle","Slimebound:Defend_Slimebound","Slimebound:Defend_Slimebound","Slimebound:Defend_Slimebound","Slimebound:Defend_Slimebound","Slimebound:Split","Slimebound:CorrosiveSpit","Slimebound:Repurpose","Slimebound:SplitAcid","downfall:Haunted","downfall:Haunted","Regret","Slimebound:RallyTheTroops","Clumsy","Slimebound:Nibble","Slimebound:GoopSpray","Slimebound:SlimeTap","Slimebound:LeechingTouch","Slimebound:MegaLick+1","Slimebound:SplitMire","Slimebound:SelfFormingGoo+1","Parasite","Slimebound:SplitBruiser","Slimebound:MassRepurpose+1","Slimebound:Schlurp","Slimebound:SplitAcid","Slimebound:Nibble+1","Slimebound:GoopSpray+1","Slimebound:LevelUp","Regret","Slimebound:Teamwork","Slimebound:AcidTongue","Bandage Up+1","Slimebound:Schlurp+1","Slimebound:MassFeed","Slimebound:AcidTongue","Slimebound:TongueLash","expansioncontent:StudyTheSpire","Slimebound:Equalize+1","Slimebound:RejuvenatingLick+1","Slimebound:LeechEnergy+1","Slimebound:SlimeTap","Slimebound:SpikyOuterGoop+1"],"relics":["Slimebound:AbsorbEndCombatUpgraded","Du-Vu Doll","downfall:BrokenWingStatue","Bronze Scales","Medical Kit","SacredBark","downfall:HeartBlessingRed","Incense Burner","Mercury Hourglass","HornCleat","downfall:HeartBlessingGreen","downfall:HeartBlessingBlue","War Paint","Vajra","Shovel","Nunchaku","Art of War","Mummified Hand","Kunai","Happy Flower"],"acts_visited":["Exordium","TheCity","TheBeyond","TheEnding"],"potions_floor_usage":[11,15,16,20,26,28,30,37,42,44,45,48,50],"damage_taken":[{"damage":7,"enemies":"Jaw Worm","floor":2,"turns":5},{"damage":2,"enemies":"2 Louse","floor":3,"turns":3},{"damage":5,"enemies":"Small Slimes","floor":5,"turns":2},{"damage":5,"enemies":"Exordium Thugs","floor":8,"turns":2},{"damage":16,"enemies":"downfall:FleeingMerchant","floor":9,"turns":4},{"damage":7,"enemies":"2 Fungi Beasts","floor":10,"turns":3},{"damage":10,"enemies":"Lots of Slimes","floor":11,"turns":3},{"damage":9,"enemies":"Red Slaver","floor":15,"turns":2},{"damage":20,"enemies":"DF_ARCHETYPE_STREAMLINE","floor":16,"turns":6},{"damage":16,"enemies":"Spheric Guardian","floor":19,"turns":4},{"damage":44,"enemies":"WA_ARCHETYPE_RETAIN","floor":20,"turns":5},{"damage":3,"enemies":"3 Byrds","floor":21,"turns":2},{"damage":11,"enemies":"Snecko","floor":25,"turns":4},{"damage":12,"enemies":"Snake Plant","floor":26,"turns":2},{"damage":44,"enemies":"Book of Stabbing","floor":28,"turns":4},{"damage":3,"enemies":"downfall:FleeingMerchant","floor":30,"turns":4},{"damage":0,"enemies":"Gremlin Leader","floor":31,"turns":3},{"damage":12,"enemies":"Centurion and Healer","floor":32,"turns":2},{"damage":23,"enemies":"IC_MUSHROOM_ARCHETYPE","floor":33,"turns":7},{"damage":3,"enemies":"downfall:FleeingMerchant","floor":36,"turns":3},{"damage":7,"enemies":"3 Darklings","floor":37,"turns":4},{"damage":0,"enemies":"Orb Walker","floor":39,"turns":3},{"damage":23,"enemies":"Giant Head","floor":42,"turns":8},{"damage":17,"enemies":"Spire Growth","floor":44,"turns":4},{"damage":12,"enemies":"Jaw Worm Horde","floor":45,"turns":3},{"damage":7,"enemies":"Sphere and 2 Shapes","floor":46,"turns":4},{"damage":20,"enemies":"Reptomancer","floor":48,"turns":4},{"damage":41,"enemies":"Writhing Mass","floor":49,"turns":5},{"damage":23,"enemies":"SI_POISON_ARCHETYPE","floor":50,"turns":9},{"damage":103,"enemies":"downfall:CharBossMerchant","floor":52,"turns":7}],"seed_played":"7866267622995203072","potions_obtained":[{"floor":5,"key":"Fire Potion"},{"floor":10,"key":"Swift Potion"},{"floor":15,"key":"LiquidMemories"},{"floor":16,"key":"PowerPotion"},{"floor":20,"key":"hexamod:SoulburnPotion"},{"floor":25,"key":"Slimebound:SpawnSlimePotion"},{"floor":28,"key":"Slimebound:ThreeZeroPotion"},{"floor":42,"key":"DistilledChaos"},{"floor":44,"key":"DuplicationPotion"},{"floor":45,"key":"EssenceOfSteel"}],"is_trial":false,"path_per_floor":["R","M","M","?","M","?","T","M","$","M","M","?","R","?","M","B",null,"R","M","?","M","?","R","T","M","M","?","E","R","$","E","M","B",null,"R","$","M","$","M","T","T","E","R","M","M","M","R","E","M","B",null,"E"],"character_chosen":"SLIMEBOUND","items_purchased":["Medical Kit","Slimebound:LeechingTouch","Slimebound:MegaLick","Bandage Up","Slimebound:TongueLash","expansioncontent:StudyTheSpire","AttackPotion","Strength Potion","Vajra","SkillPotion"],"campfire_rested":3,"item_purchase_floors":[9,9,9,30,36,36,36,36,38,38],"current_hp_per_floor":[71,67,67,72,67,67,67,64,50,45,39,58,76,76,67,55,76,76,64,28,25,54,76,76,69,61,61,19,54,59,65,55,46,86,86,86,85,85,86,86,86,79,79,79,73,85,85,72,40,50,86,0,0,0],"gold":298,"neow_bonus":"TEN_PERCENT_HP_BONUS","is_daily":false,"chose_seed":false,"campfire_upgraded":2,"win_rate":0.0,"timestamp":1613057915,"path_taken":["R","M","M","?","M","?","T","M","$","M","M","?","R","?","M","BOSS","R","M","?","M","?","R","T","M","M","?","E","R","$","E","M","BOSS","R","$","M","?","?","?","T","E","R","M","M","M","R","E","M","BOSS","E"],"items_purchased_type":["Relic","Card","Card","Card","Card","Card","Potion","Potion","Relic","Potion"],"build_version":"2020-12-18","purchased_purges":0,"victory":false,"max_hp_per_floor":[71,71,71,76,76,76,76,76,76,76,76,76,76,76,76,76,76,76,76,76,76,76,76,76,76,76,76,76,86,86,86,86,86,86,86,86,86,86,86,86,86,86,86,86,86,86,86,86,86,86,86,86,86,86],"card_choices":[{"not_picked":["Slimebound:SplitMire","Slimebound:LeechingTouch"],"picked":"Slimebound:Repurpose","floor":2},{"not_picked":["Slimebound:Equalize","Slimebound:Grow"],"picked":"Slimebound:SplitAcid","floor":3},{"not_picked":["Slimebound:RollThrough","Slimebound:LeechingTouch"],"picked":"Slimebound:Nibble","floor":5},{"not_picked":["Slimebound:LivingWall","Slimebound:SamplingLick"],"picked":"Slimebound:GoopSpray","floor":8},{"not_picked":["Slimebound:RallyTheTroops","Slimebound:SplitBruiser"],"picked":"Slimebound:SlimeTap","floor":9},{"not_picked":["Slimebound:ItLooksTasty","Slimebound:DisruptingSlam"],"picked":"Slimebound:SplitMire","floor":10},{"not_picked":["Slimebound:LeechEnergy","Slimebound:Schlurp"],"picked":"Slimebound:SelfFormingGoo","floor":11},{"not_picked":["Slimebound:HauntingLick","Slimebound:FlameTackle"],"picked":"Slimebound:SplitBruiser","floor":15},{"not_picked":["Slimebound:SelfFormingGoo","Slimebound:WasteNot"],"picked":"Slimebound:MassRepurpose","floor":16},{"not_picked":["Slimebound:MegaLick+1","Slimebound:RejuvenatingLick"],"picked":"Slimebound:Schlurp","floor":19},{"not_picked":["Slimebound:ItLooksTasty","Slimebound:PressTheAttack"],"picked":"Slimebound:SplitAcid","floor":20},{"not_picked":["Slimebound:Replication+1","Slimebound:Chomp"],"picked":"Slimebound:Nibble+1","floor":21},{"not_picked":["Slimebound:SplitLeeching+1","Slimebound:FinishingTackle+1"],"picked":"Slimebound:GoopSpray+1","floor":25},{"not_picked":["Slimebound:LeechEnergy","Slimebound:ItLooksTasty"],"picked":"Slimebound:LevelUp","floor":26},{"not_picked":["Slimebound:SplitMire","Slimebound:SplitLeeching"],"picked":"Slimebound:Teamwork","floor":28},{"not_picked":["Slimebound:ItLooksTasty","Slimebound:Schlurp"],"picked":"Slimebound:AcidTongue","floor":30},{"not_picked":["Slimebound:FinishingTackle","Slimebound:GoopSpray+1"],"picked":"Slimebound:Schlurp+1","floor":31},{"not_picked":["Slimebound:FlameTackle","Slimebound:SplitMire","Slimebound:LeechingTouch"],"picked":"SKIP","floor":32},{"not_picked":["Slimebound:OneTwoCombo","Slimebound:RallyTheTroops"],"picked":"Slimebound:MassFeed","floor":33},{"not_picked":["Slimebound:RejuvenatingLick+1","Slimebound:LevelUp"],"picked":"Slimebound:AcidTongue","floor":36},{"not_picked":["Slimebound:HauntingLick","Slimebound:MegaLick+1"],"picked":"Slimebound:Equalize+1","floor":37},{"not_picked":["Slimebound:ComboTackle","Slimebound:Equalize"],"picked":"Slimebound:RejuvenatingLick+1","floor":39},{"not_picked":["Slimebound:SplitBruiser","Slimebound:LeechingTouch","Slimebound:LivingWall+1"],"picked":"SKIP","floor":42},{"not_picked":["Slimebound:ItLooksTasty","Slimebound:Chomp","Slimebound:GrowthPunch"],"picked":"SKIP","floor":44},{"not_picked":["Slimebound:SplitAcid","Slimebound:HauntingLick"],"picked":"Slimebound:LeechEnergy+1","floor":45},{"not_picked":["Slimebound:LeechEnergy","Slimebound:SlimeSpikes+1"],"picked":"Slimebound:SlimeTap","floor":46},{"not_picked":["Slimebound:GoopSpray","Slimebound:AcidTongue"],"picked":"Slimebound:SpikyOuterGoop+1","floor":48},{"not_picked":["Slimebound:SplitLeeching","Slimebound:LeechEnergy+1","Slimebound:SlimeSpikes"],"picked":"SKIP","floor":49}],"player_experience":701647,"relics_obtained":[{"floor":7,"key":"Bronze Scales"},{"floor":20,"key":"Incense Burner"},{"floor":20,"key":"Mercury Hourglass"},{"floor":28,"key":"HornCleat"},{"floor":31,"key":"War Paint"},{"floor":40,"key":"Shovel"},{"floor":41,"key":"Nunchaku"},{"floor":42,"key":"Art of War"},{"floor":43,"key":"Mummified Hand"},{"floor":47,"key":"Kunai"},{"floor":48,"key":"Happy Flower"}],"event_choices":[{"damage_healed":19,"gold_gain":0,"player_choice":"Healed and dodged fight","damage_taken":0,"max_hp_gain":0,"max_hp_loss":0,"event_name":"Mushrooms","floor":12,"gold_loss":0,"cards_obtained":["Parasite"]},{"cards_removed":["Normality"],"damage_healed":0,"gold_gain":0,"player_choice":"Card Removal","damage_taken":0,"max_hp_gain":0,"max_hp_loss":0,"event_name":"The Cleric","floor":14,"gold_loss":0}],"is_beta":true,"boss_relics":[{"not_picked":["Coffee Dripper","Fusion Hammer"],"picked":"SacredBark"},{"not_picked":["Pandora\u0027s Box","Cursed Key"],"picked":"Slimebound:AbsorbEndCombatUpgraded"}],"items_purged_floors":[],"is_endless":false,"potions_floor_spawned":[5,10,15,16,20,25,28,42,44,45],"killed_by":"downfall:CharBossMerchant","ascension_level":0}}