{"host":"pdq28s6637cpsst2","time":1613018356,"event":{"mods":["BaseMod","Colored Map","Highlight Path","Minty Spire (QoL Compilation)","Quick Restart"],"gold_per_floor":[115,65,65,65,65,65,96,96,122,44,44,78,93,136,136,264,264,282,282,119,138,138,172,172,190,190,190,220,239,251,3,3,105,105,123,134,144,154,169,197,210,238,285,285,313,313,313,62,62,62,62,62,12,46,46],"floor_reached":56,"language":"ENG","playtime":5820,"items_purged":["Strike_R","Clash","Strike_R","Strike_R"],"score":1341,"play_id":"3727589a-fb65-4e2f-a5dd-10edf3a521fc","local_time":"20210210233916","is_ascension_mode":true,"campfire_choices":[{"floor":6,"key":"REST"},{"data":"Bash","floor":8,"key":"SMITH"},{"floor":11,"key":"REST"},{"data":"Flame Barrier","floor":15,"key":"SMITH"},{"data":"Deep Breath","floor":27,"key":"SMITH"},{"data":"Warcry","floor":32,"key":"SMITH"},{"data":"Double Tap","floor":44,"key":"SMITH"},{"data":"Warcry","floor":46,"key":"SMITH"},{"floor":49,"key":"RECALL"},{"data":"Bludgeon","floor":52,"key":"SMITH"}],"circlet_count":0,"master_deck":["Defend_R","Defend_R","Defend_R","Bash+1","Mayhem+1","Heavy Blade","Infernal Blade","Reaper","Flame Barrier+1","Bludgeon+1","Deep Breath+1","Flame Barrier+1","Clothesline","Shrug It Off+1","Immolate","Metallicize+1","Shockwave+1","Warcry+1","Mayhem+1","Double Tap+1","Uppercut+1","Carnage","Warcry+1","Warcry+1","Reaper","Warcry+1","Dropkick+1"],"relics":["Burning Blood","Bloody Idol","Darkstone Periapt","Omamori","Lizard Tail","Bronze Scales","Black Star","Prayer Wheel","Pantograph","Bag of Marbles","Potion Belt","White Beast Statue","DollysMirror","Runic Dome","Bottled Lightning","Red Skull","Nunchaku","StoneCalendar","Boot","Mango","Smiling Mask","Bag of Preparation","Vajra","Anchor"],"acts_visited":["Exordium","TheCity","TheBeyond","TheEnding"],"potions_floor_usage":[16,23,25,28,28,33,33,38,40,40,40,42,42,45,45,55,55],"damage_taken":[{"damage":6,"enemies":"Jaw Worm","floor":1,"turns":3},{"damage":35,"enemies":"Lagavulin","floor":7,"turns":10},{"damage":15,"enemies":"3 Sentries","floor":12,"turns":8},{"damage":7,"enemies":"2 Louse","floor":13,"turns":3},{"damage":13,"enemies":"Gremlin Nob","floor":14,"turns":3},{"damage":8,"enemies":"The Guardian","floor":16,"turns":8},{"damage":7,"enemies":"Shell Parasite","floor":18,"turns":4},{"damage":25,"enemies":"2 Thieves","floor":21,"turns":5},{"damage":28,"enemies":"Book of Stabbing","floor":23,"turns":5},{"damage":35,"enemies":"Shelled Parasite and Fungi","floor":25,"turns":4},{"damage":24,"enemies":"Slavers","floor":28,"turns":3},{"damage":12,"enemies":"3 Cultists","floor":29,"turns":5},{"damage":12,"enemies":"Snake Plant","floor":30,"turns":4},{"damage":19,"enemies":"Champ","floor":33,"turns":9},{"damage":24,"enemies":"3 Darklings","floor":35,"turns":3},{"damage":13,"enemies":"Orb Walker","floor":36,"turns":3},{"damage":31,"enemies":"4 Shapes","floor":37,"turns":5},{"damage":38,"enemies":"Spire Growth","floor":38,"turns":6},{"damage":27,"enemies":"Jaw Worm Horde","floor":39,"turns":3},{"damage":0,"enemies":"Giant Head","floor":40,"turns":8},{"damage":10,"enemies":"Maw","floor":41,"turns":8},{"damage":32,"enemies":"Reptomancer","floor":42,"turns":4},{"damage":31,"enemies":"Nemesis","floor":45,"turns":7},{"damage":88,"enemies":"Time Eater","floor":50,"turns":12},{"damage":53,"enemies":"Shield and Spear","floor":54,"turns":7},{"damage":106,"enemies":"The Heart","floor":55,"turns":9}],"seed_played":"1072879767703402967","potions_obtained":[{"floor":7,"key":"Swift Potion"},{"floor":12,"key":"Energy Potion"},{"floor":21,"key":"SpeedPotion"},{"floor":23,"key":"Strength Potion"},{"floor":25,"key":"LiquidBronze"},{"floor":29,"key":"CultistPotion"},{"floor":30,"key":"Strength Potion"},{"floor":33,"key":"SneckoOil"},{"floor":35,"key":"DuplicationPotion"},{"floor":36,"key":"ColorlessPotion"},{"floor":37,"key":"DuplicationPotion"},{"floor":38,"key":"SmokeBomb"},{"floor":39,"key":"PowerPotion"},{"floor":40,"key":"Explosive Potion"},{"floor":41,"key":"ColorlessPotion"},{"floor":42,"key":"LiquidBronze"},{"floor":45,"key":"ElixirPotion"},{"floor":54,"key":"FairyPotion"}],"is_trial":false,"path_per_floor":["M","?","?","?","?","R","E","R","T","$","R","E","M","E","R","B",null,"M","?","$","M","?","E","?","M","T","R","E","M","M","$","R","B",null,"M","M","M","M","M","E","M","E","T","R","E","R","?","$","R","B",null,"R","$","E","B",null],"character_chosen":"IRONCLAD","items_purchased":["Infernal Blade","Deep Breath","DollysMirror","Bag of Preparation","Swift Potion"],"campfire_rested":2,"item_purchase_floors":[10,20,31,48,48],"current_hp_per_floor":[56,56,61,40,40,65,36,36,36,36,61,52,59,52,52,50,85,84,84,84,71,71,60,60,43,43,43,30,29,32,32,32,60,85,72,70,68,47,39,59,66,62,67,67,67,67,67,67,67,26,99,99,99,62,23],"gold":46,"neow_bonus":"RANDOM_COLORLESS_2","is_daily":false,"chose_seed":false,"campfire_upgraded":7,"win_rate":0.0,"timestamp":1613018356,"path_taken":["M","?","?","?","?","R","E","R","T","?","R","E","?","E","R","BOSS","M","?","$","M","?","E","?","M","T","R","E","M","M","$","R","BOSS","M","M","M","M","M","E","M","E","T","R","E","R","?","$","R","BOSS","R","$","E","BOSS"],"items_purchased_type":["Card","Card","Relic","Relic","Potion"],"build_version":"2020-12-22","purchased_purges":4,"victory":true,"max_hp_per_floor":[80,80,85,85,85,85,85,85,85,85,85,85,85,85,85,85,85,85,85,85,85,85,85,85,85,85,85,85,85,85,85,85,85,85,85,85,85,85,85,85,85,85,85,85,99,99,99,99,99,99,99,99,99,99,99],"card_choices":[{"not_picked":["Secret Technique","Transmutation"],"picked":"Mayhem","floor":0},{"not_picked":["Bloodletting","Iron Wave"],"picked":"Heavy Blade","floor":1},{"not_picked":["Clash","Second Wind","Anger"],"picked":"SKIP","floor":7},{"not_picked":["Body Slam","Fire Breathing"],"picked":"Reaper","floor":12},{"not_picked":["Armaments","Clash","Iron Wave"],"picked":"SKIP","floor":13},{"not_picked":["Feel No Pain","Combust"],"picked":"Flame Barrier","floor":14},{"not_picked":["Fiend Fire","Impervious"],"picked":"Bludgeon","floor":16},{"not_picked":["Clash","Bloodletting+1","Rupture"],"picked":"SKIP","floor":18},{"not_picked":["Bloodletting+1","Armaments+1"],"picked":"Flame Barrier+1","floor":21},{"not_picked":["Sword Boomerang","Warcry"],"picked":"Clothesline","floor":21},{"not_picked":["Spot Weakness","Body Slam+1"],"picked":"Shrug It Off+1","floor":23},{"not_picked":["Juggernaut","Shrug It Off+1"],"picked":"Metallicize+1","floor":25},{"not_picked":["Twin Strike+1","Iron Wave","Wild Strike"],"picked":"SKIP","floor":25},{"not_picked":["Whirlwind+1","Perfected Strike+1","Hemokinesis+1"],"picked":"SKIP","floor":28},{"not_picked":["Armaments+1","Infernal Blade"],"picked":"Shockwave+1","floor":29},{"not_picked":["Thunderclap","Intimidate"],"picked":"Warcry","floor":29},{"not_picked":["Feed","Pommel Strike","Bloodletting"],"picked":"SKIP","floor":30},{"not_picked":["Twin Strike+1","Thunderclap+1","Anger"],"picked":"SKIP","floor":30},{"not_picked":["Brutality","Juggernaut"],"picked":"Double Tap","floor":33},{"not_picked":["Entrench+1","Body Slam+1"],"picked":"Uppercut+1","floor":35},{"not_picked":["Pommel Strike+1","Sword Boomerang","Disarm"],"picked":"SKIP","floor":35},{"not_picked":["Body Slam+1","Heavy Blade+1"],"picked":"Carnage","floor":36},{"not_picked":["Anger+1","Clash+1","Cleave+1"],"picked":"SKIP","floor":36},{"not_picked":["Body Slam+1","Sever Soul","Rampage"],"picked":"SKIP","floor":37},{"not_picked":["Flex","Thunderclap+1","Pommel Strike"],"picked":"SKIP","floor":37},{"not_picked":["Fiend Fire","Sword Boomerang+1","Sever Soul+1"],"picked":"SKIP","floor":38},{"not_picked":["Clothesline","Cleave+1","True Grit"],"picked":"SKIP","floor":38},{"not_picked":["Dropkick","Wild Strike"],"picked":"Warcry","floor":39},{"not_picked":["Fire Breathing+1","Dropkick","True Grit+1"],"picked":"SKIP","floor":39},{"not_picked":["Fire Breathing+1","Twin Strike"],"picked":"Warcry+1","floor":40},{"not_picked":["Dropkick+1","Blood for Blood"],"picked":"Reaper","floor":41},{"not_picked":["Hemokinesis","Headbutt+1","Evolve+1"],"picked":"SKIP","floor":41},{"not_picked":["Twin Strike","Intimidate+1","Fiend Fire"],"picked":"SKIP","floor":42},{"not_picked":["Seeing Red","Pommel Strike"],"picked":"Warcry+1","floor":45},{"not_picked":["Headbutt","Feel No Pain+1"],"picked":"Dropkick+1","floor":54}],"player_experience":113441,"relics_obtained":[{"floor":7,"key":"Darkstone Periapt"},{"floor":9,"key":"Omamori"},{"floor":12,"key":"Lizard Tail"},{"floor":14,"key":"Bronze Scales"},{"floor":23,"key":"Pantograph"},{"floor":23,"key":"Bag of Marbles"},{"floor":28,"key":"Potion Belt"},{"floor":28,"key":"White Beast Statue"},{"floor":40,"key":"Bottled Lightning"},{"floor":40,"key":"Red Skull"},{"floor":42,"key":"Nunchaku"},{"floor":42,"key":"StoneCalendar"},{"floor":43,"key":"Boot"},{"floor":45,"key":"Mango"},{"floor":45,"key":"Smiling Mask"},{"floor":54,"key":"Vajra"},{"floor":54,"key":"Anchor"}],"event_choices":[{"cards_removed":["Strike_R"],"damage_healed":0,"gold_gain":0,"player_choice":"Card Removal","damage_taken":0,"max_hp_gain":0,"max_hp_loss":0,"event_name":"The Cleric","floor":2,"gold_loss":50},{"damage_healed":0,"gold_gain":0,"player_choice":"Donut","damage_taken":0,"max_hp_gain":5,"max_hp_loss":0,"event_name":"Big Fish","floor":3,"gold_loss":0},{"damage_healed":0,"gold_gain":0,"player_choice":"Take Damage","damage_taken":21,"relics_obtained":["Golden Idol"],"max_hp_gain":0,"max_hp_loss":0,"event_name":"Golden Idol","floor":4,"gold_loss":0},{"damage_healed":0,"gold_gain":0,"player_choice":"Grow","damage_taken":0,"max_hp_gain":0,"max_hp_loss":0,"event_name":"Living Wall","floor":5,"gold_loss":0,"cards_upgraded":["Mayhem"]},{"damage_healed":0,"gold_gain":0,"player_choice":"Opened","damage_taken":0,"relics_obtained":["Prayer Wheel"],"max_hp_gain":0,"max_hp_loss":0,"event_name":"The Mausoleum","floor":19,"gold_loss":0,"cards_obtained":["Writhe"]},{"damage_healed":0,"gold_gain":0,"player_choice":"Gave Idol","damage_taken":0,"relics_obtained":["Bloody Idol"],"max_hp_gain":0,"max_hp_loss":0,"event_name":"Forgotten Altar","floor":22,"relics_lost":["Golden Idol"],"gold_loss":0},{"damage_healed":0,"gold_gain":0,"cards_transformed":["Strike_R","Defend_R"],"player_choice":"Became Test Subject","damage_taken":0,"max_hp_gain":0,"max_hp_loss":0,"event_name":"Drug Dealer","floor":24,"gold_loss":0,"cards_obtained":["Clash","Immolate"]},{"damage_healed":0,"gold_gain":0,"player_choice":"Memory 1","damage_taken":0,"max_hp_gain":0,"max_hp_loss":0,"event_name":"SensoryStone","floor":47,"gold_loss":0}],"is_beta":false,"boss_relics":[{"not_picked":["Busted Crown","Tiny House"],"picked":"Black Star"},{"not_picked":["Sozu","Runic Pyramid"],"picked":"Runic Dome"}],"items_purged_floors":[20,31,48,53],"is_endless":false,"potions_floor_spawned":[7,12,21,23,25,29,30,33,35,36,37,38,39,40,41,42,45,54],"ascension_level":1}}