{"host":"lg52aq764g9v2r4m","time":1613016105,"event":{"mods":["2.2 Compatiblity","BaseMod","Minty Spire (QoL Compilation)"],"gold_per_floor":[113,4,4,79,254,254,281,111,135,146,157,0,0,12,12,113,113,123,123,123,142,142,177,177,177],"floor_reached":24,"language":"ENG","playtime":3777,"items_purged":["Regret"],"score":248,"play_id":"36ea2685-3264-46d4-a1f2-4f3d09a27ac2","local_time":"20210210230145","is_ascension_mode":true,"campfire_choices":[{"data":"Dual Wield","floor":6.0,"key":"SMITH"},{"floor":15.0,"key":"REST"}],"circlet_count":0,"master_deck":["Defend_R","Defend_R","Defend_R","Defend_R","Bash","Dual Wield+1","Dropkick","Whirlwind","Headbutt","Trip","Flame Barrier","Pommel Strike","Limit Break","Thunderclap","Bite","Bite","Bite","Bite","Bite","Spot Weakness"],"relics":["Burning Blood","Kunai","HornCleat","Ancient Tea Set","HandDrill","Philosopher\u0027s Stone","Meat on the Bone"],"acts_visited":["Exordium","TheCity"],"potions_floor_usage":[23,23],"damage_taken":[{"damage":6.0,"enemies":"Cultist","floor":1.0,"turns":3.0},{"damage":23.0,"enemies":"Lagavulin","floor":7.0,"turns":5.0},{"damage":0.0,"enemies":"2 Louse","floor":10.0,"turns":3.0},{"damage":11.0,"enemies":"Jaw Worm","floor":11.0,"turns":3.0},{"damage":10.0,"enemies":"Exordium Thugs","floor":14.0,"turns":4.0},{"damage":31.0,"enemies":"Slime Boss","floor":16.0,"turns":9.0},{"damage":12.0,"enemies":"Shell Parasite","floor":18.0,"turns":4.0},{"damage":8.0,"enemies":"3 Byrds","floor":21.0,"turns":3.0},{"damage":53,"enemies":"Book of Stabbing","floor":23,"turns":6},{"damage":30,"enemies":"Centurion and Healer","floor":24,"turns":6}],"seed_played":"2446428191140522841","potions_obtained":[{"floor":0.0,"key":"Dexterity Potion"},{"floor":0.0,"key":"DuplicationPotion"},{"floor":0.0,"key":"FearPotion"},{"floor":11.0,"key":"CultistPotion"},{"floor":18.0,"key":"Energy Potion"},{"floor":21.0,"key":"FearPotion"}],"is_trial":false,"path_per_floor":["M","$","?","?","?","R","E","$","T","M","M","$","?","M","R","B",null,"M","?","?","M","?","E","M"],"character_chosen":"IRONCLAD","items_purchased":["Dropkick","Whirlwind","Trip","HandDrill"],"campfire_rested":1,"item_purchase_floors":[2,2,8,12],"current_hp_per_floor":[80,80,80,69,69,69,52,52,52,58,53,53,53,49,73,48,80,74,74,56,56,47,12,0,0],"gold":177,"neow_bonus":"THREE_SMALL_POTIONS","is_daily":false,"chose_seed":false,"campfire_upgraded":1,"win_rate":0.0,"timestamp":1613016105,"path_taken":["M","?","?","?","?","R","E","$","T","M","?","?","?","M","R","BOSS","M","?","?","M","?","E","M"],"items_purchased_type":["Card","Card","Card","Relic"],"build_version":"2020-12-22","purchased_purges":1,"victory":false,"max_hp_per_floor":[80,80,80,80,80,80,80,80,80,80,80,80,80,80,80,80,80,80,80,56,56,61,61,61,61],"card_choices":[{"not_picked":["Flex","Metallicize"],"picked":"Dual Wield","floor":1.0},{"not_picked":["Cleave","Heavy Blade"],"picked":"Headbutt","floor":7.0},{"not_picked":["Dark Embrace","Iron Wave"],"picked":"Flame Barrier","floor":10.0},{"not_picked":["Armaments","Heavy Blade"],"picked":"Pommel Strike","floor":11.0},{"not_picked":["Shrug It Off","Pummel","Carnage"],"picked":"SKIP","floor":14.0},{"not_picked":["Juggernaut","Bludgeon"],"picked":"Limit Break","floor":16.0},{"not_picked":["Rupture+1","Blood for Blood"],"picked":"Thunderclap","floor":18.0},{"not_picked":["Clothesline","Anger"],"picked":"Spot Weakness","floor":21.0},{"not_picked":["Sever Soul","Rupture","Berserk"],"picked":"SKIP","floor":23}],"player_experience":56094,"relics_obtained":[{"floor":7.0,"key":"HornCleat"},{"floor":9.0,"key":"Ancient Tea Set"},{"floor":23,"key":"Meat on the Bone"}],"event_choices":[{"damage_healed":0.0,"max_hp_gain":0.0,"max_hp_loss":0.0,"gold_gain":0.0,"event_name":"Big Fish","player_choice":"Box","floor":3.0,"gold_loss":0.0,"damage_taken":0.0,"relics_obtained":["Kunai"],"cards_obtained":["Regret"]},{"damage_healed":0.0,"max_hp_gain":0.0,"max_hp_loss":0.0,"gold_gain":75.0,"event_name":"World of Goop","player_choice":"Gather Gold","floor":4.0,"gold_loss":0.0,"damage_taken":11.0},{"damage_healed":0.0,"max_hp_gain":0.0,"max_hp_loss":0.0,"gold_gain":175.0,"event_name":"Liars Game","player_choice":"AGREE","floor":5.0,"gold_loss":0.0,"damage_taken":0.0,"cards_obtained":["Doubt"]},{"cards_removed":["Doubt"],"damage_healed":0.0,"max_hp_gain":0.0,"max_hp_loss":0.0,"gold_gain":0.0,"event_name":"Living Wall","player_choice":"Forget","floor":13.0,"gold_loss":0.0,"damage_taken":0.0},{"damage_healed":0.0,"max_hp_gain":0.0,"max_hp_loss":0.0,"gold_gain":0.0,"event_name":"Beggar","player_choice":"Ignored","floor":19.0,"gold_loss":0.0,"damage_taken":0.0},{"damage_healed":0.0,"max_hp_gain":0.0,"max_hp_loss":24.0,"gold_gain":0.0,"event_name":"Vampires","player_choice":"Became a vampire","floor":20.0,"gold_loss":0.0,"damage_taken":0.0,"cards_obtained":["Bite","Bite","Bite","Bite","Bite"]},{"damage_healed":0.0,"max_hp_gain":5.0,"max_hp_loss":0.0,"gold_gain":0.0,"event_name":"Forgotten Altar","player_choice":"Shed Blood","floor":22.0,"gold_loss":0.0,"damage_taken":14.0}],"is_beta":false,"boss_relics":[{"not_picked":["Astrolabe","Busted Crown"],"picked":"Philosopher\u0027s Stone"}],"items_purged_floors":[8],"is_endless":false,"potions_floor_spawned":[1,11,18,21],"killed_by":"Centurion and Healer","ascension_level":1}}