{"host":"49abft5853189zwb","time":1613046704,"event":{"mods":["Aspiration","BaseMod","Bossed Relics","Downfall","Duelist Mod","Hermit","Hubris","Infinite Spire","Koishi","Lobotomy","Marisa????????","Minty Spire (QoL Compilation)","Quick Restart","Reimu??????","Remilia??????","StSLib","The Administrix","The Bug Knight","The Construct","The Cursed","The Disciple","The Necromancer","The Runesmith","The Senshi","The Servant 0.9.4","Yuyuko","[IsaacMod]????"],"gold_per_floor":[116,212,225,235,252,284,284,310,310,345,362,374,374,474,474,577,577,590,605,605,616,630,630,664,664,719,734,734,734,749,763,763,868,868,903,915,915,915,938,994,1029,1078,1078,1105,304,0,0,18,18,143,143,148,230,244,244,261,281,24,29,29,29,40,63,69,93,93,138,138],"floor_reached":67,"language":"ENG","playtime":3574,"items_purged":["TheCursedMod:Strike_TheCursed","TheCursedMod:FleshFromBone+1","TheCursedMod:Defend_TheCursed"],"score":1067,"play_id":"53eb4c82-fce4-4b8a-b115-cf78458bffb8","local_time":"20210211160144","is_ascension_mode":false,"campfire_choices":[{"data":"TheCursedMod:SpitefulPray","floor":7,"key":"SMITH"},{"floor":13,"key":"RECALL"},{"data":"TheCursedMod:NeowsMight","floor":15,"key":"SMITH"},{"data":"infinitespire:FutureSight","floor":23,"key":"SMITH"},{"data":"infinitespire:TheBestDefense","floor":25,"key":"SMITH"},{"data":"hubris:Fate","floor":29,"key":"SMITH"},{"data":"infinitespire:DeathsTouch","floor":32,"key":"SMITH"},{"floor":47,"key":"DIG"},{"floor":49,"key":"DIG"},{"floor":66,"key":"DIG"}],"circlet_count":0,"master_deck":["TheCursedMod:Strike_TheCursed","TheCursedMod:Strike_TheCursed","TheCursedMod:Strike_TheCursed","TheCursedMod:Defend_TheCursed","TheCursedMod:Defend_TheCursed","TheCursedMod:Defend_TheCursed","TheCursedMod:CursedWand","TheCursedMod:CleanUpWorkshop","TheCursedMod:Dregs","TheCursedMod:Neurasthenia","TheCursedMod:SurpriseAttack","TheCursedMod:HellsGateOpen","TheCursedMod:SpitefulPlan","TheCursedMod:SpitefulPray+1","TheCursedMod:NeowsMight+1","TheCursedMod:RavingStaff","TheCursedMod:CursedShiv","TheCursedMod:PrepareRite","TheCursedMod:StunningStrike","TheCursedMod:Torture","TheCursedMod:SurpriseAttack","infinitespire:TheBestDefense+1","infinitespire:FutureSight+1","hubris:Fate+1","infinitespire:DeathsTouch+1","TheCursedMod:StunningStrike","TheCursedMod:Evocation","TheCursedMod:SmokeScreen+1","theDuelist:CurseAnubis","TheCursedMod:CircleOfFlame+1","TheCursedMod:CircleOfBlood","TheCursedMod:CircleOfAbyss","TheCursedMod:ManaCirculation","TheCursedMod:AbyssShockwave+1","infinitespire:Gouge","TheCursedMod:SurpriseAttack","TheCursedMod:SpreadPlague","TheCursedMod:SpreadPlague+1","TheCursedMod:RapidMovement+1","theDuelist:GravekeeperCurse","TheCursedMod:CircleOfCorruption","TheCursedMod:CircleOfWindfury","TheCursedMod:CircleOfAbyss","TheCursedMod:ForbiddenAlchemy","TheCursedMod:AshesToAshes","TheCursedMod:Torture","infinitespire:UltimateForm","TheCursedMod:ShockAndAwe","TheCursedMod:CircleOfFlame","TheCursedMod:TacticalStrike","TheCursedMod:ManaCirculation","TheCursedMod:CursedShiv","TheCursedMod:WearCloak","TheCursedMod:UltimatePain","TheCursedMod:Hemoplague"],"relics":["TheCursedMod:BlackMagic101","HushsDoor","DeathBook","aspiration:Nostalgia","ScarletHat","Lizard Tail","Pear","Mercury Hourglass","infinitespire:PuzzleCube","Cursed Key","MyShadow","theSenshi:FeatherClipsRelic","hubris:ScarierMask","Orichalcum","SalivaCoin","bronze:MakeshiftBattery","ScarletDevilRocket","HollowMod:PaleOreRelic","Shovel","hubris:BundleOfHerbs","Omamori","Medical Kit","Red Mask","Centennial Puzzle","Vajra","Calling Bell","TheBean","hubris:64BitClover","aspiration:SeaSaltIceCream","RottenBaby","Pen Nib","aspiration:Lifesprig","construct:BoolHorns","TheBible","Odd Mushroom","Kunai"],"acts_visited":["Exordium","TheCity","TheBeyond","Exordium"],"potions_floor_usage":[6,6,6,8,8,8,16,16,21,30,33,38,38,40,48,48,50,67,67,67,67,67],"damage_taken":[{"damage":0,"enemies":"Small Slimes","floor":1,"turns":1},{"damage":1,"enemies":"Cultist","floor":3,"turns":4},{"damage":0,"enemies":"2 Louse","floor":4,"turns":3},{"damage":4,"enemies":"Large Slime","floor":5,"turns":6},{"damage":8,"enemies":"3 Sentries","floor":6,"turns":10},{"damage":3,"enemies":"Gremlin Nob","floor":8,"turns":3},{"damage":0,"enemies":"3 Sentries","floor":10,"turns":1},{"damage":0,"enemies":"Exordium Wildlife","floor":11,"turns":3},{"damage":2,"enemies":"Lots of Slimes","floor":12,"turns":3},{"damage":0,"enemies":"Hexaghost","floor":16,"turns":8},{"damage":20,"enemies":"3 Byrds","floor":18,"turns":3},{"damage":0,"enemies":"Spheric Guardian","floor":19,"turns":3},{"damage":0,"enemies":"Snecko","floor":21,"turns":4},{"damage":0,"enemies":"3 Cultists","floor":22,"turns":1},{"damage":14,"enemies":"Gremlin Leader","floor":24,"turns":4},{"damage":2,"enemies":"Snake Plant","floor":27,"turns":4},{"damage":0,"enemies":"Cultist and Chosen","floor":30,"turns":3},{"damage":0,"enemies":"Chosen and Byrds","floor":31,"turns":3},{"damage":6,"enemies":"Champ","floor":33,"turns":8},{"damage":9,"enemies":"3 Shapes","floor":35,"turns":1},{"damage":0,"enemies":"Orb Walker","floor":36,"turns":2},{"damage":0,"enemies":"Transient","floor":38,"turns":2},{"damage":10,"enemies":"Spire Growth","floor":39,"turns":3},{"damage":14,"enemies":"Nightmare","floor":40,"turns":7},{"damage":11,"enemies":"Writhing Mass","floor":41,"turns":5},{"damage":31,"enemies":"Giant Head","floor":42,"turns":8},{"damage":3,"enemies":"4 Shapes","floor":44,"turns":1},{"damage":2,"enemies":"Transient","floor":48,"turns":5},{"damage":21,"enemies":"Donu and Deca","floor":50,"turns":5},{"damage":0,"enemies":"Jaw Worm","floor":52,"turns":1},{"damage":0,"enemies":"Small Slimes","floor":54,"turns":1},{"damage":0,"enemies":"2 Louse","floor":56,"turns":1},{"damage":0,"enemies":"Gremlin Nob","floor":57,"turns":2},{"damage":0,"enemies":"Red Slaver","floor":59,"turns":1},{"damage":0,"enemies":"2 Fungi Beasts","floor":62,"turns":1},{"damage":0,"enemies":"Lagavulin","floor":63,"turns":2},{"damage":0,"enemies":"Looter","floor":64,"turns":1},{"damage":0,"enemies":"The Mushroom Lair","floor":65,"turns":1},{"damage":133,"enemies":"Delirium","floor":67,"turns":7}],"seed_played":"-5279571167375676907","potions_obtained":[{"floor":3,"key":"Ancient Potion"},{"floor":5,"key":"EntropicBrew"},{"floor":6,"key":"BlessingOfTheForge"},{"floor":8,"key":"ZuzhouPotion:ReiMu"},{"floor":11,"key":"Strength Potion"},{"floor":19,"key":"Block Potion"},{"floor":21,"key":"SmokeBomb"},{"floor":22,"key":"Energy Potion"},{"floor":27,"key":"AttackPotion"},{"floor":36,"key":"DistilledChaos"},{"floor":39,"key":"SteroidPotion"},{"floor":42,"key":"Strength Potion"},{"floor":44,"key":"GamblersBrew"},{"floor":50,"key":"DistilledChaos"},{"floor":56,"key":"Explosive Potion"},{"floor":62,"key":"SmokeBomb"}],"is_trial":false,"path_per_floor":["M","?","M","M","M","E","R","E","T","E","M","M","R","?","R","B",null,"M","M","AVR","M","M","R","E","R","T","M","?","R","M","M","R","B",null,"M","M","AVR","M","M","NM","M","E","T","M","$","?","R","M","R","B",null,"M","?","M","AVR","M","E","$","M","T","?","M","E","M","?","R","B"],"character_chosen":"THE_CURSED","items_purchased":["MyShadow","TheCursedMod:CircleOfWindfury","hubris:BundleOfHerbs","Omamori","Medical Kit","ZuzhouPotion:ReiMu","aspiration:Lifesprig"],"campfire_rested":0,"item_purchase_floors":[17,45,45,45,45,45,58],"current_hp_per_floor":[75,60,59,59,55,47,47,54,54,54,54,52,52,52,52,52,73,53,53,53,59,65,65,57,57,57,61,46,46,52,73,73,73,73,72,73,73,73,69,68,65,45,45,48,48,48,48,73,73,64,73,73,62,73,73,73,73,73,73,73,73,73,73,73,73,73,0,0],"gold":138,"neow_bonus":"NOSTALGIA","is_daily":false,"chose_seed":false,"campfire_upgraded":6,"win_rate":0.0,"timestamp":1613046704,"path_taken":["M","?","M","M","M","E","R","E","T","E","M","?","R","?","R","BOSS","M","M","AVR","M","M","R","E","R","T","M","?","R","M","M","R","BOSS","M","M","AVR","M","M","NM","M","E","T","M","$","?","R","M","R","BOSS","M","?","M","AVR","M","E","$","M","T","?","M","E","?","?","R","BOSS"],"items_purchased_type":["Relic","Card","Relic","Relic","Relic","Potion","Relic"],"build_version":"2020-12-13","purchased_purges":3,"victory":false,"max_hp_per_floor":[75,75,75,75,75,75,75,85,85,85,85,85,85,85,85,85,73,73,73,73,73,73,73,73,73,73,73,73,73,73,73,73,73,73,73,73,73,73,73,73,73,73,73,73,73,73,73,73,73,73,73,73,73,73,73,73,73,73,73,73,73,73,73,73,73,73,73,73],"card_choices":[{"not_picked":["TheCursedMod:CursedBlade","Bomb"],"picked":"TheCursedMod:Neurasthenia","floor":1},{"not_picked":["TheCursedMod:SmokeScreen","TheCursedMod:ReleasedKnowledge"],"picked":"TheCursedMod:SurpriseAttack","floor":3},{"not_picked":["TheCursedMod:StingEye","TheCursedMod:SmokeScreen"],"picked":"TheCursedMod:HellsGateOpen","floor":4},{"not_picked":["TheCursedMod:CursedShiv","TheCursedMod:FleshFromBone"],"picked":"TheCursedMod:SpitefulPlan","floor":5},{"not_picked":["TheCursedMod:Stretching","TheCursedMod:BloodBarrier"],"picked":"TheCursedMod:SpitefulPray","floor":6},{"not_picked":["TheCursedMod:SpitefulPlan","TheCursedMod:SoulReap"],"picked":"TheCursedMod:NeowsMight","floor":8},{"not_picked":["TheCursedMod:EmpowerCircles","TheCursedMod:CursedBlade"],"picked":"TheCursedMod:RavingStaff","floor":10},{"not_picked":["TheCursedMod:CircleOfCorruption","TheCursedMod:Stretching"],"picked":"TheCursedMod:CursedShiv","floor":11},{"not_picked":["TheCursedMod:WearCloak","Bomb"],"picked":"TheCursedMod:PrepareRite","floor":12},{"not_picked":["TheCursedMod:ForbiddenAlchemy","TheCursedMod:CursedRelics"],"picked":"TheCursedMod:StunningStrike","floor":16},{"not_picked":["TheCursedMod:WearCloak","TheCursedMod:Stretching"],"picked":"TheCursedMod:Torture","floor":18},{"not_picked":["TheCursedMod:Obscuration","TheCursedMod:Grudge"],"picked":"TheCursedMod:SurpriseAttack","floor":19},{"not_picked":["TheCursedMod:Torture","TheCursedMod:VitalStrike"],"picked":"TheCursedMod:StunningStrike","floor":21},{"not_picked":["TheCursedMod:BlessingInDisguise+1","TheCursedMod:SpitefulPray+1"],"picked":"TheCursedMod:Evocation","floor":22},{"not_picked":["TheCursedMod:Obscuration","TheCursedMod:WearCloak"],"picked":"TheCursedMod:SmokeScreen+1","floor":24},{"not_picked":["TheCursedMod:HellsGateOpen","TheCursedMod:SoulCrush+1"],"picked":"TheCursedMod:CircleOfFlame+1","floor":27},{"not_picked":["TheCursedMod:Wield","TheCursedMod:Torture"],"picked":"TheCursedMod:CircleOfBlood","floor":30},{"not_picked":["TheCursedMod:Obscuration","TheCursedMod:LuckyCharm"],"picked":"TheCursedMod:CircleOfAbyss","floor":31},{"not_picked":["TheCursedMod:DemonicPact","TheCursedMod:Neurasthenia"],"picked":"TheCursedMod:ManaCirculation","floor":33},{"not_picked":["TheCursedMod:FleshFromBone","TheCursedMod:ManaBullet"],"picked":"TheCursedMod:AbyssShockwave+1","floor":35},{"not_picked":["TheCursedMod:SpitefulPlan+1","TheCursedMod:PrepareRite+1"],"picked":"TheCursedMod:FleshFromBone+1","floor":36},{"not_picked":["TheCursedMod:Obscuration+1","TheCursedMod:FuryStrike+1"],"picked":"TheCursedMod:SurpriseAttack","floor":39},{"not_picked":["TheCursedMod:RavingStaff","TheCursedMod:HellfireBreathing"],"picked":"TheCursedMod:SpreadPlague","floor":40},{"not_picked":["TheCursedMod:RapidMovement","TheCursedMod:CursedMace"],"picked":"TheCursedMod:SpreadPlague+1","floor":41},{"not_picked":["TheCursedMod:BloodBarrier","TheCursedMod:SmokeScreen"],"picked":"TheCursedMod:RapidMovement+1","floor":42},{"not_picked":["TheCursedMod:AbyssShockwave+1","TheCursedMod:Stigma"],"picked":"TheCursedMod:CircleOfCorruption","floor":44},{"not_picked":["TheCursedMod:RavingStaff+1","TheCursedMod:Stretching+1"],"picked":"TheCursedMod:CircleOfAbyss","floor":48},{"not_picked":["TheCursedMod:UltimatePain","TheCursedMod:NeowsMight"],"picked":"TheCursedMod:ForbiddenAlchemy","floor":50},{"not_picked":["TheCursedMod:Stretching","TheCursedMod:FuryStrike"],"picked":"TheCursedMod:AshesToAshes","floor":52},{"not_picked":["TheCursedMod:VitalStrike","TheCursedMod:BloodBarrier"],"picked":"TheCursedMod:Torture","floor":54},{"not_picked":["TheCursedMod:CursedBlade","TheCursedMod:CircleOfAmplification"],"picked":"TheCursedMod:ShockAndAwe","floor":56},{"not_picked":["TheCursedMod:Stigma","TheCursedMod:CursedMace"],"picked":"TheCursedMod:CircleOfFlame","floor":57},{"not_picked":["TheCursedMod:Stretching","TheCursedMod:BlessingInDisguise"],"picked":"TheCursedMod:TacticalStrike","floor":59},{"not_picked":["TheCursedMod:CursedBlade","TheCursedMod:LuckyCharm"],"picked":"TheCursedMod:CursedShiv","floor":62},{"not_picked":["TheCursedMod:CursedAmulet","TheCursedMod:Wield"],"picked":"TheCursedMod:WearCloak","floor":63},{"not_picked":["TheCursedMod:CursedMace","TheCursedMod:Torture"],"picked":"TheCursedMod:UltimatePain","floor":64},{"not_picked":["TheCursedMod:CircleOfAmplification","TheCursedMod:AbyssShockwave"],"picked":"TheCursedMod:Hemoplague","floor":65}],"player_experience":109482,"relics_obtained":[{"floor":6,"key":"Lizard Tail"},{"floor":8,"key":"Pear"},{"floor":9,"key":"Mercury Hourglass"},{"floor":10,"key":"infinitespire:PuzzleCube"},{"floor":24,"key":"Orichalcum"},{"floor":40,"key":"ScarletDevilRocket"},{"floor":42,"key":"HollowMod:PaleOreRelic"},{"floor":43,"key":"Shovel"},{"floor":47,"key":"Centennial Puzzle"},{"floor":49,"key":"Vajra"},{"floor":51,"key":"TheBean"},{"floor":51,"key":"hubris:64BitClover"},{"floor":51,"key":"aspiration:SeaSaltIceCream"},{"floor":57,"key":"Pen Nib"},{"floor":60,"key":"construct:BoolHorns"},{"floor":63,"key":"TheBible"},{"floor":65,"key":"Odd Mushroom"},{"floor":66,"key":"Kunai"}],"event_choices":[{"damage_healed":0,"gold_gain":100,"player_choice":"Gold","damage_taken":0,"max_hp_gain":0,"max_hp_loss":0,"event_name":"Wheel of Change","floor":14,"gold_loss":0},{"damage_healed":0,"gold_gain":0,"player_choice":"Paid","damage_taken":0,"relics_obtained":["Red Mask"],"max_hp_gain":0,"max_hp_loss":0,"event_name":"Tomb of Lord Red Mask","floor":46,"gold_loss":304},{"damage_healed":0,"gold_gain":75,"player_choice":"Gather Gold","damage_taken":11,"max_hp_gain":0,"max_hp_loss":0,"event_name":"World of Goop","floor":53,"gold_loss":0},{"damage_healed":0,"gold_gain":0,"player_choice":"1 cards matched","damage_taken":0,"max_hp_gain":0,"max_hp_loss":0,"event_name":"Match and Keep!","floor":61,"gold_loss":0,"cards_obtained":["TheCursedMod:ManaCirculation"]},{"damage_healed":0,"gold_gain":0,"player_choice":"Fought Mushrooms","damage_taken":0,"max_hp_gain":0,"max_hp_loss":0,"event_name":"Mushrooms","floor":65,"gold_loss":0}],"is_beta":false,"boss_relics":[{"not_picked":["infinitespire:Cupcake","hubris:RunicObelisk"],"picked":"Cursed Key"},{"not_picked":[]},{"not_picked":["hubris:BlackHole","aspiration:RunesmithSkillbook"],"picked":"bronze:MakeshiftBattery"},{"not_picked":[]},{"not_picked":["TheCursedMod:OminousMark","SlaversCollar"],"picked":"Calling Bell"},{"not_picked":[]}],"items_purged_floors":[20,45,58],"is_endless":true,"potions_floor_spawned":[3,5,6,8,11,19,21,22,27,36,39,42,44,50,56,62],"killed_by":"Delirium","ascension_level":0}}