{"host":"pqs17sqrgflf4eqa","time":1613015121,"event":{"mods":["AchievementEnabler","BaseMod","Bestiary","Better Altar","Colored Map","Colored Powertips","Emptier Cage","Googly Eyes","Highlight Path","Minty Spire (QoL Compilation)","Quick Restart","StSLib","SuperFastMode","Transform Curses","slay the spire mod where everything is the same but ironclad has a cowboy hat"],"gold_per_floor":[219,230,52,67,87,116,116,191,214,214,214,214,214],"floor_reached":12,"language":"ENG","playtime":258,"items_purged":[],"score":98,"play_id":"a64795dc-080b-4a1d-85ab-34044e93b84e","local_time":"20210210224521","is_ascension_mode":true,"campfire_choices":[{"floor":7,"key":"REST"}],"circlet_count":0,"master_deck":["Strike_G","Strike_G","Strike_G","Strike_G","Strike_G","Defend_G","Defend_G","Defend_G","Defend_G","Defend_G","Survivor","Neutralize","Noxious Fumes","Flying Knee","Well Laid Plans","Slice","Cloak And Dagger","Riddle With Holes"],"relics":["Ring of the Snake","Juzu Bracelet","Centennial Puzzle","Blue Candle"],"acts_visited":["Exordium"],"potions_floor_usage":[5,6,6],"damage_taken":[{"damage":3.0,"enemies":"Small Slimes","floor":1.0,"turns":4.0},{"damage":17.0,"enemies":"Jaw Worm","floor":2.0,"turns":3.0},{"damage":10.0,"enemies":"Cultist","floor":4.0,"turns":4.0},{"damage":0,"enemies":"Large Slime","floor":5,"turns":4},{"damage":39,"enemies":"Lagavulin","floor":6,"turns":7},{"damage":18,"enemies":"3 Sentries","floor":12,"turns":4}],"seed_played":"9123481917859486229","potions_obtained":[{"floor":1.0,"key":"Regen Potion"},{"floor":4.0,"key":"ColorlessPotion"}],"is_trial":false,"path_per_floor":["M","M","$","M","M","E","R","?","T","?","T","E"],"character_chosen":"THE_SILENT","items_purchased":["Well Laid Plans","Slice","PowerPotion"],"campfire_rested":1,"item_purchase_floors":[3,3,3],"current_hp_per_floor":[67,50,50,40,40,6,27,16,16,16,16,0,0],"gold":214,"neow_bonus":"HUNDRED_GOLD","is_daily":false,"chose_seed":false,"campfire_upgraded":0,"win_rate":0.0,"timestamp":1613015121,"path_taken":["M","M","$","M","M","E","R","?","T","?","?","E"],"items_purchased_type":["Card","Card","Potion"],"build_version":"2020-12-22","purchased_purges":0,"victory":false,"max_hp_per_floor":[70,70,70,70,70,70,70,70,70,70,70,70,70],"card_choices":[{"not_picked":["Deadly Poison","Deflect"],"picked":"Noxious Fumes","floor":1.0},{"not_picked":["Dagger Throw","Setup"],"picked":"Flying Knee","floor":2.0},{"not_picked":["Quick Slash","Flying Knee"],"picked":"Cloak And Dagger","floor":4.0},{"not_picked":["Blur","Dagger Throw"],"picked":"Riddle With Holes","floor":5},{"not_picked":["Setup","Choke","Concentrate"],"picked":"SKIP","floor":6}],"player_experience":160467,"relics_obtained":[{"floor":6,"key":"Juzu Bracelet"},{"floor":9,"key":"Centennial Puzzle"},{"floor":11,"key":"Blue Candle"}],"event_choices":[{"damage_healed":0,"gold_gain":75,"player_choice":"Gather Gold","damage_taken":11,"max_hp_gain":0,"max_hp_loss":0,"event_name":"World of Goop","floor":8,"gold_loss":0},{"damage_healed":0,"gold_gain":0,"player_choice":"Ignored","damage_taken":0,"max_hp_gain":0,"max_hp_loss":0,"event_name":"Liars Game","floor":10,"gold_loss":0}],"is_beta":false,"boss_relics":[],"items_purged_floors":[],"is_endless":false,"potions_floor_spawned":[1,4],"killed_by":"3 Sentries","ascension_level":5}}