{"host":"0flpm62pz1oti8w0","time":1613043372,"event":{"mods":["ATMod(ªü½@Mod)","AchievementEnabler","Act Like it!","Arknights","BaseMod","Conspire","Downfall","FanaticalFans","Hermit","Minty Spire (QoL Compilation)","Reimu¡]³Õ???¡^","Remilia¡]Á¢¦Ì²ú?¡^","Spicy Shops","StSLib","The Animator","Waifu the Spire","Youmu¡]»î¾z§¯?¡^","êº¤õ«ü«n"],"gold_per_floor":[117,136,149,169,189,214,214,239,263,263,297,359,6,81,81,180,180,199,8,8,27,42,71,71,84,84,110,24,42,68,68,68,173,173,184,184,197,119,131,162,162,9,84,84,98,98,98,112,112,112,112],"floor_reached":50,"language":"ZHS","playtime":2240,"items_purged":["Regret"],"score":580,"play_id":"90fe7b89-a138-4497-bf14-b132271b9e1c","local_time":"20210211193612","is_ascension_mode":false,"campfire_choices":[{"floor":7,"key":"REST"},{"floor":15,"key":"REST"},{"floor":24,"key":"REST"},{"data":"1","floor":32,"key":"LIFT"},{"data":"2","floor":41,"key":"LIFT"},{"data":"3","floor":44,"key":"LIFT"},{"data":"FastingOfTheYoungPreta","floor":47,"key":"SMITH"}],"circlet_count":0,"master_deck":["Strike_YM","Strike_YM","Strike_YM","Strike_YM","Defend_YM","Defend_YM","Defend_YM","Defend_YM","SlashOfPresentWorld","WheelOfPainOfLivingAndDead","AT_RealFormLess","DoubleWheelOfPain","FiveSignsOfTheDyingDeva","AsTheSilentNirvana","LowerRealmReflectionSlash","ObsessionWithThePresentWorld","RapidSlash","FourBirthsSword","AsuraSword","EchoesOfTheInclemencyOfAllBeings","HumanKnowledgeSword","FastingOfTheYoungPreta+1","CurseOfTheBell","SwordExtraction","BloodOfAsura","LightFlashOfTheNetherworld","SlashOfMeditation+1","SlashOfTheEternalFuture","TwoHundredYojanaInOneSlash","GreatEnlightenmentAppearingAndDisappearing","HellFireSword","SlashOfMeditation+1","Slimebound:CheckThePlaybook","IrresoluteSoul","PreachingAvici+1","AT_LightSaberMaster","Panacea","Thinking Ahead","SlashOfMeditation+1","FiveSignsOfTheDyingDeva","ThreeKonsSevenHakus","TenKingsRetributionOnThePreta+1","HumanGodSword","TwoHundredYojanaInOneSlash+1","ThreeKonsSevenHakus"],"relics":["HalfPhantom","Fans:FanaticalFans","AT_ATBox","NeowsBlessing","AT_RedNoBalance","Mango","Smiling Mask","Boot","Bronze Scales","Lantern","Hakurouken","Calling Bell","Orichalcum","Tea:ReiMu","Girya","AT_SunfireAegis","MealTicket","AT_ForceNature","Ancient Tea Set","Vajra","conspire:SpecialSausage","Calipers","OrangePellets","ChestCloth"],"acts_visited":["Exordium","TheCity","TheBeyond"],"potions_floor_usage":[16,40,40,40,50],"damage_taken":[{"damage":0,"enemies":"Jaw Worm","floor":1,"turns":1},{"damage":0,"enemies":"2 Louse","floor":2,"turns":1},{"damage":0,"enemies":"Cultist","floor":3,"turns":1},{"damage":3,"enemies":"Exordium Thugs","floor":4,"turns":4},{"damage":9,"enemies":"Blue Slaver","floor":5,"turns":3},{"damage":33,"enemies":"Lagavulin","floor":6,"turns":7},{"damage":10,"enemies":"Gremlin Nob","floor":8,"turns":3},{"damage":31,"enemies":"3 Sentries","floor":11,"turns":7},{"damage":10,"enemies":"Gremlin Nob","floor":12,"turns":3},{"damage":7,"enemies":"Hexaghost","floor":16,"turns":8},{"damage":15,"enemies":"2 Thieves","floor":18,"turns":2},{"damage":1,"enemies":"Chosen","floor":21,"turns":2},{"damage":0,"enemies":"Snake Plant","floor":22,"turns":2},{"damage":7,"enemies":"Slavers","floor":23,"turns":4},{"damage":0,"enemies":"Sentry and Sphere","floor":25,"turns":4},{"damage":1,"enemies":"Gremlin Leader","floor":27,"turns":5},{"damage":5,"enemies":"Chosen and Byrds","floor":29,"turns":3},{"damage":9,"enemies":"Automaton","floor":33,"turns":4},{"damage":8,"enemies":"3 Shapes","floor":35,"turns":4},{"damage":34,"enemies":"3 Darklings","floor":37,"turns":6},{"damage":0,"enemies":"Jaw Worm Horde","floor":39,"turns":1},{"damage":2,"enemies":"Reptomancer","floor":40,"turns":2},{"damage":0,"enemies":"Spire Growth","floor":45,"turns":1},{"damage":2,"enemies":"3 Darklings","floor":48,"turns":2},{"damage":82,"enemies":"conspire:OrnateMirror","floor":50,"turns":5}],"seed_played":"3233886868027395053","potions_obtained":[{"floor":2,"key":"SkillPotion"},{"floor":5,"key":"Dexterity Potion"},{"floor":11,"key":"AttackPotion"},{"floor":21,"key":"PhantomPosion"},{"floor":23,"key":"LiquidMemories"},{"floor":29,"key":"GrandPatriotsElixir:ReiMu"},{"floor":45,"key":"Block Potion"},{"floor":48,"key":"LiquidMemories"}],"is_trial":false,"path_per_floor":["M","M","M","M","M","E","R","E","T","?","E","?","$","?","R","B",null,"M","$","?","M","M","E","R","M","T","E","$","M","T","?","R","B",null,"M","?","M","$","M","E","R","$","T","R","M","?","R","M","R","B"],"character_chosen":"YOUMU","items_purchased":["Hakurouken","EchoesOfTheInclemencyOfAllBeings","HumanKnowledgeSword","AT_SunfireAegis","BloodOfAsura","HellFireSword","FiveSignsOfTheDyingDeva","OrangePellets","HumanGodSword"],"campfire_rested":3,"item_purchase_floors":[13,13,13,19,19,28,38,42,42],"current_hp_per_floor":[75,75,75,72,63,30,52,41,41,41,13,34,34,23,49,37,89,29,29,89,88,88,81,89,89,89,88,89,84,84,81,81,72,81,73,68,34,49,49,47,47,62,62,62,62,62,62,60,60,0,0],"gold":112,"neow_bonus":"THREE_ENEMY_KILL","is_daily":false,"chose_seed":false,"campfire_upgraded":1,"win_rate":0.0,"timestamp":1613043372,"path_taken":["M","M","M","M","M","E","R","E","T","?","E","?","$","?","R","BOSS","M","$","?","M","?","E","R","M","T","E","$","M","?","?","R","BOSS","M","?","M","$","M","E","R","$","T","R","M","?","R","?","R","BOSS"],"items_purchased_type":["Relic","Card","Card","Relic","Card","Card","Card","Relic","Card"],"build_version":"2020-12-22","purchased_purges":1,"victory":false,"max_hp_per_floor":[75,75,75,75,75,75,75,89,89,89,89,89,89,89,89,89,89,89,89,89,89,89,89,89,89,89,89,89,89,89,81,81,81,81,81,81,81,81,81,81,81,81,81,81,81,81,81,81,81,81,81],"card_choices":[{"not_picked":["SpiritCuttingSword","LightFlashOfTheNetherworld"],"picked":"DoubleWheelOfPain","floor":1},{"not_picked":["SlashOfAscensionToBuddhahood","SanzenSekai"],"picked":"EchoesOfTheInclemencyOfAllBeings","floor":2},{"not_picked":["SpiritMediumsBind","PhosphoricSlash"],"picked":"FiveSignsOfTheDyingDeva","floor":3},{"not_picked":["HumanRealmSword","CrescentMoonSlash"],"picked":"AsTheSilentNirvana","floor":4},{"not_picked":["ConstancyOfTheConventionalTruth","KarmicPunishmentOfTheIdleAndUnfocused"],"picked":"LowerRealmReflectionSlash","floor":5},{"not_picked":["SanzenSekai","HesitationCuttingSword"],"picked":"ObsessionWithThePresentWorld","floor":6},{"not_picked":["PretaSword","DispleasureOfTheSevenHakus"],"picked":"RapidSlash","floor":8},{"not_picked":["CherryBlossomFlashing","SwordExtraction"],"picked":"FourBirthsSword","floor":11},{"not_picked":["CherryBlossomFlashing","LowerRealmReflectionSlash"],"picked":"AsuraSword","floor":12},{"not_picked":["HeavenGodSword","GreatEnlightenmentAppearingAndDisappearing"],"picked":"FastingOfTheYoungPreta","floor":16},{"not_picked":["KarmicPunishmentOfTheIdleAndUnfocused+1","DoubleWheelOfPain+1"],"picked":"SwordExtraction","floor":18},{"not_picked":["DispleasureOfTheSevenHakus","CrescentMoonSlash"],"picked":"LightFlashOfTheNetherworld","floor":21},{"not_picked":["HumanKnowledgeSword","HeavenlyHaloSlash"],"picked":"SlashOfMeditation+1","floor":22},{"not_picked":["PhosphoricSlash","CherryBlossomFlashing"],"picked":"SlashOfTheEternalFuture","floor":23},{"not_picked":["LowerRealmReflectionSlash+1","SpiritCuttingSword"],"picked":"TwoHundredYojanaInOneSlash","floor":25},{"not_picked":["EchoesOfTheInclemencyOfAllBeings","LightFlashOfTheNetherworld+1"],"picked":"GreatEnlightenmentAppearingAndDisappearing","floor":27},{"not_picked":["SwordExtraction","ConstancyOfTheConventionalTruth"],"picked":"SlashOfMeditation+1","floor":29},{"not_picked":["VoidnessSword","SlashOfSaigyouSpringWind"],"picked":"IrresoluteSoul","floor":33},{"not_picked":["LifeCuttingSword+1","FantasyOfEnteringEnlightenment+1"],"picked":"PreachingAvici+1","floor":35},{"not_picked":["Discovery","AT_PowerWithin"],"picked":"AT_LightSaberMaster","floor":36},{"not_picked":["Deep Breath","Chrysalis"],"picked":"Panacea","floor":36},{"not_picked":["Forethought","Impatience"],"picked":"Thinking Ahead","floor":36},{"not_picked":["FourBirthsSword+1","FlashingScatteredFlowers"],"picked":"SlashOfMeditation+1","floor":37},{"not_picked":["SlashOfMeditation","PhosphoricSlash"],"picked":"ThreeKonsSevenHakus","floor":39},{"not_picked":["KarmicPunishmentOfTheIdleAndUnfocused+1","DispleasureOfTheSevenHakus+1"],"picked":"TenKingsRetributionOnThePreta+1","floor":40},{"not_picked":["DispleasureOfTheSevenHakus","BloodOfAsura"],"picked":"TwoHundredYojanaInOneSlash+1","floor":45},{"not_picked":["TwoHundredYojanaInOneSlash+1","PhosphoricSlash"],"picked":"ThreeKonsSevenHakus","floor":48}],"player_experience":138761,"relics_obtained":[{"floor":6,"key":"AT_SilverBalance"},{"floor":8,"key":"Mango"},{"floor":9,"key":"Smiling Mask"},{"floor":11,"key":"Bronze Scales"},{"floor":17,"key":"Orichalcum"},{"floor":17,"key":"Tea:ReiMu"},{"floor":17,"key":"Girya"},{"floor":23,"key":"MealTicket"},{"floor":26,"key":"AT_ForceNature"},{"floor":27,"key":"Ancient Tea Set"},{"floor":30,"key":"Vajra"},{"floor":40,"key":"Calipers"},{"floor":43,"key":"ChestCloth"}],"event_choices":[{"damage_healed":0,"gold_gain":0,"player_choice":"Box","damage_taken":0,"relics_obtained":["Boot"],"max_hp_gain":0,"max_hp_loss":0,"event_name":"Big Fish","floor":10,"gold_loss":0,"cards_obtained":["Regret"]},{"damage_healed":0,"gold_gain":0,"player_choice":"Searched \u00272\u0027 times","damage_taken":0,"relics_obtained":["Lantern"],"max_hp_gain":0,"max_hp_loss":0,"event_name":"Dead Adventurer","floor":12,"gold_loss":0},{"damage_healed":0,"gold_gain":75,"player_choice":"Gather Gold","damage_taken":11,"max_hp_gain":0,"max_hp_loss":0,"event_name":"World of Goop","floor":14,"gold_loss":0},{"damage_healed":60,"gold_gain":0,"player_choice":"Full Heal","damage_taken":0,"max_hp_gain":0,"max_hp_loss":0,"event_name":"Wheel of Change","floor":20,"gold_loss":0},{"damage_healed":0,"gold_gain":0,"player_choice":"Memory 3","damage_taken":10,"max_hp_gain":0,"max_hp_loss":0,"event_name":"SensoryStone","floor":36,"gold_loss":0},{"cards_removed":["EchoesOfTheInclemencyOfAllBeings"],"damage_healed":0,"gold_gain":0,"player_choice":"Removed Skill","damage_taken":0,"max_hp_gain":0,"max_hp_loss":0,"event_name":"Falling","floor":46,"gold_loss":0}],"is_beta":false,"boss_relics":[{"not_picked":["Runic Dome","Velvet Choker"],"picked":"Calling Bell"},{"not_picked":["conspire:SlowCooker","Black Star"],"picked":"conspire:SpecialSausage"}],"items_purged_floors":[28],"is_endless":false,"potions_floor_spawned":[2,5,11,21,23,29,39,45,48],"killed_by":"conspire:OrnateMirror","ascension_level":0}}