{"host":"9eblolo89h1d1ypp","time":1613061499,"event":{"mods":["BaseMod","Downfall","Highlight Path","Minty Spire (QoL Compilation)","StSLib"],"gold_per_floor":[113,113,2,20,20,20,64,78,125,125,161,161,232,9,9,128,128,141,165,165,165,165],"floor_reached":21,"language":"FRA","playtime":847,"items_purged":[],"score":252,"play_id":"918ce2e3-c338-4641-924e-606f8c85c27b","local_time":"20210211173819","is_ascension_mode":true,"campfire_choices":[{"data":"Perseverance","floor":6,"key":"SMITH"},{"data":"MentalFortress","floor":10,"key":"SMITH"},{"data":"ForeignInfluence","floor":15,"key":"SMITH"}],"circlet_count":0,"master_deck":["Strike_P","Strike_P","Strike_P","Defend_P","Defend_P","Defend_P","Eruption","Vigilance","FollowUp","Injury","MentalFortress+1","FearNoEvil","CarveReality","Perseverance+1","ReachHeaven","ForeignInfluence+1","FlurryOfBlows","CutThroughFate","Prostrate","EmptyFist","Dramatic Entrance","SandsOfTime","Brilliance","EmptyBody","WreathOfFlame","ConjureBlade"],"relics":["PureWater","NeowsBlessing","Golden Idol","Regal Pillow","Omamori","Toy Ornithopter","Bag of Preparation","Philosopher\u0027s Stone"],"acts_visited":["Exordium","TheCity"],"potions_floor_usage":[11,13],"damage_taken":[{"damage":0,"enemies":"Small Slimes","floor":1,"turns":1},{"damage":0,"enemies":"2 Louse","floor":4,"turns":1},{"damage":0,"enemies":"Gremlin Nob","floor":7,"turns":1},{"damage":12,"enemies":"Jaw Worm","floor":8,"turns":3},{"damage":12,"enemies":"3 Sentries","floor":11,"turns":4},{"damage":0,"enemies":"Gremlin Nob","floor":13,"turns":2},{"damage":65,"enemies":"The Guardian","floor":16,"turns":10},{"damage":42,"enemies":"Shell Parasite","floor":18,"turns":4},{"damage":8,"enemies":"Spheric Guardian","floor":19,"turns":3},{"damage":28,"enemies":"Snake Plant","floor":21,"turns":2}],"seed_played":"-1174823837755816910","potions_obtained":[{"floor":4,"key":"AttackPotion"},{"floor":8,"key":"Dexterity Potion"},{"floor":11,"key":"PowerPotion"},{"floor":19,"key":"Swift Potion"}],"is_trial":false,"path_per_floor":["M","?","$","M","?","R","E","M","T","R","E","?","?","$","R","B",null,"M","M","?","M"],"character_chosen":"WATCHER","items_purchased":["MentalFortress","FearNoEvil","Prostrate","EmptyFist","Dramatic Entrance","SandsOfTime"],"campfire_rested":0,"item_purchase_floors":[3,3,14,14,14,14],"current_hp_per_floor":[72,72,72,72,72,72,72,60,60,60,48,72,72,72,72,7,72,30,22,22,0,0],"gold":165,"neow_bonus":"THREE_ENEMY_KILL","is_daily":false,"chose_seed":false,"campfire_upgraded":3,"win_rate":0.0,"timestamp":1613061499,"path_taken":["M","?","$","M","?","R","E","M","T","R","E","?","?","$","R","BOSS","M","M","?","?"],"items_purchased_type":["Card","Card","Card","Card","Card","Card"],"build_version":"2020-12-22","purchased_purges":0,"victory":false,"max_hp_per_floor":[72,72,72,72,72,72,72,72,72,72,72,72,72,72,72,72,72,72,72,72,72,72],"card_choices":[{"not_picked":["Protect","SashWhip"],"picked":"FollowUp","floor":1},{"not_picked":["SashWhip","Halt"],"picked":"CarveReality","floor":4},{"not_picked":["WheelKick","Wish"],"picked":"ReachHeaven","floor":7},{"not_picked":["EmptyBody","BowlingBash"],"picked":"ForeignInfluence","floor":8},{"not_picked":["Vault","Prostrate"],"picked":"FlurryOfBlows","floor":11},{"not_picked":["BowlingBash","CrushJoints"],"picked":"CutThroughFate","floor":13},{"not_picked":["SpiritShield","DeusExMachina"],"picked":"Brilliance","floor":16},{"not_picked":["ThirdEye","FlurryOfBlows"],"picked":"EmptyBody","floor":18},{"not_picked":["JustLucky","Protect"],"picked":"WreathOfFlame","floor":19}],"player_experience":1559879,"relics_obtained":[{"floor":7,"key":"Regal Pillow"},{"floor":9,"key":"Omamori"},{"floor":11,"key":"Toy Ornithopter"}],"event_choices":[{"damage_healed":0,"gold_gain":0,"player_choice":"Take Wound","damage_taken":0,"relics_obtained":["Golden Idol"],"max_hp_gain":0,"max_hp_loss":0,"event_name":"Golden Idol","floor":2,"gold_loss":0,"cards_obtained":["Injury"]},{"damage_healed":0,"gold_gain":0,"cards_transformed":["Defend_P"],"player_choice":"Change","damage_taken":0,"max_hp_gain":0,"max_hp_loss":0,"event_name":"Living Wall","floor":5,"gold_loss":0,"cards_obtained":["Perseverance"]},{"damage_healed":24,"gold_gain":0,"player_choice":"Banana","damage_taken":0,"max_hp_gain":0,"max_hp_loss":0,"event_name":"Big Fish","floor":12,"gold_loss":0},{"damage_healed":0,"gold_gain":0,"player_choice":"Searched \u00272\u0027 times","damage_taken":0,"relics_obtained":["Bag of Preparation"],"max_hp_gain":0,"max_hp_loss":0,"event_name":"Dead Adventurer","floor":13,"gold_loss":0},{"damage_healed":0,"gold_gain":0,"cards_transformed":["Strike_P"],"player_choice":"Transformed","damage_taken":0,"max_hp_gain":0,"max_hp_loss":0,"event_name":"Transmorgrifier","floor":20,"gold_loss":0,"cards_obtained":["ConjureBlade"]}],"is_beta":false,"boss_relics":[{"not_picked":["Fusion Hammer","Empty Cage"],"picked":"Philosopher\u0027s Stone"}],"items_purged_floors":[],"is_endless":false,"potions_floor_spawned":[4,8,11,19],"killed_by":"Snake Plant","ascension_level":4}}