{"host":"kh6fvhxn285ncg0o","time":1613051944,"event":{"mods":["Act Like it!","BaseMod","Colored Map","Friendly Minions","Keyboard Shortcuts","Minty Spire (QoL Compilation)","Quick Restart","Relic Stats","StSLib","SuperFastMode","UnlockEverythingMod"],"gold_per_floor":[111,111,111,36,111,150,150,188,188,201,201,220,220,233,233,233,233],"floor_reached":16,"language":"KOR","playtime":250,"items_purged":["Strike_R"],"score":316,"play_id":"bd0f635c-dab5-4edc-be93-4fc3bb3744c1","local_time":"20210211225904","is_ascension_mode":true,"campfire_choices":[{"data":"Bash","floor":7.0,"key":"SMITH"},{"data":"Rage","floor":15,"key":"SMITH"}],"circlet_count":0,"master_deck":["AscendersBane","Strike_R","Strike_R","Defend_R+1","Defend_R","Defend_R","Defend_R","Bash+1","Rage+1","Evolve","Feed","Pommel Strike+1","Warcry"],"relics":["Burning Blood","NeowsBlessing","Golden Idol","Paper Frog","Dead Branch"],"acts_visited":["Exordium"],"potions_floor_usage":[],"damage_taken":[{"damage":0.0,"enemies":"Small Slimes","floor":1.0,"turns":1.0},{"damage":0.0,"enemies":"Gremlin Nob","floor":6.0,"turns":1.0},{"damage":0.0,"enemies":"Lagavulin","floor":8.0,"turns":1.0},{"damage":3.0,"enemies":"Jaw Worm","floor":10.0,"turns":4.0},{"damage":0.0,"enemies":"2 Louse","floor":12.0,"turns":2.0},{"damage":23.0,"enemies":"Exordium Thugs","floor":14.0,"turns":4.0},{"damage":27,"enemies":"Hexaghost","floor":16,"turns":8}],"seed_played":"-604041019681830689","potions_obtained":[{"floor":6.0,"key":"SneckoOil"},{"floor":12.0,"key":"Fire Potion"}],"is_trial":false,"path_per_floor":["M","?","?","$","?","E","R","E","T","M","?","M","?","M","R","B"],"character_chosen":"IRONCLAD","items_purchased":[],"campfire_rested":0,"item_purchase_floors":[],"current_hp_per_floor":[74,74,48,48,37,43,43,49,49,55,48,57,33,19,19,0,0],"gold":233,"neow_bonus":"THREE_ENEMY_KILL","is_daily":false,"chose_seed":false,"campfire_upgraded":2,"win_rate":0.0,"timestamp":1613051944,"path_taken":["M","?","?","$","?","E","R","E","T","?","?","M","?","M","R","BOSS"],"items_purchased_type":[],"build_version":"2020-12-22","purchased_purges":1,"victory":false,"max_hp_per_floor":[75,75,75,75,75,75,75,75,75,78,78,81,81,84,84,84,84],"relic_stats":{"counters":[7,21],"Golden Idol":26,"Dead Branch":[12],"obtain_stats":[{"NeowsBlessing":0,"Golden Idol":3,"Dead Branch":8,"Burning Blood":0,"Paper Frog":6},{"NeowsBlessing":0,"Golden Idol":1,"Dead Branch":3,"Burning Blood":0,"Paper Frog":2},{"NeowsBlessing":0,"Golden Idol":1,"Dead Branch":3,"Burning Blood":0,"Paper Frog":2}],"Burning Blood":36},"card_choices":[{"not_picked":["Clash","Anger"],"picked":"Rage","floor":1.0},{"not_picked":["Dark Embrace","Combust"],"picked":"Evolve","floor":6.0},{"not_picked":["Iron Wave","Combust"],"picked":"Feed","floor":8.0},{"not_picked":["Clothesline","Cleave"],"picked":"Pommel Strike","floor":12.0},{"not_picked":["Wild Strike","Twin Strike"],"picked":"Warcry","floor":14.0}],"player_experience":1368639,"relics_obtained":[{"floor":6.0,"key":"Paper Frog"},{"floor":8.0,"key":"Dead Branch"}],"event_choices":[{"cards_removed":["Strike_R"],"damage_healed":0.0,"max_hp_gain":0.0,"max_hp_loss":0.0,"gold_gain":0.0,"event_name":"Living Wall","player_choice":"Forget","floor":2.0,"gold_loss":0.0,"damage_taken":0.0},{"damage_healed":0.0,"max_hp_gain":0.0,"max_hp_loss":0.0,"gold_gain":0.0,"event_name":"Golden Idol","player_choice":"Take Damage","floor":3.0,"gold_loss":0.0,"damage_taken":26.0,"relics_obtained":["Golden Idol"]},{"damage_healed":0.0,"max_hp_gain":0.0,"max_hp_loss":0.0,"gold_gain":75.0,"event_name":"World of Goop","player_choice":"Gather Gold","floor":5.0,"gold_loss":0.0,"damage_taken":11.0},{"cards_removed":["Strike_R"],"damage_healed":0.0,"max_hp_gain":0.0,"max_hp_loss":0.0,"gold_gain":0.0,"event_name":"Golden Wing","player_choice":"Card Removal","floor":11.0,"gold_loss":0.0,"damage_taken":7.0},{"damage_healed":0.0,"max_hp_gain":0.0,"max_hp_loss":0.0,"gold_gain":0.0,"event_name":"Shining Light","player_choice":"Entered Light","floor":13.0,"gold_loss":0.0,"damage_taken":24.0,"cards_upgraded":["Defend_R","Pommel Strike"]}],"is_beta":false,"boss_relics":[],"items_purged_floors":[4],"is_endless":false,"potions_floor_spawned":[6,12],"killed_by":"Hexaghost","ascension_level":20}}