{"host":"zsnmfqgcm92hlreo","time":1613017473,"event":{"mods":["AchievementEnabler","BaseMod","Bestiary","Block Reminder","Colored Map","Colored Powertips","Filter the Spire","Minty Spire (QoL Compilation)","Permanent Neow","Quick Restart","Relic Stats","StSLib","Weighted Paths"],"gold_per_floor":[110,124,224,238,254,288,288,318,365,375,406,425,452,452,452,526,526,541,551,153,173,173,206,206,240,240,240,268,268,283,316,316,393,393,408,329,375,375,387,422,422,422,449,460,491,491,518,528,528,528,528,528],"floor_reached":51,"language":"ENG","playtime":1947,"items_purged":["Strike_R","Whirlwind"],"score":1711,"play_id":"87445224-eaf9-433e-91c3-adb33c84eb1a","local_time":"20210210222433","is_ascension_mode":true,"campfire_choices":[{"floor":7.0,"key":"REST"},{"floor":15.0,"key":"REST"},{"floor":24.0,"key":"REST"},{"data":"Inflame","floor":27.0,"key":"SMITH"},{"floor":32.0,"key":"REST"},{"floor":41.0,"key":"REST"},{"floor":46,"key":"REST"},{"floor":49,"key":"RECALL"}],"circlet_count":0,"master_deck":["AscendersBane","Defend_R+1","Defend_R+1","Defend_R+1","Defend_R+1","Bash","Shockwave","Clothesline","Carnage","Perfected Strike","Metallicize","Heavy Blade","Whirlwind+1","Juggernaut","Double Tap+1","Feel No Pain+1","Inflame+1","Sever Soul+1","Brutality","Spot Weakness","Rupture","True Grit+1","Fiend Fire+1","Heavy Blade+1","Pommel Strike+1","Fire Breathing","Heavy Blade+1","Perfected Strike+1","Offering","Heavy Blade+1","Perfected Strike+1","Disarm+1","Disarm+1"],"relics":["Snecko Eye","Mummified Hand","Matryoshka","Lantern","Smiling Mask","Darkstone Periapt","Molten Egg 2","Ornamental Fan","Astrolabe","Meat on the Bone","TungstenRod","Prayer Wheel","Nunchaku","InkBottle","The Courier","Paper Frog","Fusion Hammer","Pocketwatch","Red Skull","Self Forming Clay","Orichalcum"],"acts_visited":["Exordium","TheCity","TheBeyond"],"potions_floor_usage":[50,50],"damage_taken":[{"damage":7.0,"enemies":"Jaw Worm","floor":1.0,"turns":2.0},{"damage":0.0,"enemies":"Cultist","floor":2.0,"turns":3.0},{"damage":0.0,"enemies":"Small Slimes","floor":4.0,"turns":2.0},{"damage":3.0,"enemies":"Blue Slaver","floor":5.0,"turns":2.0},{"damage":6.0,"enemies":"Gremlin Nob","floor":6.0,"turns":3.0},{"damage":17.0,"enemies":"3 Sentries","floor":8.0,"turns":4.0},{"damage":1.0,"enemies":"Looter","floor":10.0,"turns":2.0},{"damage":0.0,"enemies":"Gremlin Nob","floor":11.0,"turns":2.0},{"damage":4.0,"enemies":"Exordium Thugs","floor":12.0,"turns":3.0},{"damage":17.0,"enemies":"Lagavulin","floor":13.0,"turns":4.0},{"damage":18.0,"enemies":"Hexaghost","floor":16.0,"turns":8.0},{"damage":10.0,"enemies":"2 Thieves","floor":18.0,"turns":2.0},{"damage":0.0,"enemies":"3 Byrds","floor":19.0,"turns":3.0},{"damage":7.0,"enemies":"Snake Plant","floor":21.0,"turns":3.0},{"damage":28.0,"enemies":"Gremlin Leader","floor":23.0,"turns":4.0},{"damage":13.0,"enemies":"Book of Stabbing","floor":25.0,"turns":3.0},{"damage":9.0,"enemies":"Gremlin Leader","floor":28.0,"turns":4.0},{"damage":4.0,"enemies":"Shelled Parasite and Fungi","floor":30.0,"turns":3.0},{"damage":15.0,"enemies":"Book of Stabbing","floor":31.0,"turns":2.0},{"damage":15.0,"enemies":"Collector","floor":33.0,"turns":5.0},{"damage":0.0,"enemies":"Orb Walker","floor":35.0,"turns":3.0},{"damage":0.0,"enemies":"2 Orb Walkers","floor":37.0,"turns":3.0},{"damage":13.0,"enemies":"3 Darklings","floor":39.0,"turns":3.0},{"damage":4.0,"enemies":"Giant Head","floor":40.0,"turns":4.0},{"damage":0.0,"enemies":"Spire Growth","floor":44.0,"turns":2.0},{"damage":29,"enemies":"Nemesis","floor":45,"turns":3},{"damage":28,"enemies":"Reptomancer","floor":47,"turns":3},{"damage":5,"enemies":"Sphere and 2 Shapes","floor":48,"turns":2},{"damage":29,"enemies":"Donu and Deca","floor":50,"turns":5},{"damage":42,"enemies":"Awakened One","floor":51,"turns":5}],"seed_played":"-8855809756961111102","potions_obtained":[{"floor":2.0,"key":"SpeedPotion"},{"floor":4.0,"key":"SpeedPotion"},{"floor":12.0,"key":"Strength Potion"},{"floor":16.0,"key":"LiquidBronze"},{"floor":23.0,"key":"EssenceOfSteel"},{"floor":28.0,"key":"SkillPotion"},{"floor":31.0,"key":"FearPotion"},{"floor":33.0,"key":"BloodPotion"}],"is_trial":false,"path_per_floor":["M","M","?","M","M","E","R","E","T","M","E","M","E","?","R","B",null,"M","M","$","M","?","E","R","E","T","R","E","?","M","E","R","B",null,"M","$","?","?","M","E","R","?","T","M","E","R","E","M","R","B","B"],"character_chosen":"IRONCLAD","items_purchased":["Inflame","Meat on the Bone","Fire Breathing"],"campfire_rested":6,"item_purchase_floors":[20,20,36],"current_hp_per_floor":[61,61,61,61,58,52,74,57,57,56,56,52,35,30,52,34,65,55,55,55,48,48,32,54,41,41,41,44,44,40,37,59,44,67,67,67,67,67,54,50,72,72,72,72,43,65,49,44,44,42,0,0],"gold":528,"neow_bonus":"BOSS_RELIC","is_daily":false,"chose_seed":false,"campfire_upgraded":1,"win_rate":0.0,"timestamp":1613017473,"path_taken":["M","M","?","M","?","E","R","E","T","M","E","M","E","?","R","BOSS","M","M","$","M","?","E","R","E","T","R","E","?","M","E","R","BOSS","M","$","?","?","M","E","R","?","T","M","E","R","E","M","R","BOSS","BOSS"],"items_purchased_type":["Card","Relic","Card"],"build_version":"2020-12-22","purchased_purges":2,"victory":false,"max_hp_per_floor":[75,75,75,75,75,75,75,75,75,75,75,75,75,75,75,75,75,75,75,75,75,75,75,75,75,75,75,75,75,75,75,75,75,75,75,75,75,75,75,75,75,75,75,75,75,75,75,75,75,75,75,75],"relic_stats":{"Darkstone Periapt":0,"counters":[30,97],"Self Forming Clay":[39],"Astrolabe":["Double Tap","Reckless Charge","Feel No Pain"],"Orichalcum":[18],"Smiling Mask":55,"Nunchaku":[13],"Mummified Hand":[178],"Ornamental Fan":[140],"Snecko Eye":[196,161,167,139],"Prayer Wheel":5,"obtain_stats":[{"Darkstone Periapt":11,"Lantern":9,"Self Forming Clay":45,"Astrolabe":17,"The Courier":28,"Orichalcum":47,"Smiling Mask":9,"Burning Blood":0,"Nunchaku":26,"Matryoshka":8,"Mummified Hand":6,"Ornamental Fan":14,"Snecko Eye":0,"Molten Egg 2":13,"Prayer Wheel":25,"Fusion Hammer":34,"TungstenRod":23,"InkBottle":26,"Red Skull":40,"Meat on the Bone":20,"Paper Frog":31,"Pocketwatch":37},{"Darkstone Periapt":8,"Lantern":6,"Self Forming Clay":26,"Astrolabe":11,"The Courier":17,"Orichalcum":27,"Smiling Mask":6,"Burning Blood":0,"Nunchaku":16,"Matryoshka":6,"Mummified Hand":5,"Ornamental Fan":10,"Snecko Eye":0,"Molten Egg 2":10,"Prayer Wheel":16,"Fusion Hammer":20,"TungstenRod":15,"InkBottle":16,"Red Skull":24,"Meat on the Bone":13,"Paper Frog":19,"Pocketwatch":22},{"Darkstone Periapt":20,"Lantern":16,"Self Forming Clay":82,"Astrolabe":35,"The Courier":54,"Orichalcum":85,"Smiling Mask":16,"Burning Blood":0,"Nunchaku":50,"Matryoshka":16,"Mummified Hand":12,"Ornamental Fan":27,"Snecko Eye":0,"Molten Egg 2":27,"Prayer Wheel":50,"Fusion Hammer":64,"TungstenRod":47,"InkBottle":50,"Red Skull":77,"Meat on the Bone":40,"Paper Frog":59,"Pocketwatch":70}],"TungstenRod":43,"InkBottle":[24],"Meat on the Bone":60,"Pocketwatch":[3]},"card_choices":[{"not_picked":["Cleave","Body Slam"],"picked":"Shockwave","floor":1.0},{"not_picked":["Body Slam","Armaments"],"picked":"Clothesline","floor":2.0},{"not_picked":["Flex","Thunderclap"],"picked":"Carnage","floor":4.0},{"not_picked":["Rampage","Power Through"],"picked":"Perfected Strike","floor":5.0},{"not_picked":["Infernal Blade","Power Through"],"picked":"Metallicize","floor":6.0},{"not_picked":["Evolve","Second Wind"],"picked":"Whirlwind","floor":8.0},{"not_picked":["Armaments","Burning Pact","Clash"],"picked":"SKIP","floor":10.0},{"not_picked":["Fiend Fire","Rampage"],"picked":"Heavy Blade","floor":11.0},{"not_picked":["Havoc","Thunderclap","Headbutt"],"picked":"SKIP","floor":12.0},{"not_picked":["Evolve","Iron Wave+1"],"picked":"Whirlwind+1","floor":13.0},{"not_picked":["Double Tap","Brutality"],"picked":"Juggernaut","floor":16.0},{"not_picked":["Sentinel","Cleave+1","Warcry+1"],"picked":"SKIP","floor":18.0},{"not_picked":["Anger+1","True Grit","Body Slam+1"],"picked":"SKIP","floor":19.0},{"not_picked":["Clash+1","Reckless Charge+1","Wild Strike+1"],"picked":"SKIP","floor":21.0},{"not_picked":["Rampage+1","Havoc","Headbutt+1"],"picked":"SKIP","floor":23.0},{"not_picked":["Entrench","Sentinel"],"picked":"Sever Soul+1","floor":25.0},{"not_picked":["Armaments","Warcry"],"picked":"Brutality","floor":28.0},{"not_picked":["Anger+1","Rage"],"picked":"Spot Weakness","floor":30.0},{"not_picked":["Reckless Charge+1","Feel No Pain"],"picked":"Rupture","floor":30.0},{"not_picked":["Battle Trance","Thunderclap+1"],"picked":"True Grit+1","floor":31.0},{"not_picked":["Juggernaut","Feed+1"],"picked":"Fiend Fire+1","floor":33.0},{"not_picked":["True Grit+1","Infernal Blade"],"picked":"Heavy Blade+1","floor":35.0},{"not_picked":["Havoc","Shrug It Off"],"picked":"Pommel Strike+1","floor":35.0},{"not_picked":["Searing Blow+1","Dual Wield"],"picked":"Heavy Blade+1","floor":39.0},{"not_picked":["Disarm","Searing Blow+1"],"picked":"Perfected Strike+1","floor":39.0},{"not_picked":["Cleave+1","Anger+1","Flex"],"picked":"SKIP","floor":40.0},{"not_picked":["Intimidate+1","Iron Wave+1"],"picked":"Offering","floor":44.0},{"not_picked":["Rage","Sever Soul+1","Rampage+1"],"picked":"SKIP","floor":44.0},{"not_picked":["Pommel Strike+1","Wild Strike+1"],"picked":"Heavy Blade+1","floor":45},{"not_picked":["Headbutt+1","Armaments+1"],"picked":"Perfected Strike+1","floor":47},{"not_picked":["Iron Wave+1","Infernal Blade"],"picked":"Disarm+1","floor":48},{"not_picked":["Fire Breathing","Clothesline+1"],"picked":"Disarm+1","floor":48}],"player_experience":1082128,"relics_obtained":[{"floor":6.0,"key":"Mummified Hand"},{"floor":8.0,"key":"Matryoshka"},{"floor":9.0,"key":"Lantern"},{"floor":9.0,"key":"Smiling Mask"},{"floor":11.0,"key":"Darkstone Periapt"},{"floor":13.0,"key":"Molten Egg 2"},{"floor":23.0,"key":"TungstenRod"},{"floor":25.0,"key":"Prayer Wheel"},{"floor":26.0,"key":"Nunchaku"},{"floor":26.0,"key":"InkBottle"},{"floor":28.0,"key":"The Courier"},{"floor":31.0,"key":"Paper Frog"},{"floor":37.0,"key":"Pocketwatch"},{"floor":40.0,"key":"Red Skull"},{"floor":45,"key":"Self Forming Clay"},{"floor":47,"key":"Orichalcum"}],"event_choices":[{"damage_healed":0.0,"max_hp_gain":0.0,"max_hp_loss":0.0,"gold_gain":100.0,"event_name":"Wheel of Change","player_choice":"Gold","floor":3.0,"gold_loss":0.0,"damage_taken":0.0},{"damage_healed":0.0,"max_hp_gain":0.0,"max_hp_loss":0.0,"gold_gain":0.0,"event_name":"Scrap Ooze","player_choice":"Success","floor":14.0,"gold_loss":0.0,"damage_taken":5.0,"relics_obtained":["Ornamental Fan"]},{"damage_healed":0.0,"max_hp_gain":0.0,"max_hp_loss":0.0,"gold_gain":0.0,"event_name":"Back to Basics","player_choice":"Simplicity","floor":22.0,"gold_loss":0.0,"damage_taken":0.0,"cards_upgraded":["Strike_R","Defend_R","Defend_R","Defend_R","Defend_R"]},{"damage_healed":0.0,"max_hp_gain":0.0,"max_hp_loss":0.0,"gold_gain":0.0,"event_name":"Beggar","player_choice":"Ignored","floor":29.0,"gold_loss":0.0,"damage_taken":0.0},{"damage_healed":0.0,"max_hp_gain":0.0,"max_hp_loss":0.0,"gold_gain":0.0,"event_name":"Mysterious Sphere","player_choice":"Fight","floor":37.0,"gold_loss":0.0,"damage_taken":0.0},{"cards_removed":["Reckless Charge"],"damage_healed":0.0,"max_hp_gain":0.0,"max_hp_loss":0.0,"gold_gain":0.0,"event_name":"Falling","player_choice":"Removed Attack","floor":38.0,"gold_loss":0.0,"damage_taken":0.0},{"cards_removed":["Strike_R"],"damage_healed":0.0,"max_hp_gain":0.0,"max_hp_loss":0.0,"gold_gain":0.0,"event_name":"Purifier","player_choice":"Purged","floor":42.0,"gold_loss":0.0,"damage_taken":0.0}],"is_beta":false,"boss_relics":[{"not_picked":["Runic Cube","Busted Crown"],"picked":"Astrolabe"},{"not_picked":["Velvet Choker","Tiny House"],"picked":"Fusion Hammer"}],"items_purged_floors":[20,36],"is_endless":false,"potions_floor_spawned":[2,4,12,16,18,23,28,31,33,35,40,44,47],"killed_by":"Awakened One","ascension_level":20}}