{"host":"1izdfj84a6wseks8","time":1613065350,"event":{"mods":["2.2 Compatiblity","ATMod(阿瑾Mod)","AchievementEnabler","Act Like it!","Arknights","BaseMod","Better Vampires","Challenge The Spire","Colored Map","Colored Powertips","Curses Come First","Energized Spire","Gensokyo","Good Game Mod","Highlight Path","KinomotoSakuraMod(木之本樱)","Koishi","KomeijiMod","LagranYue(拉格朗・月)","Lobotomy","LobotomyExtend","Luminous","Marisa（F雨　魔理沙）","Minty Spire (QoL Compilation)","Potion Indicator Mod","Rare Cards Sparkle","Reimu（博丽灵梦）","Relic Filter Mod","Relic Stats","Reliquary","Remilia（蕾米莉亚）","Shop Mod","Slay the Relics Exporter","StSLib","TestMod","The Administrix","The Alterego","The Animator","The Bug Knight","The Servant 0.9.4","Waifu the Spire","WarShipGirlsR/战舰少女R mod","Warlord Emblem","Yakumo Yukari mod","Youmu（魂魄妖梦）","Yuyuko","【功能Mod】混沌之环修复补丁","篝火指南"],"gold_per_floor":[218,234,248,248,108,141,40,40,64,64,82,82,98,112,112,112,112],"floor_reached":16,"language":"ZHS","playtime":4352,"items_purged":["rmod:defend"],"score":127,"play_id":"c478b70f-4b65-400c-9ff4-708143701ff0","local_time":"20210212014230","is_ascension_mode":false,"campfire_choices":[{"data":"AT_KingSlayer","floor":8,"key":"SMITH"},{"data":"rmod:slowdown","floor":10,"key":"SMITH"},{"data":"rmod:sl","floor":15,"key":"SMITH"}],"circlet_count":0,"master_deck":["rmod:strick","rmod:strick","rmod:strick","rmod:strick","rmod:defend","rmod:defend","rmod:defend","rmod:basicallowance+1","rmod:maingunfire","AT_KingSlayer+1","testmod-VirtualReality","rmod:slowdown+1","rmod:advancebysurprise","rmod:wolves","rmod:punchline","rmod:combined","rmod:goodsister","rmod:tearstotiara","rmod:sl+1"],"relics":["rmod:firstchargereward","AT_ATBox","REME:ComplimentaryCards","testmod-TestBox","testmod-CasingShield","LagranYue:RandomDrawCardRelic","LetterFromLob","Mango","AT_Kusabimaru","Mastiff:ReiMu"],"acts_visited":["Gensokyo:Gensokyo"],"potions_floor_usage":[16],"damage_taken":[{"damage":0,"enemies":"Gensokyo:3_Fairies","floor":1,"turns":4},{"damage":0,"enemies":"Gensokyo:Gryphon","floor":2,"turns":3},{"damage":4,"enemies":"Gensokyo:Python","floor":3,"turns":3},{"damage":0,"enemies":"Gensokyo:Cirno","floor":6,"turns":7},{"damage":7,"enemies":"Gensokyo:2_Rabbits","floor":11,"turns":2},{"damage":0,"enemies":"Gensokyo:Python_and_Kodama","floor":13,"turns":2},{"damage":11,"enemies":"Gensokyo:Gryphon_and_Rabbit","floor":14,"turns":4},{"damage":55,"enemies":"Gensokyo:Kokoro","floor":16,"turns":13}],"seed_played":"1712111191539745535","potions_obtained":[{"floor":2,"key":"Block Potion"},{"floor":3,"key":"Dexterity Potion"},{"floor":13,"key":"Ancient Potion"}],"is_trial":false,"path_per_floor":["M","M","M","?","?","E","$","R","T","R","M","?","M","M","R","B"],"character_chosen":"PRAEFECT","items_purchased":["rmod:combined"],"campfire_rested":0,"item_purchase_floors":[7],"current_hp_per_floor":[75,75,71,64,64,64,64,64,64,64,57,57,57,46,46,0,0],"gold":112,"neow_bonus":"HUNDRED_GOLD","is_daily":false,"chose_seed":false,"campfire_upgraded":3,"win_rate":0.0,"timestamp":1613065350,"path_taken":["M","M","M","?","?","E","$","R","T","R","M","?","M","M","R","BOSS"],"items_purchased_type":["Card"],"build_version":"2020-12-22","purchased_purges":1,"victory":false,"max_hp_per_floor":[75,75,75,89,89,89,89,89,89,89,89,89,89,89,89,89,89],"relic_stats":{"counters":[8,38],"obtain_stats":[{"REME:ComplimentaryCards":0,"AT_ATBox":0,"testmod-TestBox":0,"AT_Kusabimaru":5,"LagranYue:RandomDrawCardRelic":0,"Mastiff:ReiMu":6,"Mango":4,"rmod:firstchargereward":0,"LetterFromLob":1,"testmod-CasingShield":0},{"REME:ComplimentaryCards":0,"AT_ATBox":0,"testmod-TestBox":0,"AT_Kusabimaru":3,"LagranYue:RandomDrawCardRelic":0,"Mastiff:ReiMu":4,"Mango":3,"rmod:firstchargereward":0,"LetterFromLob":1,"testmod-CasingShield":0},{"REME:ComplimentaryCards":0,"AT_ATBox":0,"testmod-TestBox":0,"AT_Kusabimaru":10,"LagranYue:RandomDrawCardRelic":0,"Mastiff:ReiMu":17,"Mango":10,"rmod:firstchargereward":0,"LetterFromLob":4,"testmod-CasingShield":0}]},"card_choices":[{"not_picked":["rmod:intelligenceanalysis","rmod:unsinkable"],"picked":"rmod:slowdown","floor":1},{"not_picked":["rmod:combined","rmod:aluminumsupply"],"picked":"rmod:advancebysurprise","floor":2},{"not_picked":["rmod:heivgo","rmod:unsinkable"],"picked":"rmod:wolves","floor":3},{"not_picked":["rmod:secretscript","rmod:intelligenceanalysis"],"picked":"rmod:punchline","floor":6},{"not_picked":["rmod:intelligenceanalysis","rmod:unsinkable"],"picked":"rmod:goodsister","floor":11},{"not_picked":["rmod:intelligenceanalysis","rmod:supportescort"],"picked":"rmod:tearstotiara","floor":13},{"not_picked":["rmod:aluminumsupply","rmod:fuelsupply"],"picked":"rmod:sl","floor":14}],"player_experience":48841,"relics_obtained":[{"floor":1,"key":"LetterFromLob"},{"floor":6,"key":"Mastiff:ReiMu"}],"event_choices":[],"is_beta":false,"boss_relics":[],"items_purged_floors":[7],"is_endless":false,"potions_floor_spawned":[2,3,13,14],"killed_by":"Gensokyo:Kokoro","ascension_level":0}}