{"host":"znvnxllcillb3rtw","time":1613078527,"event":{"mods":["BaseMod","DeckTracker","Minty Spire (QoL Compilation)","Relic Stats","StSLib","SuperFastMode","everything is the same but u backflip on backflip"],"gold_per_floor":[113,132,132,150,170,170,170],"floor_reached":6,"language":"KOR","playtime":334,"items_purged":[],"score":76,"play_id":"e2cd0ced-86f7-4a8f-aed4-717f44fa4cf6","local_time":"20210212062207","is_ascension_mode":true,"campfire_choices":[],"circlet_count":0,"master_deck":["AscendersBane","Strike_G","Strike_G","Strike_G","Strike_G","Strike_G","Defend_G","Defend_G","Defend_G","Defend_G","Survivor","Neutralize","Reflex","Terror","Flechettes","Cloak And Dagger"],"relics":["Ring of the Snake","MealTicket"],"acts_visited":["Exordium"],"potions_floor_usage":[5,6],"damage_taken":[{"damage":7,"enemies":"Jaw Worm","floor":1,"turns":5},{"damage":8,"enemies":"Cultist","floor":2,"turns":4},{"damage":0,"enemies":"2 Louse","floor":4,"turns":4},{"damage":18,"enemies":"Gremlin Gang","floor":5,"turns":7},{"damage":35,"enemies":"Gremlin Nob","floor":6,"turns":4}],"seed_played":"7061682443274672733","potions_obtained":[{"floor":1,"key":"Weak Potion"},{"floor":4,"key":"FearPotion"}],"is_trial":false,"path_per_floor":["M","M","?","M","M","E"],"character_chosen":"THE_SILENT","items_purchased":[],"campfire_rested":0,"item_purchase_floors":[],"current_hp_per_floor":[52,44,44,44,26,0,0],"gold":170,"neow_bonus":"RANDOM_COMMON_RELIC","is_daily":false,"chose_seed":false,"campfire_upgraded":0,"win_rate":0.0,"timestamp":1613078527,"path_taken":["M","M","?","M","M","E"],"items_purchased_type":[],"build_version":"2020-12-22","purchased_purges":0,"victory":false,"max_hp_per_floor":[66,66,66,66,66,66,66],"relic_stats":{"counters":[5,24],"MealTicket":0,"obtain_stats":[{"MealTicket":0,"Ring of the Snake":0},{"MealTicket":0,"Ring of the Snake":0},{"MealTicket":0,"Ring of the Snake":0}],"Ring of the Snake":[10]},"card_choices":[{"not_picked":["PiercingWail","Dodge and Roll"],"picked":"Reflex","floor":1},{"not_picked":["Poisoned Stab","Cloak And Dagger"],"picked":"Terror","floor":2},{"not_picked":["PiercingWail","Bane"],"picked":"Flechettes","floor":4},{"not_picked":["Deflect","Leg Sweep"],"picked":"Cloak And Dagger","floor":5}],"player_experience":2895134,"relics_obtained":[],"event_choices":[{"cards_removed":["Defend_G"],"damage_healed":0,"gold_gain":0,"player_choice":"Purged","damage_taken":0,"max_hp_gain":0,"max_hp_loss":0,"event_name":"Purifier","floor":3,"gold_loss":0}],"is_beta":false,"boss_relics":[],"items_purged_floors":[],"is_endless":false,"potions_floor_spawned":[1,4],"killed_by":"Gremlin Nob","ascension_level":20}}