{"host":"dctolzh6htjtakpc","time":1613043424,"event":{"mods":["2.2 Compatiblity","AchievementEnabler","AlwaysNeverKeys","BaseMod","Block Reminder","DeckTracker","Defuse TimeMaze Blight","Minty Spire (QoL Compilation)","Permanent Neow","Quick Restart","StSLib","SuperFastMode"],"gold_per_floor":[118,130,130,130,146,146,71,71,150,150,4,33,52,52,52,156,156,96,96,96,96,96,96,96,96,96,96,96,96,96,96,96,96,96,96,96,96,96,0,0,0,0,0,0,0,0,0,0,0,0],"floor_reached":51,"language":"ENG","playtime":1758,"items_purged":["Strike_B","Defend_B"],"score":1175,"play_id":"4e33e2a9-9a59-4610-ae6d-a71a98d2de27","local_time":"20210211063704","is_ascension_mode":true,"campfire_choices":[{"data":"Reprogram","floor":6,"key":"SMITH"},{"data":"Reinforced Body","floor":8,"key":"SMITH"},{"data":"Defend_B","floor":10,"key":"SMITH"},{"data":"Conserve Battery","floor":15,"key":"SMITH"},{"data":"Echo Form","floor":23,"key":"SMITH"},{"data":"Melter","floor":32,"key":"SMITH"},{"data":"Leap","floor":40,"key":"SMITH"},{"data":"Leap","floor":44,"key":"SMITH"},{"floor":49,"key":"REST"}],"circlet_count":0,"master_deck":["AscendersBane","Strike_B+1","Strike_B+1","Strike_B+1","Defend_B+1","Defend_B+1","Defend_B+1","Reprogram+1","Melter+1","Reinforced Body+1","BootSequence","Leap+1","Leap+1","Conserve Battery+1","Echo Form+1","Sweeping Beam+1"],"relics":["Cracked Core","Symbiotic Virus","Cables","Emotion Chip","Ectoplasm","Frozen Egg 2","Meat on the Bone","Runic Pyramid","Red Mask","Juzu Bracelet","Regal Pillow","Calipers","Anchor"],"acts_visited":["Exordium","TheCity","TheBeyond"],"potions_floor_usage":[16,25,38,48,48],"damage_taken":[{"damage":5,"enemies":"Small Slimes","floor":1,"turns":4},{"damage":6,"enemies":"2 Louse","floor":2,"turns":4},{"damage":0,"enemies":"Cultist","floor":5,"turns":4},{"damage":3,"enemies":"Lagavulin","floor":12,"turns":8},{"damage":1,"enemies":"Looter","floor":13,"turns":3},{"damage":20,"enemies":"The Guardian","floor":16,"turns":16},{"damage":5,"enemies":"2 Thieves","floor":18,"turns":4},{"damage":15,"enemies":"Spheric Guardian","floor":20,"turns":4},{"damage":0,"enemies":"Snecko","floor":22,"turns":7},{"damage":15,"enemies":"Snake Plant","floor":24,"turns":5},{"damage":14,"enemies":"Book of Stabbing","floor":25,"turns":11},{"damage":18,"enemies":"Shelled Parasite and Fungi","floor":28,"turns":6},{"damage":0,"enemies":"Sentry and Sphere","floor":31,"turns":4},{"damage":6,"enemies":"Automaton","floor":33,"turns":10},{"damage":9,"enemies":"Orb Walker","floor":35,"turns":4},{"damage":10,"enemies":"3 Darklings","floor":36,"turns":5},{"damage":15,"enemies":"4 Shapes","floor":37,"turns":6},{"damage":8,"enemies":"Jaw Worm Horde","floor":38,"turns":6},{"damage":19,"enemies":"Giant Head","floor":41,"turns":10},{"damage":0,"enemies":"Mind Bloom Boss Battle","floor":46,"turns":9},{"damage":0,"enemies":"Nemesis","floor":47,"turns":9},{"damage":18,"enemies":"Transient","floor":48,"turns":5},{"damage":0,"enemies":"Time Eater","floor":50,"turns":14}],"seed_played":"3192824514302301340","potions_obtained":[{"floor":2,"key":"ColorlessPotion"},{"floor":12,"key":"Dexterity Potion"},{"floor":24,"key":"Dexterity Potion"},{"floor":25,"key":"SteroidPotion"},{"floor":28,"key":"LiquidMemories"},{"floor":38,"key":"AttackPotion"},{"floor":48,"key":"PowerPotion"}],"is_trial":false,"path_per_floor":["M","M","?","?","M","R","$","R","T","R","$","E","M","?","R","B",null,"M","$","M","?","M","R","M","E","T","?","M","?","$","M","R","B",null,"M","M","M","M","?","R","E","?","T","R","?","?","E","M","R","B",null],"character_chosen":"DEFECT","items_purchased":["Leap"],"campfire_rested":1,"item_purchase_floors":[11],"current_hp_per_floor":[68,62,29,15,22,22,22,22,22,22,22,26,32,32,32,19,56,51,51,43,43,57,57,49,42,42,30,31,31,31,43,43,37,64,55,45,42,46,46,46,39,39,39,39,39,39,39,33,69,69],"gold":0,"neow_bonus":"TRANSFORM_TWO_CARDS","is_daily":false,"chose_seed":false,"campfire_upgraded":8,"win_rate":0.0,"timestamp":1613043424,"path_taken":["M","M","?","?","M","R","$","R","T","R","$","E","M","?","R","BOSS","M","$","?","?","M","R","M","E","T","?","M","?","$","M","R","BOSS","M","M","?","M","?","R","E","?","T","R","?","?","E","M","R","BOSS"],"items_purchased_type":["Card"],"build_version":"2020-12-22","purchased_purges":2,"victory":true,"max_hp_per_floor":[68,68,68,68,68,68,68,68,68,68,68,68,68,68,68,68,68,68,68,68,68,68,68,68,68,68,73,73,73,73,73,73,73,73,73,73,73,73,73,73,73,73,73,73,73,73,73,73,73,73],"card_choices":[{"not_picked":["Beam Cell","Barrage"],"picked":"Melter","floor":1},{"not_picked":["Compile Driver","Redo"],"picked":"Reinforced Body","floor":2},{"not_picked":["Fusion","Rip and Tear"],"picked":"BootSequence","floor":5},{"not_picked":["Gash","Loop"],"picked":"Leap","floor":12},{"not_picked":["Aggregate","Hello World"],"picked":"Conserve Battery","floor":13},{"not_picked":["Hyperbeam","Buffer"],"picked":"Echo Form","floor":16},{"not_picked":["Double Energy","Stack+1","Hologram+1"],"picked":"SKIP","floor":18},{"not_picked":["Barrage+1","Blizzard+1"],"picked":"Sweeping Beam+1","floor":20},{"not_picked":["Redo","Compile Driver","Coolheaded"],"picked":"SKIP","floor":22},{"not_picked":["Rebound+1","Melter","Conserve Battery+1"],"picked":"SKIP","floor":24},{"not_picked":["Leap","Sunder+1","Echo Form+1"],"picked":"SKIP","floor":25},{"not_picked":["Rebound+1","Glacier+1","Genetic Algorithm+1"],"picked":"SKIP","floor":28},{"not_picked":["Coolheaded","Hello World+1"],"picked":"Ball Lightning","floor":31},{"not_picked":["Gash+1","Double Energy","Steam"],"picked":"SKIP","floor":35},{"not_picked":["Undo","Heatsinks+1","Double Energy"],"picked":"SKIP","floor":36},{"not_picked":["Gash","Go for the Eyes","Storm+1"],"picked":"SKIP","floor":37},{"not_picked":["Steam Power+1","Stack","Cold Snap+1"],"picked":"SKIP","floor":38},{"not_picked":["Leap","Steam+1","Meteor Strike"],"picked":"SKIP","floor":41},{"not_picked":["Cold Snap+1","Force Field+1","Thunder Strike"],"picked":"SKIP","floor":47},{"not_picked":["Lockon","Leap","Static Discharge+1"],"picked":"SKIP","floor":48}],"player_experience":517212,"relics_obtained":[{"floor":9,"key":"Cables"},{"floor":12,"key":"Emotion Chip"},{"floor":25,"key":"Frozen Egg 2"},{"floor":26,"key":"Meat on the Bone"},{"floor":41,"key":"Juzu Bracelet"},{"floor":43,"key":"Regal Pillow"},{"floor":46,"key":"Calipers"},{"floor":47,"key":"Anchor"}],"event_choices":[{"damage_healed":0,"gold_gain":0,"player_choice":"Success","damage_taken":33,"relics_obtained":["Symbiotic Virus"],"max_hp_gain":0,"max_hp_loss":0,"event_name":"Scrap Ooze","floor":3,"gold_loss":0},{"damage_healed":0,"gold_gain":0,"player_choice":"Entered Light","damage_taken":14,"max_hp_gain":0,"max_hp_loss":0,"event_name":"Shining Light","floor":4,"gold_loss":0,"cards_upgraded":["Defend_B","Strike_B"]},{"damage_healed":0,"gold_gain":0,"player_choice":"0 cards matched","damage_taken":0,"max_hp_gain":0,"max_hp_loss":0,"event_name":"Match and Keep!","floor":14,"gold_loss":0,"cards_obtained":[]},{"damage_healed":0,"gold_gain":0,"player_choice":"Simplicity","damage_taken":0,"max_hp_gain":0,"max_hp_loss":0,"event_name":"Back to Basics","floor":21,"gold_loss":0,"cards_upgraded":["Strike_B","Strike_B","Defend_B"]},{"damage_healed":0,"gold_gain":0,"player_choice":"Shed Blood","damage_taken":17,"max_hp_gain":5,"max_hp_loss":0,"event_name":"Forgotten Altar","floor":27,"gold_loss":0},{"cards_removed":["Self Repair"],"damage_healed":0,"gold_gain":0,"player_choice":"Purged","damage_taken":0,"max_hp_gain":0,"max_hp_loss":0,"event_name":"Purifier","floor":29,"gold_loss":0},{"damage_healed":0,"gold_gain":0,"player_choice":"Paid","damage_taken":0,"relics_obtained":["Red Mask"],"max_hp_gain":0,"max_hp_loss":0,"event_name":"Tomb of Lord Red Mask","floor":39,"gold_loss":96},{"damage_healed":0,"gold_gain":0,"player_choice":"Got Potions","damage_taken":0,"max_hp_gain":0,"max_hp_loss":0,"event_name":"Lab","floor":42,"gold_loss":0},{"damage_healed":0,"gold_gain":100,"player_choice":"Pray","damage_taken":0,"max_hp_gain":0,"max_hp_loss":0,"event_name":"Golden Shrine","floor":45,"gold_loss":0},{"damage_healed":0,"gold_gain":0,"player_choice":"Fight","damage_taken":0,"max_hp_gain":0,"max_hp_loss":0,"event_name":"MindBloom","floor":46,"gold_loss":0}],"is_beta":false,"boss_relics":[{"not_picked":["Astrolabe","Runic Dome"],"picked":"Ectoplasm"},{"not_picked":["Cursed Key","Calling Bell"],"picked":"Runic Pyramid"}],"items_purged_floors":[7,11],"is_endless":false,"potions_floor_spawned":[2,12,24,25,28,33,37,38,41,47,48],"ascension_level":10}}