{"host":"vz6qv7tthcp8jtis","time":1613073990,"event":{"mods":["BaseMod","Block Reminder","Colored Map","Highlight Path","Keyboard Shortcuts","Minty Spire (QoL Compilation)","Relic Stats"],"gold_per_floor":[119,133,233,250,265,265,290,300,300,314,344,344,378,388,388,488,488,502,472,460,471,483,518,259,274,321,367,379,407,419,450,462,572,584,606,634,661,693,723,772,804,836,857,906,918,959,550,569,569,569,569],"floor_reached":50,"language":"ENG","playtime":4297,"items_purged":["Strike_R"],"score":739,"play_id":"6d7fb2b4-1bf7-455b-af9f-b99b631d5912","local_time":"20210211210630","is_ascension_mode":true,"campfire_choices":[{"data":"Havoc","floor":6,"key":"SMITH"},{"data":"Uppercut","floor":12,"key":"SMITH"},{"data":"Bash","floor":15,"key":"SMITH"},{"data":"Feel No Pain","floor":28,"key":"SMITH"},{"data":"Demon Form","floor":32,"key":"SMITH"},{"floor":49,"key":"RECALL"}],"circlet_count":0,"master_deck":["Strike_R","Strike_R","Strike_R","Strike_R","Defend_R","Defend_R","Defend_R","Defend_R","Bash+1","Feel No Pain+1","Ghostly Armor","Havoc+1","Fire Breathing","Uppercut+1","Wild Strike","True Grit+1","Feel No Pain+1","Warcry+1","Demon Form+1","Second Wind+1","True Grit+1","Dropkick","Pommel Strike+1","True Grit+1","Bandage Up+1","Intimidate+1","Reaper","True Grit+1","Pummel+1","Double Tap+1","Dark Embrace+1","Burning Pact+1","Parasite","Sentinel+1","Warcry+1","Parasite","Seeing Red+1","Armaments+1","Panache","Headbutt+1"],"relics":["Burning Blood","Anchor","Toxic Egg 2","Letter Opener","Coffee Dripper","Sundial","MawBank","Lantern","Cursed Key","CeramicFish","Ice Cream","White Beast Statue","Unceasing Top","HandDrill"],"acts_visited":["Exordium","TheCity","TheBeyond"],"potions_floor_usage":[7,7,11,13,20,23,33,33,37,40,48,48],"damage_taken":[{"damage":1,"enemies":"Cultist","floor":1,"turns":3},{"damage":7,"enemies":"2 Louse","floor":2,"turns":3},{"damage":8,"enemies":"Jaw Worm","floor":4,"turns":4},{"damage":16,"enemies":"3 Louse","floor":5,"turns":5},{"damage":25,"enemies":"Lagavulin","floor":7,"turns":8},{"damage":9,"enemies":"Blue Slaver","floor":8,"turns":6},{"damage":1,"enemies":"Red Slaver","floor":10,"turns":4},{"damage":14,"enemies":"Gremlin Nob","floor":11,"turns":3},{"damage":8,"enemies":"Lagavulin","floor":13,"turns":8},{"damage":5,"enemies":"Gremlin Gang","floor":14,"turns":6},{"damage":41,"enemies":"The Guardian","floor":16,"turns":16},{"damage":2,"enemies":"Chosen","floor":18,"turns":5},{"damage":15,"enemies":"2 Thieves","floor":20,"turns":4},{"damage":16,"enemies":"Shelled Parasite and Fungi","floor":21,"turns":8},{"damage":17,"enemies":"Snecko","floor":22,"turns":6},{"damage":49,"enemies":"Slavers","floor":23,"turns":9},{"damage":15,"enemies":"Cultist and Chosen","floor":25,"turns":7},{"damage":24,"enemies":"Book of Stabbing","floor":27,"turns":8},{"damage":8,"enemies":"Snake Plant","floor":29,"turns":7},{"damage":3,"enemies":"3 Cultists","floor":31,"turns":7},{"damage":26,"enemies":"Automaton","floor":33,"turns":13},{"damage":65,"enemies":"3 Darklings","floor":35,"turns":7},{"damage":12,"enemies":"3 Shapes","floor":36,"turns":5},{"damage":37,"enemies":"Writhing Mass","floor":37,"turns":9},{"damage":8,"enemies":"Transient","floor":38,"turns":5},{"damage":19,"enemies":"4 Shapes","floor":39,"turns":5},{"damage":42,"enemies":"Reptomancer","floor":40,"turns":8},{"damage":12,"enemies":"Spire Growth","floor":41,"turns":6},{"damage":41,"enemies":"Transient","floor":42,"turns":5},{"damage":6,"enemies":"Nemesis","floor":44,"turns":7},{"damage":29,"enemies":"Giant Head","floor":46,"turns":7},{"damage":25,"enemies":"3 Darklings","floor":48,"turns":4},{"damage":25,"enemies":"Time Eater","floor":50,"turns":5}],"seed_played":"-4953389549547761697","potions_obtained":[{"floor":2,"key":"FearPotion"},{"floor":4,"key":"Swift Potion"},{"floor":10,"key":"Fire Potion"},{"floor":11,"key":"Swift Potion"},{"floor":13,"key":"FearPotion"},{"floor":19,"key":"FairyPotion"},{"floor":19,"key":"PowerPotion"},{"floor":20,"key":"Ancient Potion"},{"floor":21,"key":"AttackPotion"},{"floor":29,"key":"Dexterity Potion"},{"floor":31,"key":"Strength Potion"},{"floor":35,"key":"LiquidBronze"},{"floor":36,"key":"LiquidMemories"},{"floor":38,"key":"Fire Potion"},{"floor":41,"key":"Strength Potion"},{"floor":46,"key":"BloodPotion"},{"floor":48,"key":"SkillPotion"}],"is_trial":false,"path_per_floor":["M","M","?","M","M","R","E","M","T","M","E","R","E","M","R","B",null,"M","?","M","M","M","E","$","M","T","E","R","M","?","M","R","B",null,"M","M","M","M","M","E","M","M","T","E","?","E","$","M","R","B"],"character_chosen":"IRONCLAD","items_purchased":["Bandage Up+1","Intimidate+1","Reaper","HandDrill","Armaments+1","Panache"],"campfire_rested":0,"item_purchase_floors":[24,24,24,47,47,47],"current_hp_per_floor":[88,87,87,85,75,75,56,53,53,58,50,50,48,49,49,14,88,88,88,79,69,58,15,15,20,20,18,18,23,23,40,40,38,88,45,51,41,45,44,14,14,14,14,20,20,13,13,23,23,0,0],"gold":569,"neow_bonus":"TEN_PERCENT_HP_BONUS","is_daily":false,"chose_seed":false,"campfire_upgraded":5,"win_rate":0.0,"timestamp":1613073990,"path_taken":["M","M","?","?","M","R","E","M","T","?","E","R","E","M","R","BOSS","M","?","M","M","M","E","?","M","T","E","R","?","?","M","R","BOSS","M","M","?","M","M","E","M","M","T","E","?","E","$","M","R","BOSS"],"items_purchased_type":["Card","Card","Card","Relic","Card","Card"],"build_version":"2020-12-22","purchased_purges":1,"victory":false,"max_hp_per_floor":[88,88,88,88,88,88,88,88,88,88,88,88,88,88,88,88,88,88,88,88,88,88,88,88,88,88,88,88,88,88,88,88,88,88,88,88,88,88,88,88,88,88,88,88,88,88,88,88,88,88,88],"relic_stats":{"counters":[33,213],"Sundial":[10],"CeramicFish":63,"HandDrill":[4],"Letter Opener":[295],"MawBank":252,"Cursed Key":1,"obtain_stats":[{"Ice Cream":43,"Lantern":27,"CeramicFish":40,"Letter Opener":13,"MawBank":26,"Cursed Key":34,"Burning Blood":0,"White Beast Statue":44,"Anchor":7,"Sundial":23,"Coffee Dripper":17,"HandDrill":47,"Toxic Egg 2":11,"Unceasing Top":46},{"Ice Cream":29,"Lantern":18,"CeramicFish":27,"Letter Opener":9,"MawBank":17,"Cursed Key":21,"Burning Blood":0,"White Beast Statue":30,"Anchor":5,"Sundial":16,"Coffee Dripper":11,"HandDrill":31,"Toxic Egg 2":8,"Unceasing Top":31},{"Ice Cream":190,"Lantern":113,"CeramicFish":179,"Letter Opener":44,"MawBank":105,"Cursed Key":140,"Burning Blood":0,"White Beast Statue":197,"Anchor":23,"Sundial":98,"Coffee Dripper":66,"HandDrill":204,"Toxic Egg 2":36,"Unceasing Top":204}],"Burning Blood":183,"Unceasing Top":[5]},"card_choices":[{"not_picked":["Perfected Strike","Pummel"],"picked":"Feel No Pain","floor":1},{"not_picked":["Body Slam","Thunderclap","Twin Strike"],"picked":"SKIP","floor":2},{"not_picked":["Havoc","Metallicize"],"picked":"Ghostly Armor","floor":4},{"not_picked":["Thunderclap","Headbutt"],"picked":"Havoc","floor":5},{"not_picked":["Double Tap","True Grit"],"picked":"Fire Breathing","floor":7},{"not_picked":["Ghostly Armor","Clothesline"],"picked":"Uppercut","floor":8},{"not_picked":["Rage","Havoc"],"picked":"Wild Strike","floor":10},{"not_picked":["Twin Strike","Fiend Fire"],"picked":"True Grit+1","floor":11},{"not_picked":["Blood for Blood","Iron Wave"],"picked":"Feel No Pain","floor":13},{"not_picked":["Burning Pact+1","Pommel Strike"],"picked":"Warcry+1","floor":14},{"not_picked":["Bludgeon","Impervious+1"],"picked":"Demon Form","floor":16},{"not_picked":["Twin Strike","Flex+1"],"picked":"Second Wind+1","floor":18},{"not_picked":["Ghostly Armor+1","Armaments+1"],"picked":"True Grit+1","floor":20},{"not_picked":["Burning Pact+1","Rampage+1"],"picked":"Dropkick","floor":21},{"not_picked":["Heavy Blade","Second Wind+1"],"picked":"Pommel Strike+1","floor":22},{"not_picked":["Flex+1","Anger+1"],"picked":"True Grit+1","floor":23},{"not_picked":["Twin Strike+1","Heavy Blade"],"picked":"True Grit+1","floor":25},{"not_picked":["Heavy Blade","Blood for Blood"],"picked":"Pummel+1","floor":27},{"not_picked":["Combust","Brutality","Second Wind+1"],"picked":"SKIP","floor":29},{"not_picked":["Flex+1","Cleave","Second Wind+1"],"picked":"SKIP","floor":31},{"not_picked":["Feed","Reaper"],"picked":"Double Tap+1","floor":33},{"not_picked":["Warcry+1","Sword Boomerang+1"],"picked":"Dark Embrace+1","floor":35},{"not_picked":["Flex+1","Armaments+1"],"picked":"Burning Pact+1","floor":36},{"not_picked":["Clothesline","Anger+1","Flex+1"],"picked":"SKIP","floor":37},{"not_picked":["Pommel Strike+1","Sever Soul+1"],"picked":"Shockwave+1","floor":38},{"not_picked":["Clash+1","Searing Blow+1","Anger"],"picked":"SKIP","floor":39},{"not_picked":["Shrug It Off+1","Havoc+1"],"picked":"Sentinel+1","floor":40},{"not_picked":["Shrug It Off+1","Hemokinesis"],"picked":"Warcry+1","floor":41},{"not_picked":["Searing Blow","Perfected Strike","Clash"],"picked":"SKIP","floor":42},{"not_picked":["Searing Blow","Thunderclap"],"picked":"Seeing Red+1","floor":44},{"not_picked":["Rampage+1","Inflame+1","Sever Soul"],"picked":"SKIP","floor":46},{"not_picked":["Heavy Blade+1","Thunderclap"],"picked":"Headbutt+1","floor":48}],"player_experience":134720,"relics_obtained":[{"floor":7,"key":"Anchor"},{"floor":11,"key":"Toxic Egg 2"},{"floor":13,"key":"Letter Opener"},{"floor":23,"key":"Sundial"},{"floor":26,"key":"MawBank"},{"floor":27,"key":"Lantern"},{"floor":40,"key":"CeramicFish"},{"floor":43,"key":"Ice Cream"},{"floor":44,"key":"White Beast Statue"},{"floor":46,"key":"Unceasing Top"}],"event_choices":[{"damage_healed":0,"gold_gain":100,"player_choice":"Gold","damage_taken":0,"max_hp_gain":0,"max_hp_loss":0,"event_name":"Wheel of Change","floor":3,"gold_loss":0},{"damage_healed":0,"gold_gain":0,"player_choice":"Bought 2 Potions","damage_taken":0,"max_hp_gain":0,"max_hp_loss":0,"event_name":"The Woman in Blue","floor":19,"gold_loss":0},{"damage_healed":0,"gold_gain":0,"player_choice":"Upgraded","damage_taken":0,"max_hp_gain":0,"max_hp_loss":0,"event_name":"Upgrade Shrine","floor":30,"gold_loss":0,"cards_upgraded":["Feel No Pain"]},{"cards_removed":["Shockwave"],"damage_healed":0,"gold_gain":0,"player_choice":"Removed Skill","damage_taken":0,"max_hp_gain":0,"max_hp_loss":0,"event_name":"Falling","floor":45,"gold_loss":0}],"is_beta":false,"boss_relics":[{"not_picked":["Tiny House","Philosopher\u0027s Stone"],"picked":"Coffee Dripper"},{"not_picked":["SacredBark","Sozu"],"picked":"Cursed Key"}],"items_purged_floors":[47],"is_endless":false,"potions_floor_spawned":[2,4,10,11,13,20,21,29,31,35,36,38,41,46,48],"killed_by":"Time Eater","ascension_level":2}}