{"host":"5hsgormuu0lj4iiq","time":1613012115,"event":{"mods":["AchievementEnabler","BaseMod","Colored Map","Colored Powertips","Minty Spire (QoL Compilation)","Quick Restart","Relic Stats","SuperFastMode","everything is the same but u backflip on backflip","slay the spire mod where everything is the same but ironclad has a cowboy hat"],"gold_per_floor":[117,192,192,67,67,96,96,114,138,184,196,51,62,76,76,76,76],"floor_reached":16,"language":"ENG","playtime":282,"items_purged":[],"score":200,"play_id":"dce32543-5df2-4496-ad8c-cc15c4b79d2e","local_time":"20210210215515","is_ascension_mode":true,"campfire_choices":[{"data":"Doom and Gloom","floor":7,"key":"SMITH"},{"data":"Defend_B","floor":15,"key":"PURGE"}],"circlet_count":0,"master_deck":["AscendersBane","Strike_B","Strike_B","Defend_B","Defend_B","Defend_B","Zap","Dualcast","Auto Shields","Ball Lightning","Self Repair","Fusion","Doom and Gloom+1","Shrug It Off"],"relics":["Cracked Core","NeowsBlessing","Peace Pipe","Lantern","Tiny Chest","PrismaticShard"],"acts_visited":["Exordium"],"potions_floor_usage":[16,16],"damage_taken":[{"damage":0,"enemies":"Cultist","floor":1,"turns":1},{"damage":0,"enemies":"Gremlin Nob","floor":6,"turns":1},{"damage":0,"enemies":"2 Louse","floor":8,"turns":1},{"damage":8,"enemies":"Jaw Worm","floor":11,"turns":5},{"damage":29,"enemies":"Exordium Thugs","floor":13,"turns":4},{"damage":5,"enemies":"Large Slime","floor":14,"turns":4},{"damage":39,"enemies":"Slime Boss","floor":16,"turns":6}],"seed_played":"-5090141531935750481","potions_obtained":[{"floor":1,"key":"Weak Potion"},{"floor":6,"key":"Energy Potion"},{"floor":8,"key":"Block Potion"}],"is_trial":false,"path_per_floor":["M","?","?","$","?","E","R","M","T","T","M","$","M","M","R","B"],"character_chosen":"DEFECT","items_purchased":["Ball Lightning","Self Repair","PrismaticShard"],"campfire_rested":0,"item_purchase_floors":[4,4,12],"current_hp_per_floor":[68,57,50,50,50,50,50,50,50,50,49,49,20,22,22,0,0],"gold":76,"neow_bonus":"THREE_ENEMY_KILL","is_daily":false,"chose_seed":false,"campfire_upgraded":1,"win_rate":0.0,"timestamp":1613012115,"path_taken":["M","?","?","$","?","E","R","M","T","?","?","?","M","M","R","BOSS"],"items_purchased_type":["Card","Card","Relic"],"build_version":"2020-12-22","purchased_purges":0,"victory":false,"max_hp_per_floor":[75,75,75,75,75,75,75,75,75,75,75,75,75,75,75,75,75],"relic_stats":{"Peace Pipe":1,"counters":[7,22],"Tiny Chest":0,"obtain_stats":[{"Peace Pipe":6,"Lantern":9,"NeowsBlessing":0,"Tiny Chest":10,"Cracked Core":0,"PrismaticShard":12},{"Peace Pipe":2,"Lantern":3,"NeowsBlessing":0,"Tiny Chest":3,"Cracked Core":0,"PrismaticShard":4},{"Peace Pipe":2,"Lantern":3,"NeowsBlessing":0,"Tiny Chest":3,"Cracked Core":0,"PrismaticShard":8}]},"card_choices":[{"not_picked":["Double Energy","Steam"],"picked":"Auto Shields","floor":1},{"not_picked":["Coolheaded","Glacier"],"picked":"Doom and Gloom","floor":6},{"not_picked":["Barrage","Sweeping Beam","Steam Power"],"picked":"SKIP","floor":8},{"not_picked":["Beam Cell","Hello World","Gash"],"picked":"SKIP","floor":11},{"not_picked":["Venomology","Flex"],"picked":"Shrug It Off","floor":13},{"not_picked":["Steam","CrushJoints","Predator"],"picked":"SKIP","floor":14}],"player_experience":723423,"relics_obtained":[{"floor":6,"key":"Peace Pipe"},{"floor":9,"key":"Lantern"},{"floor":10,"key":"Tiny Chest"}],"event_choices":[{"damage_healed":0,"gold_gain":75,"player_choice":"Gather Gold","damage_taken":11,"max_hp_gain":0,"max_hp_loss":0,"event_name":"World of Goop","floor":2,"gold_loss":0},{"cards_removed":["Strike_B"],"damage_healed":0,"gold_gain":0,"player_choice":"Card Removal","damage_taken":7,"max_hp_gain":0,"max_hp_loss":0,"event_name":"Golden Wing","floor":3,"gold_loss":0},{"damage_healed":0,"gold_gain":0,"cards_transformed":["Strike_B"],"player_choice":"Change","damage_taken":0,"max_hp_gain":0,"max_hp_loss":0,"event_name":"Living Wall","floor":5,"gold_loss":0,"cards_obtained":["Fusion"]}],"is_beta":false,"boss_relics":[],"items_purged_floors":[],"is_endless":false,"potions_floor_spawned":[1,6,8,11],"killed_by":"Slime Boss","ascension_level":12}}