{"host":"BK","time":1613078403,"event":{"mods":["BaseMod","Highlight Path","Minty Spire (QoL Compilation)","StSLib"],"gold_per_floor":[119,89,101,26,43,43,73,73,99,125,1,26,0,0,0,75,75,88,88,88,103,121,121,121,121],"floor_reached":24,"language":"ENG","playtime":1008,"items_purged":["Strike_P","Strike_P"],"score":524,"play_id":"2b758953-b6a0-46d1-aec4-28d5b9bc8433","local_time":"20210211142003","is_ascension_mode":true,"campfire_choices":[{"data":"BattleHymn","floor":6.0,"key":"SMITH"},{"floor":8.0,"key":"REST"},{"data":"1","floor":15.0,"key":"LIFT"},{"floor":23.0,"key":"REST"}],"circlet_count":0,"master_deck":["AscendersBane","Defend_P+1","Defend_P","Defend_P+1","Defend_P","Eruption","Vigilance","Conclude","FlurryOfBlows","BattleHymn+1","EmptyBody","ClearTheMind","Meditate","SpiritShield","CurseOfTheBell","WaveOfTheHand+1","Adaptation","Wallop"],"relics":["PureWater","GoldenEye","War Paint","Regal Pillow","Lantern","Girya","Calling Bell","Ancient Tea Set","TeardropLocket","CaptainsWheel"],"acts_visited":["Exordium","TheCity"],"potions_floor_usage":[],"damage_taken":[{"damage":0.0,"enemies":"Jaw Worm","floor":1.0,"turns":6.0},{"damage":12.0,"enemies":"Cultist","floor":3.0,"turns":6.0},{"damage":7.0,"enemies":"Small Slimes","floor":5.0,"turns":3.0},{"damage":0.0,"enemies":"Lagavulin","floor":7.0,"turns":3.0},{"damage":8.0,"enemies":"Gremlin Nob","floor":10.0,"turns":3.0},{"damage":0.0,"enemies":"3 Sentries","floor":12.0,"turns":3.0},{"damage":23.0,"enemies":"The Guardian","floor":16.0,"turns":10.0},{"damage":0.0,"enemies":"Chosen","floor":18.0,"turns":4.0},{"damage":17.0,"enemies":"3 Byrds","floor":21.0,"turns":6.0},{"damage":34.0,"enemies":"Centurion and Healer","floor":22.0,"turns":6.0},{"damage":21,"enemies":"Book of Stabbing","floor":24,"turns":7}],"seed_played":"-4865580231751442352","potions_obtained":[{"floor":2.0,"key":"DuplicationPotion"},{"floor":2.0,"key":"SneckoOil"},{"floor":3.0,"key":"ColorlessPotion"},{"floor":7.0,"key":"SpeedPotion"}],"is_trial":false,"path_per_floor":["M","?","M","$","M","R","E","R","T","E","$","E","?","?","R","B",null,"M","?","?","M","M","R","E"],"character_chosen":"WATCHER","items_purchased":["ClearTheMind"],"campfire_rested":2,"item_purchase_floors":[11],"current_hp_per_floor":[43,43,31,31,24,24,24,44,44,36,36,36,36,29,29,6,53,53,53,53,36,2,37,16,16],"gold":121,"neow_bonus":"ONE_RARE_RELIC","is_daily":false,"chose_seed":false,"campfire_upgraded":1,"win_rate":0.0,"timestamp":1613078403,"path_taken":["M","?","M","$","?","R","E","R","T","E","$","E","?","?","R","BOSS","M","?","?","M","M","R","E"],"items_purchased_type":["Card"],"build_version":"2020-12-18","purchased_purges":2,"victory":false,"max_hp_per_floor":[68,68,68,68,68,68,68,68,68,68,68,68,68,68,68,68,68,68,68,68,68,68,68,68,68],"card_choices":[{"not_picked":["FollowUp","Study"],"picked":"Conclude","floor":1.0},{"not_picked":["LikeWater","FlyingSleeves"],"picked":"FlurryOfBlows","floor":3.0},{"not_picked":["Meditate","BowlingBash"],"picked":"BattleHymn","floor":5.0},{"not_picked":["SashWhip","Worship"],"picked":"EmptyBody","floor":7.0},{"not_picked":["Evaluate","FlurryOfBlows","EmptyFist"],"picked":"SKIP","floor":10.0},{"not_picked":["FlurryOfBlows","Omniscience"],"picked":"Meditate","floor":12.0},{"not_picked":["LessonLearned","Judgement"],"picked":"SpiritShield","floor":16.0},{"not_picked":["EmptyBody","Evaluate"],"picked":"WaveOfTheHand+1","floor":18.0},{"not_picked":["Evaluate","ThirdEye"],"picked":"Wallop","floor":21.0},{"not_picked":["SashWhip","FollowUp","BowlingBash+1"],"picked":"SKIP","floor":22.0}],"player_experience":2559118,"relics_obtained":[{"floor":7.0,"key":"War Paint"},{"floor":9.0,"key":"Regal Pillow"},{"floor":10.0,"key":"Lantern"},{"floor":12.0,"key":"Girya"},{"floor":17.0,"key":"Ancient Tea Set"},{"floor":17.0,"key":"TeardropLocket"},{"floor":17.0,"key":"CaptainsWheel"}],"event_choices":[{"damage_healed":0.0,"max_hp_gain":0.0,"max_hp_loss":0.0,"gold_gain":0.0,"event_name":"The Woman in Blue","player_choice":"Bought 2 Potions","floor":2.0,"gold_loss":0.0,"damage_taken":0.0},{"damage_healed":0.0,"max_hp_gain":0.0,"max_hp_loss":0.0,"gold_gain":0.0,"event_name":"World of Goop","player_choice":"Left Gold","floor":13.0,"gold_loss":26.0,"damage_taken":0.0},{"cards_removed":["Strike_P"],"damage_healed":0.0,"max_hp_gain":0.0,"max_hp_loss":0.0,"gold_gain":0.0,"event_name":"Golden Wing","player_choice":"Card Removal","floor":14.0,"gold_loss":0.0,"damage_taken":7.0},{"damage_healed":0.0,"max_hp_gain":0.0,"max_hp_loss":0.0,"gold_gain":0.0,"event_name":"The Library","player_choice":"Read","floor":19.0,"gold_loss":0.0,"damage_taken":0.0,"cards_obtained":["Adaptation"]},{"cards_removed":["Strike_P"],"damage_healed":0.0,"max_hp_gain":0.0,"max_hp_loss":0.0,"gold_gain":0.0,"event_name":"Back to Basics","player_choice":"Elegance","floor":20.0,"gold_loss":0.0,"damage_taken":0.0}],"is_beta":true,"boss_relics":[{"not_picked":["Ectoplasm","SlaversCollar"],"picked":"Calling Bell"}],"items_purged_floors":[4,11],"is_endless":false,"potions_floor_spawned":[3,7,21],"killed_by":"Book of Stabbing","ascension_level":20}}