{"host":"u3jctbsl7uavviuy","time":1613038832,"event":{"mods":["ATMod(阿瑾Mod)","Act Like it!","Arknights","BaseMod","BetterRewards","GungeonMod","HololiveMod","Luminous","Marisa（F雨　魔理沙）","Minty Spire (QoL Compilation)","Relic Stats","Replay The Spire","Shop Mod","Spicy Shops","StSLib","TestMod","The Animator","The Cursed","The Gatherer","The Servant 0.9.4","WarShipGirlsR/战舰少女R mod","篝火指南"],"gold_per_floor":[110,123,298,316,316,351,377,392,392,36,36,53,53,84,84,188,188,199,199,215,130,141,174,174,206,231,231,313,348,203,216,216,317,317,329,379,379,679,694,727,727,758,758,792,792,812,812,812,812,812,812],"floor_reached":50,"language":"ZHS","playtime":1200,"items_purged":["Doubt"],"score":892,"play_id":"c6c920ca-3ceb-42b9-9b67-50fb064d85bc","local_time":"20210211192032","is_ascension_mode":true,"campfire_choices":[{"floor":13.0,"key":"REST"},{"floor":15.0,"key":"REST"},{"data":"ats:Emotion Absorption","floor":24.0,"key":"SMITH"},{"data":"ats:Neurotoxin","floor":32.0,"key":"SMITH"},{"data":"ats:Shadow Assault","floor":41,"key":"SMITH"},{"floor":45,"key":"REST"},{"data":"ats:Song Of Battle","floor":49,"key":"SMITH"}],"circlet_count":0,"master_deck":["ats:Strike S","ats:Armor Crushing Shot","ats:Defend","ats:Defend","ats:Emotion Absorption+1","ats:Chain Hook","ats:Explosion Area Strengthen","ats:Shadow Assault+1","ats:Neurotoxin+1","ats:Song Of Battle+1","ats:Powerful Strike","ats:Echo Reverb+1","ats:Powerful Strike","ats:Calcification+1","ats:Poison Spread+1","ats:Flexible Camouflage+1","ats:Wolf Pack+1","ats:Revitalization","ats:Absolute Focus+1","ats:Disruption Kick+1","ats:Ignite+1","ats:Poison Spread","ats:Overload+1","ats:Neurotoxin"],"relics":["ats:Sanity","testmod-TestBox","AT_ATBox","testmod-AssaultLearning","NeowsBlessing","ats:Originium","Bottled Flame","AT_ArcaneBoots","Bag of Marbles","Golden Egg","Hololive_LightStick","ats:Rhine Circuitry","Philosopher\u0027s Stone","Bag of Preparation","Ancient Tea Set","ats:Hidden Killer","Replay:Wax Seal","Shuriken","DemoMod:MeatBun","Astrolabe","Oddly Smooth Stone","AT_SilverBalance","Quantum Egg"],"acts_visited":["Exordium","TheCity","TheBeyond"],"potions_floor_usage":[33,44,50],"damage_taken":[{"damage":0.0,"enemies":"Small Slimes","floor":1.0,"turns":1.0},{"damage":0.0,"enemies":"Jaw Worm","floor":2.0,"turns":1.0},{"damage":0.0,"enemies":"Cultist","floor":4.0,"turns":1.0},{"damage":48.0,"enemies":"3 Sentries","floor":6.0,"turns":7.0},{"damage":0.0,"enemies":"2 Fungi Beasts","floor":8.0,"turns":2.0},{"damage":0.0,"enemies":"Exordium Thugs","floor":12.0,"turns":4.0},{"damage":27.0,"enemies":"Lagavulin","floor":14.0,"turns":6.0},{"damage":40.0,"enemies":"Fading Forest","floor":16.0,"turns":11.0},{"damage":0.0,"enemies":"Chosen","floor":18.0,"turns":3.0},{"damage":0.0,"enemies":"3 Byrds","floor":20.0,"turns":3.0},{"damage":5.0,"enemies":"3 Cultists","floor":22.0,"turns":4.0},{"damage":1.0,"enemies":"Replay:Snechameleon","floor":23.0,"turns":2.0},{"damage":0.0,"enemies":"Book of Stabbing","floor":25.0,"turns":2.0},{"damage":10.0,"enemies":"Slavers","floor":29.0,"turns":3.0},{"damage":0.0,"enemies":"Shelled Parasite and Fungi","floor":31.0,"turns":1.0},{"damage":1,"enemies":"Collector","floor":33,"turns":3},{"damage":0,"enemies":"3 Darklings","floor":35,"turns":2},{"damage":9,"enemies":"Mind Bloom Boss Battle","floor":36,"turns":4},{"damage":0,"enemies":"Orb Walker","floor":39,"turns":1},{"damage":35,"enemies":"R_Hoarder","floor":40,"turns":8},{"damage":38,"enemies":"Giant Head","floor":42,"turns":6},{"damage":8,"enemies":"Reptomancer","floor":44,"turns":2},{"damage":1,"enemies":"Sphere and 2 Shapes","floor":46,"turns":3},{"damage":66,"enemies":"Replay:Hell Engine","floor":50,"turns":4}],"seed_played":"-8857162365269696428","potions_obtained":[{"floor":4.0,"key":"BlessingOfTheForge"},{"floor":6.0,"key":"DemoMod:LeadSkinPotion"},{"floor":14.0,"key":"Swift Potion"},{"floor":18.0,"key":"Fire Potion"},{"floor":23.0,"key":"Weak Potion"},{"floor":29.0,"key":"DemoMod:LeadSkinPotion"},{"floor":33,"key":"Strength Potion"},{"floor":40,"key":"Fire Potion"},{"floor":42,"key":"BlessingOfTheForge"}],"is_trial":false,"path_per_floor":["M","M","?","M","?","E","T","M","T","R","?","M","R","E","R","B",null,"M","?","M","?","M","E","R","E","T","?","T","E","$","M","R","B",null,"M","?","$","?","M","E","R","E","T","E","R","M","?","?","R","B"],"character_chosen":"DOCTOR_CLASS","items_purchased":["Golden Egg","Hololive_LightStick","DemoMod:MeatBun"],"campfire_rested":3,"item_purchase_floors":[10,10,30],"current_hp_per_floor":[65,65,65,65,70,22,22,22,22,22,22,22,45,18,41,14,61,61,61,61,61,56,55,55,56,56,56,56,47,61,61,61,61,73,73,71,71,71,71,45,45,12,12,30,53,37,37,37,37,0,0],"gold":812,"neow_bonus":"THREE_ENEMY_KILL","is_daily":false,"chose_seed":false,"campfire_upgraded":4,"win_rate":0.0,"timestamp":1613038832,"path_taken":["M","M","?","M","?","E","?","?","T","R","?","M","R","E","R","BOSS","M","?","M","?","M","E","R","E","T","?","?","E","$","M","R","BOSS","M","?","$","?","?","E","R","E","T","E","R","M","?","?","R","BOSS"],"items_purchased_type":["Relic","Relic","Relic"],"build_version":"2020-12-22","purchased_purges":1,"victory":false,"max_hp_per_floor":[72,72,72,72,77,77,77,77,77,77,77,77,77,77,77,77,77,77,77,77,77,77,77,77,77,77,77,77,77,77,77,77,77,77,77,77,77,77,77,77,77,77,77,77,77,77,73,73,73,73,73],"relic_stats":{"counters":[24,84],"Shuriken":[16],"Astrolabe":["ats:Absolute Focus","ats:Disruption Kick","ats:Ignite"],"Bag of Preparation":[28],"obtain_stats":[{"Golden Egg":10,"AT_ATBox":0,"DemoMod:GlassGuonStoneRelic":2,"AT_ArcaneBoots":22,"Bag of Preparation":21,"Ancient Tea Set":23,"Philosopher\u0027s Stone":17,"ats:Sanity":0,"Replay:Wax Seal":26,"ats:Rhine Circuitry":14,"testmod-TestBox":0,"NeowsBlessing":0,"ats:Hidden Killer":25,"Astrolabe":34,"Quantum Egg":44,"Oddly Smooth Stone":42,"AT_SilverBalance":43,"Bottled Flame":6,"AT_SpeedBoots":7,"Hololive_LightStick":10,"ats:Originium":6,"Shuriken":29,"DemoMod:MeatBun":30,"testmod-AssaultLearning":0,"Bag of Marbles":9},{"Golden Egg":5,"AT_ATBox":0,"DemoMod:GlassGuonStoneRelic":2,"AT_ArcaneBoots":11,"Bag of Preparation":10,"Ancient Tea Set":12,"Philosopher\u0027s Stone":8,"ats:Sanity":0,"Replay:Wax Seal":13,"ats:Rhine Circuitry":7,"testmod-TestBox":0,"NeowsBlessing":0,"ats:Hidden Killer":13,"Astrolabe":16,"Quantum Egg":22,"Oddly Smooth Stone":21,"AT_SilverBalance":21,"Bottled Flame":4,"AT_SpeedBoots":4,"Hololive_LightStick":5,"ats:Originium":4,"Shuriken":14,"DemoMod:MeatBun":14,"testmod-AssaultLearning":0,"Bag of Marbles":5},{"Golden Egg":12,"AT_ATBox":0,"DemoMod:GlassGuonStoneRelic":2,"AT_ArcaneBoots":41,"Bag of Preparation":39,"Ancient Tea Set":45,"Philosopher\u0027s Stone":33,"ats:Sanity":0,"Replay:Wax Seal":47,"ats:Rhine Circuitry":22,"testmod-TestBox":0,"NeowsBlessing":0,"ats:Hidden Killer":47,"Astrolabe":54,"Quantum Egg":77,"Oddly Smooth Stone":75,"AT_SilverBalance":75,"Bottled Flame":10,"AT_SpeedBoots":10,"Hololive_LightStick":12,"ats:Originium":10,"Shuriken":50,"DemoMod:MeatBun":50,"testmod-AssaultLearning":0,"Bag of Marbles":12}]},"card_choices":[{"not_picked":["ats:Closed Bolt Burst Fire","ats:Very Hot Blade"],"picked":"ats:Chain Hook","floor":1.0},{"not_picked":["ats:Hook Shot","ats:Collapsing Strike"],"picked":"ats:Explosion Area Strengthen","floor":2.0},{"not_picked":["ats:Apocalypse","ats:Consecutive Shot Auto"],"picked":"ats:Shadow Assault","floor":4.0},{"not_picked":["ats:Serious Mode","ats:Phantom"],"picked":"ats:Neurotoxin","floor":6.0},{"not_picked":["ats:Hammer On","ats:Defend Order"],"picked":"ats:Song Of Battle","floor":8.0},{"not_picked":["ats:Rapid Magazine","ats:Blood Oath"],"picked":"ats:Powerful Strike","floor":12.0},{"not_picked":["ats:Hammer On","ats:LN2 Cannon","ats:Thorns"],"picked":"SKIP","floor":14.0},{"not_picked":["ats:Fractured Body","ats:Volcano"],"picked":"ats:Echo Reverb","floor":16.0},{"not_picked":["ats:Healing Strengthening","ats:Guard Mode+1","ats:Absolute Focus+1"],"picked":"SKIP","floor":18.0},{"not_picked":["ats:Guard Mode","ats:Spore Proliferation"],"picked":"ats:Powerful Strike","floor":20.0},{"not_picked":["ats:Guardian Obelisk","ats:Phantom"],"picked":"ats:Calcification","floor":22.0},{"not_picked":["ats:Sword Rain+1","ats:Apocalypse+1"],"picked":"ats:Poison Spread+1","floor":23.0},{"not_picked":["ats:Leaping Hammer","ats:Assault Order"],"picked":"ats:Flexible Camouflage+1","floor":25.0},{"not_picked":["ats:Curse Doll","ats:Sword Rain"],"picked":"ats:Wolf Pack","floor":29.0},{"not_picked":["ats:Flexible Camouflage","ats:Assault Order"],"picked":"ats:Revitalization","floor":31.0},{"not_picked":["ats:Flexible Camouflage+1","ats:Defend Order+1"],"picked":"ats:Poison Spread","floor":35},{"not_picked":["ats:Ignite+1","ats:Leaping Hammer+1","ats:Automatic Cover+1"],"picked":"SKIP","floor":39},{"not_picked":["ats:Support Order","ats:Steam Pump"],"picked":"ats:Overload+1","floor":40},{"not_picked":["ats:Chain Hook+1","ats:Explosion Area Strengthen","ats:Ignite+1"],"picked":"SKIP","floor":42},{"not_picked":["ats:Echo Reverb","ats:Shell Defense","ats:Thorns"],"picked":"SKIP","floor":44},{"not_picked":["ats:Burning Ground","ats:Flexible Camouflage"],"picked":"ats:Neurotoxin","floor":46}],"player_experience":462025,"relics_obtained":[{"floor":6.0,"key":"ats:Originium"},{"floor":6.0,"key":"Bottled Flame"},{"floor":7.0,"key":"AT_SpeedBoots"},{"floor":9.0,"key":"Bag of Marbles"},{"floor":14.0,"key":"ats:Originium"},{"floor":14.0,"key":"ats:Rhine Circuitry"},{"floor":23.0,"key":"ats:Originium"},{"floor":23.0,"key":"Ancient Tea Set"},{"floor":25.0,"key":"ats:Originium"},{"floor":25.0,"key":"ats:Hidden Killer"},{"floor":26.0,"key":"Replay:Wax Seal"},{"floor":29.0,"key":"Shuriken"},{"floor":42,"key":"Oddly Smooth Stone"},{"floor":43,"key":"AT_SilverBalance"},{"floor":44,"key":"Quantum Egg"}],"event_choices":[{"damage_healed":0.0,"max_hp_gain":0.0,"max_hp_loss":0.0,"gold_gain":175.0,"event_name":"Liars Game","player_choice":"AGREE","floor":3.0,"gold_loss":0.0,"damage_taken":0.0,"cards_obtained":["Doubt"]},{"damage_healed":0.0,"max_hp_gain":5.0,"max_hp_loss":0.0,"gold_gain":0.0,"event_name":"Big Fish","player_choice":"Donut","floor":5.0,"gold_loss":0.0,"damage_taken":0.0},{"cards_removed":["ats:Strike V"],"damage_healed":0.0,"max_hp_gain":0.0,"max_hp_loss":0.0,"gold_gain":0.0,"event_name":"Purifier","player_choice":"Purged","floor":11.0,"gold_loss":0.0,"damage_taken":0.0},{"damage_healed":0.0,"max_hp_gain":0.0,"max_hp_loss":0.0,"gold_gain":0.0,"event_name":"Cursed Tome","player_choice":"Ignored","floor":19.0,"gold_loss":0.0,"damage_taken":0.0},{"damage_healed":0.0,"max_hp_gain":0.0,"max_hp_loss":0.0,"gold_gain":0.0,"event_name":"Addict","player_choice":"Obtained Relic","floor":21.0,"gold_loss":85.0,"damage_taken":0.0,"relics_obtained":["Bag of Preparation"]},{"damage_healed":0.0,"max_hp_gain":0.0,"max_hp_loss":0.0,"gold_gain":0.0,"event_name":"Ghosts","player_choice":"Ignored","floor":27.0,"gold_loss":0.0,"damage_taken":0.0},{"damage_healed":0,"gold_gain":0,"player_choice":"Fight","damage_taken":0,"max_hp_gain":0,"max_hp_loss":0,"event_name":"MindBloom","floor":36,"gold_loss":0},{"damage_healed":0,"gold_gain":300,"player_choice":"Gold","damage_taken":0,"max_hp_gain":0,"max_hp_loss":0,"event_name":"Wheel of Change","floor":38,"gold_loss":0},{"damage_healed":0,"gold_gain":0,"player_choice":"Max HP","damage_taken":0,"max_hp_gain":0,"max_hp_loss":4,"event_name":"Winding Halls","floor":47,"gold_loss":0},{"cards_removed":["ats:Defend"],"damage_healed":0,"gold_gain":0,"player_choice":"Removed Skill","damage_taken":0,"max_hp_gain":0,"max_hp_loss":0,"event_name":"Falling","floor":48,"gold_loss":0}],"is_beta":false,"boss_relics":[{"not_picked":["testmod-Temperance","Honey Jar"],"picked":"Philosopher\u0027s Stone"},{"not_picked":["Cursed Key","testmod-Nine"],"picked":"Astrolabe"}],"items_purged_floors":[10],"is_endless":false,"potions_floor_spawned":[4,6,14,18,23,29,33,40,42],"killed_by":"Replay:Hell Engine","ascension_level":8}}