{"host":"sian7qp8a9pc9xwd","time":1613071966,"event":{"mods":["BaseMod","Minty Spire (QoL Compilation)","StSLib","SuperFastMode"],"gold_per_floor":[118,193,219,169,181,208,222,250,250,262,294,294,326,326,326,326,326],"floor_reached":16,"language":"ENG","playtime":521,"items_purged":[],"score":191,"play_id":"9215dee5-d0a7-413b-b7b5-4acb02884897","local_time":"20210211143246","is_ascension_mode":true,"campfire_choices":[{"data":"Prostrate","floor":12.0,"key":"SMITH"},{"data":"CutThroughFate","floor":15.0,"key":"SMITH"}],"circlet_count":0,"master_deck":["Strike_P","Strike_P","Strike_P","Defend_P","Defend_P","Defend_P","Eruption","Vigilance","Pray","Prostrate+1","Prostrate","CutThroughFate+1","Consecrate"],"relics":["PureWater","NeowsBlessing","Lantern","Bronze Scales","Damaru","InkBottle","Boot","Nunchaku"],"acts_visited":["Exordium"],"potions_floor_usage":[],"damage_taken":[{"damage":0.0,"enemies":"Jaw Worm","floor":1.0,"turns":1.0},{"damage":0.0,"enemies":"Small Slimes","floor":5.0,"turns":1.0},{"damage":0.0,"enemies":"Lagavulin","floor":6.0,"turns":2.0},{"damage":0.0,"enemies":"2 Louse","floor":7.0,"turns":1.0},{"damage":20.0,"enemies":"3 Sentries","floor":8.0,"turns":10.0},{"damage":7.0,"enemies":"Looter","floor":10.0,"turns":3.0},{"damage":4.0,"enemies":"Gremlin Nob","floor":11.0,"turns":3.0},{"damage":14.0,"enemies":"Lagavulin","floor":13.0,"turns":5.0},{"damage":10,"enemies":"The Guardian","floor":16,"turns":4}],"seed_played":"3776697494629771422","potions_obtained":[{"floor":1.0,"key":"SteroidPotion"},{"floor":6.0,"key":"Block Potion"},{"floor":13.0,"key":"Strength Potion"}],"is_trial":false,"path_per_floor":["M","?","T","?","M","E","M","E","T","M","E","R","E","?","R","B"],"character_chosen":"WATCHER","items_purchased":[],"campfire_rested":0,"item_purchase_floors":[],"current_hp_per_floor":[72,61,61,61,61,61,61,41,41,34,30,30,16,9,9,0,0],"gold":326,"neow_bonus":"THREE_ENEMY_KILL","is_daily":false,"chose_seed":false,"campfire_upgraded":2,"win_rate":0.0,"timestamp":1613071966,"path_taken":["M","?","?","?","M","E","M","E","T","M","E","R","E","?","R","BOSS"],"items_purchased_type":[],"build_version":"2020-12-22","purchased_purges":0,"victory":false,"max_hp_per_floor":[72,72,72,72,72,72,72,72,72,72,72,72,72,72,72,72,72],"card_choices":[{"not_picked":["Meditate","EmptyBody"],"picked":"Pray","floor":1.0},{"not_picked":["FlyingSleeves","Crescendo"],"picked":"Prostrate","floor":5.0},{"not_picked":["Ragnarok","ClearTheMind","SandsOfTime"],"picked":"SKIP","floor":6.0},{"not_picked":["EmptyFist","Meditate"],"picked":"Prostrate","floor":7.0},{"not_picked":["Protect","ThirdEye","ClearTheMind"],"picked":"SKIP","floor":8.0},{"not_picked":["WaveOfTheHand","Swivel"],"picked":"CutThroughFate","floor":10.0},{"not_picked":["FlyingSleeves","BowlingBash"],"picked":"Consecrate","floor":11.0},{"not_picked":["BowlingBash","Halt","MasterReality"],"picked":"SKIP","floor":13.0}],"player_experience":957911,"relics_obtained":[{"floor":3.0,"key":"Lantern"},{"floor":6.0,"key":"Bronze Scales"},{"floor":8.0,"key":"Damaru"},{"floor":9.0,"key":"InkBottle"},{"floor":11.0,"key":"Boot"},{"floor":13.0,"key":"Nunchaku"}],"event_choices":[{"damage_healed":0.0,"max_hp_gain":0.0,"max_hp_loss":0.0,"gold_gain":75.0,"event_name":"World of Goop","player_choice":"Gather Gold","floor":2.0,"gold_loss":0.0,"damage_taken":11.0},{"cards_removed":["Defend_P"],"damage_healed":0.0,"max_hp_gain":0.0,"max_hp_loss":0.0,"gold_gain":0.0,"event_name":"The Cleric","player_choice":"Card Removal","floor":4.0,"gold_loss":50.0,"damage_taken":0.0},{"cards_removed":["Strike_P"],"damage_healed":0.0,"max_hp_gain":0.0,"max_hp_loss":0.0,"gold_gain":0.0,"event_name":"Golden Wing","player_choice":"Card Removal","floor":14.0,"gold_loss":0.0,"damage_taken":7.0}],"is_beta":false,"boss_relics":[],"items_purged_floors":[],"is_endless":false,"potions_floor_spawned":[1,6,13],"killed_by":"The Guardian","ascension_level":5}}