{"host":"s2ap0bnrs90y0f0j","time":1613025044,"event":{"mods":["BaseMod","Minty Spire (QoL Compilation)","Robot Space Explorer","StSLib","TheBandit"],"gold_per_floor":[114,64,24,35,47,79,79,104,127,53,42,76,90,104,104,202,202,221,320,320,320,302,302,331,348,373,387,414,339,354,371,371,469,469,481,165,182,182,199,199,233,243,243,271,329,341,371,409,421,433],"floor_reached":51,"language":"ENG","playtime":2890,"items_purged":["RobotSpaceExplorer:Defend","RobotSpaceExplorer:Defend"],"score":789,"play_id":"7b3436f7-2257-47d3-a5a1-6d02791cd74c","local_time":"20210211013044","is_ascension_mode":false,"campfire_choices":[{"data":"RobotSpaceExplorer:Pulsar","floor":7,"key":"SMITH"},{"data":"RobotSpaceExplorer:Pulsar","floor":15,"key":"SMITH"},{"data":"RobotSpaceExplorer:ShockMissile","floor":23,"key":"SMITH"},{"floor":32,"key":"REST"},{"data":"RobotSpaceExplorer:PowerCollector","floor":40,"key":"SMITH"},{"data":"RobotSpaceExplorer:Scanner","floor":49,"key":"SMITH"}],"circlet_count":0,"master_deck":["RobotSpaceExplorer:Strike","RobotSpaceExplorer:Strike+1","RobotSpaceExplorer:Strike","RobotSpaceExplorer:Strike","RobotSpaceExplorer:Defend+1","RobotSpaceExplorer:Scan","RobotSpaceExplorer:MiniLasers+1","RobotSpaceExplorer:Pulsar+1","RobotSpaceExplorer:SurgingShield","RobotSpaceExplorer:TurboDodge+1","RobotSpaceExplorer:PlasmaMissile","RobotSpaceExplorer:Pulsar+1","RobotSpaceExplorer:ShockMissile+1","RobotSpaceExplorer:LuckyStrike","RobotSpaceExplorer:StarLightning+1","RobotSpaceExplorer:ScrapMissile","RobotSpaceExplorer:FranticSearch+1","RobotSpaceExplorer:Scanner+1","RobotSpaceExplorer:PowerCollector+1","RobotSpaceExplorer:Probe+1","RobotSpaceExplorer:PowerGlove","RobotSpaceExplorer:Discharger","RobotSpaceExplorer:Jetpack+1","RobotSpaceExplorer:DoubleBlock+1"],"relics":["RobotSpaceExplorer:RoboCore","NeowsBlessing","Regal Pillow","RobotSpaceExplorer:FoglandsKnife","War Paint","Shuriken","Black Star","Bag of Preparation","Vajra","Art of War","Bronze Scales","Turnip","Mummified Hand","Philosopher\u0027s Stone","Whetstone","RobotSpaceExplorer:PlasmaHourglass","Ancient Tea Set","Calipers","Torii","Meat on the Bone","MawBank","Pocketwatch","Boot","Pear"],"acts_visited":["Exordium","TheCity","TheBeyond"],"potions_floor_usage":[6,6,22,22,24,24,28,45,47,50],"damage_taken":[{"damage":0,"enemies":"Jaw Worm","floor":1,"turns":1},{"damage":0,"enemies":"Small Slimes","floor":4,"turns":1},{"damage":0,"enemies":"Cultist","floor":5,"turns":1},{"damage":9,"enemies":"Gremlin Nob","floor":6,"turns":3},{"damage":0,"enemies":"Exordium Thugs","floor":11,"turns":4},{"damage":4,"enemies":"3 Sentries","floor":12,"turns":7},{"damage":0,"enemies":"3 Louse","floor":13,"turns":3},{"damage":2,"enemies":"Exordium Wildlife","floor":14,"turns":4},{"damage":9,"enemies":"The Guardian","floor":16,"turns":12},{"damage":10,"enemies":"Spheric Guardian","floor":18,"turns":4},{"damage":5,"enemies":"2 Thieves","floor":22,"turns":4},{"damage":8,"enemies":"Gremlin Leader","floor":24,"turns":9},{"damage":0,"enemies":"Centurion and Healer","floor":25,"turns":4},{"damage":0,"enemies":"3 Cultists","floor":27,"turns":5},{"damage":15,"enemies":"Slavers","floor":28,"turns":5},{"damage":0,"enemies":"Snecko","floor":30,"turns":4},{"damage":1,"enemies":"Centurion and Healer","floor":31,"turns":4},{"damage":52,"enemies":"Automaton","floor":33,"turns":10},{"damage":0,"enemies":"Orb Walker","floor":35,"turns":2},{"damage":8,"enemies":"3 Darklings","floor":37,"turns":4},{"damage":0,"enemies":"Transient","floor":39,"turns":5},{"damage":0,"enemies":"Giant Head","floor":41,"turns":5},{"damage":22,"enemies":"Writhing Mass","floor":42,"turns":4},{"damage":15,"enemies":"Reptomancer","floor":44,"turns":6},{"damage":22,"enemies":"2 Orb Walkers","floor":45,"turns":4},{"damage":10,"enemies":"Jaw Worm Horde","floor":47,"turns":2},{"damage":9,"enemies":"Nemesis","floor":48,"turns":5},{"damage":39,"enemies":"Time Eater","floor":50,"turns":6}],"seed_played":"-4511747303039263981","potions_obtained":[{"floor":3,"key":"ColorlessPotion"},{"floor":3,"key":"SteroidPotion"},{"floor":3,"key":"LiquidBronze"},{"floor":4,"key":"Fire Potion"},{"floor":6,"key":"SneckoOil"},{"floor":11,"key":"Fire Potion"},{"floor":14,"key":"Weak Potion"},{"floor":16,"key":"Fruit Juice"},{"floor":18,"key":"EntropicBrew"},{"floor":28,"key":"BlessingOfTheForge"},{"floor":30,"key":"LiquidMemories"},{"floor":33,"key":"AttackPotion"},{"floor":47,"key":"RobotSpaceExplorer:PlasmaFlask"}],"is_trial":false,"path_per_floor":["M","?","?","M","M","E","R","T","T","$","M","E","M","M","R","B",null,"M","?","?","T","M","R","E","M","T","M","E","$","M","M","R","B",null,"M","$","M","T","M","R","E","M","T","E","?","?","M","E","R","B",null],"character_chosen":"RobotSpaceExplorer","items_purchased":["RobotSpaceExplorer:PlasmaMissile","RobotSpaceExplorer:PowerCollector","Whetstone"],"campfire_rested":1,"item_purchase_floors":[10,36,36],"current_hp_per_floor":[75,75,75,75,75,66,66,66,66,66,66,62,62,60,60,51,75,65,65,65,65,65,65,57,57,57,57,42,42,42,41,80,28,80,80,80,72,72,72,72,72,50,50,35,25,70,60,61,61,34],"gold":445,"neow_bonus":"THREE_ENEMY_KILL","is_daily":false,"chose_seed":false,"campfire_upgraded":5,"win_rate":0.0,"timestamp":1613025044,"path_taken":["M","?","?","M","?","E","R","?","T","$","M","E","M","M","R","BOSS","M","?","?","?","M","R","E","?","T","M","E","?","M","M","R","BOSS","M","$","M","?","M","R","E","M","T","E","?","?","M","E","R","BOSS"],"items_purchased_type":["Card","Card","Relic"],"build_version":"2020-12-22","purchased_purges":2,"victory":true,"max_hp_per_floor":[75,75,75,75,75,75,75,75,75,75,75,75,75,75,75,75,75,75,75,75,75,80,80,80,80,80,80,80,80,80,80,80,80,80,80,80,80,80,80,80,80,80,80,80,80,70,70,80,80,80],"card_choices":[{"not_picked":["RobotSpaceExplorer:FrostMissile","RobotSpaceExplorer:Calculate","RobotSpaceExplorer:SwiftStep"],"picked":"SKIP","floor":1},{"not_picked":["RobotSpaceExplorer:DoubleBlock","RobotSpaceExplorer:FrostMissile"],"picked":"RobotSpaceExplorer:Pulsar","floor":4},{"not_picked":["RobotSpaceExplorer:SurgingStrike","RobotSpaceExplorer:ShockMissile"],"picked":"RobotSpaceExplorer:SurgingShield","floor":5},{"not_picked":["RobotSpaceExplorer:GlueSpray","RobotSpaceExplorer:SlimeMissile"],"picked":"RobotSpaceExplorer:TurboDodge","floor":6},{"not_picked":["RobotSpaceExplorer:Probe","RobotSpaceExplorer:MetalStrike","RobotSpaceExplorer:Counterblock"],"picked":"SKIP","floor":11},{"not_picked":["RobotSpaceExplorer:SwiftStep","RobotSpaceExplorer:Calculate","RobotSpaceExplorer:ToxicBomb"],"picked":"SKIP","floor":12},{"not_picked":["RobotSpaceExplorer:Counterblock","RobotSpaceExplorer:ImprovisedAttack"],"picked":"RobotSpaceExplorer:Pulsar","floor":13},{"not_picked":["RobotSpaceExplorer:Electroshield","RobotSpaceExplorer:Ammunition","RobotSpaceExplorer:SurgingStrike"],"picked":"SKIP","floor":14},{"not_picked":["RobotSpaceExplorer:Exploration","RobotSpaceExplorer:Accelerator"],"picked":"RobotSpaceExplorer:ShockMissile","floor":16},{"not_picked":["RobotSpaceExplorer:GlueShot","RobotSpaceExplorer:ShockKick+1","RobotSpaceExplorer:Ammunition"],"picked":"SKIP","floor":18},{"not_picked":["RobotSpaceExplorer:ToxicBomb","RobotSpaceExplorer:MetalStrike"],"picked":"RobotSpaceExplorer:StarLightning+1","floor":22},{"not_picked":["RobotSpaceExplorer:GlueShot","RobotSpaceExplorer:Multitool"],"picked":"RobotSpaceExplorer:ScrapMissile","floor":24},{"not_picked":["RobotSpaceExplorer:Blitz","RobotSpaceExplorer:Electropulse","RobotSpaceExplorer:StarDust+1"],"picked":"SKIP","floor":25},{"not_picked":["RobotSpaceExplorer:Ammunition","RobotSpaceExplorer:Calculate"],"picked":"RobotSpaceExplorer:FranticSearch+1","floor":27},{"not_picked":["RobotSpaceExplorer:Exploration","RobotSpaceExplorer:ShockKick","RobotSpaceExplorer:SwiftStep"],"picked":"SKIP","floor":28},{"not_picked":["RobotSpaceExplorer:MiniDrones","RobotSpaceExplorer:Smokescreen+1","RobotSpaceExplorer:SurgingStrike"],"picked":"SKIP","floor":30},{"not_picked":["RobotSpaceExplorer:ShovelStrike","RobotSpaceExplorer:Probe","RobotSpaceExplorer:FrostMissile"],"picked":"SKIP","floor":31},{"not_picked":["RobotSpaceExplorer:BlastShield","RobotSpaceExplorer:Multitool"],"picked":"RobotSpaceExplorer:Scanner","floor":33},{"not_picked":["RobotSpaceExplorer:SurgingStrike","RobotSpaceExplorer:FrostMissile+1","RobotSpaceExplorer:FreezeRay+1"],"picked":"SKIP","floor":35},{"not_picked":["RobotSpaceExplorer:BigMissile","RobotSpaceExplorer:FrostMissile+1"],"picked":"RobotSpaceExplorer:Probe+1","floor":37},{"not_picked":["RobotSpaceExplorer:ShockKick","RobotSpaceExplorer:FranticSearch","RobotSpaceExplorer:BlastShield"],"picked":"SKIP","floor":39},{"not_picked":["RobotSpaceExplorer:MiniDrones","RobotSpaceExplorer:ToxicBomb+1","RobotSpaceExplorer:Ammunition"],"picked":"SKIP","floor":41},{"not_picked":["RobotSpaceExplorer:MetalStrike","RobotSpaceExplorer:Ammunition"],"picked":"RobotSpaceExplorer:PowerGlove","floor":42},{"not_picked":["RobotSpaceExplorer:Counterblock","RobotSpaceExplorer:MetalStrike+1"],"picked":"RobotSpaceExplorer:Discharger","floor":44},{"not_picked":["RobotSpaceExplorer:SelfCleaning","RobotSpaceExplorer:ShovelStrike+1"],"picked":"RobotSpaceExplorer:Jetpack+1","floor":45},{"not_picked":["RobotSpaceExplorer:ShovelStrike+1","RobotSpaceExplorer:MetalStrike"],"picked":"RobotSpaceExplorer:DoubleBlock+1","floor":47},{"not_picked":["RobotSpaceExplorer:Probe+1","RobotSpaceExplorer:ToxicBomb+1","RobotSpaceExplorer:StunGrenade"],"picked":"SKIP","floor":48}],"player_experience":532376,"relics_obtained":[{"floor":6,"key":"Regal Pillow"},{"floor":8,"key":"RobotSpaceExplorer:FoglandsKnife"},{"floor":9,"key":"War Paint"},{"floor":12,"key":"Shuriken"},{"floor":21,"key":"Bag of Preparation"},{"floor":24,"key":"Vajra"},{"floor":24,"key":"Art of War"},{"floor":26,"key":"Bronze Scales"},{"floor":28,"key":"Turnip"},{"floor":28,"key":"Mummified Hand"},{"floor":38,"key":"RobotSpaceExplorer:PlasmaHourglass"},{"floor":41,"key":"Ancient Tea Set"},{"floor":41,"key":"Calipers"},{"floor":43,"key":"Torii"},{"floor":44,"key":"Meat on the Bone"},{"floor":44,"key":"MawBank"},{"floor":45,"key":"Pocketwatch"},{"floor":48,"key":"Boot"},{"floor":48,"key":"Pear"}],"event_choices":[{"cards_removed":["RobotSpaceExplorer:Defend"],"damage_healed":0,"gold_gain":0,"player_choice":"Card Removal","damage_taken":0,"max_hp_gain":0,"max_hp_loss":0,"event_name":"The Cleric","floor":2,"gold_loss":50},{"damage_healed":0,"gold_gain":0,"player_choice":"Bought 3 Potions","damage_taken":0,"max_hp_gain":0,"max_hp_loss":0,"event_name":"The Woman in Blue","floor":3,"gold_loss":0},{"damage_healed":0,"gold_gain":99,"player_choice":"Stole From Cult","damage_taken":0,"max_hp_gain":0,"max_hp_loss":0,"event_name":"Nest","floor":19,"gold_loss":0},{"damage_healed":0,"gold_gain":0,"player_choice":"Read","damage_taken":0,"max_hp_gain":0,"max_hp_loss":0,"event_name":"The Library","floor":20,"gold_loss":0,"cards_obtained":["RobotSpaceExplorer:LuckyStrike"]},{"damage_healed":0,"gold_gain":0,"player_choice":"Fight","damage_taken":0,"max_hp_gain":0,"max_hp_loss":0,"event_name":"Mysterious Sphere","floor":45,"gold_loss":0},{"damage_healed":70,"gold_gain":0,"player_choice":"Heal","damage_taken":0,"max_hp_gain":0,"max_hp_loss":10,"event_name":"The Moai Head","floor":46,"gold_loss":0}],"is_beta":false,"boss_relics":[{"not_picked":["Tiny House","Snecko Eye"],"picked":"Black Star"},{"not_picked":["Calling Bell","Runic Dome"],"picked":"Philosopher\u0027s Stone"}],"items_purged_floors":[29,36],"is_endless":false,"potions_floor_spawned":[4,6,11,14,16,18,22,28,30,33,37,39,41,47],"ascension_level":0}}