{"host":"ex9ev9v5sog028vn","time":1613029044,"event":{"mods":["Act Like it!","BaseMod","Block Reminder","Hallownest","Minty Spire (QoL Compilation)","Quick Restart","Relic Stats","StSLib","The Bug Knight"],"gold_per_floor":[117,133,146,146,158,183,33,33,56,70,70,70,70,86,86,188,188,208,208,226,242,242,242,242],"floor_reached":23,"language":"ENG","playtime":2105,"items_purged":["HollowMod:NailStrikeStart"],"score":218,"play_id":"91b2ce1d-21d8-4fa9-8953-99137aca30c2","local_time":"20210211043724","is_ascension_mode":false,"campfire_choices":[{"data":"HollowMod:HowlingWraiths","floor":8.0,"key":"SMITH"},{"data":"HollowMod:GoodIntentions","floor":11.0,"key":"SMITH"},{"data":"HollowMod:DungDefenderAura","floor":13.0,"key":"SMITH"},{"data":"HollowMod:InfectedAttack","floor":15.0,"key":"SMITH"}],"circlet_count":0,"master_deck":["HollowMod:QuickDashStart","HollowMod:QuickDashStart","HollowMod:QuickDashStart","HollowMod:QuickDashStart","HollowMod:FocusHealStart","HollowMod:PogoStrike+1","HollowMod:HowlingWraiths+1","HollowMod:CloakDash","HollowMod:DungDefenderAura+1","HollowMod:CornifersMapStart","HollowMod:ChannelNail","HollowMod:SoulShaman","HollowMod:GoodIntentions+1","HollowMod:InfectedAttack","HollowMod:InfectedAttack+1","HollowMod:InfectedAttack","HollowMod:InfectedAttack","HollowMod:AwokenDreamNail","HollowMod:GoodIntentions","HollowMod:DreamGate+1"],"relics":["HollowMod:VesselMask","Hallownest:DreamNailRelic","Potion Belt","Bag of Preparation","Coffee Dripper"],"acts_visited":["Exordium","Hallownest:Greenpath"],"potions_floor_usage":[23,23,23,23],"damage_taken":[{"damage":0.0,"enemies":"Hallownest:2_Tiktiks_and_1_Crawlid","floor":1.0,"turns":5.0},{"damage":0.0,"enemies":"Hallownest:monsterHuskWarrior","floor":2.0,"turns":3.0},{"damage":0.0,"enemies":"Hallownest:2_MossCreeps","floor":3.0,"turns":3.0},{"damage":0.0,"enemies":"Hallownest:Wandering_and_Horned","floor":5.0,"turns":5.0},{"damage":10.0,"enemies":"Hallownest:eliteCrystalGuardian","floor":6.0,"turns":8.0},{"damage":7.0,"enemies":"Hallownest:MossCreep_and_Mosskin","floor":10.0,"turns":6.0},{"damage":9.0,"enemies":"Hallownest:2_Tiktiks_1_Baldur_1_Crawlid","floor":14.0,"turns":6.0},{"damage":64.0,"enemies":"Hallownest:BossBrokenVessel","floor":16.0,"turns":11.0},{"damage":10.0,"enemies":"Hallownest:Guard_and_Sentry","floor":18.0,"turns":5.0},{"damage":15,"enemies":"Hallownest:2_Mistakes","floor":20,"turns":7},{"damage":43,"enemies":"Hallownest:3_Mistakes","floor":21,"turns":12},{"damage":35,"enemies":"Hallownest:eliteWatcherKnight","floor":23,"turns":8}],"seed_played":"-2740690087793571187","potions_obtained":[{"floor":2.0,"key":"Weak Potion"},{"floor":5.0,"key":"SpeedPotion"},{"floor":6.0,"key":"LiquidMemories"},{"floor":16.0,"key":"Energy Potion"}],"is_trial":false,"path_per_floor":["M","M","M","?","M","E","$","R","T","M","R","?","R","M","R","B",null,"M","?","M","M","?","E"],"character_chosen":"THE_BUGKNIGHT","items_purchased":["HollowMod:SoulShaman"],"campfire_rested":0,"item_purchase_floors":[7],"current_hp_per_floor":[75,75,75,75,75,71,71,71,71,64,64,64,64,55,55,3,75,71,71,60,27,27,0,0],"gold":242,"neow_bonus":"UPGRADE_CARD","is_daily":false,"chose_seed":false,"campfire_upgraded":4,"win_rate":0.0,"timestamp":1613029044,"path_taken":["M","M","M","?","M","E","?","R","T","M","R","?","R","M","R","BOSS","M","?","M","M","?","E"],"items_purchased_type":["Card"],"build_version":"2020-12-22","purchased_purges":1,"victory":false,"max_hp_per_floor":[75,75,75,75,75,75,75,75,75,75,75,75,75,75,75,75,75,75,75,75,75,75,75,75],"relic_stats":{"counters":[12,79],"Bag of Preparation":[14],"obtain_stats":[{"Potion Belt":6,"HollowMod:VesselMask":0,"Hallownest:DreamNailRelic":4,"Bag of Preparation":9,"Coffee Dripper":17},{"Potion Belt":5,"HollowMod:VesselMask":0,"Hallownest:DreamNailRelic":3,"Bag of Preparation":5,"Coffee Dripper":8},{"Potion Belt":24,"HollowMod:VesselMask":0,"Hallownest:DreamNailRelic":11,"Bag of Preparation":24,"Coffee Dripper":47}]},"card_choices":[{"not_picked":["HollowMod:DescendingDark","HollowMod:GrimmsGift"],"picked":"HollowMod:HowlingWraiths","floor":1.0},{"not_picked":["HollowMod:BlackTendrils","HollowMod:NewJinnsSoul"],"picked":"HollowMod:CloakDash","floor":2.0},{"not_picked":["HollowMod:LifebloodCocoon","HollowMod:DescendingDark"],"picked":"HollowMod:DungDefenderAura","floor":3.0},{"not_picked":["HollowMod:DreamGate","HollowMod:NewLittleFool"],"picked":"HollowMod:CornifersMapStart","floor":5.0},{"not_picked":["HollowMod:ShapeofUnn","HollowMod:DungDefenderAura"],"picked":"HollowMod:ChannelNail","floor":6.0},{"not_picked":["HollowMod:NewLittleFool","HollowMod:WraithStrike"],"picked":"HollowMod:GoodIntentions","floor":10.0},{"not_picked":["HollowMod:DescendingDark","HollowMod:InfectedAttack","HollowMod:SoulSplash"],"picked":"SKIP","floor":14.0},{"not_picked":["HollowMod:HornetsHelp","HollowMod:Hiveblood"],"picked":"HollowMod:AwokenDreamNail","floor":16.0},{"not_picked":["HollowMod:CornifersMapStart","HollowMod:TaintedHusks+1"],"picked":"HollowMod:GoodIntentions","floor":18.0},{"not_picked":["HollowMod:VengefulVoid","HollowMod:GoodIntentions","HollowMod:InfectedAttack"],"picked":"SKIP","floor":20},{"not_picked":["HollowMod:SiblingsShadow","HollowMod:NewLittleFool"],"picked":"HollowMod:DreamGate+1","floor":21}],"player_experience":710400,"relics_obtained":[{"floor":6.0,"key":"Potion Belt"},{"floor":9.0,"key":"Bag of Preparation"}],"event_choices":[],"is_beta":false,"boss_relics":[{"not_picked":["SlaversCollar","Pandora\u0027s Box"],"picked":"Coffee Dripper"}],"items_purged_floors":[7],"is_endless":false,"potions_floor_spawned":[2,5,6,16],"killed_by":"Hallownest:eliteWatcherKnight","ascension_level":0}}