{"host":"prxrhpgaxnj4om9r","time":1613041649,"event":{"mods":["AchievementEnabler","BaseMod","DeckTracker","Keyboard Shortcuts","Minty Spire (QoL Compilation)"],"gold_per_floor":[116,216,232,248,267,287,287,317,317,317,317,328,328,328,328,328,328],"floor_reached":16,"language":"KOR","playtime":643,"items_purged":[],"score":102,"play_id":"312eef09-4832-4d8b-aad7-c5a079cf1d71","local_time":"20210211200729","is_ascension_mode":false,"campfire_choices":[{"floor":7.0,"key":"REST"},{"floor":11.0,"key":"REST"},{"floor":13.0,"key":"REST"},{"floor":15,"key":"RECALL"}],"circlet_count":0,"master_deck":["Strike_G","Strike_G","Strike_G","Strike_G","Strike_G","Defend_G","Defend_G","Defend_G","Defend_G","Defend_G","Survivor+1","Neutralize","Heel Hook","Poisoned Stab","PiercingWail","Cloak And Dagger","Caltrops","Storm of Steel","Dodge and Roll"],"relics":["Ring of the Snake","Mummified Hand"],"acts_visited":["Exordium"],"potions_floor_usage":[16],"damage_taken":[{"damage":3.0,"enemies":"2 Louse","floor":1.0,"turns":3.0},{"damage":1.0,"enemies":"Cultist","floor":3.0,"turns":4.0},{"damage":7.0,"enemies":"Jaw Worm","floor":4.0,"turns":3.0},{"damage":21.0,"enemies":"Red Slaver","floor":5.0,"turns":5.0},{"damage":2.0,"enemies":"Blue Slaver","floor":6.0,"turns":4.0},{"damage":62.0,"enemies":"Gremlin Nob","floor":8.0,"turns":6.0},{"damage":3.0,"enemies":"Looter","floor":12.0,"turns":5.0},{"damage":56,"enemies":"Slime Boss","floor":16,"turns":8}],"seed_played":"-8817188323728610306","potions_obtained":[{"floor":1.0,"key":"SpeedPotion"},{"floor":8.0,"key":"Ancient Potion"},{"floor":12.0,"key":"Regen Potion"}],"is_trial":false,"path_per_floor":["M","?","M","M","M","M","R","E","T","?","R","M","R","?","R","B"],"character_chosen":"THE_SILENT","items_purchased":[],"campfire_rested":3,"item_purchase_floors":[],"current_hp_per_floor":[74,74,73,66,45,43,66,4,4,4,27,24,47,47,47,0,0],"gold":328,"neow_bonus":"TEN_PERCENT_HP_BONUS","is_daily":false,"chose_seed":false,"campfire_upgraded":0,"win_rate":0.0,"timestamp":1613041649,"path_taken":["M","?","?","M","M","M","R","E","T","?","R","M","R","?","R","BOSS"],"items_purchased_type":[],"build_version":"2020-12-22","purchased_purges":0,"victory":false,"max_hp_per_floor":[77,77,77,77,77,77,77,77,77,77,77,77,77,77,77,77,77],"card_choices":[{"not_picked":["Reflex","Acrobatics"],"picked":"Heel Hook","floor":1.0},{"not_picked":["Prepared","Setup"],"picked":"Poisoned Stab","floor":3.0},{"not_picked":["Poisoned Stab","Prepared"],"picked":"PiercingWail","floor":4.0},{"not_picked":["PiercingWail","Quick Slash"],"picked":"Cloak And Dagger","floor":5.0},{"not_picked":["Reflex","Slice"],"picked":"Caltrops","floor":6.0},{"not_picked":["Bane","Tactician"],"picked":"Storm of Steel","floor":8.0},{"not_picked":["Slice","Accuracy"],"picked":"Dodge and Roll","floor":12.0}],"player_experience":379663,"relics_obtained":[{"floor":8.0,"key":"Mummified Hand"}],"event_choices":[{"damage_healed":0.0,"max_hp_gain":0.0,"max_hp_loss":0.0,"gold_gain":100.0,"event_name":"Golden Shrine","player_choice":"Pray","floor":2.0,"gold_loss":0.0,"damage_taken":0.0},{"damage_healed":0.0,"max_hp_gain":0.0,"max_hp_loss":0.0,"gold_gain":0.0,"event_name":"Shining Light","player_choice":"Ignored","floor":10.0,"gold_loss":0.0,"damage_taken":0.0},{"damage_healed":0,"gold_gain":0,"player_choice":"Forge","damage_taken":0,"max_hp_gain":0,"max_hp_loss":0,"event_name":"Accursed Blacksmith","floor":14,"gold_loss":0,"cards_upgraded":["Survivor"]}],"is_beta":false,"boss_relics":[],"items_purged_floors":[],"is_endless":false,"potions_floor_spawned":[1,8,12],"killed_by":"Slime Boss","ascension_level":0}}