{"host":"jnjjep9eao6ek8hi","time":1613026350,"event":{"mods":["BaseMod","Colored Map","Downfall","Minty Spire (QoL Compilation)","Permanent Neow","StSLib","SuperFastMode"],"gold_per_floor":[99,110,210,210,230,256,281,312,0,25,25,41,41,54,67,171,171,71,81,92,177,189,222,268,283,283,283,283],"floor_reached":26,"language":"ENG","playtime":1775,"items_purged":["Slimebound:Tackle"],"score":238,"play_id":"69026615-5d0c-488e-891e-4599b22101ca","local_time":"20210211075230","is_ascension_mode":false,"campfire_choices":[{"data":"Slimebound:SlimeSlap","floor":1,"key":"SMITH"},{"data":"Slimebound:Grow","floor":11,"key":"SMITH"},{"data":"Slimebound:SamplingLick","floor":13,"key":"SMITH"},{"floor":18,"key":"RECALL"}],"circlet_count":0,"master_deck":["Slimebound:Strike_Slimebound","Slimebound:Strike_Slimebound","Slimebound:Defend_Slimebound","Slimebound:Defend_Slimebound","Slimebound:Defend_Slimebound","Slimebound:Split","Slimebound:CorrosiveSpit","Slimebound:ServeAndProtect","Slimebound:SlimeSlap+1","Slimebound:SamplingLick+1","Slimebound:TongueLash","Slimebound:SlimeSpikes","Slimebound:LeechingTouch","Slimebound:Schlurp","Slimebound:Grow+1","Slimebound:HauntingLick","Slimebound:Gluttony","Slimebound:LivingWall","Slimebound:GoopSpray","Slimebound:Gluttony","Slimebound:SamplingLick"],"relics":["Slimebound:AbsorbEndCombat","Ornamental Fan","Omamori","Potion Belt","HandDrill","Odd Mushroom","Sozu","downfall:HeartBlessingGreen","Letter Opener"],"acts_visited":["Exordium","TheCity"],"potions_floor_usage":[16,16,16,25],"damage_taken":[{"damage":2,"enemies":"2 Louse","floor":2,"turns":4},{"damage":0,"enemies":"Small Slimes","floor":5,"turns":3},{"damage":38,"enemies":"Gremlin Nob","floor":6,"turns":5},{"damage":22,"enemies":"3 Sentries","floor":8,"turns":12},{"damage":0,"enemies":"downfall:FleeingMerchant","floor":9,"turns":4},{"damage":7,"enemies":"The Mushroom Lair","floor":10,"turns":4},{"damage":0,"enemies":"Cultist","floor":12,"turns":4},{"damage":8,"enemies":"Exordium Thugs","floor":14,"turns":4},{"damage":2,"enemies":"2 Fungi Beasts","floor":15,"turns":5},{"damage":22,"enemies":"DF_ARCHETYPE_STREAMLINE","floor":16,"turns":14},{"damage":2,"enemies":"3 Byrds","floor":19,"turns":5},{"damage":8,"enemies":"Spheric Guardian","floor":20,"turns":5},{"damage":0,"enemies":"Centurion and Healer","floor":22,"turns":6},{"damage":54,"enemies":"Slavers","floor":23,"turns":8},{"damage":0,"enemies":"Cultist and Chosen","floor":25,"turns":6},{"damage":15,"enemies":"Sentry and Sphere","floor":26,"turns":3}],"seed_played":"-7976812385270982981","potions_obtained":[{"floor":8,"key":"SpeedPotion"},{"floor":10,"key":"SkillPotion"},{"floor":14,"key":"SpeedPotion"},{"floor":16,"key":"Slimebound:ThreeZeroPotion"}],"is_trial":false,"path_per_floor":["R","M","?","?","M","E","T","E","$","?","R","M","R","M","M","B",null,"R","M","M","?","M","E","T","M","M"],"character_chosen":"SLIMEBOUND","items_purchased":["Slimebound:Grow","HandDrill"],"campfire_rested":0,"item_purchase_floors":[9,9],"current_hp_per_floor":[59,59,59,59,59,27,27,11,17,14,14,18,18,16,22,8,59,59,59,57,45,53,7,7,15,0,0,0],"gold":283,"neow_bonus":"TRANSFORM_TWO_CARDS","is_daily":false,"chose_seed":false,"campfire_upgraded":3,"win_rate":0.0,"timestamp":1613026350,"path_taken":["R","M","?","?","?","E","T","E","$","?","R","M","R","M","M","BOSS","R","M","M","?","M","E","T","M","M"],"items_purchased_type":["Card","Relic"],"build_version":"2020-12-22","purchased_purges":1,"victory":false,"max_hp_per_floor":[59,59,59,59,59,59,59,59,59,59,59,59,59,59,59,59,59,59,59,59,59,59,59,59,59,59,59,59],"card_choices":[{"not_picked":["Slimebound:ComboTackle","Slimebound:BestDefense"],"picked":"Slimebound:SamplingLick","floor":2},{"not_picked":["Slimebound:ComboTackle","Slimebound:LeechingTouch"],"picked":"Slimebound:TongueLash","floor":5},{"not_picked":["Slimebound:DivideAndConquer","Slimebound:FlameTackle"],"picked":"Slimebound:SlimeSpikes","floor":6},{"not_picked":["Slimebound:SlimeSpikes","Slimebound:SplitMire"],"picked":"Slimebound:LeechingTouch","floor":8},{"not_picked":["Slimebound:RollThrough","Slimebound:WasteNot"],"picked":"Slimebound:Schlurp","floor":9},{"not_picked":["Slimebound:RollThrough","Slimebound:FlameTackle"],"picked":"Slimebound:HauntingLick","floor":10},{"not_picked":["Slimebound:SplitAcid","Slimebound:LeadByExample"],"picked":"Slimebound:Gluttony","floor":12},{"not_picked":["Slimebound:LeadByExample","Slimebound:GoopTackle"],"picked":"Slimebound:LivingWall","floor":14},{"not_picked":["Slimebound:SplitMire","Slimebound:Chomp"],"picked":"Slimebound:GoopSpray","floor":15},{"not_picked":["Slimebound:HauntingLick","Slimebound:BestDefense","Slimebound:Prepare"],"picked":"SKIP","floor":19},{"not_picked":["Slimebound:SplitBruiser+1","Slimebound:Chomp","Slimebound:ViciousTackle"],"picked":"SKIP","floor":20},{"not_picked":["Slimebound:SplitSpecialist","Slimebound:SplitAcid+1"],"picked":"Slimebound:Gluttony","floor":22},{"not_picked":["Slimebound:TongueLash","Slimebound:ItLooksTasty"],"picked":"Slimebound:SamplingLick","floor":23},{"not_picked":["Slimebound:ComboTackle+1","Slimebound:ItLooksTasty","Slimebound:GoopSpray"],"picked":"SKIP","floor":25}],"player_experience":285982,"relics_obtained":[{"floor":6,"key":"Ornamental Fan"},{"floor":7,"key":"Omamori"},{"floor":8,"key":"Potion Belt"},{"floor":10,"key":"Odd Mushroom"},{"floor":23,"key":"Letter Opener"}],"event_choices":[{"damage_healed":0,"gold_gain":0,"player_choice":"Ignored","damage_taken":0,"max_hp_gain":0,"max_hp_loss":0,"event_name":"NoteForYourself","floor":4,"gold_loss":0},{"damage_healed":0,"gold_gain":0,"player_choice":"Fought Mushrooms","damage_taken":0,"max_hp_gain":0,"max_hp_loss":0,"event_name":"Mushrooms","floor":10,"gold_loss":0}],"is_beta":false,"boss_relics":[{"not_picked":["Velvet Choker","Philosopher\u0027s Stone"],"picked":"Sozu"}],"items_purged_floors":[9],"is_endless":false,"potions_floor_spawned":[8,10,14,16,22,23],"killed_by":"Sentry and Sphere","ascension_level":0}}