{"host":"yhhyog5h1q67ienp","time":1613018507,"event":{"mods":["AchievementEnabler","BaseMod","Block Reminder","Colored Map","Colored Powertips","Minty Spire (QoL Compilation)","Quick Restart","Relic Stats","StSLib","Weighted Paths","ojb\u0027s Better Paths Mod","ojb\u0027s Info Mod"],"gold_per_floor":[18,18,18,36,53,53,78,78,78,96,131,145,145,145,145],"floor_reached":14,"language":"ENG","playtime":1086,"items_purged":[],"score":200,"play_id":"a7466635-81a1-4f96-8ce3-80ce6b50b1f1","local_time":"20210211014147","is_ascension_mode":true,"campfire_choices":[{"data":"Loop","floor":6,"key":"SMITH"},{"data":"Coolheaded","floor":8,"key":"SMITH"}],"circlet_count":0,"master_deck":["AscendersBane","Strike_B","Strike_B","Defend_B","Defend_B","Defend_B","Zap","Dualcast","Fission","Tempest","Cold Snap","Coolheaded+1","Loop+1","Coolheaded","Self Repair","Coolheaded","Ball Lightning"],"relics":["Cracked Core","Du-Vu Doll","Emotion Chip","Peace Pipe"],"acts_visited":["Exordium"],"potions_floor_usage":[11,11,12],"damage_taken":[{"damage":0,"enemies":"2 Louse","floor":1,"turns":2},{"damage":0,"enemies":"Cultist","floor":4,"turns":3},{"damage":5,"enemies":"Small Slimes","floor":5,"turns":3},{"damage":13,"enemies":"Lagavulin","floor":7,"turns":8},{"damage":7,"enemies":"Exordium Wildlife","floor":10,"turns":6},{"damage":24,"enemies":"3 Sentries","floor":11,"turns":11},{"damage":16,"enemies":"Gremlin Gang","floor":12,"turns":5},{"damage":8,"enemies":"Gremlin Nob","floor":14,"turns":2}],"seed_played":"-4782876103612748000","potions_obtained":[{"floor":1,"key":"Fire Potion"},{"floor":7,"key":"LiquidMemories"},{"floor":11,"key":"AttackPotion"}],"is_trial":false,"path_per_floor":["M","$","?","M","M","R","E","R","T","M","E","M","?","E"],"character_chosen":"DEFECT","items_purchased":[],"campfire_rested":0,"item_purchase_floors":[],"current_hp_per_floor":[64,64,64,64,59,59,46,46,46,39,22,6,6,0,0],"gold":145,"neow_bonus":"TRANSFORM_TWO_CARDS","is_daily":false,"chose_seed":false,"campfire_upgraded":2,"win_rate":0.0,"timestamp":1613018507,"path_taken":["M","$","?","?","M","R","E","R","T","M","E","M","?","E"],"items_purchased_type":[],"build_version":"2020-12-22","purchased_purges":0,"victory":false,"max_hp_per_floor":[71,71,71,71,71,71,71,71,71,71,71,71,71,71,71],"relic_stats":{"Peace Pipe":0,"Emotion Chip":[20,9,11,0,0],"counters":[8,39],"obtain_stats":[{"Du-Vu Doll":7,"Peace Pipe":11,"Emotion Chip":9,"Cracked Core":0},{"Du-Vu Doll":4,"Peace Pipe":6,"Emotion Chip":4,"Cracked Core":0},{"Du-Vu Doll":16,"Peace Pipe":33,"Emotion Chip":16,"Cracked Core":0}]},"card_choices":[{"not_picked":["Sunder","Hologram"],"picked":"Cold Snap","floor":1},{"not_picked":["Tempest","Reinforced Body"],"picked":"Coolheaded","floor":4},{"not_picked":["FTL","Hologram"],"picked":"Loop","floor":5},{"not_picked":["Turbo","Leap"],"picked":"Coolheaded","floor":7},{"not_picked":["Stack","Leap"],"picked":"Self Repair","floor":10},{"not_picked":["Blizzard","Double Energy"],"picked":"Coolheaded","floor":11},{"not_picked":["Reinforced Body","Sweeping Beam"],"picked":"Ball Lightning","floor":12}],"player_experience":1448237,"relics_obtained":[{"floor":7,"key":"Du-Vu Doll"},{"floor":9,"key":"Emotion Chip"},{"floor":11,"key":"Peace Pipe"}],"event_choices":[{"cards_removed":["Strike_B"],"damage_healed":0,"gold_gain":0,"player_choice":"Offered Basic","damage_taken":0,"max_hp_gain":0,"max_hp_loss":0,"event_name":"Bonfire Elementals","floor":3,"gold_loss":0},{"damage_healed":0,"gold_gain":0,"player_choice":"Ignored","damage_taken":0,"max_hp_gain":0,"max_hp_loss":0,"event_name":"Liars Game","floor":13,"gold_loss":0}],"is_beta":false,"boss_relics":[],"items_purged_floors":[],"is_endless":false,"potions_floor_spawned":[1,7,10,11],"killed_by":"Gremlin Nob","ascension_level":20}}