{"host":"Bilverbakes","time":1613079433,"event":{"mods":["2.2 Compatiblity","AchievementEnabler","BaseMod","Bestiary","Colored Map","Minty Spire (QoL Compilation)","Relic Stats","StSLib","ojb\u0027s Info Mod"],"gold_per_floor":[119,119,129,10,26,59,59,0,0,0,35,35,60,70,70,145,145,159,159,7,7,27,27,40,40,40,40,40,56,89,109,109,181,181,201,201,126,142,157,192,225,260,308,333,359,359,95,110,110,110,110,110,110,26,54,54,54],"floor_reached":56,"language":"ENG","playtime":4320,"items_purged":["Strike_P"],"score":2302,"play_id":"ec9a9acb-7dfc-49c0-b355-ba7cc790d98b","local_time":"20210211153713","is_ascension_mode":true,"campfire_choices":[{"floor":10.0,"key":"REST"},{"data":"Blasphemy","floor":15.0,"key":"SMITH"},{"data":"EmptyMind","floor":23.0,"key":"SMITH"},{"data":"Meditate","floor":25.0,"key":"SMITH"},{"data":"Trip","floor":27.0,"key":"SMITH"},{"data":"CutThroughFate","floor":32.0,"key":"SMITH"},{"floor":46.0,"key":"RECALL"},{"data":"MentalFortress","floor":49.0,"key":"SMITH"},{"data":"TalkToTheHand","floor":53.0,"key":"SMITH"}],"circlet_count":0,"master_deck":["AscendersBane","Strike_P+1","Strike_P+1","Defend_P+1","Defend_P+1","Defend_P+1","Eruption+1","Vigilance+1","CarveReality","EmptyMind+1","Trip+1","CutThroughFate+1","ClearTheMind+1","InnerPeace+1","Blasphemy+1","FlurryOfBlows+1","LessonLearned+1","Meditate+1","EmptyMind+1","TalkToTheHand+1","EmptyFist+1","Vengeance+1","Establishment+1","Vault+1","MentalFortress+1","Tantrum+1","FlurryOfBlows+1","Fasting2+1","Vault","FearNoEvil","MentalFortress+1","JustLucky"],"relics":["VioletLotus","Bottled Flame","Orichalcum","WingedGreaves","Whetstone","Coffee Dripper","Bottled Lightning","HornCleat","SacredBark","Yang","InkBottle","Dream Catcher","Torii","Question Card","TeardropLocket","Bag of Marbles"],"acts_visited":["Exordium","TheCity","TheBeyond","TheEnding"],"potions_floor_usage":[],"damage_taken":[{"damage":0.0,"enemies":"Cultist","floor":1.0,"turns":2.0},{"damage":4.0,"enemies":"Small Slimes","floor":3.0,"turns":4.0},{"damage":0.0,"enemies":"Jaw Worm","floor":5.0,"turns":2.0},{"damage":22.0,"enemies":"3 Sentries","floor":6.0,"turns":5.0},{"damage":10.0,"enemies":"Gremlin Nob","floor":11.0,"turns":3.0},{"damage":14.0,"enemies":"3 Sentries","floor":13.0,"turns":10.0},{"damage":0.0,"enemies":"Exordium Thugs","floor":14.0,"turns":3.0},{"damage":19.0,"enemies":"The Guardian","floor":16.0,"turns":7.0},{"damage":23.0,"enemies":"Shell Parasite","floor":18.0,"turns":4.0},{"damage":0.0,"enemies":"Chosen","floor":22.0,"turns":3.0},{"damage":8.0,"enemies":"Snake Plant","floor":24.0,"turns":3.0},{"damage":0.0,"enemies":"Centurion and Healer","floor":29.0,"turns":1.0},{"damage":6.0,"enemies":"Book of Stabbing","floor":30.0,"turns":4.0},{"damage":0.0,"enemies":"Sentry and Sphere","floor":31.0,"turns":3.0},{"damage":11.0,"enemies":"Automaton","floor":33.0,"turns":6.0},{"damage":0.0,"enemies":"Orb Walker","floor":35.0,"turns":3.0},{"damage":0.0,"enemies":"3 Darklings","floor":38.0,"turns":2.0},{"damage":2.0,"enemies":"Transient","floor":39.0,"turns":7.0},{"damage":16.0,"enemies":"Reptomancer","floor":40.0,"turns":5.0},{"damage":0.0,"enemies":"Giant Head","floor":41.0,"turns":4.0},{"damage":0.0,"enemies":"Reptomancer","floor":42.0,"turns":4.0},{"damage":0.0,"enemies":"Mind Bloom Boss Battle","floor":44.0,"turns":4.0},{"damage":0.0,"enemies":"Nemesis","floor":45.0,"turns":4.0},{"damage":0.0,"enemies":"Writhing Mass","floor":48.0,"turns":3.0},{"damage":0.0,"enemies":"Awakened One","floor":50.0,"turns":7.0},{"damage":22.0,"enemies":"Time Eater","floor":51.0,"turns":6.0},{"damage":11,"enemies":"Shield and Spear","floor":55,"turns":7},{"damage":47,"enemies":"The Heart","floor":56,"turns":3}],"seed_played":"-177286708229230905","potions_obtained":[{"floor":3.0,"key":"AttackPotion"},{"floor":11.0,"key":"Regen Potion"},{"floor":14.0,"key":"FearPotion"},{"floor":18.0,"key":"SneckoOil"},{"floor":29.0,"key":"DuplicationPotion"},{"floor":31.0,"key":"SkillPotion"},{"floor":33.0,"key":"Dexterity Potion"},{"floor":40.0,"key":"SpeedPotion"},{"floor":42.0,"key":"EssenceOfSteel"},{"floor":48.0,"key":"DistilledChaos"}],"is_trial":false,"path_per_floor":["M","?","M","$","M","E","?","?","T","R","E","?","E","M","R","B",null,"M","?","$","?","M","R","M","R","T","R","?","M","E","M","R","B",null,"M","?","?","M","M","E","E","E","T","?","E","R","$","M","R","B","B",null,"R","$","E","B"],"character_chosen":"WATCHER","items_purchased":["Trip","CutThroughFate","TalkToTheHand","TeardropLocket","MentalFortress"],"campfire_rested":1,"item_purchase_floors":[4,4,20,47,54],"current_hp_per_floor":[61,41,37,37,37,15,15,15,15,35,25,25,26,26,26,7,53,30,30,30,30,30,30,22,22,22,22,22,22,16,16,16,5,52,52,52,52,52,50,34,34,34,34,34,34,34,34,34,34,34,12,52,52,52,41,0,0],"gold":54,"neow_bonus":"BOSS_RELIC","is_daily":false,"chose_seed":false,"campfire_upgraded":7,"win_rate":0.0,"timestamp":1613079433,"path_taken":["M","?","M","$","M","E","?","?","T","R","E","?","E","M","R","BOSS","M","?","?","?","M","R","M","R","T","R","?","M","E","?","R","BOSS","M","?","?","?","M","E","E","E","T","?","E","R","$","M","R","BOSS","BOSS","R","$","E","BOSS"],"items_purchased_type":["Card","Card","Card","Relic","Card"],"build_version":"2020-12-18","purchased_purges":1,"victory":false,"max_hp_per_floor":[68,68,68,68,68,68,68,68,68,68,68,68,68,68,68,68,68,68,68,68,68,68,68,68,68,68,68,68,68,68,68,68,68,68,68,65,65,65,65,65,65,65,65,65,65,65,65,65,65,65,65,65,65,65,65,65,65],"relic_stats":{"Dream Catcher":0,"Torii":12,"counters":[28,119],"Yang":[204],"VioletLotus":[100],"Whetstone":["Strike_P","Eruption"],"Orichalcum":[84],"Question Card":2,"obtain_stats":[{"Torii":44,"SacredBark":34,"Yang":40,"Whetstone":13,"TeardropLocket":47,"Orichalcum":9,"Question Card":45,"Bottled Flame":6,"Dream Catcher":42,"HornCleat":30,"VioletLotus":0,"WingedGreaves":11,"Coffee Dripper":17,"Bag of Marbles":55,"Bottled Lightning":26,"PureWater":0,"InkBottle":41},{"Torii":22,"SacredBark":15,"Yang":19,"Whetstone":6,"TeardropLocket":23,"Orichalcum":4,"Question Card":23,"Bottled Flame":4,"Dream Catcher":21,"HornCleat":13,"VioletLotus":0,"WingedGreaves":5,"Coffee Dripper":8,"Bag of Marbles":27,"Bottled Lightning":11,"PureWater":0,"InkBottle":20},{"Torii":89,"SacredBark":60,"Yang":77,"Whetstone":26,"TeardropLocket":93,"Orichalcum":13,"Question Card":93,"Bottled Flame":13,"Dream Catcher":85,"HornCleat":51,"VioletLotus":0,"WingedGreaves":16,"Coffee Dripper":36,"Bag of Marbles":116,"Bottled Lightning":46,"PureWater":0,"InkBottle":81}],"InkBottle":[30]},"card_choices":[{"not_picked":["FollowUp","WindmillStrike"],"picked":"CarveReality","floor":1.0},{"not_picked":["Evaluate","FlurryOfBlows"],"picked":"EmptyMind","floor":3.0},{"not_picked":["CrushJoints","FlyingSleeves","SashWhip"],"picked":"SKIP","floor":5.0},{"not_picked":["EmptyBody","Halt"],"picked":"ClearTheMind","floor":6.0},{"not_picked":["Worship","Crescendo"],"picked":"InnerPeace","floor":11.0},{"not_picked":["ClearTheMind","CutThroughFate"],"picked":"Blasphemy","floor":13.0},{"not_picked":["WheelKick","Halt"],"picked":"FlurryOfBlows","floor":14.0},{"not_picked":["Blasphemy","Vault"],"picked":"LessonLearned","floor":16.0},{"not_picked":["WreathOfFlame","Consecrate"],"picked":"Meditate","floor":18.0},{"not_picked":["CrushJoints","BattleHymn"],"picked":"EmptyFist+1","floor":22.0},{"not_picked":["Wallop","InnerPeace"],"picked":"Vengeance","floor":24.0},{"not_picked":["Fasting2","SignatureMove","Wireheading"],"picked":"SKIP","floor":29.0},{"not_picked":["Fasting2","WreathOfFlame","Consecrate"],"picked":"SKIP","floor":30.0},{"not_picked":["Consecrate","EmptyFist","Pray"],"picked":"SKIP","floor":31.0},{"not_picked":["Blasphemy","Ragnarok"],"picked":"Vault","floor":33.0},{"not_picked":["SignatureMove","EmptyFist"],"picked":"MentalFortress","floor":35.0},{"not_picked":["Crescendo+1","PathToVictory"],"picked":"Tantrum+1","floor":38.0},{"not_picked":["FlyingSleeves","FollowUp","ClearTheMind+1"],"picked":"SKIP","floor":39.0},{"not_picked":["Evaluate","SashWhip"],"picked":"FlurryOfBlows","floor":40.0},{"not_picked":["BowlingBash","ForeignInfluence+1","CrushJoints"],"picked":"SKIP","floor":41.0},{"not_picked":["SignatureMove","ConjureBlade","Protect"],"picked":"SKIP","floor":42.0},{"not_picked":["Collect+1","SandsOfTime+1"],"picked":"Fasting2","floor":44.0},{"not_picked":["SandsOfTime","ClearTheMind+1"],"picked":"Vault","floor":45.0},{"not_picked":["ThirdEye+1","CarveReality","Consecrate"],"picked":"FearNoEvil","floor":48.0},{"not_picked":["FollowUp","SignatureMove","Swivel+1"],"picked":"JustLucky","floor":55}],"player_experience":935084,"relics_obtained":[{"floor":6.0,"key":"Bottled Flame"},{"floor":9.0,"key":"Orichalcum"},{"floor":11.0,"key":"WingedGreaves"},{"floor":13.0,"key":"Whetstone"},{"floor":26.0,"key":"Bottled Lightning"},{"floor":30.0,"key":"HornCleat"},{"floor":40.0,"key":"Yang"},{"floor":41.0,"key":"InkBottle"},{"floor":42.0,"key":"Dream Catcher"},{"floor":44.0,"key":"Torii"},{"floor":45.0,"key":"Question Card"},{"floor":55,"key":"Bag of Marbles"}],"event_choices":[{"damage_healed":0.0,"max_hp_gain":0.0,"max_hp_loss":0.0,"gold_gain":0.0,"event_name":"Shining Light","player_choice":"Entered Light","floor":2.0,"gold_loss":0.0,"damage_taken":20.0,"cards_upgraded":["Strike_P","Defend_P"]},{"damage_healed":0.0,"max_hp_gain":0.0,"max_hp_loss":0.0,"gold_gain":0.0,"event_name":"Dead Adventurer","player_choice":"Searched \u00270\u0027 times","floor":7.0,"gold_loss":0.0,"damage_taken":0.0},{"damage_healed":0.0,"max_hp_gain":0.0,"max_hp_loss":0.0,"gold_gain":0.0,"event_name":"World of Goop","player_choice":"Left Gold","floor":8.0,"gold_loss":59.0,"damage_taken":0.0},{"damage_healed":0.0,"max_hp_gain":0.0,"max_hp_loss":0.0,"gold_gain":0.0,"event_name":"Scrap Ooze","player_choice":"Fled","floor":12.0,"gold_loss":0.0,"damage_taken":0.0},{"damage_healed":0.0,"max_hp_gain":0.0,"max_hp_loss":0.0,"gold_gain":0.0,"event_name":"Duplicator","player_choice":"Copied","floor":19.0,"gold_loss":0.0,"damage_taken":0.0,"cards_obtained":["EmptyMind"]},{"damage_healed":0.0,"max_hp_gain":0.0,"max_hp_loss":0.0,"gold_gain":0.0,"cards_transformed":["Strike_P"],"event_name":"Transmorgrifier","player_choice":"Transformed","floor":28.0,"gold_loss":0.0,"damage_taken":0.0,"cards_obtained":["Establishment"]},{"damage_healed":0.0,"max_hp_gain":0.0,"max_hp_loss":3.0,"gold_gain":0.0,"event_name":"Winding Halls","player_choice":"Max HP","floor":36.0,"gold_loss":0.0,"damage_taken":0.0},{"cards_removed":["Defend_P"],"damage_healed":0.0,"max_hp_gain":0.0,"max_hp_loss":0.0,"gold_gain":0.0,"event_name":"Designer","player_choice":"Single Remove","floor":37.0,"gold_loss":75.0,"damage_taken":0.0},{"damage_healed":0.0,"max_hp_gain":0.0,"max_hp_loss":0.0,"gold_gain":0.0,"event_name":"MindBloom","player_choice":"Fight","floor":44.0,"gold_loss":0.0,"damage_taken":0.0}],"is_beta":true,"boss_relics":[{"not_picked":["SlaversCollar","Black Star"],"picked":"Coffee Dripper"},{"not_picked":["Runic Pyramid","Sozu"],"picked":"SacredBark"}],"items_purged_floors":[20],"is_endless":false,"potions_floor_spawned":[3,11,14,18,29,31,33,40,42,45,48],"killed_by":"The Heart","ascension_level":20}}