{"host":"h2b67iv450v6rq8u","time":1613035064,"event":{"mods":["AchievementEnabler","BaseMod","Colored Powertips","Custom Start","Minty Spire (QoL Compilation)","Permanent Neow","Quick Restart"],"gold_per_floor":[113,113,288,300,102,133,133,163,163,163,15,15,15,42,42,42,42],"floor_reached":16,"language":"ENG","playtime":1318,"items_purged":["Regret"],"score":120,"play_id":"9647cd41-353f-47de-9d3b-0b5605530d39","local_time":"20210211101744","is_ascension_mode":true,"campfire_choices":[{"floor":7.0,"key":"REST"},{"floor":10.0,"key":"REST"},{"floor":13.0,"key":"REST"},{"floor":15.0,"key":"REST"}],"circlet_count":0,"master_deck":["Strike_P","Strike_P","Strike_P","Strike_P+1","Defend_P","Defend_P","Defend_P","Defend_P","Eruption+1","Vigilance","FlyingSleeves+1","Doubt","EmptyMind+1","Vengeance+1","ThirdEye+1","WreathOfFlame+1","FollowUp","PathToVictory+1"],"relics":["PureWater","Toxic Egg 2","Calipers","InkBottle","Smiling Mask","PreservedInsect","Peace Pipe"],"acts_visited":["Exordium"],"potions_floor_usage":[],"damage_taken":[{"damage":0.0,"enemies":"Small Slimes","floor":1.0,"turns":2.0},{"damage":20.0,"enemies":"Jaw Worm","floor":4.0,"turns":4.0},{"damage":28.0,"enemies":"3 Sentries","floor":6.0,"turns":9.0},{"damage":39.0,"enemies":"Lagavulin","floor":8.0,"turns":6.0},{"damage":28.0,"enemies":"3 Sentries","floor":14.0,"turns":7.0},{"damage":27,"enemies":"The Guardian","floor":16,"turns":7}],"seed_played":"-3463660112234772296","potions_obtained":[{"floor":4.0,"key":"Block Potion"},{"floor":6.0,"key":"LiquidBronze"},{"floor":8.0,"key":"FearPotion"}],"is_trial":false,"path_per_floor":["M","?","?","M","$","E","R","E","T","R","$","?","R","E","R","B"],"character_chosen":"WATCHER","items_purchased":["Vengeance+1","ThirdEye+1","PreservedInsect"],"campfire_rested":4,"item_purchase_floors":[5,5,11],"current_hp_per_floor":[72,72,72,52,52,24,45,6,6,27,27,13,34,6,27,0,0],"gold":42,"neow_bonus":"UPGRADE_CARD","is_daily":false,"chose_seed":false,"campfire_upgraded":0,"win_rate":0.0,"timestamp":1613035064,"path_taken":["M","?","?","M","$","E","R","E","T","R","?","?","R","E","R","BOSS"],"items_purchased_type":["Card","Card","Relic"],"build_version":"2020-12-22","purchased_purges":1,"victory":false,"max_hp_per_floor":[72,72,72,72,72,72,72,72,72,72,72,72,72,72,72,72,72],"card_choices":[{"not_picked":["FlurryOfBlows","JustLucky"],"picked":"FlyingSleeves","floor":1.0},{"not_picked":["SandsOfTime","FearNoEvil"],"picked":"EmptyMind+1","floor":4.0},{"not_picked":["Sanctity+1","EmptyMind+1"],"picked":"WreathOfFlame+1","floor":6.0},{"not_picked":["Study","EmptyMind+1"],"picked":"FollowUp","floor":8.0},{"not_picked":["CutThroughFate","Collect+1"],"picked":"PathToVictory+1","floor":14.0}],"player_experience":135580,"relics_obtained":[{"floor":6.0,"key":"Calipers"},{"floor":8.0,"key":"InkBottle"},{"floor":9.0,"key":"Smiling Mask"},{"floor":14.0,"key":"Peace Pipe"}],"event_choices":[{"damage_healed":0.0,"max_hp_gain":0.0,"max_hp_loss":0.0,"gold_gain":0.0,"event_name":"Big Fish","player_choice":"Box","floor":2.0,"gold_loss":0.0,"damage_taken":0.0,"relics_obtained":["Toxic Egg 2"],"cards_obtained":["Regret"]},{"damage_healed":0.0,"max_hp_gain":0.0,"max_hp_loss":0.0,"gold_gain":175.0,"event_name":"Liars Game","player_choice":"AGREE","floor":3.0,"gold_loss":0.0,"damage_taken":0.0,"cards_obtained":["Doubt"]},{"damage_healed":0.0,"max_hp_gain":0.0,"max_hp_loss":0.0,"gold_gain":0.0,"event_name":"Shining Light","player_choice":"Entered Light","floor":12.0,"gold_loss":0.0,"damage_taken":14.0,"cards_upgraded":["Strike_P","FlyingSleeves"]}],"is_beta":false,"boss_relics":[],"items_purged_floors":[5],"is_endless":false,"potions_floor_spawned":[4,6,8],"killed_by":"The Guardian","ascension_level":1}}