{"host":"kda2p2afd6bvz6qo","time":1613072201,"event":{"mods":["BaseMod","Colored Map","Minty Spire (QoL Compilation)","Relic Stats"],"gold_per_floor":[117,192,192,192,212,243,25,25,25],"floor_reached":8,"language":"ENG","playtime":347,"items_purged":[],"score":68,"play_id":"950dc8a3-7d0b-4c70-8c78-4d9d5d4285dd","local_time":"20210211193641","is_ascension_mode":true,"campfire_choices":[],"circlet_count":0,"master_deck":["Strike_R","Strike_R","Strike_R","Strike_R","Defend_R","Defend_R","Defend_R","Defend_R","Bash","Armaments","Thunderclap","Transmutation"],"relics":["Velvet Choker","Bag of Preparation","Sundial"],"acts_visited":["Exordium"],"potions_floor_usage":[8],"damage_taken":[{"damage":0,"enemies":"Cultist","floor":1,"turns":4},{"damage":2,"enemies":"Jaw Worm","floor":5,"turns":4},{"damage":32,"enemies":"Gremlin Nob","floor":6,"turns":4},{"damage":25,"enemies":"Lagavulin","floor":8,"turns":5}],"seed_played":"2611221921421180722","potions_obtained":[{"floor":6,"key":"Strength Potion"}],"is_trial":false,"path_per_floor":["M","?","?","?","M","E","$","E"],"character_chosen":"IRONCLAD","items_purchased":["Transmutation","Fire Potion"],"campfire_rested":0,"item_purchase_floors":[7,7],"current_hp_per_floor":[80,69,66,59,57,25,25,0,0],"gold":25,"neow_bonus":"BOSS_RELIC","is_daily":false,"chose_seed":false,"campfire_upgraded":0,"win_rate":0.0,"timestamp":1613072201,"path_taken":["M","?","?","?","M","E","?","E"],"items_purchased_type":["Card","Potion"],"build_version":"2020-12-22","purchased_purges":0,"victory":false,"max_hp_per_floor":[80,80,80,80,80,80,80,80,80],"relic_stats":{"counters":[4,17],"Sundial":[0],"Bag of Preparation":[6],"obtain_stats":[{"Sundial":6,"Velvet Choker":0,"Bag of Preparation":3,"Burning Blood":0},{"Sundial":3,"Velvet Choker":0,"Bag of Preparation":1,"Burning Blood":0},{"Sundial":12,"Velvet Choker":0,"Bag of Preparation":4,"Burning Blood":0}]},"card_choices":[{"not_picked":["Warcry","Havoc","Twin Strike"],"picked":"SKIP","floor":1},{"not_picked":["Sword Boomerang","Flex"],"picked":"Armaments","floor":5},{"not_picked":["Seeing Red","Feel No Pain"],"picked":"Thunderclap","floor":6}],"player_experience":241344,"relics_obtained":[{"floor":6,"key":"Sundial"}],"event_choices":[{"damage_healed":0,"gold_gain":75,"player_choice":"Gather Gold","damage_taken":11,"max_hp_gain":0,"max_hp_loss":0,"event_name":"World of Goop","floor":2,"gold_loss":0},{"damage_healed":0,"gold_gain":0,"player_choice":"Success","damage_taken":3,"relics_obtained":["Bag of Preparation"],"max_hp_gain":0,"max_hp_loss":0,"event_name":"Scrap Ooze","floor":3,"gold_loss":0},{"cards_removed":["Strike_R"],"damage_healed":0,"gold_gain":0,"player_choice":"Card Removal","damage_taken":7,"max_hp_gain":0,"max_hp_loss":0,"event_name":"Golden Wing","floor":4,"gold_loss":0}],"is_beta":false,"boss_relics":[],"items_purged_floors":[],"is_endless":false,"potions_floor_spawned":[6],"killed_by":"Lagavulin","ascension_level":5}}