{"host":"r4aerl4ckfvw1dw3","time":1613072773,"event":{"mods":["BaseMod","BetterRewards","Minty Spire (QoL Compilation)","Quick Restart","StSLib"],"gold_per_floor":[112,131,144,144,1,1,35,35,60,73,73,38,38,73,73,169,169,181,198,212,212,17,42,42,52,52,69,86,36,36,36,36],"floor_reached":31,"language":"ENG","playtime":1423,"items_purged":["Strike_B"],"score":292,"play_id":"4799aa74-1eea-4fb6-b988-72275680e839","local_time":"20210211114613","is_ascension_mode":true,"campfire_choices":[{"data":"Loop","floor":6,"key":"SMITH"},{"floor":8,"key":"REST"},{"data":"Zap","floor":11,"key":"SMITH"},{"data":"Go for the Eyes","floor":15,"key":"SMITH"},{"floor":24,"key":"REST"},{"floor":30,"key":"REST"}],"circlet_count":0,"master_deck":["Strike_B","Strike_B","Strike_B","Defend_B","Defend_B","Defend_B","Defend_B","Zap+1","Dualcast","Ball Lightning","Loop+1","Undo","Conserve Battery","Capacitor","Stack","Sweeping Beam","Go for the Eyes+1","Seek","Hologram","Darkness","Cold Snap","Core Surge","Darkness","Turbo+1","Chill"],"relics":["Cracked Core","Orichalcum","Omamori","Akabeko","Velvet Choker","Peace Pipe","PreservedInsect"],"acts_visited":["Exordium","TheCity"],"potions_floor_usage":[19,20,31,31],"damage_taken":[{"damage":2,"enemies":"Jaw Worm","floor":1,"turns":3},{"damage":1,"enemies":"Cultist","floor":2,"turns":3},{"damage":0,"enemies":"Small Slimes","floor":3,"turns":3},{"damage":36,"enemies":"Gremlin Nob","floor":7,"turns":5},{"damage":9,"enemies":"Blue Slaver","floor":10,"turns":4},{"damage":13,"enemies":"Lagavulin","floor":14,"turns":5},{"damage":17,"enemies":"Hexaghost","floor":16,"turns":10},{"damage":23,"enemies":"Chosen","floor":18,"turns":5},{"damage":1,"enemies":"3 Byrds","floor":19,"turns":3},{"damage":12,"enemies":"Snake Plant","floor":20,"turns":5},{"damage":32,"enemies":"Slavers","floor":23,"turns":7},{"damage":9,"enemies":"Shelled Parasite and Fungi","floor":25,"turns":7},{"damage":12,"enemies":"Snecko","floor":27,"turns":4},{"damage":5,"enemies":"Cultist and Chosen","floor":28,"turns":8},{"damage":35,"enemies":"Gremlin Leader","floor":31,"turns":6}],"seed_played":"-968378412113469397","potions_obtained":[{"floor":1,"key":"Block Potion"},{"floor":2,"key":"Dexterity Potion"},{"floor":4,"key":"LiquidBronze"},{"floor":4,"key":"EssenceOfDarkness"},{"floor":14,"key":"PotionOfCapacity"},{"floor":25,"key":"Energy Potion"},{"floor":27,"key":"LiquidMemories"}],"is_trial":false,"path_per_floor":["M","M","M","?","$","R","E","R","T","M","R","?","$","E","R","B",null,"M","M","M","?","$","E","R","M","T","M","M","$","R","E"],"character_chosen":"DEFECT","items_purchased":["Capacitor","Cold Snap","Core Surge","SkillPotion"],"campfire_rested":3,"item_purchase_floors":[5,22,22,29],"current_hp_per_floor":[73,72,72,72,72,72,36,58,58,49,49,67,67,54,54,37,75,52,51,39,39,39,7,29,20,20,8,3,3,25,0,0],"gold":36,"neow_bonus":"THREE_CARDS","is_daily":false,"chose_seed":false,"campfire_upgraded":3,"win_rate":0.0,"timestamp":1613072773,"path_taken":["M","M","M","?","?","R","E","R","T","M","R","?","?","E","R","BOSS","M","?","M","?","$","E","R","M","T","M","M","$","R","E"],"items_purchased_type":["Card","Card","Card","Potion"],"build_version":"2020-12-22","purchased_purges":1,"victory":false,"max_hp_per_floor":[75,75,75,75,75,75,75,75,75,75,75,75,75,75,75,75,75,75,75,75,75,75,75,75,75,75,75,75,75,75,75,75],"card_choices":[{"not_picked":["Go for the Eyes","Conserve Battery"],"picked":"Ball Lightning","floor":0},{"not_picked":["Scrape","Fusion"],"picked":"Loop","floor":1},{"not_picked":["Aggregate","Beam Cell"],"picked":"Undo","floor":2},{"not_picked":["Hello World","Heatsinks"],"picked":"Conserve Battery","floor":3},{"not_picked":["Conserve Battery","Meteor Strike"],"picked":"Stack","floor":7},{"not_picked":["Rebound","Darkness"],"picked":"Sweeping Beam","floor":10},{"not_picked":["Tempest","Hologram"],"picked":"Go for the Eyes","floor":14},{"not_picked":["Thunder Strike","Hyperbeam"],"picked":"Seek","floor":16},{"not_picked":["Barrage","Stack"],"picked":"Hologram","floor":18},{"not_picked":["Hologram","Sunder","Go for the Eyes"],"picked":"SKIP","floor":19},{"not_picked":["Hologram","Conserve Battery"],"picked":"Darkness","floor":20},{"not_picked":["Go for the Eyes+1","Hyperbeam"],"picked":"Darkness","floor":23},{"not_picked":["Ball Lightning","Go for the Eyes+1"],"picked":"Turbo+1","floor":25},{"not_picked":["Steam","Rebound"],"picked":"Chill","floor":27},{"not_picked":["Gash","Lockon","Go for the Eyes"],"picked":"SKIP","floor":28}],"player_experience":579210,"relics_obtained":[{"floor":7,"key":"Orichalcum"},{"floor":9,"key":"Omamori"},{"floor":14,"key":"Akabeko"},{"floor":23,"key":"PreservedInsect"}],"event_choices":[{"damage_healed":0,"gold_gain":0,"player_choice":"Got Potions","damage_taken":0,"max_hp_gain":0,"max_hp_loss":0,"event_name":"Lab","floor":4,"gold_loss":0},{"damage_healed":18,"gold_gain":0,"player_choice":"Healed","damage_taken":0,"max_hp_gain":0,"max_hp_loss":0,"event_name":"The Cleric","floor":12,"gold_loss":35},{"damage_healed":0,"gold_gain":0,"player_choice":"Opened","damage_taken":0,"relics_obtained":["Peace Pipe"],"max_hp_gain":0,"max_hp_loss":0,"event_name":"The Mausoleum","floor":21,"gold_loss":0,"cards_obtained":["Writhe"]}],"is_beta":false,"boss_relics":[{"not_picked":["Astrolabe","Coffee Dripper"],"picked":"Velvet Choker"}],"items_purged_floors":[5],"is_endless":false,"potions_floor_spawned":[1,2,14,18,25,27],"killed_by":"Gremlin Leader","ascension_level":2}}