{"host":"onk0sru1v5nf4gev","time":1613081204,"event":{"mods":["AchievementEnabler","BaseMod","Downfall","Googly Eyes","Hermit","Minty Spire (QoL Compilation)","Replay The Spire","StSLib","SuperFastMode","The Cursed"],"gold_per_floor":[217,217,108,127,127,127,139,159,159,193,268,268,82,98,98,98,98],"floor_reached":16,"language":"FRA","playtime":491,"items_purged":[],"score":144,"play_id":"42e7dca4-1c8c-4a12-a22e-68edd7f79193","local_time":"20210211230644","is_ascension_mode":true,"campfire_choices":[{"data":"Whirlwind","floor":6.0,"key":"SMITH"},{"data":"Armaments","floor":12,"key":"SMITH"},{"floor":15,"key":"DIG"}],"circlet_count":0,"master_deck":["Strike_R+1","Strike_R","Strike_R","Strike_R","Strike_R","Defend_R","Defend_R+1","Defend_R+1","Defend_R","Bash","Whirlwind+1","Armaments+1","Dramatic Entrance","Clash","Pummel","Perfected Strike","Infernal Blade+1","Immolate","Seeing Red"],"relics":["Burning Blood","PreservedInsect","InkBottle","Girya"],"acts_visited":["Exordium"],"potions_floor_usage":[8,10,16],"damage_taken":[{"damage":0.0,"enemies":"2 Louse","floor":1.0,"turns":2.0},{"damage":4.0,"enemies":"Small Slimes","floor":4.0,"turns":2.0},{"damage":0,"enemies":"Cultist","floor":7,"turns":2},{"damage":0,"enemies":"Red Slaver","floor":8,"turns":2},{"damage":0,"enemies":"Replay:BlueRogue","floor":10,"turns":2},{"damage":0,"enemies":"Exordium Wildlife","floor":14,"turns":2},{"damage":78,"enemies":"Hexaghost","floor":16,"turns":11}],"seed_played":"1582950659219410612","potions_obtained":[{"floor":1.0,"key":"Guardian:BlockOnCardUsePotion"},{"floor":8,"key":"DistilledChaos"},{"floor":14,"key":"Elixir"}],"is_trial":false,"path_per_floor":["M","?","$","M","?","R","M","M","T","E","?","R","$","M","R","B"],"character_chosen":"IRONCLAD","items_purchased":["Armaments","Dramatic Entrance","Infernal Blade+1","Immolate"],"campfire_rested":0,"item_purchase_floors":[3,3,13,13],"current_hp_per_floor":[80,64,64,66,66,66,72,78,78,80,69,69,69,75,75,0,0],"gold":98,"neow_bonus":"HUNDRED_GOLD","is_daily":false,"chose_seed":false,"campfire_upgraded":2,"win_rate":0.0,"timestamp":1613081204,"path_taken":["M","?","$","M","?","R","M","M","T","E","?","R","$","M","R","BOSS"],"items_purchased_type":["Card","Card","Card","Card"],"build_version":"2020-12-22","purchased_purges":0,"victory":false,"max_hp_per_floor":[80,80,80,80,80,80,80,80,80,80,80,80,80,80,80,80,80],"card_choices":[{"not_picked":["Warcry","ReplayReversal"],"picked":"Whirlwind","floor":1.0},{"not_picked":["Thunderclap","Shrug It Off"],"picked":"Clash","floor":4.0},{"not_picked":["Dropkick","Havoc","Sentinel"],"picked":"SKIP","floor":7},{"not_picked":["Clothesline","Abandon"],"picked":"Pummel","floor":8},{"not_picked":["Sword Boomerang","ReplayTheSpireMod:Stacked"],"picked":"Perfected Strike","floor":10},{"not_picked":["Uppercut","True Grit"],"picked":"Seeing Red","floor":14}],"player_experience":276137,"relics_obtained":[{"floor":9,"key":"PreservedInsect"},{"floor":10,"key":"InkBottle"},{"floor":15,"key":"Girya"}],"event_choices":[{"damage_healed":0.0,"max_hp_gain":0.0,"max_hp_loss":0.0,"gold_gain":0.0,"event_name":"Shining Light","player_choice":"Entered Light","floor":2.0,"gold_loss":0.0,"damage_taken":16.0,"cards_upgraded":["Defend_R","Strike_R"]},{"damage_healed":0,"gold_gain":75,"player_choice":"Gather Gold","damage_taken":11,"max_hp_gain":0,"max_hp_loss":0,"event_name":"World of Goop","floor":11,"gold_loss":0}],"is_beta":false,"boss_relics":[],"items_purged_floors":[],"is_endless":false,"potions_floor_spawned":[1,8,14],"killed_by":"Hexaghost","ascension_level":3}}