{"host":"vex7walpoxzv48nx","time":1613075253,"event":{"mods":["AchievementEnabler","BaseMod","Highlight Path","Minty Spire (QoL Compilation)","Permanent Neow","Quick Restart","StSLib","UnlockEverythingMod"],"gold_per_floor":[118,136,154,168,0,0,30,30,30,30,65,82,98,123,123,197,197,209,221,9,20,20,20,51,51,51,51,51,51,51],"floor_reached":29,"language":"ENG","playtime":3049,"items_purged":["Strike_G"],"score":506,"play_id":"1365ccee-5150-44a6-b6bb-48797ec2c32c","local_time":"20210211212733","is_ascension_mode":true,"campfire_choices":[{"data":"Dagger Throw","floor":6,"key":"SMITH"},{"floor":8,"key":"REST"},{"data":"Deadly Poison","floor":10,"key":"SMITH"},{"floor":15,"key":"REST"},{"floor":23,"key":"REST"},{"floor":25,"key":"REST"}],"circlet_count":0,"master_deck":["AscendersBane","Strike_G","Strike_G","Strike_G","Strike_G","Defend_G","Defend_G","Defend_G","Defend_G","Defend_G","Survivor","Neutralize+1","Deadly Poison+1","Leg Sweep","Dagger Throw+1","Backstab","Die Die Die","Crippling Poison","Night Terror","Poisoned Stab","Glass Knife","Leg Sweep","Footwork","Footwork","Well Laid Plans","Crippling Poison"],"relics":["Ring of the Snake","Membership Card","Ornamental Fan","Question Card","Odd Mushroom","Snecko Eye","Pear","Happy Flower","Ninja Scroll"],"acts_visited":["Exordium","TheCity"],"potions_floor_usage":[4,7,18,21,21],"damage_taken":[{"damage":6,"enemies":"Jaw Worm","floor":1,"turns":5},{"damage":0,"enemies":"2 Louse","floor":2,"turns":2},{"damage":6,"enemies":"Small Slimes","floor":3,"turns":3},{"damage":13,"enemies":"3 Louse","floor":4,"turns":4},{"damage":7,"enemies":"3 Sentries","floor":7,"turns":9},{"damage":17,"enemies":"Lagavulin","floor":11,"turns":8},{"damage":0,"enemies":"Looter","floor":12,"turns":3},{"damage":4,"enemies":"Exordium Wildlife","floor":13,"turns":3},{"damage":0,"enemies":"The Mushroom Lair","floor":14,"turns":2},{"damage":14,"enemies":"The Guardian","floor":16,"turns":12},{"damage":4,"enemies":"2 Thieves","floor":18,"turns":4},{"damage":1,"enemies":"Chosen","floor":19,"turns":4},{"damage":4,"enemies":"Centurion and Healer","floor":21,"turns":4},{"damage":30,"enemies":"Slavers","floor":24,"turns":13},{"damage":56,"enemies":"Book of Stabbing","floor":29,"turns":5}],"seed_played":"-2261425273081279477","potions_obtained":[{"floor":1,"key":"SteroidPotion"},{"floor":4,"key":"DuplicationPotion"},{"floor":16,"key":"Fire Potion"},{"floor":18,"key":"AttackPotion"},{"floor":19,"key":"ColorlessPotion"}],"is_trial":false,"path_per_floor":["M","M","M","M","$","R","E","R","T","R","E","M","M","?","R","B",null,"M","M","$","M","?","R","E","R","T","?","?","E"],"character_chosen":"THE_SILENT","items_purchased":["Membership Card","Footwork","Pear"],"campfire_rested":4,"item_purchase_floors":[5,20,20],"current_hp_per_floor":[53,53,47,34,34,34,27,46,46,46,29,29,25,25,44,30,57,53,52,62,58,36,60,30,54,54,54,54,0,0],"gold":51,"neow_bonus":"UPGRADE_CARD","is_daily":false,"chose_seed":false,"campfire_upgraded":2,"win_rate":0.0,"timestamp":1613075253,"path_taken":["M","M","M","M","$","R","E","R","T","R","E","M","M","?","R","BOSS","M","M","$","M","?","R","E","R","T","?","?","E"],"items_purchased_type":["Relic","Card","Relic"],"build_version":"2020-12-22","purchased_purges":1,"victory":false,"max_hp_per_floor":[66,66,66,66,66,66,66,66,66,66,66,66,66,66,66,66,66,66,66,76,76,81,81,81,81,81,81,81,81,81],"card_choices":[{"not_picked":["Setup","Backflip"],"picked":"Deadly Poison","floor":1},{"not_picked":["Deflect","Flying Knee"],"picked":"Leg Sweep","floor":2},{"not_picked":["Backflip","Slice"],"picked":"Dagger Throw","floor":3},{"not_picked":["Flying Knee","Caltrops"],"picked":"Backstab","floor":4},{"not_picked":["Bane","Corpse Explosion"],"picked":"Die Die Die","floor":7},{"not_picked":["Distraction","Accuracy","Deflect"],"picked":"SKIP","floor":11},{"not_picked":["Dodge and Roll","Outmaneuver","Flechettes"],"picked":"Crippling Poison","floor":12},{"not_picked":["PiercingWail","Quick Slash","Choke"],"picked":"Night Terror","floor":13},{"not_picked":["Dodge and Roll","Eviscerate","Blade Dance"],"picked":"Poisoned Stab","floor":14},{"not_picked":["Storm of Steel","Grand Finale","A Thousand Cuts"],"picked":"Glass Knife","floor":16},{"not_picked":["Underhanded Strike","All Out Attack","Finisher"],"picked":"Leg Sweep","floor":18},{"not_picked":["Dodge and Roll","Blade Dance","Dagger Spray"],"picked":"Footwork","floor":19},{"not_picked":["Deflect+1","Setup","Quick Slash"],"picked":"Well Laid Plans","floor":21},{"not_picked":["Backstab","Accuracy+1","Terror+1"],"picked":"Crippling Poison","floor":24}],"player_experience":296590,"relics_obtained":[{"floor":7,"key":"Ornamental Fan"},{"floor":11,"key":"Question Card"},{"floor":14,"key":"Odd Mushroom"},{"floor":24,"key":"Happy Flower"},{"floor":26,"key":"Ninja Scroll"}],"event_choices":[{"damage_healed":0,"gold_gain":0,"player_choice":"Fought Mushrooms","damage_taken":0,"max_hp_gain":0,"max_hp_loss":0,"event_name":"Mushrooms","floor":14,"gold_loss":0},{"damage_healed":0,"gold_gain":0,"player_choice":"Shed Blood","damage_taken":27,"max_hp_gain":5,"max_hp_loss":0,"event_name":"Forgotten Altar","floor":22,"gold_loss":0},{"damage_healed":0,"gold_gain":0,"player_choice":"Ignored","damage_taken":0,"max_hp_gain":0,"max_hp_loss":0,"event_name":"Ghosts","floor":27,"gold_loss":0},{"damage_healed":0,"gold_gain":0,"player_choice":"Ignored","damage_taken":0,"max_hp_gain":0,"max_hp_loss":0,"event_name":"The Mausoleum","floor":28,"gold_loss":0}],"is_beta":false,"boss_relics":[{"not_picked":["Calling Bell","Cursed Key"],"picked":"Snecko Eye"}],"items_purged_floors":[20],"is_endless":false,"potions_floor_spawned":[1,4,16,18,19],"killed_by":"Book of Stabbing","ascension_level":20}}