{"host":"9v3x998ddbx8o276","time":1613036771,"event":{"mods":["AchievementEnabler","BaseMod","Colored Map","Colored Powertips","Highlight Path","Minty Spire (QoL Compilation)","Quick Restart","Rare Cards Sparkle"],"gold_per_floor":[119,119,19,33,52,82,99,99,150,160,160,13,13,30,30,104,104,124,136,136,136,136],"floor_reached":21,"language":"ENG","playtime":1121,"items_purged":[],"score":462,"play_id":"1e0d77d5-8251-4458-8dcc-9040ac6a2598","local_time":"20210211201611","is_ascension_mode":true,"campfire_choices":[{"floor":8.0,"key":"REST"},{"floor":11.0,"key":"REST"},{"floor":15.0,"key":"REST"}],"circlet_count":0,"master_deck":["AscendersBane","Strike_G","Strike_G","Strike_G","Strike_G","Defend_G","Defend_G","Defend_G","Defend_G","Defend_G","Survivor","Neutralize","Masterful Stab","After Image","Deflect","Footwork","Slice","Slice","Dagger Throw","Leg Sweep","Dash","Prepared","Footwork","Blade Dance","Noxious Fumes","Phantasmal Killer","Prepared","Blade Dance+1","Noxious Fumes"],"relics":["Ring of the Serpent","NeowsBlessing","Question Card","Potion Belt"],"acts_visited":["Exordium","TheCity"],"potions_floor_usage":[],"damage_taken":[{"damage":0.0,"enemies":"Small Slimes","floor":1.0,"turns":1.0},{"damage":0.0,"enemies":"Cultist","floor":4.0,"turns":1.0},{"damage":0.0,"enemies":"Jaw Worm","floor":5.0,"turns":1.0},{"damage":40.0,"enemies":"Gremlin Nob","floor":6.0,"turns":5.0},{"damage":10.0,"enemies":"3 Louse","floor":7.0,"turns":4.0},{"damage":0.0,"enemies":"Large Slime","floor":10.0,"turns":7.0},{"damage":7.0,"enemies":"Gremlin Gang","floor":14.0,"turns":7.0},{"damage":0.0,"enemies":"Slime Boss","floor":16.0,"turns":7.0},{"damage":29.0,"enemies":"Shell Parasite","floor":18.0,"turns":6.0},{"damage":22.0,"enemies":"3 Byrds","floor":19.0,"turns":5.0},{"damage":3,"enemies":"Masked Bandits","floor":21,"turns":2}],"seed_played":"4662537183240045750","potions_obtained":[{"floor":1.0,"key":"Swift Potion"},{"floor":6.0,"key":"CultistPotion"},{"floor":10.0,"key":"DistilledChaos"},{"floor":16.0,"key":"BlessingOfTheForge"},{"floor":18.0,"key":"Dexterity Potion"}],"is_trial":false,"path_per_floor":["M","?","$","M","M","E","M","R","T","M","R","$","?","M","R","B",null,"M","M","?","?"],"character_chosen":"THE_SILENT","items_purchased":["Footwork","Slice","Footwork","Blade Dance","Fire Potion"],"campfire_rested":3,"item_purchase_floors":[3,3,12,12,12],"current_hp_per_floor":[59,59,59,59,59,19,9,28,28,28,47,47,40,33,52,52,63,34,12,12,9,9],"gold":136,"neow_bonus":"THREE_ENEMY_KILL","is_daily":false,"chose_seed":false,"campfire_upgraded":0,"win_rate":0.0,"timestamp":1613036771,"path_taken":["M","?","$","M","?","E","M","R","T","M","R","$","?","M","R","BOSS","M","M","?","?"],"items_purchased_type":["Card","Card","Card","Card","Potion"],"build_version":"2020-12-22","purchased_purges":0,"victory":false,"max_hp_per_floor":[66,66,66,66,66,66,66,66,66,66,66,66,66,66,66,66,66,66,66,66,66,66],"card_choices":[{"not_picked":["Well Laid Plans","Sucker Punch"],"picked":"Masterful Stab","floor":1.0},{"not_picked":["Quick Slash","Outmaneuver"],"picked":"Slice","floor":4.0},{"not_picked":["Expertise","Accuracy"],"picked":"Dagger Throw","floor":5.0},{"not_picked":["Dodge and Roll","Endless Agony"],"picked":"Leg Sweep","floor":6.0},{"not_picked":["Underhanded Strike","Escape Plan","Accuracy"],"picked":"Dash","floor":7.0},{"not_picked":["Backflip","Bane","Heel Hook"],"picked":"Prepared","floor":10.0},{"not_picked":["All Out Attack","After Image","Poisoned Stab"],"picked":"Noxious Fumes","floor":14.0},{"not_picked":["Glass Knife","Die Die Die","Tools of the Trade"],"picked":"Phantasmal Killer","floor":16.0},{"not_picked":["Bane","Slice","Dagger Throw"],"picked":"Prepared","floor":18.0},{"not_picked":["Doppelganger","Dagger Spray","Dagger Throw"],"picked":"Blade Dance+1","floor":19.0}],"player_experience":2237048,"relics_obtained":[{"floor":6.0,"key":"Question Card"},{"floor":9.0,"key":"Potion Belt"}],"event_choices":[{"damage_healed":0.0,"max_hp_gain":0.0,"max_hp_loss":0.0,"gold_gain":0.0,"event_name":"Match and Keep!","player_choice":"2 cards matched","floor":2.0,"gold_loss":0.0,"damage_taken":0.0,"cards_obtained":["After Image","Deflect"]},{"cards_removed":["Strike_G"],"damage_healed":0.0,"max_hp_gain":0.0,"max_hp_loss":0.0,"gold_gain":0.0,"event_name":"Golden Wing","player_choice":"Card Removal","floor":13.0,"gold_loss":0.0,"damage_taken":7.0},{"damage_healed":0.0,"max_hp_gain":0.0,"max_hp_loss":0.0,"gold_gain":0.0,"event_name":"The Library","player_choice":"Read","floor":20.0,"gold_loss":0.0,"damage_taken":0.0,"cards_obtained":["Noxious Fumes"]},{"damage_healed":0,"gold_gain":0,"player_choice":"Fought Bandits","damage_taken":0,"max_hp_gain":0,"max_hp_loss":0,"event_name":"Masked Bandits","floor":21,"gold_loss":0}],"is_beta":false,"boss_relics":[{"not_picked":["HoveringKite","Ectoplasm"],"picked":"Ring of the Serpent"}],"items_purged_floors":[],"is_endless":false,"potions_floor_spawned":[1,6,10,16,18],"killed_by":"Masked Bandits","ascension_level":20}}