{"host":"hnrafgucdht3qvsp","time":1613081356,"event":{"mods":["BaseMod","Bestiary","Colored Map","Downfall","Minty Spire (QoL Compilation)","Relic Stats","StSLib"],"gold_per_floor":[99,109,123,153,271,271,271,311,336,336,359,383,383,404,420,526,526,526,540,540,640,666,675,684,684,684,684],"floor_reached":25,"language":"ENG","playtime":1221,"items_purged":[],"score":203,"play_id":"6ff9b9c9-772b-4394-9169-1bbf513049a9","local_time":"20210211170916","is_ascension_mode":false,"campfire_choices":[{"data":"bronze:RecursiveStrike","floor":1.0,"key":"SMITH"},{"data":"bronze:Goto","floor":6.0,"key":"SMITH"},{"floor":10.0,"key":"REST"},{"floor":13.0,"key":"REST"},{"floor":18.0,"key":"RECALL"}],"circlet_count":0,"master_deck":["bronze:Strike","bronze:Strike","bronze:Defend","bronze:Defend","bronze:Defend","bronze:Defend","bronze:Replicate","bronze:Goto+1","bronze:RecursiveStrike+1","bronze:Shield","bronze:GetLatest","bronze:Verify+1","bronze:Return","bronze:CutThrough","bronze:Iterate","bronze:FollowUp","bronze:BuggyMess","bronze:Break","bronze:Flail","Regret","Normality"],"relics":["bronze:BronzeCore","CeramicFish","TungstenRod","bronze:ProtectiveGoggles","Cursed Key","Bird Faced Urn","Mercury Hourglass"],"acts_visited":["Exordium","TheCity"],"potions_floor_usage":[],"damage_taken":[{"damage":0.0,"enemies":"Cultist","floor":2.0,"turns":2.0},{"damage":1.0,"enemies":"2 Louse","floor":3.0,"turns":2.0},{"damage":40.0,"enemies":"downfall:Heads","floor":5.0,"turns":7.0},{"damage":18.0,"enemies":"Lagavulin","floor":8.0,"turns":5.0},{"damage":0.0,"enemies":"Small Slimes","floor":9.0,"turns":3.0},{"damage":4.0,"enemies":"Exordium Wildlife","floor":11.0,"turns":4.0},{"damage":10.0,"enemies":"Large Slime","floor":12.0,"turns":2.0},{"damage":4.0,"enemies":"Red Slaver","floor":14.0,"turns":2.0},{"damage":0.0,"enemies":"Exordium Wildlife","floor":15.0,"turns":4.0},{"damage":14.0,"enemies":"WA_ARCHETYPE_RETAIN","floor":16.0,"turns":6.0},{"damage":13.0,"enemies":"Shell Parasite","floor":19.0,"turns":4.0},{"damage":0.0,"enemies":"3 Byrds","floor":22.0,"turns":4.0},{"damage":50,"enemies":"Book of Stabbing","floor":25,"turns":5}],"seed_played":"2480465711388152879","potions_obtained":[{"floor":5.0,"key":"DuplicationPotion"},{"floor":8.0,"key":"LiquidBronze"},{"floor":9.0,"key":"EntropicBrew"},{"floor":14.0,"key":"AttackPotion"},{"floor":22,"key":"hexamod:SoulburnPotion"}],"is_trial":false,"path_per_floor":["R","M","M","?","?","R","T","E","M","R","M","M","R","M","M","B",null,"R","M","?","?","M","T","T","E"],"character_chosen":"THE_AUTOMATON","items_purchased":[],"campfire_rested":2,"item_purchase_floors":[],"current_hp_per_floor":[63,63,62,62,22,22,22,4,4,22,18,8,26,22,22,8,63,63,50,50,50,50,50,50,0,0,0],"gold":684,"neow_bonus":"THREE_RARE_CARDS","is_daily":false,"chose_seed":false,"campfire_upgraded":2,"win_rate":0.0,"timestamp":1613081356,"path_taken":["R","M","?","?","?","R","T","E","M","R","M","M","R","M","M","BOSS","R","M","?","?","?","?","T","E"],"items_purchased_type":[],"build_version":"2020-12-22","purchased_purges":0,"victory":false,"max_hp_per_floor":[63,63,63,63,63,63,63,63,63,63,63,63,63,63,63,63,63,63,63,63,63,63,63,63,63,63,63],"relic_stats":{"counters":[13,50],"CeramicFish":99,"Bird Faced Urn":[0],"Cursed Key":2,"obtain_stats":[{"bronze:BronzeCore":0,"bronze:ProtectiveGoggles":8,"CeramicFish":4,"Bird Faced Urn":23,"Cursed Key":17,"TungstenRod":7,"Mercury Hourglass":24},{"bronze:BronzeCore":0,"bronze:ProtectiveGoggles":4,"CeramicFish":2,"Bird Faced Urn":12,"Cursed Key":10,"TungstenRod":3,"Mercury Hourglass":12},{"bronze:BronzeCore":0,"bronze:ProtectiveGoggles":16,"CeramicFish":4,"Bird Faced Urn":45,"Cursed Key":37,"TungstenRod":11,"Mercury Hourglass":45}],"TungstenRod":23,"Mercury Hourglass":[15]},"card_choices":[{"not_picked":["bronze:ThunderWave","bronze:HyperBeam"],"picked":"bronze:RecursiveStrike","floor":0.0},{"not_picked":["bronze:BitShift","bronze:Invalidate","bronze:Separator"],"picked":"SKIP","floor":2.0},{"not_picked":["bronze:Allocate","bronze:HyperBeam"],"picked":"bronze:Shield","floor":3.0},{"not_picked":["bronze:Safeguard","bronze:Separator"],"picked":"bronze:GetLatest","floor":5.0},{"not_picked":["bronze:Turbo","bronze:Philosophize"],"picked":"bronze:Return","floor":8.0},{"not_picked":["bronze:WhirlingStrike","bronze:WildBeam"],"picked":"bronze:CutThrough","floor":9.0},{"not_picked":["bronze:GetLatest","bronze:ThunderWave"],"picked":"bronze:Iterate","floor":11.0},{"not_picked":["bronze:CutThrough","bronze:Flail"],"picked":"bronze:FollowUp","floor":12.0},{"not_picked":["bronze:Constructor","bronze:Philosophize"],"picked":"bronze:BuggyMess","floor":14.0},{"not_picked":["bronze:Frontload","bronze:OilSpill","bronze:FollowUp"],"picked":"SKIP","floor":15.0},{"not_picked":["bronze:CleanCode","bronze:Assembly"],"picked":"bronze:Break","floor":16.0},{"not_picked":["bronze:BugBarrage","bronze:Deprecate+1","bronze:Overload"],"picked":"SKIP","floor":19.0},{"not_picked":["bronze:BuggyMess","bronze:BitShift"],"picked":"bronze:Flail","floor":22}],"player_experience":638584,"relics_obtained":[{"floor":7.0,"key":"TungstenRod"},{"floor":8.0,"key":"bronze:ProtectiveGoggles"},{"floor":23,"key":"Bird Faced Urn"},{"floor":24,"key":"Mercury Hourglass"}],"event_choices":[],"is_beta":false,"boss_relics":[{"not_picked":["Pandora\u0027s Box","Astrolabe"],"picked":"Cursed Key"}],"items_purged_floors":[],"is_endless":false,"potions_floor_spawned":[5,8,9,12,14,15,22],"killed_by":"Book of Stabbing","ascension_level":0}}