{"host":"wuernuywc9gl215o","time":1613015272,"event":{"mods":["2.2 Compatiblity","AchievementEnabler","BaseMod","Bestiary","Block Reminder","Displayed Cursed Tome","Highlight Path","Key Reminder","Minty Spire (QoL Compilation)","Permanent Neow","Potion Indicator Mod","Quick Restart","Rare Cards Sparkle","Relic Stats","ojb\u0027s Info Mod"],"gold_per_floor":[18,28,48,67,81,81,107,107,133,151,185,185,198,198,198,295,295,309,328,342,359,359,359,391,391,443,469,484,484,484,509,509,609,609,624,245,258,258,269,303,353,353,353,353,388,14,48,66,66,66,66,66,28,56,56,56],"floor_reached":55,"language":"ENG","playtime":4650,"items_purged":["Strike_B+1","Defend_B+1"],"score":1017,"play_id":"d0369634-55f0-4223-9776-3c0baf879f5d","local_time":"20210211034752","is_ascension_mode":true,"campfire_choices":[{"data":"Genetic Algorithm","floor":6.0,"key":"SMITH"},{"data":"Doom and Gloom","floor":8.0,"key":"SMITH"},{"data":"Darkness","floor":12.0,"key":"SMITH"},{"data":"Loop","floor":15.0,"key":"SMITH"},{"data":"Echo Form","floor":23.0,"key":"SMITH"},{"data":"Capacitor","floor":25.0,"key":"SMITH"},{"floor":32.0,"key":"REST"},{"floor":42,"key":"RECALL"},{"data":"Loop","floor":49,"key":"SMITH"},{"data":"Panacea","floor":52,"key":"SMITH"}],"circlet_count":0,"master_deck":["Strike_B+1","Defend_B+1","Defend_B+1","Defend_B+1","Zap","Dualcast","Electrodynamics","Self Repair","Capacitor+1","Genetic Algorithm+1","Loop+1","Melter","Doom and Gloom+1","Darkness+1","Go for the Eyes","Echo Form+1","Double Energy+1","Steam","Cold Snap+1","Turbo+1","Glacier","Aggregate","Cold Snap+1","Rainbow","Chill+1","Auto Shields+1","Ball Lightning+1","Panacea+1","Apotheosis","Redo","Echo Form+1","Stack","Loop+1","Reinforced Body","Lockon+1","Lockon","Consume"],"relics":["Cracked Core","Meat on the Bone","Nunchaku","DataDisk","Runic Pyramid","Happy Flower","Strawberry","Ice Cream","Bronze Scales","Empty Cage","Medical Kit","MealTicket","Art of War","Lizard Tail","Girya","DollysMirror","Bottled Tornado","Du-Vu Doll"],"acts_visited":["Exordium","TheCity","TheBeyond","TheEnding"],"potions_floor_usage":[45,45,45,48],"damage_taken":[{"damage":7.0,"enemies":"Jaw Worm","floor":1.0,"turns":4.0},{"damage":0.0,"enemies":"2 Louse","floor":2.0,"turns":1.0},{"damage":0.0,"enemies":"Small Slimes","floor":3.0,"turns":3.0},{"damage":16.0,"enemies":"Exordium Wildlife","floor":4.0,"turns":4.0},{"damage":1.0,"enemies":"2 Fungi Beasts","floor":5.0,"turns":2.0},{"damage":20.0,"enemies":"3 Sentries","floor":7.0,"turns":3.0},{"damage":14.0,"enemies":"Blue Slaver","floor":10.0,"turns":4.0},{"damage":21.0,"enemies":"Lagavulin","floor":11.0,"turns":7.0},{"damage":0.0,"enemies":"Large Slime","floor":13.0,"turns":3.0},{"damage":9.0,"enemies":"The Guardian","floor":16.0,"turns":7.0},{"damage":30.0,"enemies":"Shell Parasite","floor":18.0,"turns":5.0},{"damage":7.0,"enemies":"3 Byrds","floor":19.0,"turns":2.0},{"damage":12.0,"enemies":"Cultist and Chosen","floor":20.0,"turns":3.0},{"damage":0.0,"enemies":"3 Cultists","floor":21.0,"turns":3.0},{"damage":0.0,"enemies":"Gremlin Leader","floor":24.0,"turns":8.0},{"damage":11.0,"enemies":"Book of Stabbing","floor":27.0,"turns":6.0},{"damage":5.0,"enemies":"Snecko","floor":28.0,"turns":5.0},{"damage":50.0,"enemies":"Slavers","floor":31.0,"turns":5.0},{"damage":4.0,"enemies":"Collector","floor":33.0,"turns":9.0},{"damage":9.0,"enemies":"3 Shapes","floor":35.0,"turns":6.0},{"damage":8.0,"enemies":"Orb Walker","floor":37.0,"turns":5.0},{"damage":5.0,"enemies":"Spire Growth","floor":39.0,"turns":7.0},{"damage":61,"enemies":"Giant Head","floor":40,"turns":10},{"damage":0,"enemies":"Mind Bloom Boss Battle","floor":41,"turns":7},{"damage":40,"enemies":"Reptomancer","floor":45,"turns":7},{"damage":10,"enemies":"Giant Head","floor":47,"turns":8},{"damage":23,"enemies":"Jaw Worm Horde","floor":48,"turns":6},{"damage":52,"enemies":"Donu and Deca","floor":50,"turns":8},{"damage":74,"enemies":"Shield and Spear","floor":54,"turns":8},{"damage":84,"enemies":"The Heart","floor":55,"turns":5}],"seed_played":"-2219069370750972132","potions_obtained":[{"floor":4.0,"key":"AttackPotion"},{"floor":5.0,"key":"ColorlessPotion"},{"floor":7.0,"key":"Block Potion"},{"floor":13.0,"key":"BlessingOfTheForge"},{"floor":18.0,"key":"SteroidPotion"},{"floor":19.0,"key":"AttackPotion"},{"floor":27.0,"key":"CultistPotion"},{"floor":33.0,"key":"DuplicationPotion"},{"floor":37.0,"key":"Explosive Potion"},{"floor":40,"key":"Explosive Potion"},{"floor":41,"key":"SkillPotion"},{"floor":47,"key":"Regen Potion"}],"is_trial":false,"path_per_floor":["M","M","M","M","M","R","E","R","T","M","E","R","M","?","R","B",null,"M","M","M","M","?","R","E","R","T","E","M","?","?","E","R","B",null,"M","$","M","?","M","E","?","R","T","?","E","$","E","M","R","B",null,"R","$","E","B"],"character_chosen":"DEFECT","items_purchased":["Medical Kit","MealTicket","DollysMirror","Stack","Loop","Lockon"],"campfire_rested":1,"item_purchase_floors":[36,36,46,46,46,53],"current_hp_per_floor":[68,68,75,66,72,72,59,59,59,52,50,50,50,35,35,45,75,59,59,47,47,47,47,54,54,61,64,59,59,59,35,59,69,82,80,80,82,82,82,47,61,61,61,51,53,68,78,82,82,62,82,82,82,40,0,0],"gold":56,"neow_bonus":"THREE_RARE_CARDS","is_daily":false,"chose_seed":false,"campfire_upgraded":8,"win_rate":0.0,"timestamp":1613015272,"path_taken":["M","M","M","M","M","R","E","R","T","M","E","R","M","?","R","BOSS","M","M","M","M","?","R","E","R","T","E","M","?","?","E","R","BOSS","M","$","M","?","M","E","?","R","T","?","E","?","E","M","R","BOSS","R","$","E","BOSS"],"items_purchased_type":["Relic","Relic","Relic","Card","Card","Card"],"build_version":"2020-12-22","purchased_purges":2,"victory":false,"max_hp_per_floor":[75,75,75,75,75,75,75,75,75,75,75,75,75,75,75,75,75,75,75,75,75,75,75,75,75,82,82,82,82,82,82,82,82,82,82,82,82,82,82,82,82,82,82,82,82,82,82,82,82,82,82,82,82,82,82,82],"relic_stats":{"Nunchaku":[15],"Lizard Tail":41,"Happy Flower":[34],"counters":[30,160],"Bronze Scales":[294],"MealTicket":15,"Art of War":[15],"Medical Kit":[0],"obtain_stats":[{"Ice Cream":27,"Girya":45,"Happy Flower":24,"Bottled Tornado":47,"Empty Cage":34,"Medical Kit":36,"keyreminder:keyreminder":40,"Du-Vu Doll":54,"Nunchaku":9,"DataDisk":11,"Lizard Tail":41,"DollysMirror":46,"Strawberry":26,"Bronze Scales":31,"MealTicket":36,"Art of War":40,"Cracked Core":0,"Meat on the Bone":7,"Runic Pyramid":17},{"Ice Cream":16,"Girya":25,"Happy Flower":15,"Bottled Tornado":26,"Empty Cage":19,"Medical Kit":20,"keyreminder:keyreminder":23,"Du-Vu Doll":29,"Nunchaku":6,"DataDisk":8,"Lizard Tail":24,"DollysMirror":25,"Strawberry":15,"Bronze Scales":18,"MealTicket":20,"Art of War":23,"Cracked Core":0,"Meat on the Bone":6,"Runic Pyramid":10},{"Ice Cream":64,"Girya":125,"Happy Flower":58,"Bottled Tornado":133,"Empty Cage":83,"Medical Kit":89,"keyreminder:keyreminder":111,"Du-Vu Doll":155,"Nunchaku":17,"DataDisk":28,"Lizard Tail":118,"DollysMirror":125,"Strawberry":58,"Bronze Scales":74,"MealTicket":89,"Art of War":111,"Cracked Core":0,"Meat on the Bone":17,"Runic Pyramid":38}],"Meat on the Bone":84},"card_choices":[{"not_picked":["All For One","Creative AI"],"picked":"Electrodynamics","floor":0.0},{"not_picked":["Beam Cell","Redo"],"picked":"Self Repair","floor":1.0},{"not_picked":["Ball Lightning","Turbo"],"picked":"Capacitor","floor":2.0},{"not_picked":["Cold Snap","Blizzard"],"picked":"Genetic Algorithm","floor":3.0},{"not_picked":["Hologram","Capacitor"],"picked":"Loop","floor":4.0},{"not_picked":["Streamline","Blizzard"],"picked":"Melter","floor":5.0},{"not_picked":["Capacitor","Genetic Algorithm"],"picked":"Doom and Gloom","floor":7.0},{"not_picked":["Blizzard","Steam Power","Creative AI"],"picked":"SKIP","floor":10.0},{"not_picked":["Capacitor","BootSequence"],"picked":"Darkness","floor":11.0},{"not_picked":["Compile Driver","Steam"],"picked":"Go for the Eyes","floor":13.0},{"not_picked":["Rainbow","Thunder Strike"],"picked":"Echo Form","floor":16.0},{"not_picked":["Rebound","Conserve Battery"],"picked":"Double Energy+1","floor":18.0},{"not_picked":["Beam Cell","Gash"],"picked":"Steam","floor":19.0},{"not_picked":["Self Repair","Compile Driver"],"picked":"Cold Snap+1","floor":20.0},{"not_picked":["Go for the Eyes","Meteor Strike"],"picked":"Turbo+1","floor":21.0},{"not_picked":["Echo Form","Coolheaded"],"picked":"Aggregate","floor":24.0},{"not_picked":["Static Discharge","Gash","Fusion"],"picked":"SKIP","floor":27.0},{"not_picked":["Rebound","Streamline","Steam Power"],"picked":"SKIP","floor":28.0},{"not_picked":["Force Field","Glacier"],"picked":"Cold Snap+1","floor":31.0},{"not_picked":["Fission","Hyperbeam"],"picked":"Rainbow","floor":33.0},{"not_picked":["Go for the Eyes","Coolheaded+1"],"picked":"Chill+1","floor":35.0},{"not_picked":["Streamline","Chaos+1"],"picked":"Auto Shields+1","floor":37.0},{"not_picked":["Streamline+1","Reprogram"],"picked":"Ball Lightning+1","floor":39.0},{"not_picked":["Capacitor","Gash+1","Fusion"],"picked":"SKIP","floor":40},{"not_picked":["Dramatic Entrance","Jack Of All Trades"],"picked":"Panacea","floor":44},{"not_picked":["Madness","Jack Of All Trades"],"picked":"Apotheosis","floor":44},{"not_picked":["Ball Lightning+1","Skim"],"picked":"Redo","floor":45},{"not_picked":["Conserve Battery+1","Beam Cell+1"],"picked":"Reinforced Body","floor":47},{"not_picked":["Cold Snap+1","Doom and Gloom+1"],"picked":"Lockon+1","floor":48},{"not_picked":["Streamline","Tempest+1"],"picked":"Consume","floor":54}],"player_experience":900382,"relics_obtained":[{"floor":7.0,"key":"Meat on the Bone"},{"floor":9.0,"key":"Nunchaku"},{"floor":11.0,"key":"DataDisk"},{"floor":24.0,"key":"Happy Flower"},{"floor":26.0,"key":"Strawberry"},{"floor":27.0,"key":"Ice Cream"},{"floor":31.0,"key":"Bronze Scales"},{"floor":40,"key":"Art of War"},{"floor":41,"key":"Lizard Tail"},{"floor":45,"key":"Girya"},{"floor":47,"key":"Bottled Tornado"},{"floor":54,"key":"Du-Vu Doll"}],"event_choices":[{"damage_healed":0.0,"max_hp_gain":0.0,"max_hp_loss":0.0,"gold_gain":0.0,"event_name":"Shining Light","player_choice":"Entered Light","floor":14.0,"gold_loss":0.0,"damage_taken":15.0,"cards_upgraded":["Defend_B","Defend_B"]},{"damage_healed":0.0,"max_hp_gain":0.0,"max_hp_loss":0.0,"gold_gain":0.0,"event_name":"The Library","player_choice":"Read","floor":22.0,"gold_loss":0.0,"damage_taken":0.0,"cards_obtained":["Glacier"]},{"damage_healed":0.0,"max_hp_gain":0.0,"max_hp_loss":0.0,"gold_gain":0.0,"event_name":"Vampires","player_choice":"Ignored","floor":29.0,"gold_loss":0.0,"damage_taken":0.0},{"damage_healed":0.0,"max_hp_gain":0.0,"max_hp_loss":0.0,"gold_gain":0.0,"event_name":"Back to Basics","player_choice":"Simplicity","floor":30.0,"gold_loss":0.0,"damage_taken":0.0,"cards_upgraded":["Strike_B","Strike_B","Strike_B","Strike_B","Defend_B","Defend_B"]},{"damage_healed":0.0,"max_hp_gain":0.0,"max_hp_loss":0.0,"gold_gain":0.0,"event_name":"Tomb of Lord Red Mask","player_choice":"Ignored","floor":38.0,"gold_loss":0.0,"damage_taken":0.0},{"damage_healed":0,"gold_gain":0,"player_choice":"Fight","damage_taken":0,"max_hp_gain":0,"max_hp_loss":0,"event_name":"MindBloom","floor":41,"gold_loss":0},{"damage_healed":0,"gold_gain":0,"player_choice":"Memory 3","damage_taken":10,"max_hp_gain":0,"max_hp_loss":0,"event_name":"SensoryStone","floor":44,"gold_loss":0}],"is_beta":false,"boss_relics":[{"not_picked":["Astrolabe","Inserter"],"picked":"Runic Pyramid"},{"not_picked":["Velvet Choker","Snecko Eye"],"picked":"Empty Cage"}],"items_purged_floors":[36,46],"is_endless":false,"potions_floor_spawned":[4,5,7,13,18,19,27,33,37,40,41,47],"killed_by":"The Heart","ascension_level":4}}