{"host":"epc8efk9vrywpcsw","time":1613060725,"event":{"mods":["BaseMod","Minty Spire (QoL Compilation)","Relic Stats","StSLib"],"gold_per_floor":[10,29,49,199,218,218,54,83,106,106,163,182,182,213,213,309,309,309,309],"floor_reached":18,"language":"ENG","playtime":396,"items_purged":["Doubt"],"score":407,"play_id":"e94999ce-421a-428b-b34b-3558ddf44333","local_time":"20210211172525","is_ascension_mode":true,"campfire_choices":[{"data":"Hyperbeam","floor":6.0,"key":"SMITH"},{"data":"Dualcast","floor":13.0,"key":"SMITH"},{"data":"Beam Cell","floor":15,"key":"SMITH"}],"circlet_count":0,"master_deck":["AscendersBane","Strike_B","Strike_B","Strike_B","Strike_B","Defend_B","Defend_B","Defend_B","Defend_B","Zap","Dualcast+1","Hyperbeam+1","Leap","Leap","Reinforced Body","Conserve Battery","Dramatic Entrance","Gash","Steam Power","Beam Cell+1","Reboot"],"relics":["Cracked Core","Pen Nib","PreservedInsect","Golden Idol","Happy Flower","Snecko Eye"],"acts_visited":["Exordium","TheCity"],"potions_floor_usage":[16,16],"damage_taken":[{"damage":2.0,"enemies":"Jaw Worm","floor":1.0,"turns":2.0},{"damage":0.0,"enemies":"Small Slimes","floor":2.0,"turns":2.0},{"damage":0.0,"enemies":"Cultist","floor":3.0,"turns":2.0},{"damage":5.0,"enemies":"Gremlin Gang","floor":5.0,"turns":3.0},{"damage":0.0,"enemies":"3 Sentries","floor":8.0,"turns":2.0},{"damage":4.0,"enemies":"Exordium Thugs","floor":12.0,"turns":2.0},{"damage":0,"enemies":"Lagavulin","floor":14,"turns":5},{"damage":10,"enemies":"The Guardian","floor":16,"turns":9},{"damage":0,"enemies":"3 Byrds","floor":18,"turns":2}],"seed_played":"8913184996040965105","potions_obtained":[{"floor":3.0,"key":"ColorlessPotion"},{"floor":5.0,"key":"SteroidPotion"},{"floor":16,"key":"SteroidPotion"}],"is_trial":false,"path_per_floor":["M","M","M","?","M","R","$","E","T","?","?","M","R","E","R","B",null,"M"],"character_chosen":"DEFECT","items_purchased":["Dramatic Entrance"],"campfire_rested":0,"item_purchase_floors":[7],"current_hp_per_floor":[62,62,62,62,57,57,57,57,57,57,57,53,53,53,53,43,59,59,59],"gold":309,"neow_bonus":"THREE_RARE_CARDS","is_daily":false,"chose_seed":false,"campfire_upgraded":3,"win_rate":0.0,"timestamp":1613060725,"path_taken":["M","M","M","?","M","R","$","E","T","?","?","?","R","E","R","BOSS","M"],"items_purchased_type":["Card"],"build_version":"2020-12-22","purchased_purges":1,"victory":false,"max_hp_per_floor":[71,71,71,71,71,71,71,71,71,64,64,64,64,64,64,64,64,64,64],"relic_stats":{"Happy Flower":[3],"counters":[9,29],"Golden Idol":29,"Snecko Eye":[3,4,4,3],"Pen Nib":[2],"PreservedInsect":29,"obtain_stats":[{"Happy Flower":14,"Golden Idol":10,"Snecko Eye":17,"Pen Nib":8,"PreservedInsect":9,"Cracked Core":0},{"Happy Flower":7,"Golden Idol":5,"Snecko Eye":8,"Pen Nib":5,"PreservedInsect":5,"Cracked Core":0},{"Happy Flower":18,"Golden Idol":11,"Snecko Eye":27,"Pen Nib":11,"PreservedInsect":11,"Cracked Core":0}]},"card_choices":[{"not_picked":["Reboot","Rainbow"],"picked":"Hyperbeam","floor":0.0},{"not_picked":["Coolheaded","Gash"],"picked":"Leap","floor":1.0},{"not_picked":["Steam","Gash"],"picked":"Leap","floor":2.0},{"not_picked":["Compile Driver","Streamline"],"picked":"Reinforced Body","floor":3.0},{"not_picked":["Cold Snap","Sweeping Beam"],"picked":"Conserve Battery","floor":5.0},{"not_picked":["Fission","Rebound"],"picked":"Gash","floor":8.0},{"not_picked":["Tempest","Rebound"],"picked":"Steam Power","floor":12.0},{"not_picked":["Steam Power","Self Repair"],"picked":"Beam Cell","floor":14},{"not_picked":["Electrodynamics","Echo Form"],"picked":"Reboot","floor":16}],"player_experience":518519,"relics_obtained":[{"floor":8.0,"key":"Pen Nib"},{"floor":9.0,"key":"PreservedInsect"},{"floor":14,"key":"Happy Flower"}],"event_choices":[{"damage_healed":0.0,"max_hp_gain":0.0,"max_hp_loss":0.0,"gold_gain":150.0,"event_name":"Liars Game","player_choice":"AGREE","floor":4.0,"gold_loss":0.0,"damage_taken":0.0,"cards_obtained":["Doubt"]},{"damage_healed":0.0,"max_hp_gain":0.0,"max_hp_loss":7.0,"gold_gain":0.0,"event_name":"Golden Idol","player_choice":"Lose Max HP","floor":10.0,"gold_loss":0.0,"damage_taken":0.0,"relics_obtained":["Golden Idol"]},{"damage_healed":0.0,"max_hp_gain":0.0,"max_hp_loss":0.0,"gold_gain":57.0,"event_name":"Golden Wing","player_choice":"Gained Gold","floor":11.0,"gold_loss":0.0,"damage_taken":0.0}],"is_beta":false,"boss_relics":[{"not_picked":["SacredBark","Tiny House"],"picked":"Snecko Eye"}],"items_purged_floors":[7],"is_endless":false,"potions_floor_spawned":[3,5,8,16],"killed_by":"3 Byrds","ascension_level":17}}