{"host":"2kfsro7skzomnm41","time":1613069023,"event":{"mods":["AchievementEnabler","BaseMod","Googly Eyes","Highlight Path","Minty Spire (QoL Compilation)","StSLib"],"gold_per_floor":[161,173,173,248,263,282,282,21,21,21,54,54,88,100,100,203,203,216,15,46,46,62,89,114,114,166,186,229,229,258,272,272,369,369,391,391,406,431,274,304,304,315,340,59,69,119,44,73,73,73,73,73,10,41,41],"floor_reached":56,"language":"ENG","playtime":2721,"items_purged":["Defend_P","Defend_P","Strike_P"],"score":1985,"play_id":"98f3e5fe-5feb-42b1-8ff8-047ae470426d","local_time":"20210211134343","is_ascension_mode":true,"campfire_choices":[{"data":"Eruption","floor":7.0,"key":"SMITH"},{"data":"TalkToTheHand","floor":10.0,"key":"SMITH"},{"data":"Wallop","floor":12.0,"key":"SMITH"},{"floor":15.0,"key":"REST"},{"data":"TalkToTheHand","floor":25,"key":"SMITH"},{"data":"Vault","floor":32,"key":"SMITH"},{"data":"Scrawl","floor":41,"key":"SMITH"},{"floor":49,"key":"RECALL"},{"data":"Defend_P","floor":52,"key":"PURGE"}],"circlet_count":0,"master_deck":["Strike_P+1","Strike_P","Strike_P","Defend_P","Eruption+1","Vigilance+1","Wallop+1","CutThroughFate+1","FlyingSleeves","FlurryOfBlows","TalkToTheHand+1","CrushJoints","CarveReality","Madness","Tantrum","TalkToTheHand+1","Scrawl+1","FearNoEvil","FlurryOfBlows","Ghostly","Ghostly","Ghostly","Ghostly","Ghostly","Vengeance","Vault+1","JustLucky+1","Consecrate+1","Tantrum"],"relics":["Tiny House","Singing Bowl","Calipers","Mercury Hourglass","Busted Crown","Membership Card","CeramicFish","Bag of Preparation","Oddly Smooth Stone","MutagenicStrength","TeardropLocket","Runic Pyramid","Akabeko","Yang","Incense Burner","Shuriken","Peace Pipe","Vajra","Pen Nib","Bag of Marbles"],"acts_visited":["Exordium","TheCity","TheBeyond","TheEnding"],"potions_floor_usage":[28,28,33,33,55,55,55],"damage_taken":[{"damage":2.0,"enemies":"Cultist","floor":1.0,"turns":4.0},{"damage":0.0,"enemies":"2 Louse","floor":2.0,"turns":3.0},{"damage":2.0,"enemies":"Small Slimes","floor":5.0,"turns":2.0},{"damage":0.0,"enemies":"3 Louse","floor":6.0,"turns":2.0},{"damage":5.0,"enemies":"3 Sentries","floor":11.0,"turns":3.0},{"damage":19.0,"enemies":"Lagavulin","floor":13.0,"turns":3.0},{"damage":0.0,"enemies":"Blue Slaver","floor":14.0,"turns":2.0},{"damage":0.0,"enemies":"The Guardian","floor":16.0,"turns":5.0},{"damage":0.0,"enemies":"Chosen","floor":18.0,"turns":2.0},{"damage":22.0,"enemies":"2 Thieves","floor":20.0,"turns":2.0},{"damage":3.0,"enemies":"Snake Plant","floor":22.0,"turns":5.0},{"damage":0.0,"enemies":"Slavers","floor":23.0,"turns":4.0},{"damage":2,"enemies":"Centurion and Healer","floor":24,"turns":4},{"damage":2,"enemies":"Chosen and Byrds","floor":27,"turns":4},{"damage":3,"enemies":"Gremlin Leader","floor":28,"turns":4},{"damage":0,"enemies":"Book of Stabbing","floor":30,"turns":4},{"damage":0,"enemies":"Snecko","floor":31,"turns":3},{"damage":0,"enemies":"Collector","floor":33,"turns":6},{"damage":0,"enemies":"Orb Walker","floor":35,"turns":2},{"damage":6,"enemies":"3 Shapes","floor":37,"turns":2},{"damage":0,"enemies":"3 Darklings","floor":38,"turns":3},{"damage":0,"enemies":"Reptomancer","floor":40,"turns":2},{"damage":0,"enemies":"Writhing Mass","floor":42,"turns":3},{"damage":0,"enemies":"Jaw Worm Horde","floor":45,"turns":1},{"damage":0,"enemies":"Mind Bloom Boss Battle","floor":46,"turns":3},{"damage":0,"enemies":"Nemesis","floor":48,"turns":1},{"damage":0,"enemies":"Donu and Deca","floor":50,"turns":4},{"damage":0,"enemies":"Shield and Spear","floor":54,"turns":1},{"damage":3,"enemies":"The Heart","floor":55,"turns":6}],"seed_played":"-3583276619094025791","potions_obtained":[{"floor":0.0,"key":"Energy Potion"},{"floor":2.0,"key":"Energy Potion"},{"floor":13.0,"key":"LiquidMemories"},{"floor":14.0,"key":"SpeedPotion"},{"floor":16.0,"key":"PowerPotion"},{"floor":18.0,"key":"ColorlessPotion"},{"floor":22.0,"key":"SneckoOil"},{"floor":24,"key":"GamblersBrew"},{"floor":28,"key":"StancePotion"},{"floor":40,"key":"Strength Potion"},{"floor":45,"key":"Swift Potion"},{"floor":46,"key":"Dexterity Potion"}],"is_trial":false,"path_per_floor":["M","M","?","?","M","M","R","$","T","R","E","R","E","M","R","B",null,"M","$","M","?","M","E","M","R","T","M","E","?","E","M","R","B",null,"M","?","M","M","$","E","R","M","T","$","M","?","$","E","R","B",null,"R","$","E","B",null],"character_chosen":"WATCHER","items_purchased":["CrushJoints","CarveReality","Madness","Membership Card","FearNoEvil","FlurryOfBlows","Akabeko","Tantrum","Incense Burner","Shuriken","Vajra"],"campfire_rested":1,"item_purchase_floors":[8,8,8,19,19,19,39,39,44,44,47],"current_hp_per_floor":[68,68,53,42,40,40,40,40,40,40,35,35,18,18,41,41,70,72,72,52,41,40,42,40,40,40,40,37,37,39,41,41,43,51,51,51,47,47,47,49,49,51,51,51,53,55,55,57,57,57,63,63,63,65,62],"gold":41,"neow_bonus":"BOSS_RELIC","is_daily":false,"chose_seed":false,"campfire_upgraded":6,"win_rate":0.0,"timestamp":1613069023,"path_taken":["M","M","?","?","M","M","R","$","T","R","E","R","E","M","R","BOSS","M","$","M","?","M","E","M","R","T","M","E","?","E","M","R","BOSS","M","?","M","M","$","E","R","M","T","$","M","?","$","E","R","BOSS","R","$","E","BOSS"],"items_purchased_type":["Card","Card","Card","Relic","Card","Card","Relic","Card","Relic","Relic","Relic"],"build_version":"2020-12-22","purchased_purges":3,"victory":true,"max_hp_per_floor":[77,77,77,77,77,77,77,77,77,77,77,77,79,79,79,79,79,81,81,83,41,43,45,45,45,45,47,47,47,49,51,51,53,53,53,53,55,55,55,57,57,59,59,59,61,63,63,65,65,65,65,65,65,67,67],"card_choices":[{"not_picked":["FlurryOfBlows","Swivel"],"picked":"Wallop","floor":0.0},{"not_picked":["ThirdEye","Study"],"picked":"CutThroughFate","floor":1.0},{"not_picked":["ClearTheMind","BattleHymn"],"picked":"FlyingSleeves","floor":2.0},{"not_picked":["Study","Wireheading"],"picked":"FlurryOfBlows","floor":5.0},{"not_picked":["Halt","BattleHymn"],"picked":"TalkToTheHand","floor":6.0},{"not_picked":["ThirdEye","MentalFortress"],"picked":"Tantrum","floor":11.0},{"not_picked":["LikeWater","InnerPeace","CutThroughFate"],"picked":"Singing Bowl","floor":13.0},{"not_picked":["WaveOfTheHand","PathToVictory"],"picked":"TalkToTheHand","floor":14.0},{"not_picked":["Ragnarok","Brilliance"],"picked":"Scrawl","floor":16.0},{"not_picked":["Halt"],"picked":"Singing Bowl","floor":18.0},{"not_picked":["Study+1"],"picked":"Singing Bowl","floor":20.0},{"not_picked":["SashWhip"],"picked":"Singing Bowl","floor":22.0},{"not_picked":["MentalFortress"],"picked":"Singing Bowl","floor":23},{"not_picked":[],"picked":"Vengeance","floor":24},{"not_picked":["FlyingSleeves"],"picked":"Singing Bowl","floor":27},{"not_picked":[],"picked":"Vault","floor":28},{"not_picked":["FollowUp"],"picked":"Singing Bowl","floor":30},{"not_picked":["Prostrate"],"picked":"Singing Bowl","floor":31},{"not_picked":["SpiritShield"],"picked":"Singing Bowl","floor":33},{"not_picked":[],"picked":"JustLucky+1","floor":35},{"not_picked":["ThirdEye"],"picked":"Singing Bowl","floor":37},{"not_picked":[],"picked":"Consecrate+1","floor":38},{"not_picked":["JustLucky+1"],"picked":"Singing Bowl","floor":40},{"not_picked":["BattleHymn+1"],"picked":"Singing Bowl","floor":42},{"not_picked":["Prostrate+1"],"picked":"Singing Bowl","floor":45},{"not_picked":["BattleHymn"],"picked":"Singing Bowl","floor":46},{"not_picked":["InnerPeace+1"],"picked":"Singing Bowl","floor":48},{"not_picked":["Nirvana"],"picked":"Singing Bowl","floor":54}],"player_experience":319096,"relics_obtained":[{"floor":9.0,"key":"Singing Bowl"},{"floor":11.0,"key":"Calipers"},{"floor":13.0,"key":"Mercury Hourglass"},{"floor":23,"key":"CeramicFish"},{"floor":26,"key":"Bag of Preparation"},{"floor":28,"key":"Oddly Smooth Stone"},{"floor":30,"key":"TeardropLocket"},{"floor":40,"key":"Yang"},{"floor":46,"key":"Peace Pipe"},{"floor":48,"key":"Pen Nib"},{"floor":54,"key":"Bag of Marbles"}],"event_choices":[{"damage_healed":0.0,"max_hp_gain":0.0,"max_hp_loss":0.0,"gold_gain":0.0,"event_name":"Shining Light","player_choice":"Entered Light","floor":3.0,"gold_loss":0.0,"damage_taken":15.0,"cards_upgraded":["Strike_P","CutThroughFate"]},{"damage_healed":0.0,"max_hp_gain":0.0,"max_hp_loss":0.0,"gold_gain":75.0,"event_name":"World of Goop","player_choice":"Gather Gold","floor":4.0,"gold_loss":0.0,"damage_taken":11.0},{"damage_healed":0.0,"max_hp_gain":0.0,"max_hp_loss":42.0,"gold_gain":0.0,"event_name":"Ghosts","player_choice":"Became a Ghost","floor":21.0,"gold_loss":0.0,"damage_taken":0.0,"cards_obtained":["Ghostly","Ghostly","Ghostly","Ghostly","Ghostly"]},{"damage_healed":0,"gold_gain":0,"player_choice":"Inject Mutagens","damage_taken":0,"relics_obtained":["MutagenicStrength"],"max_hp_gain":0,"max_hp_loss":0,"event_name":"Drug Dealer","floor":29,"gold_loss":0},{"damage_healed":0,"gold_gain":0,"player_choice":"Ignored","damage_taken":0,"max_hp_gain":0,"max_hp_loss":0,"event_name":"Tomb of Lord Red Mask","floor":36,"gold_loss":0},{"damage_healed":0,"gold_gain":0,"player_choice":"Fight","damage_taken":0,"max_hp_gain":0,"max_hp_loss":0,"event_name":"MindBloom","floor":46,"gold_loss":0}],"is_beta":false,"boss_relics":[{"not_picked":["VioletLotus","SlaversCollar"],"picked":"Busted Crown"},{"not_picked":["Snecko Eye","Velvet Choker"],"picked":"Runic Pyramid"}],"items_purged_floors":[8,39,53],"is_endless":false,"potions_floor_spawned":[2,13,14,16,18,22,24,28,40,45,46],"ascension_level":6}}