{"host":"11728qvdvolffudn","time":1613082878,"event":{"mods":["BaseMod","Block Reminder","Colored Powertips","Curses Come First","Custom Start","Displayed Cursed Tome","Highlight Path","Minty Spire (QoL Compilation)","Permanent Neow","Quick Restart","Rare Cards Sparkle","Relic Stats","StSLib","Weighted Paths"],"gold_per_floor":[119,129,54,54,65,65,96,96,96,96,109,126,145,162,162,260,260,277,289,289,289,289,289,289,289,289,289,309,409,426,444,444,444,444],"floor_reached":33,"language":"ENG","playtime":1295,"items_purged":["Strike_R"],"score":324,"play_id":"ea2d8a7f-e58f-49eb-9618-42488e6ce6e7","local_time":"20210211223438","is_ascension_mode":true,"campfire_choices":[{"data":"Whirlwind","floor":6,"key":"SMITH"},{"data":"Flex","floor":8,"key":"SMITH"},{"data":"Flex","floor":10,"key":"SMITH"},{"data":"Defend_R","floor":15,"key":"SMITH"},{"data":"Infernal Blade","floor":23,"key":"SMITH"},{"data":"Ghostly","floor":25,"key":"SMITH"},{"data":"Ghostly","floor":27,"key":"SMITH"},{"data":"Ghostly","floor":32,"key":"SMITH"}],"circlet_count":0,"master_deck":["Strike_R","Strike_R","Strike_R","Defend_R+1","Defend_R","Defend_R","Defend_R","Bash","Flex+1","Whirlwind+1","Battle Trance","Flex+1","Feed","Infernal Blade+1","Ghostly+1","Ghostly+1","Ghostly+1","Ghostly","Ghostly"],"relics":["Burning Blood","Singing Bowl","Blood Vial","SlaversCollar","TungstenRod","MutagenicStrength","Enchiridion","Bird Faced Urn","Du-Vu Doll","Meat on the Bone"],"acts_visited":["Exordium","TheCity"],"potions_floor_usage":[7,28,29,29,29],"damage_taken":[{"damage":9,"enemies":"Jaw Worm","floor":1,"turns":3},{"damage":1,"enemies":"Cultist","floor":2,"turns":3},{"damage":0,"enemies":"Small Slimes","floor":5,"turns":2},{"damage":35,"enemies":"Lagavulin","floor":7,"turns":5},{"damage":16,"enemies":"2 Fungi Beasts","floor":11,"turns":3},{"damage":0,"enemies":"Large Slime","floor":12,"turns":2},{"damage":0,"enemies":"3 Louse","floor":13,"turns":1},{"damage":7,"enemies":"2 Fungi Beasts","floor":14,"turns":2},{"damage":42,"enemies":"The Guardian","floor":16,"turns":9},{"damage":31,"enemies":"2 Thieves","floor":18,"turns":4},{"damage":29,"enemies":"Chosen","floor":19,"turns":5},{"damage":0,"enemies":"Centurion and Healer","floor":28,"turns":8},{"damage":0,"enemies":"Colosseum Slavers","floor":29,"turns":5},{"damage":31,"enemies":"Colosseum Nobs","floor":29,"turns":6},{"damage":21,"enemies":"Snake Plant","floor":30,"turns":4},{"damage":0,"enemies":"3 Cultists","floor":31,"turns":6},{"damage":70,"enemies":"Collector","floor":33,"turns":6}],"seed_played":"915988892646556280","potions_obtained":[{"floor":2,"key":"PowerPotion"},{"floor":5,"key":"Swift Potion"},{"floor":7,"key":"PowerPotion"},{"floor":13,"key":"DistilledChaos"},{"floor":16,"key":"Weak Potion"},{"floor":28,"key":"ColorlessPotion"},{"floor":30,"key":"Dexterity Potion"}],"is_trial":false,"path_per_floor":["M","M","$","?","M","R","E","R","T","R","M","M","M","M","R","B",null,"M","M","T","?","?","R","?","R","T","R","M","?","M","M","R","B"],"character_chosen":"IRONCLAD","items_purchased":[],"campfire_rested":0,"item_purchase_floors":[],"current_hp_per_floor":[77,80,80,80,80,80,51,51,51,51,45,55,65,68,68,34,88,68,47,47,47,35,35,35,35,35,35,50,31,34,49,49,0,0],"gold":444,"neow_bonus":"THREE_CARDS","is_daily":false,"chose_seed":false,"campfire_upgraded":8,"win_rate":0.0,"timestamp":1613082878,"path_taken":["M","M","$","?","M","R","E","R","T","R","M","M","M","?","R","BOSS","M","M","?","?","?","R","?","R","T","R","M","?","M","M","R","BOSS"],"items_purchased_type":[],"build_version":"2020-12-22","purchased_purges":1,"victory":false,"max_hp_per_floor":[80,80,80,80,80,80,80,80,80,80,82,84,86,88,88,88,88,93,93,93,93,93,93,46,46,46,46,51,56,58,63,63,63,63],"relic_stats":{"Blood Vial":21,"Singing Bowl":18,"counters":[17,74],"Bird Faced Urn":[8],"obtain_stats":[{"Blood Vial":9,"Du-Vu Doll":29,"SlaversCollar":17,"Singing Bowl":7,"MutagenicStrength":21,"Bird Faced Urn":26,"Enchiridion":22,"Burning Blood":0,"TungstenRod":20,"Meat on the Bone":29},{"Blood Vial":4,"Du-Vu Doll":14,"SlaversCollar":9,"Singing Bowl":4,"MutagenicStrength":11,"Bird Faced Urn":11,"Enchiridion":11,"Burning Blood":0,"TungstenRod":11,"Meat on the Bone":14},{"Blood Vial":13,"Du-Vu Doll":58,"SlaversCollar":30,"Singing Bowl":13,"MutagenicStrength":39,"Bird Faced Urn":39,"Enchiridion":39,"Burning Blood":0,"TungstenRod":39,"Meat on the Bone":58}],"Burning Blood":82,"TungstenRod":36,"Meat on the Bone":12},"card_choices":[{"not_picked":["Sword Boomerang","Body Slam"],"picked":"Flex","floor":0},{"not_picked":["Warcry","Anger"],"picked":"Whirlwind","floor":1},{"not_picked":["Reckless Charge","Iron Wave"],"picked":"Battle Trance","floor":2},{"not_picked":["Flame Barrier","Clothesline","Blood for Blood"],"picked":"SKIP","floor":5},{"not_picked":["Havoc","Cleave"],"picked":"Flex","floor":7},{"not_picked":["Armaments","Barricade","Carnage"],"picked":"Singing Bowl","floor":11},{"not_picked":["Havoc","Warcry","Clothesline"],"picked":"Singing Bowl","floor":12},{"not_picked":["Fire Breathing","Hemokinesis","Thunderclap"],"picked":"Singing Bowl","floor":13},{"not_picked":["Heavy Blade","Anger","Blood for Blood"],"picked":"Singing Bowl","floor":14},{"not_picked":["Barricade","Berserk"],"picked":"Feed","floor":16},{"not_picked":["Thunderclap","Anger","Second Wind+1"],"picked":"Singing Bowl","floor":18},{"not_picked":["Anger","Twin Strike"],"picked":"Infernal Blade","floor":19},{"not_picked":["Havoc","Combust+1","Thunderclap"],"picked":"Singing Bowl","floor":28},{"not_picked":["Hemokinesis","Sentinel","Entrench"],"picked":"Singing Bowl","floor":29},{"not_picked":["Armaments","Cleave","Headbutt+1"],"picked":"Singing Bowl","floor":30},{"not_picked":["Entrench","Reckless Charge","Body Slam"],"picked":"Singing Bowl","floor":31}],"player_experience":201638,"relics_obtained":[{"floor":7,"key":"Singing Bowl"},{"floor":9,"key":"Blood Vial"},{"floor":20,"key":"TungstenRod"},{"floor":26,"key":"Bird Faced Urn"},{"floor":29,"key":"Du-Vu Doll"},{"floor":29,"key":"Meat on the Bone"}],"event_choices":[{"cards_removed":["Strike_R"],"damage_healed":0,"gold_gain":0,"player_choice":"Purged","damage_taken":0,"max_hp_gain":0,"max_hp_loss":0,"event_name":"Purifier","floor":4,"gold_loss":0},{"damage_healed":0,"gold_gain":0,"player_choice":"Inject Mutagens","damage_taken":0,"relics_obtained":["MutagenicStrength"],"max_hp_gain":0,"max_hp_loss":0,"event_name":"Drug Dealer","floor":21,"gold_loss":0},{"damage_healed":0,"gold_gain":0,"player_choice":"Obtained Book","damage_taken":16,"max_hp_gain":0,"max_hp_loss":0,"event_name":"Cursed Tome","floor":22,"gold_loss":0},{"damage_healed":0,"gold_gain":0,"player_choice":"Became a Ghost","damage_taken":0,"max_hp_gain":0,"max_hp_loss":47,"event_name":"Ghosts","floor":24,"gold_loss":0,"cards_obtained":["Ghostly","Ghostly","Ghostly","Ghostly","Ghostly"]},{"damage_healed":0,"gold_gain":0,"player_choice":"Fight","damage_taken":0,"max_hp_gain":0,"max_hp_loss":0,"event_name":"Colosseum","floor":29,"gold_loss":0},{"damage_healed":0,"gold_gain":0,"player_choice":"Fought Nobs","damage_taken":0,"max_hp_gain":0,"max_hp_loss":0,"event_name":"Colosseum","floor":29,"gold_loss":0}],"is_beta":false,"boss_relics":[{"not_picked":["Runic Dome","Fusion Hammer"],"picked":"SlaversCollar"}],"items_purged_floors":[3],"is_endless":false,"potions_floor_spawned":[2,5,7,11,13,16,18,28,30],"killed_by":"Collector","ascension_level":4}}