{"host":"92108ef2q9tm8rod","time":1613063942,"event":{"mods":["BaseMod","Defuse TimeMaze Blight","Minty Spire (QoL Compilation)","StSLib","The Jungle"],"gold_per_floor":[112,127,144,155,167,167,167,167,167,187,187,198,198,198,198,296,296,310,320,68,82,96,96,96,96,122,148,148,148,164,14,14,116,116,127,143,155,171,183,516,394,421,446,478,490,512,538,567,579,591],"floor_reached":51,"language":"ENG","playtime":4408,"items_purged":[],"score":877,"play_id":"dfa5933d-b4e5-4947-bdc8-4e2eb4738e5b","local_time":"20210211171902","daily_mods":["SealedDeck","Blue Cards","Heirloom","Flight"],"is_ascension_mode":false,"campfire_choices":[{"data":"Redo","floor":6,"key":"SMITH"},{"data":"Noxious Fumes","floor":7,"key":"SMITH"},{"data":"Catalyst","floor":8,"key":"SMITH"},{"data":"Deadly Poison","floor":11,"key":"SMITH"},{"floor":13,"key":"REST"},{"data":"Blur","floor":15,"key":"SMITH"},{"data":"Streamline","floor":23,"key":"SMITH"},{"data":"Blur","floor":24,"key":"SMITH"},{"data":"Tempest","floor":25,"key":"SMITH"},{"data":"Escape Plan","floor":28,"key":"SMITH"},{"data":"Backflip","floor":29,"key":"SMITH"},{"data":"PiercingWail","floor":32,"key":"SMITH"}],"circlet_count":0,"master_deck":["Backflip+1","PiercingWail+1","Streamline+1","Redo+1","Catalyst+1","Tempest+1","Deadly Poison+1","Noxious Fumes+1","Blur+1","Blur+1","Escape Plan+1","Fusion+1"],"relics":["Ring of the Snake","Mango","Question Card","Coffee Dripper","Singing Bowl","Bag of Preparation","Tiny Chest","Membership Card","HoveringKite","Old Coin","Letter Opener","Mummified Hand","MawBank"],"acts_visited":["Exordium","Exordium","TheBeyond"],"potions_floor_usage":[12,30,42,50,50,50],"damage_taken":[{"damage":0.0,"enemies":"Cultist","floor":1.0,"turns":4.0},{"damage":0.0,"enemies":"Jaw Worm","floor":2.0,"turns":5.0},{"damage":0.0,"enemies":"Small Slimes","floor":3.0,"turns":4.0},{"damage":9.0,"enemies":"Looter","floor":4.0,"turns":3.0},{"damage":10,"enemies":"Large Slime","floor":5,"turns":6},{"damage":8,"enemies":"2 Fungi Beasts","floor":10,"turns":4},{"damage":1,"enemies":"Lots of Slimes","floor":12,"turns":4},{"damage":29,"enemies":"Hexaghost","floor":16,"turns":7},{"damage":10,"enemies":"theJungle:Flameango_and_Byrd","floor":18,"turns":4},{"damage":0,"enemies":"theJungle:MUSHROOMGANG","floor":19,"turns":4},{"damage":6,"enemies":"theJungle:2_Snecko_Cultists","floor":21,"turns":4},{"damage":0,"enemies":"theJungle:SlimyTreeVines","floor":22,"turns":6},{"damage":0,"enemies":"theJungle:2_Phrogs","floor":27,"turns":4},{"damage":2,"enemies":"theJungle:2_Flameangoes","floor":30,"turns":5},{"damage":4,"enemies":"theJungle:TotemBoss","floor":33,"turns":8},{"damage":0,"enemies":"3 Darklings","floor":35,"turns":5},{"damage":0,"enemies":"3 Shapes","floor":36,"turns":4},{"damage":0,"enemies":"Writhing Mass","floor":37,"turns":4},{"damage":0,"enemies":"3 Darklings","floor":38,"turns":5},{"damage":0,"enemies":"Transient","floor":39,"turns":5},{"damage":3,"enemies":"Reptomancer","floor":40,"turns":6},{"damage":0,"enemies":"Giant Head","floor":42,"turns":6},{"damage":0,"enemies":"4 Shapes","floor":44,"turns":3},{"damage":0,"enemies":"Sphere and 2 Shapes","floor":46,"turns":5},{"damage":0,"enemies":"Transient","floor":47,"turns":5},{"damage":0,"enemies":"3 Darklings","floor":48,"turns":3},{"damage":49,"enemies":"Donu and Deca","floor":50,"turns":8}],"seed_played":"-4417075214793103989","potions_obtained":[{"floor":1.0,"key":"Swift Potion"},{"floor":3.0,"key":"SteroidPotion"},{"floor":19,"key":"SkillPotion"},{"floor":21,"key":"SmokeBomb"},{"floor":27,"key":"CunningPotion"},{"floor":37,"key":"Swift Potion"},{"floor":38,"key":"Fire Potion"},{"floor":42,"key":"SkillPotion"},{"floor":44,"key":"Poison Potion"}],"is_trial":true,"path_per_floor":["M","M","M","M","M","R","R","R","T","M","R","M","R","?","R","B",null,"M","M","$","M","M","R","R","R","T","E","R","R","M","$","R","B",null,"M","M","M","M","M","E","$","E","T","M","$","M","M","M","R","B",null],"character_chosen":"THE_SILENT","items_purchased":["Singing Bowl","Membership Card","Letter Opener"],"campfire_rested":1,"item_purchase_floors":[20,31,41],"current_hp_per_floor":[84,84,84,75,65,65,65,65,65,57,57,56,81,81,81,52,84,74,74,74,70,78,78,78,78,78,80,80,80,80,80,80,78,94,96,98,100,100,102,101,101,103,103,105,105,107,109,111,111,62],"gold":603,"neow_bonus":"","is_daily":false,"chose_seed":false,"campfire_upgraded":11,"win_rate":0.0,"timestamp":1613063942,"path_taken":["M","M","M","M","?","R","R","R","T","M","R","M","R","?","R","BOSS","M","M","$","M","?","R","R","R","T","E","R","R","M","?","R","BOSS","M","?","M","M","M","E","$","E","T","M","$","M","M","M","R","BOSS"],"items_purchased_type":["Relic","Relic","Relic"],"build_version":"2020-12-22","purchased_purges":0,"victory":true,"max_hp_per_floor":[84,84,84,84,84,84,84,84,84,84,84,84,84,84,84,84,84,84,84,84,86,88,88,88,88,88,90,90,90,92,92,92,94,94,96,98,100,100,102,104,104,106,106,108,108,110,112,114,114,114],"card_choices":[{"not_picked":["FTL","Quick Slash","Outmaneuver"],"picked":"SKIP","floor":1.0},{"not_picked":["Skewer","Streamline","Gash"],"picked":"SKIP","floor":2.0},{"not_picked":["Barrage","Glass Knife","Steam"],"picked":"SKIP","floor":3.0},{"not_picked":["Undo","Compile Driver","Gash"],"picked":"SKIP","floor":4.0},{"not_picked":["Go for the Eyes","Beam Cell","Bane"],"picked":"SKIP","floor":5},{"not_picked":["Hologram","Stack","Deadly Poison","Choke"],"picked":"SKIP","floor":10},{"not_picked":["Distraction","Prepared","Storm of Steel","Storm"],"picked":"SKIP","floor":12},{"not_picked":["Stack","Slice","Ball Lightning+1","Steam Power+1"],"picked":"SKIP","floor":18},{"not_picked":["Flying Knee","Flechettes+1","Defragment"],"picked":"Escape Plan","floor":19},{"not_picked":["Reprogram","Quick Slash+1","Outmaneuver","Dagger Throw"],"picked":"Singing Bowl","floor":21},{"not_picked":["Distraction","Steam Power","Heatsinks","Flying Knee"],"picked":"Singing Bowl","floor":22},{"not_picked":["Cloak And Dagger","Predator","Rebound","Outmaneuver"],"picked":"Singing Bowl","floor":27},{"not_picked":["Recycle+1","Underhanded Strike","Echo Form","Sucker Punch"],"picked":"Singing Bowl","floor":30},{"not_picked":["Machine Learning","Tools of the Trade","Electrodynamics","After Image"],"picked":"Singing Bowl","floor":33},{"not_picked":["Barrage","Double Energy+1","Deflect+1","Underhanded Strike"],"picked":"Singing Bowl","floor":35},{"not_picked":["Go for the Eyes","Slice","Compile Driver+1","Rebound+1"],"picked":"Singing Bowl","floor":36},{"not_picked":["Skewer","Catalyst","Backflip","PiercingWail"],"picked":"Singing Bowl","floor":37},{"not_picked":["Sucker Punch+1","Lockon","Reinforced Body+1"],"picked":"Fusion+1","floor":38},{"not_picked":["Predator","Heatsinks","Backstab+1","Calculated Gamble"],"picked":"Singing Bowl","floor":39},{"not_picked":["Blade Dance+1","Self Repair","Seek","Sucker Punch+1"],"picked":"Singing Bowl","floor":40},{"not_picked":["Distraction","Redo","Auto Shields+1","A Thousand Cuts"],"picked":"Singing Bowl","floor":42},{"not_picked":["PiercingWail","Go for the Eyes","Cloak And Dagger+1","Eviscerate"],"picked":"Singing Bowl","floor":44},{"not_picked":["Force Field+1","Skim","Ball Lightning","PiercingWail+1"],"picked":"Singing Bowl","floor":46},{"not_picked":["Crippling Poison","Loop+1","Acrobatics","Outmaneuver"],"picked":"Singing Bowl","floor":47},{"not_picked":["Flying Knee","Conserve Battery","Skim","Static Discharge"],"picked":"Singing Bowl","floor":48}],"player_experience":3413955,"relics_obtained":[{"floor":9,"key":"Question Card"},{"floor":26,"key":"Bag of Preparation"},{"floor":27,"key":"Tiny Chest"},{"floor":40,"key":"Old Coin"},{"floor":42,"key":"Mummified Hand"},{"floor":43,"key":"MawBank"}],"event_choices":[{"damage_healed":0,"gold_gain":0,"player_choice":"Ignored","damage_taken":0,"max_hp_gain":0,"max_hp_loss":0,"event_name":"Transmorgrifier","floor":14,"gold_loss":0}],"is_beta":false,"boss_relics":[{"not_picked":["Astrolabe","Runic Pyramid"],"picked":"Coffee Dripper"},{"not_picked":["Velvet Choker","Empty Cage"],"picked":"HoveringKite"}],"items_purged_floors":[],"is_endless":false,"potions_floor_spawned":[1,3,19,21,27,37,38,39,42,44],"ascension_level":0}}