{"host":"p7cjtxxrilhp4dw7","time":1613078091,"event":{"mods":["BaseMod","Block Reminder","Colored Map","Curses Come First","Highlight Path","Minty Spire (QoL Compilation)","Replay The Spire","StSLib"],"gold_per_floor":[114,127,174,188,188,215,215,250,274,284,300,300,315,327,327,399,399,399,399,399,399,253,253,253,178,178,178,178,118,118,118,118,118,118,118,118,118,0,0,0,0,0,0,0,0,0,0],"floor_reached":46,"language":"ENG","playtime":6210,"items_purged":[],"score":886,"play_id":"218e54ff-f61a-4103-809a-11a22a0823a2","local_time":"20210211141451","is_ascension_mode":true,"campfire_choices":[{"floor":7,"key":"REST"},{"floor":12,"key":"REST"},{"floor":15,"key":"REST"},{"floor":23,"key":"REST"},{"floor":32,"key":"REST"},{"data":"ReplayTheSpireMod:Calculation Training","floor":40,"key":"SMITH"}],"circlet_count":0,"master_deck":["AscendersBane","Strike_B+1","Strike_B","Strike_B","Defend_B+1","Defend_B","Defend_B","Defend_B+1","Zap+1","Dualcast","BootSequence","Sweeping Beam","Ball Lightning","Aggregate","Redo","Go for the Eyes","ReplayTheSpireMod:Calculation Training+1","Panic Button","Electrodynamics","White Noise+1","Cold Snap+1","Hologram+1","Cold Snap","Barrage+1","BasicCrystalCard","Buffer","Coolheaded","Rip and Tear","Barrage+1","Conserve Battery","Crystallizer+1"],"relics":["Cracked Core","TungstenRod","Oddly Smooth Stone","Simple Rune","Divine Protection","Akabeko","Ectoplasm","Omamori","Juzu Bracelet","Replay:Mystery Machine","Bag of Preparation","Inserter","War Paint","Red Mask","Vajra","Lantern"],"acts_visited":["Exordium","TheCity","TheBeyond"],"potions_floor_usage":[6,8,8,16,21,21,24,46,46,46],"damage_taken":[{"damage":0,"enemies":"Cultist","floor":1,"turns":3},{"damage":0,"enemies":"2 Louse","floor":2,"turns":2},{"damage":0,"enemies":"Jaw Worm","floor":4,"turns":3},{"damage":20,"enemies":"3 Sentries","floor":6,"turns":7},{"damage":17,"enemies":"Gremlin Nob","floor":8,"turns":4},{"damage":2,"enemies":"Exordium Thugs","floor":10,"turns":4},{"damage":0,"enemies":"Looter","floor":11,"turns":2},{"damage":0,"enemies":"Large Slime","floor":13,"turns":4},{"damage":0,"enemies":"2 Fungi Beasts","floor":14,"turns":3},{"damage":31,"enemies":"Hexaghost","floor":16,"turns":11},{"damage":13,"enemies":"Shell Parasite","floor":18,"turns":4},{"damage":0,"enemies":"Chosen","floor":19,"turns":4},{"damage":2,"enemies":"Centurion and Healer","floor":21,"turns":6},{"damage":27,"enemies":"Book of Stabbing","floor":24,"turns":6},{"damage":23,"enemies":"Gremlin Leader","floor":28,"turns":5},{"damage":0,"enemies":"Cultist and Chosen","floor":31,"turns":3},{"damage":27,"enemies":"Champ","floor":33,"turns":12},{"damage":0,"enemies":"3 Shapes","floor":35,"turns":5},{"damage":0,"enemies":"3 Darklings","floor":42,"turns":2},{"damage":0,"enemies":"Nemesis","floor":45,"turns":7},{"damage":62,"enemies":"Writhing Mass","floor":46,"turns":4}],"seed_played":"-1383601286060225785","potions_obtained":[{"floor":1,"key":"Weak Potion"},{"floor":4,"key":"Reflective Coating"},{"floor":6,"key":"Adrenaline Potion"},{"floor":11,"key":"ColorlessPotion"},{"floor":16,"key":"Explosive Potion"},{"floor":18,"key":"ColorlessPotion"},{"floor":21,"key":"Fire Potion"},{"floor":33,"key":"Ancient Potion"},{"floor":35,"key":"Elixir"},{"floor":42,"key":"EntropicBrew"}],"is_trial":false,"path_per_floor":["M","M","T","M","?","E","R","E","T","M","M","R","M","M","R","B",null,"M","M","?","M","$","R","E","?","T","?","E","?","?","M","R","B",null,"M","?","$","?","$","R","?","M","T","?","E","M"],"character_chosen":"DEFECT","items_purchased":["Omamori"],"campfire_rested":5,"item_purchase_floors":[22],"current_hp_per_floor":[46,46,46,46,46,26,47,30,30,28,28,49,49,49,70,39,63,50,50,44,42,42,63,36,36,36,59,36,36,36,36,57,30,61,61,61,61,61,61,61,61,61,61,61,61,0,0],"gold":0,"neow_bonus":"ONE_RARE_RELIC","is_daily":false,"chose_seed":false,"campfire_upgraded":1,"win_rate":0.0,"timestamp":1613078091,"path_taken":["M","M","?","M","?","E","R","E","T","M","?","R","M","M","R","BOSS","M","M","?","M","?","R","E","?","T","?","E","?","?","M","R","BOSS","M","?","?","?","$","R","?","M","T","?","E","M"],"items_purchased_type":["Relic"],"build_version":"2020-12-22","purchased_purges":0,"victory":false,"max_hp_per_floor":[71,71,71,71,71,71,71,71,71,71,71,71,71,71,71,71,71,71,71,71,71,71,71,71,71,71,71,71,71,71,71,71,71,71,71,71,71,71,71,71,71,71,71,71,71,71,71],"card_choices":[{"not_picked":["Stack","Compile Driver"],"picked":"BootSequence","floor":1},{"not_picked":["Reprogram","Crystallizer"],"picked":"Sweeping Beam","floor":2},{"not_picked":["Turbo","Steam"],"picked":"Ball Lightning","floor":4},{"not_picked":["Rebound","Reprogram"],"picked":"Aggregate","floor":6},{"not_picked":["Meteor Strike","ReplaySort"],"picked":"Redo","floor":8},{"not_picked":["Time Bomb","Ball Lightning"],"picked":"Go for the Eyes","floor":10},{"not_picked":["Beam Cell","Redo","Stack"],"picked":"SKIP","floor":11},{"not_picked":["Recycle","Static Discharge"],"picked":"ReplayTheSpireMod:Calculation Training","floor":13},{"not_picked":["Self Repair","Leap"],"picked":"Panic Button","floor":14},{"not_picked":["Rainbow","Amplify"],"picked":"Electrodynamics","floor":16},{"not_picked":["Time Bomb","Gash+1"],"picked":"White Noise+1","floor":18},{"not_picked":["Stack+1","Streamline"],"picked":"Cold Snap+1","floor":19},{"not_picked":["Rebound","Compile Driver"],"picked":"Hologram+1","floor":21},{"not_picked":["Turbo","Leap+1"],"picked":"Cold Snap","floor":24},{"not_picked":["Meteor Strike","Streamline"],"picked":"Barrage+1","floor":28},{"not_picked":["Capacitor","BootSequence"],"picked":"BasicCrystalCard","floor":31},{"not_picked":["ReplayRNGCard","Meteor Strike"],"picked":"Buffer","floor":33},{"not_picked":["Beam Cell","Undo","Leap"],"picked":"SKIP","floor":35},{"not_picked":["Cold Snap","Redo"],"picked":"Coolheaded","floor":41},{"not_picked":["Hello World","Beam Cell"],"picked":"Rip and Tear","floor":41},{"not_picked":["Stack","Turbo"],"picked":"Barrage+1","floor":41},{"not_picked":["Beam Cell","FIFO Queue","Rebound+1"],"picked":"SKIP","floor":42},{"not_picked":["Static Discharge+1","Time Bomb"],"picked":"Crystallizer+1","floor":45}],"player_experience":627912,"relics_obtained":[{"floor":3,"key":"Oddly Smooth Stone"},{"floor":6,"key":"Simple Rune"},{"floor":8,"key":"Divine Protection"},{"floor":9,"key":"Akabeko"},{"floor":24,"key":"Juzu Bracelet"},{"floor":26,"key":"Replay:Mystery Machine"},{"floor":28,"key":"Bag of Preparation"},{"floor":43,"key":"Vajra"},{"floor":45,"key":"Lantern"}],"event_choices":[{"damage_healed":0,"gold_gain":0,"player_choice":"Ignored","damage_taken":0,"max_hp_gain":0,"max_hp_loss":0,"event_name":"Liars Game","floor":5,"gold_loss":0},{"damage_healed":0,"gold_gain":0,"player_choice":"Damaged","damage_taken":7,"max_hp_gain":0,"max_hp_loss":0,"event_name":"Wheel of Change","floor":20,"gold_loss":0},{"cards_removed":["Strike_B"],"damage_healed":0,"gold_gain":0,"player_choice":"Gave Gold","damage_taken":0,"max_hp_gain":0,"max_hp_loss":0,"event_name":"Beggar","floor":25,"gold_loss":75},{"damage_healed":23,"gold_gain":0,"player_choice":"Heal","damage_taken":0,"max_hp_gain":0,"max_hp_loss":0,"event_name":"The Library","floor":27,"gold_loss":0},{"damage_healed":0,"gold_gain":0,"player_choice":"Ignored","damage_taken":0,"max_hp_gain":0,"max_hp_loss":0,"event_name":"Ghosts","floor":30,"gold_loss":0},{"damage_healed":0,"gold_gain":0,"player_choice":"Gave Potion","damage_taken":0,"relics_obtained":["War Paint"],"max_hp_gain":0,"max_hp_loss":0,"event_name":"WeMeetAgain","floor":36,"gold_loss":0},{"damage_healed":0,"gold_gain":0,"player_choice":"Paid","damage_taken":0,"relics_obtained":["Red Mask"],"max_hp_gain":0,"max_hp_loss":0,"event_name":"Tomb of Lord Red Mask","floor":38,"gold_loss":118},{"damage_healed":0,"gold_gain":0,"player_choice":"1 cards matched","damage_taken":0,"max_hp_gain":0,"max_hp_loss":0,"event_name":"Match and Keep!","floor":44,"gold_loss":0,"cards_obtained":["Conserve Battery"]}],"is_beta":false,"boss_relics":[{"not_picked":["ChewingGum","SacredBark"],"picked":"Ectoplasm"},{"not_picked":["Cursed Key","Nuclear Battery"],"picked":"Inserter"}],"items_purged_floors":[],"is_endless":false,"potions_floor_spawned":[1,4,6,11,16,18,21,33,35,42],"killed_by":"Writhing Mass","ascension_level":14}}