{"host":"8zow35rkxv448q2r","time":1613075684,"event":{"mods":["AchievementEnabler","BaseMod","Colored Map","Colored Powertips","Minty Spire (QoL Compilation)","Relic Stats"],"gold_per_floor":[114,9396,9356,9371,9386,9412,9428,9428,9428,9463,9463,9479,9494,8591,8591,8669,8669,8687,8698,8029,8060,8073,8083,8110,8110,8110,8110,8110,8110,7052,7052,7052,7130,7130,7143,6594,6614,6634,6206,6206,6206,6254,6281,6306,6306,6306,6324,6324,6324,6324,6324,6324,6001,6030,6030],"floor_reached":56,"language":"ENG","playtime":6189,"items_purged":["Strike_R","Strike_R","Strike_R","Strike_R","Strike_R"],"score":1924,"play_id":"a641e483-4416-40dd-879f-fd4d39cb2325","local_time":"20210211153444","is_ascension_mode":true,"campfire_choices":[{"floor":8,"key":"REST"},{"floor":11,"key":"REST"},{"data":"Rupture","floor":15,"key":"SMITH"},{"floor":25,"key":"REST"},{"floor":27,"key":"REST"},{"floor":29,"key":"RECALL"},{"data":"1","floor":32,"key":"LIFT"},{"floor":46,"key":"DIG"},{"floor":49,"key":"REST"},{"data":"2","floor":52,"key":"LIFT"}],"circlet_count":0,"master_deck":["AscendersBane","Defend_R","Defend_R","Defend_R","Defend_R","Bash","Sword Boomerang","Spot Weakness","Combust","Heavy Blade","Rupture+1","Impervious","Twin Strike","Bloodletting+1","Seeing Red+1","Apotheosis+1","Inflame","Demon Form","CurseOfTheBell","Seeing Red+1","Cleave","Flame Barrier+1","Barricade","Limit Break+1","Metallicize","Bludgeon","Infernal Blade+1","Discovery+1","Madness+1","Madness+1"],"relics":["Burning Blood","NeowsBlessing","Pen Nib","Red Skull","Cauldron","Tiny Chest","Toxic Egg 2","Dead Branch","Toy Ornithopter","MealTicket","Lee\u0027s Waffle","Calling Bell","Centennial Puzzle","Mummified Hand","CaptainsWheel","Gremlin Horn","Orichalcum","DollysMirror","Red Mask","PreservedInsect","Potion Belt","Chemical X","Girya","Kunai","Self Forming Clay","Fusion Hammer","Membership Card","Matryoshka","Paper Frog","FossilizedHelix","Strange Spoon","Shovel","Thread and Needle","Strawberry","Magic Flower","Ancient Tea Set","Sundial","Juzu Bracelet","Lizard Tail","Happy Flower","ClockworkSouvenir","Boot"],"acts_visited":["Exordium","TheCity","TheBeyond","TheEnding"],"potions_floor_usage":[7,35,38,40,44,50,55],"damage_taken":[{"damage":0,"enemies":"Cultist","floor":1,"turns":1},{"damage":1,"enemies":"Small Slimes","floor":4,"turns":1},{"damage":0,"enemies":"2 Louse","floor":5,"turns":1},{"damage":54,"enemies":"Gremlin Nob","floor":6,"turns":5},{"damage":20,"enemies":"Large Slime","floor":7,"turns":3},{"damage":24,"enemies":"Lagavulin","floor":10,"turns":6},{"damage":6,"enemies":"Looter","floor":12,"turns":2},{"damage":38,"enemies":"Exordium Wildlife","floor":13,"turns":4},{"damage":35,"enemies":"The Guardian","floor":16,"turns":4},{"damage":17,"enemies":"2 Thieves","floor":18,"turns":4},{"damage":12,"enemies":"Chosen","floor":19,"turns":4},{"damage":30,"enemies":"Masked Bandits","floor":21,"turns":4},{"damage":18,"enemies":"3 Cultists","floor":22,"turns":3},{"damage":16,"enemies":"Snake Plant","floor":23,"turns":2},{"damage":4,"enemies":"Slavers","floor":24,"turns":2},{"damage":34,"enemies":"Collector","floor":33,"turns":6},{"damage":10,"enemies":"Orb Walker","floor":35,"turns":3},{"damage":3,"enemies":"3 Shapes","floor":37,"turns":3},{"damage":5,"enemies":"3 Darklings","floor":38,"turns":4},{"damage":0,"enemies":"Nemesis","floor":40,"turns":1},{"damage":17,"enemies":"2 Orb Walkers","floor":42,"turns":5},{"damage":6,"enemies":"Mind Bloom Boss Battle","floor":44,"turns":6},{"damage":33,"enemies":"Transient","floor":47,"turns":5},{"damage":67,"enemies":"Awakened One","floor":50,"turns":8},{"damage":25,"enemies":"Shield and Spear","floor":54,"turns":5},{"damage":82,"enemies":"The Heart","floor":55,"turns":9}],"seed_played":"-2228982722216198850","potions_obtained":[{"floor":2,"key":"DuplicationPotion"},{"floor":2,"key":"Regen Potion"},{"floor":5,"key":"FairyPotion"},{"floor":7,"key":"BloodPotion"},{"floor":12,"key":"SteroidPotion"},{"floor":35,"key":"Fruit Juice"},{"floor":42,"key":"AttackPotion"}],"is_trial":false,"path_per_floor":["M","$","?","M","M","E","M","R","T","E","R","M","M","$","R","B",null,"M","M","$","?","M","M","E","R","T","R","?","R","$","T","R","B",null,"M","$","M","M","$","E","?","?","T","?","T","R","M","?","R","B",null,"R","$","E","B",null],"character_chosen":"IRONCLAD","items_purchased":["Spot Weakness","Pen Nib","Red Skull","Cauldron","Combust","Apotheosis+1","Toy Ornithopter","MealTicket","Lee\u0027s Waffle","FairyPotion","Inflame","Gremlin Horn","Orichalcum","DollysMirror","Chemical X","Girya","Kunai","Limit Break+1","Metallicize","Membership Card","Matryoshka","Paper Frog","Regen Potion","SteroidPotion","FossilizedHelix","Strange Spoon","Shovel","SmokeBomb","Lizard Tail","Dexterity Potion","Happy Flower","ClockworkSouvenir"],"campfire_rested":5,"item_purchase_floors":[2,2,2,2,2,14,14,14,14,14,14,20,20,20,30,30,30,30,30,36,36,36,36,36,39,39,39,39,53,53,53,53],"current_hp_per_floor":[74,74,74,75,75,27,28,50,50,32,54,54,22,82,82,53,75,64,58,73,49,37,27,29,53,53,77,77,77,82,82,82,54,75,81,87,87,87,87,87,87,76,83,88,88,88,64,47,75,49,83,83,94,78,13],"gold":6030,"neow_bonus":"THREE_ENEMY_KILL","is_daily":false,"chose_seed":false,"campfire_upgraded":1,"win_rate":0.0,"timestamp":1613075684,"path_taken":["M","$","?","?","M","E","M","R","T","E","R","M","M","?","R","BOSS","M","M","$","?","M","M","E","R","T","R","?","R","$","?","R","BOSS","M","$","M","M","$","E","?","?","T","?","?","R","M","?","R","BOSS","R","$","E","BOSS"],"items_purchased_type":["Card","Relic","Relic","Relic","Card","Card","Relic","Relic","Relic","Potion","Card","Relic","Relic","Relic","Relic","Relic","Relic","Card","Card","Relic","Relic","Relic","Potion","Potion","Relic","Relic","Relic","Potion","Relic","Potion","Relic","Relic"],"build_version":"2020-12-22","purchased_purges":5,"victory":true,"max_hp_per_floor":[75,75,75,75,75,75,75,75,75,75,75,75,75,82,82,82,82,82,82,82,82,82,82,82,82,82,82,82,82,82,82,82,82,82,87,87,87,87,87,87,87,87,94,94,94,94,94,94,94,94,94,94,94,94,94],"relic_stats":{"Gremlin Horn":[20,20],"Magic Flower":[27],"Juzu Bracelet":1,"Boot":[0],"Burning Blood":148,"Centennial Puzzle":[48],"Lizard Tail":0,"Shovel":1,"Mummified Hand":[101],"Sundial":[2],"Tiny Chest":2,"MealTicket":37,"Chemical X":[1],"Kunai":[5],"Lee\u0027s Waffle":60,"Happy Flower":[4],"counters":[26,101],"Self Forming Clay":[177],"Dead Branch":[65],"Pen Nib":[14],"PreservedInsect":127,"Orichalcum":[30],"Strange Spoon":[21],"obtain_stats":[{"Gremlin Horn":20,"Magic Flower":44,"Juzu Bracelet":46,"Ancient Tea Set":45,"Boot":54,"Burning Blood":0,"ClockworkSouvenir":53,"Centennial Puzzle":17,"Lizard Tail":53,"Matryoshka":36,"Shovel":39,"Mummified Hand":17,"DollysMirror":20,"Sundial":45,"Strawberry":43,"Tiny Chest":6,"MealTicket":14,"Fusion Hammer":34,"Red Mask":21,"Chemical X":30,"Kunai":30,"Toxic Egg 2":9,"Red Skull":2,"Paper Frog":36,"Potion Belt":26,"Girya":30,"Lee\u0027s Waffle":14,"NeowsBlessing":0,"Happy Flower":53,"Self Forming Clay":31,"Dead Branch":10,"Thread and Needle":42,"Pen Nib":2,"PreservedInsect":24,"Orichalcum":20,"Calling Bell":17,"Cauldron":2,"Strange Spoon":39,"CaptainsWheel":17,"Membership Card":36,"Toy Ornithopter":14,"FossilizedHelix":39},{"Gremlin Horn":11,"Magic Flower":22,"Juzu Bracelet":22,"Ancient Tea Set":22,"Boot":25,"Burning Blood":0,"ClockworkSouvenir":24,"Centennial Puzzle":9,"Lizard Tail":24,"Matryoshka":17,"Shovel":19,"Mummified Hand":9,"DollysMirror":11,"Sundial":22,"Strawberry":21,"Tiny Chest":4,"MealTicket":8,"Fusion Hammer":16,"Red Mask":12,"Chemical X":15,"Kunai":15,"Toxic Egg 2":5,"Red Skull":1,"Paper Frog":17,"Potion Belt":15,"Girya":15,"Lee\u0027s Waffle":8,"NeowsBlessing":0,"Happy Flower":24,"Self Forming Clay":15,"Dead Branch":6,"Thread and Needle":21,"Pen Nib":1,"PreservedInsect":15,"Orichalcum":11,"Calling Bell":9,"Cauldron":1,"Strange Spoon":19,"CaptainsWheel":9,"Membership Card":17,"Toy Ornithopter":8,"FossilizedHelix":19},{"Gremlin Horn":35,"Magic Flower":74,"Juzu Bracelet":74,"Ancient Tea Set":74,"Boot":92,"Burning Blood":0,"ClockworkSouvenir":87,"Centennial Puzzle":27,"Lizard Tail":87,"Matryoshka":55,"Shovel":62,"Mummified Hand":27,"DollysMirror":35,"Sundial":74,"Strawberry":68,"Tiny Chest":8,"MealTicket":23,"Fusion Hammer":52,"Red Mask":39,"Chemical X":46,"Kunai":46,"Toxic Egg 2":11,"Red Skull":1,"Paper Frog":55,"Potion Belt":46,"Girya":46,"Lee\u0027s Waffle":23,"NeowsBlessing":0,"Happy Flower":87,"Self Forming Clay":46,"Dead Branch":17,"Thread and Needle":68,"Pen Nib":1,"PreservedInsect":46,"Orichalcum":35,"Calling Bell":27,"Cauldron":1,"Strange Spoon":62,"CaptainsWheel":27,"Membership Card":55,"Toy Ornithopter":23,"FossilizedHelix":62}],"Toy Ornithopter":26},"card_choices":[{"not_picked":["Thunderclap","Shrug It Off"],"picked":"Sword Boomerang","floor":1},{"not_picked":["Havoc","Inflame"],"picked":"Heavy Blade","floor":4},{"not_picked":["Warcry","Clash"],"picked":"Rupture","floor":5},{"not_picked":["Twin Strike","True Grit"],"picked":"Impervious","floor":6},{"not_picked":["Shrug It Off","Pummel"],"picked":"Twin Strike","floor":7},{"not_picked":["Sword Boomerang","Wild Strike","Carnage"],"picked":"SKIP","floor":10},{"not_picked":["Havoc+1","Searing Blow"],"picked":"Bloodletting+1","floor":12},{"not_picked":["Perfected Strike","Wild Strike"],"picked":"Seeing Red+1","floor":13},{"not_picked":["Fiend Fire","Exhume+1"],"picked":"Demon Form","floor":16},{"not_picked":["Headbutt","True Grit+1","Entrench+1"],"picked":"SKIP","floor":18},{"not_picked":["Uppercut","Warcry+1","Armaments+1"],"picked":"SKIP","floor":19},{"not_picked":["Rupture+1","Pommel Strike"],"picked":"Cleave","floor":22},{"not_picked":["Wild Strike","Headbutt","Seeing Red+1"],"picked":"SKIP","floor":23},{"not_picked":["Combust","Cleave"],"picked":"Flame Barrier+1","floor":24},{"not_picked":["Juggernaut","Impervious+1"],"picked":"Bludgeon","floor":33},{"not_picked":["True Grit+1","Dual Wield+1","Seeing Red+1"],"picked":"SKIP","floor":35},{"not_picked":["Twin Strike","Reckless Charge+1"],"picked":"Infernal Blade+1","floor":37},{"not_picked":["Feel No Pain","Searing Blow","True Grit+1"],"picked":"SKIP","floor":38},{"not_picked":["Violence+1","Deep Breath+1"],"picked":"Discovery+1","floor":41},{"not_picked":["Hemokinesis","Perfected Strike","Bloodletting+1"],"picked":"SKIP","floor":47},{"not_picked":["Headbutt","Carnage+1","Dual Wield+1"],"picked":"SKIP","floor":54}],"player_experience":204773,"relics_obtained":[{"floor":6,"key":"Tiny Chest"},{"floor":9,"key":"Toxic Egg 2"},{"floor":10,"key":"Dead Branch"},{"floor":17,"key":"Centennial Puzzle"},{"floor":17,"key":"Mummified Hand"},{"floor":17,"key":"CaptainsWheel"},{"floor":21,"key":"Red Mask"},{"floor":24,"key":"PreservedInsect"},{"floor":26,"key":"Potion Belt"},{"floor":31,"key":"Self Forming Clay"},{"floor":42,"key":"Thread and Needle"},{"floor":43,"key":"Strawberry"},{"floor":44,"key":"Magic Flower"},{"floor":45,"key":"Ancient Tea Set"},{"floor":45,"key":"Sundial"},{"floor":46,"key":"Juzu Bracelet"},{"floor":54,"key":"Boot"}],"event_choices":[{"damage_healed":0,"gold_gain":0,"player_choice":"Bought 3 Potions","damage_taken":0,"max_hp_gain":0,"max_hp_loss":0,"event_name":"The Woman in Blue","floor":3,"gold_loss":0},{"damage_healed":0,"gold_gain":0,"player_choice":"Fought Bandits","damage_taken":0,"max_hp_gain":0,"max_hp_loss":0,"event_name":"Masked Bandits","floor":21,"gold_loss":0},{"damage_healed":0,"gold_gain":0,"player_choice":"Read","damage_taken":0,"max_hp_gain":0,"max_hp_loss":0,"event_name":"The Library","floor":28,"gold_loss":0,"cards_obtained":["Barricade"]},{"damage_healed":0,"gold_gain":0,"player_choice":"Memory 1","damage_taken":0,"max_hp_gain":0,"max_hp_loss":0,"event_name":"SensoryStone","floor":41,"gold_loss":0},{"damage_healed":0,"gold_gain":0,"player_choice":"Fight","damage_taken":0,"max_hp_gain":0,"max_hp_loss":0,"event_name":"Mysterious Sphere","floor":42,"gold_loss":0},{"damage_healed":0,"gold_gain":0,"player_choice":"Fight","damage_taken":0,"max_hp_gain":0,"max_hp_loss":0,"event_name":"MindBloom","floor":44,"gold_loss":0},{"damage_healed":0,"gold_gain":0,"player_choice":"Embrace Madness","damage_taken":17,"max_hp_gain":0,"max_hp_loss":0,"event_name":"Winding Halls","floor":48,"gold_loss":0,"cards_obtained":["Madness","Madness"]}],"is_beta":false,"boss_relics":[{"not_picked":["Coffee Dripper","Snecko Eye"],"picked":"Calling Bell"},{"not_picked":["Cursed Key","SlaversCollar"],"picked":"Fusion Hammer"}],"items_purged_floors":[2,14,20,30,36],"is_endless":false,"potions_floor_spawned":[5,7,12,13,16,19,21,23,35,40,42],"ascension_level":15}}