{"host":"f7jml7vkwn3tj7tu","time":1613077528,"event":{"mods":["BaseMod","Block Reminder","Minty Spire (QoL Compilation)","Relic Stats","Slay-I"],"gold_per_floor":[112,112,112,127,127,127,154,154,154,185,197,197,229,229,229,326,326,336,356,124,134,152,152,166,198,198,216,235,250,250,284,284,389,389,401,420,420,434,131,131,156,156,179,179,179],"floor_reached":44,"language":"ENG","playtime":2378,"items_purged":["Strike_P"],"score":630,"play_id":"18b89190-fcb6-4a55-8989-8f2054869340","local_time":"20210211160528","is_ascension_mode":true,"campfire_choices":[{"data":"Eruption","floor":6,"key":"SMITH"},{"data":"Wallop","floor":8,"key":"SMITH"},{"data":"Swivel","floor":15,"key":"SMITH"},{"data":"Ragnarok","floor":23,"key":"SMITH"},{"data":"Tantrum","floor":32,"key":"SMITH"},{"data":"Halt","floor":40,"key":"SMITH"},{"data":"Sanctity","floor":42,"key":"SMITH"}],"circlet_count":0,"master_deck":["Strike_P","Strike_P","Defend_P","Defend_P","Defend_P","Eruption+1","Vigilance","Swivel+1","BattleHymn","Wallop+1","Evaluate","Wireheading","Ragnarok+1","SashWhip+1","Sanctity+1","FlurryOfBlows+1","Tantrum+1","Wireheading+1","MentalFortress+1","Halt+1","WheelKick","Pain","BowlingBash+1","Blasphemy","Halt","MasterReality+1","SandsOfTime+1","Adaptation+1"],"relics":["PureWater","Ancient Tea Set","Du-Vu Doll","PreservedInsect","Orichalcum","Blood Vial","Mummified Hand","Coffee Dripper","Pen Nib","TeardropLocket","Frozen Egg 2","WarpedTongs","CloakClasp","VioletLotus","Frozen Eye","Bronze Scales","Kunai","Anchor"],"acts_visited":["Exordium","TheCity","TheBeyond"],"potions_floor_usage":[16,29,38,44],"damage_taken":[{"damage":0,"enemies":"Small Slimes","floor":1,"turns":3},{"damage":0,"enemies":"2 Louse","floor":4,"turns":2},{"damage":28,"enemies":"Gremlin Nob","floor":7,"turns":3},{"damage":1,"enemies":"3 Sentries","floor":10,"turns":6},{"damage":0,"enemies":"Cultist","floor":11,"turns":2},{"damage":4,"enemies":"Gremlin Nob","floor":13,"turns":3},{"damage":29,"enemies":"The Guardian","floor":16,"turns":8},{"damage":4,"enemies":"3 Byrds","floor":18,"turns":5},{"damage":2,"enemies":"Shell Parasite","floor":19,"turns":4},{"damage":0,"enemies":"Cultist and Chosen","floor":21,"turns":4},{"damage":0,"enemies":"3 Cultists","floor":22,"turns":5},{"damage":0,"enemies":"Snecko","floor":24,"turns":2},{"damage":0,"enemies":"Book of Stabbing","floor":25,"turns":2},{"damage":0,"enemies":"Chosen and Byrds","floor":27,"turns":4},{"damage":0,"enemies":"Centurion and Healer","floor":28,"turns":3},{"damage":19,"enemies":"3 Cultists","floor":29,"turns":4},{"damage":2,"enemies":"Gremlin Leader","floor":31,"turns":2},{"damage":50,"enemies":"Automaton","floor":33,"turns":5},{"damage":13,"enemies":"3 Darklings","floor":35,"turns":3},{"damage":0,"enemies":"Orb Walker","floor":36,"turns":3},{"damage":42,"enemies":"Writhing Mass","floor":38,"turns":4},{"damage":4,"enemies":"Giant Head","floor":41,"turns":4},{"damage":30,"enemies":"Nemesis","floor":44,"turns":2}],"seed_played":"8800538816970186614","potions_obtained":[{"floor":1,"key":"Explosive Potion"},{"floor":4,"key":"Ancient Potion"},{"floor":11,"key":"LiquidMemories"},{"floor":18,"key":"PowerPotion"},{"floor":25,"key":"DuplicationPotion"},{"floor":35,"key":"AttackPotion"}],"is_trial":false,"path_per_floor":["M","?","$","M","?","R","E","R","T","E","M","?","E","T","R","B",null,"M","M","$","M","M","R","M","E","T","M","M","M","?","E","R","B",null,"M","M","?","M","$","R","E","R","T","E"],"character_chosen":"WATCHER","items_purchased":["Pen Nib","Frozen Eye","Bronze Scales"],"campfire_rested":0,"item_purchase_floors":[20,39,39],"current_hp_per_floor":[79,72,72,72,65,65,37,37,37,36,36,36,32,32,32,5,79,75,75,75,77,79,79,79,79,79,79,79,60,60,60,60,12,79,66,68,68,28,28,28,26,26,26,0,0],"gold":179,"neow_bonus":"TEN_PERCENT_HP_BONUS","is_daily":false,"chose_seed":false,"campfire_upgraded":7,"win_rate":0.0,"timestamp":1613077528,"path_taken":["M","?","$","M","?","R","E","R","T","E","M","?","E","?","R","BOSS","M","M","$","M","M","R","M","E","T","M","M","?","?","E","R","BOSS","M","?","?","?","$","R","E","R","T","E"],"items_purchased_type":["Relic","Relic","Relic"],"build_version":"2020-12-22","purchased_purges":1,"victory":false,"max_hp_per_floor":[79,79,79,79,79,79,79,79,79,79,79,79,79,79,79,79,79,79,79,79,79,79,79,79,79,79,79,79,79,79,79,79,79,79,79,79,79,79,79,79,79,79,79,79,79],"relic_stats":{"Blood Vial":20,"counters":[23,83],"Mummified Hand":[60],"Bronze Scales":[3],"PreservedInsect":311,"Pen Nib":[10],"VioletLotus":[5],"CloakClasp":[39],"Kunai":[0],"Orichalcum":[18],"obtain_stats":[{"PreservedInsect":9,"Pen Nib":20,"CloakClasp":31,"TeardropLocket":25,"Orichalcum":10,"Frozen Egg 2":26,"Ancient Tea Set":5,"WarpedTongs":30,"Du-Vu Doll":7,"Blood Vial":13,"Frozen Eye":39,"Anchor":43,"Mummified Hand":14,"Bronze Scales":39,"VioletLotus":34,"Coffee Dripper":17,"Kunai":41,"PureWater":0},{"PreservedInsect":3,"Pen Nib":9,"CloakClasp":17,"TeardropLocket":13,"Orichalcum":4,"Frozen Egg 2":13,"Ancient Tea Set":2,"WarpedTongs":16,"Du-Vu Doll":3,"Blood Vial":6,"Frozen Eye":21,"Anchor":22,"Mummified Hand":6,"Bronze Scales":21,"VioletLotus":18,"Coffee Dripper":7,"Kunai":22,"PureWater":0},{"PreservedInsect":8,"Pen Nib":36,"CloakClasp":62,"TeardropLocket":49,"Orichalcum":14,"Frozen Egg 2":49,"Ancient Tea Set":5,"WarpedTongs":60,"Du-Vu Doll":8,"Blood Vial":19,"Frozen Eye":77,"Anchor":81,"Mummified Hand":19,"Bronze Scales":77,"VioletLotus":67,"Coffee Dripper":27,"Kunai":81,"PureWater":0}],"WarpedTongs":[23]},"card_choices":[{"not_picked":["EmptyBody","EmptyFist"],"picked":"Swivel","floor":1},{"not_picked":["JustLucky","SashWhip"],"picked":"BattleHymn","floor":4},{"not_picked":["Worship","Omniscience"],"picked":"Wallop","floor":7},{"not_picked":["BowlingBash","EmptyFist","Meditate"],"picked":"SKIP","floor":10},{"not_picked":["EmptyFist","DeceiveReality","InnerPeace"],"picked":"SKIP","floor":11},{"not_picked":["WreathOfFlame","LikeWater"],"picked":"Wireheading","floor":13},{"not_picked":["Devotion","Omniscience"],"picked":"Ragnarok","floor":16},{"not_picked":["PathToVictory","ClearTheMind"],"picked":"SashWhip+1","floor":18},{"not_picked":["ThirdEye","JustLucky+1"],"picked":"Sanctity","floor":19},{"not_picked":["Protect","JustLucky","BowlingBash"],"picked":"SKIP","floor":21},{"not_picked":["CarveReality","PathToVictory"],"picked":"FlurryOfBlows+1","floor":22},{"not_picked":["Vault","FlurryOfBlows+1"],"picked":"Tantrum","floor":24},{"not_picked":["DeceiveReality","Consecrate"],"picked":"Wireheading+1","floor":25},{"not_picked":["EmptyMind","SandsOfTime"],"picked":"MentalFortress+1","floor":27},{"not_picked":["InnerPeace","SashWhip"],"picked":"Halt","floor":28},{"not_picked":["DeceiveReality","Weave+1"],"picked":"WheelKick","floor":29},{"not_picked":["SpiritShield","FlyingSleeves"],"picked":"BowlingBash+1","floor":31},{"not_picked":["Ragnarok","Judgement"],"picked":"Blasphemy","floor":33},{"not_picked":["PathToVictory+1","Evaluate"],"picked":"Halt","floor":35},{"not_picked":["Prostrate+1","Protect+1"],"picked":"MasterReality+1","floor":36},{"not_picked":["EmptyBody","WheelKick"],"picked":"SandsOfTime+1","floor":38},{"not_picked":["EmptyFist","TalkToTheHand+1"],"picked":"Adaptation+1","floor":41}],"player_experience":609381,"relics_obtained":[{"floor":7,"key":"Du-Vu Doll"},{"floor":9,"key":"PreservedInsect"},{"floor":10,"key":"Orichalcum"},{"floor":13,"key":"Blood Vial"},{"floor":14,"key":"Mummified Hand"},{"floor":25,"key":"TeardropLocket"},{"floor":26,"key":"Frozen Egg 2"},{"floor":31,"key":"CloakClasp"},{"floor":41,"key":"Kunai"},{"floor":43,"key":"Anchor"}],"event_choices":[{"cards_removed":["Defend_P"],"damage_healed":0,"gold_gain":0,"player_choice":"Card Removal","damage_taken":7,"max_hp_gain":0,"max_hp_loss":0,"event_name":"Golden Wing","floor":2,"gold_loss":0},{"damage_healed":0,"gold_gain":0,"player_choice":"Success","damage_taken":7,"relics_obtained":["Ancient Tea Set"],"max_hp_gain":0,"max_hp_loss":0,"event_name":"Scrap Ooze","floor":5,"gold_loss":0},{"damage_healed":0,"gold_gain":0,"cards_transformed":["Strike_P"],"player_choice":"Change","damage_taken":0,"max_hp_gain":0,"max_hp_loss":0,"event_name":"Living Wall","floor":12,"gold_loss":0,"cards_obtained":["Evaluate"]},{"damage_healed":0,"gold_gain":0,"player_choice":"Rummage","damage_taken":0,"relics_obtained":["WarpedTongs"],"max_hp_gain":0,"max_hp_loss":0,"event_name":"Accursed Blacksmith","floor":30,"gold_loss":0,"cards_obtained":["Pain"]},{"damage_healed":0,"gold_gain":0,"player_choice":"Ignored","damage_taken":0,"max_hp_gain":0,"max_hp_loss":0,"event_name":"SecretPortal","floor":37,"gold_loss":0}],"is_beta":false,"boss_relics":[{"not_picked":["Runic Pyramid","Velvet Choker"],"picked":"Coffee Dripper"},{"not_picked":["Busted Crown","Black Star"],"picked":"VioletLotus"}],"items_purged_floors":[20],"is_endless":false,"potions_floor_spawned":[1,4,11,18,21,24,25,28,35,36],"killed_by":"Nemesis","ascension_level":2}}