{"host":"ex9ev9v5sog028vn","time":1613026343,"event":{"mods":["Act Like it!","BaseMod","Block Reminder","Hallownest","Minty Spire (QoL Compilation)","Quick Restart","Relic Stats","StSLib","The Bug Knight"],"gold_per_floor":[114,133,133,148,148,176,34,34,58,90,103,103,128,138,138,138,138],"floor_reached":16,"language":"ENG","playtime":1153,"items_purged":["HollowMod:NailStrikeStart"],"score":145,"play_id":"b7ebd28f-bbaf-4f8b-8190-754b016b545e","local_time":"20210211035223","is_ascension_mode":false,"campfire_choices":[{"data":"HollowMod:VengefulSpirit","floor":8.0,"key":"SMITH"},{"data":"HollowMod:ChannelNail","floor":12.0,"key":"SMITH"},{"data":"HollowMod:VengefulSpirit","floor":15.0,"key":"SMITH"}],"circlet_count":0,"master_deck":["HollowMod:NailStrikeStart","HollowMod:NailStrikeStart","HollowMod:NailStrikeStart","HollowMod:QuickDashStart","HollowMod:QuickDashStart","HollowMod:QuickDashStart","HollowMod:QuickDashStart","HollowMod:FocusHealStart+1","HollowMod:PogoStrike","HollowMod:AwokenDreamNail","HollowMod:DoubleDash+1","HollowMod:DashSlash","HollowMod:FastStrike","HollowMod:VengefulSpirit+1","HollowMod:SoulVessel","HollowMod:VengefulSpirit+1","HollowMod:ChannelNail+1"],"relics":["HollowMod:VesselMask","Hallownest:DreamNailRelic","War Paint","Ancient Tea Set","Juzu Bracelet","Unceasing Top"],"acts_visited":["Exordium"],"potions_floor_usage":[16],"damage_taken":[{"damage":10.0,"enemies":"Hallownest:2_Tiktiks_and_1_Crawlid","floor":1.0,"turns":3.0},{"damage":1.0,"enemies":"Hallownest:monsterHuskWarrior","floor":2.0,"turns":6.0},{"damage":4.0,"enemies":"2_ Uuma","floor":4.0,"turns":5.0},{"damage":29.0,"enemies":"Hallownest:eliteCrystalGuardian","floor":6.0,"turns":5.0},{"damage":0.0,"enemies":"Hallownest:eliteMossKnight","floor":10.0,"turns":3.0},{"damage":15.0,"enemies":"Hallownest:Guard_and_Warrior","floor":11.0,"turns":7.0},{"damage":21.0,"enemies":"Hallownest:eliteCrystalGuardian","floor":13.0,"turns":4.0},{"damage":0.0,"enemies":"Hallownest:monsterFoolEater","floor":14.0,"turns":3.0},{"damage":39,"enemies":"Hallownest:BossHornet","floor":16,"turns":13}],"seed_played":"-8625783998351476034","potions_obtained":[{"floor":4.0,"key":"Ancient Potion"},{"floor":6.0,"key":"Explosive Potion"},{"floor":13.0,"key":"FearPotion"}],"is_trial":false,"path_per_floor":["M","M","?","M","?","E","$","R","T","E","M","R","E","M","R","B"],"character_chosen":"THE_BUGKNIGHT","items_purchased":["HollowMod:SoulVessel"],"campfire_rested":0,"item_purchase_floors":[7],"current_hp_per_floor":[65,74,74,73,73,44,44,44,44,44,39,39,24,24,24,0,0],"gold":138,"neow_bonus":"THREE_RARE_CARDS","is_daily":false,"chose_seed":false,"campfire_upgraded":3,"win_rate":0.0,"timestamp":1613026343,"path_taken":["M","M","?","?","?","E","?","R","T","E","M","R","E","M","R","BOSS"],"items_purchased_type":["Card"],"build_version":"2020-12-22","purchased_purges":1,"victory":false,"max_hp_per_floor":[75,75,75,75,75,75,75,75,75,75,75,75,75,75,75,75,75],"relic_stats":{"counters":[9,49],"Juzu Bracelet":0,"War Paint":["HollowMod:FocusHealStart","HollowMod:DoubleDash"],"obtain_stats":[{"HollowMod:VesselMask":0,"Hallownest:DreamNailRelic":3,"Juzu Bracelet":10,"War Paint":6,"Ancient Tea Set":9,"Unceasing Top":13},{"HollowMod:VesselMask":0,"Hallownest:DreamNailRelic":2,"Juzu Bracelet":5,"War Paint":4,"Ancient Tea Set":4,"Unceasing Top":7},{"HollowMod:VesselMask":0,"Hallownest:DreamNailRelic":9,"Juzu Bracelet":22,"War Paint":19,"Ancient Tea Set":19,"Unceasing Top":33}],"Unceasing Top":[0]},"card_choices":[{"not_picked":["HollowMod:ElderbugsWisdom","HollowMod:MidwifesHunger"],"picked":"HollowMod:AwokenDreamNail","floor":0.0},{"not_picked":["HollowMod:InfectedCysts","HollowMod:VengefulVoid"],"picked":"HollowMod:DoubleDash","floor":1.0},{"not_picked":["HollowMod:QuirrelsAssistance","HollowMod:CloakDash"],"picked":"HollowMod:DashSlash","floor":2.0},{"not_picked":["HollowMod:LifebloodCocoon","HollowMod:PureNailStrike"],"picked":"HollowMod:FastStrike","floor":4.0},{"not_picked":["HollowMod:WraithStrike","HollowMod:DashSlash"],"picked":"HollowMod:VengefulSpirit","floor":6.0},{"not_picked":["HollowMod:GreatSlash","HollowMod:NewJinnsSoul"],"picked":"HollowMod:VengefulSpirit","floor":10.0},{"not_picked":["HollowMod:DoubleDash","HollowMod:MawleksShell"],"picked":"HollowMod:ChannelNail","floor":11.0},{"not_picked":["HollowMod:PureNailStrike","HollowMod:PerfectDash","HollowMod:CoiledNail"],"picked":"SKIP","floor":13.0},{"not_picked":["HollowMod:VengefulVoid","HollowMod:InfectionAssault","HollowMod:SharpenedShadows"],"picked":"SKIP","floor":14.0}],"player_experience":709247,"relics_obtained":[{"floor":6.0,"key":"War Paint"},{"floor":9.0,"key":"Ancient Tea Set"},{"floor":10.0,"key":"Juzu Bracelet"},{"floor":13.0,"key":"Unceasing Top"}],"event_choices":[],"is_beta":false,"boss_relics":[],"items_purged_floors":[7],"is_endless":false,"potions_floor_spawned":[4,6,13,14],"killed_by":"Hallownest:BossHornet","ascension_level":0}}