{"host":"jhy70w0yh8dayqay","time":1613052549,"event":{"mods":["AchievementEnabler","BaseMod","Colored Map","Colored Powertips","DeckTracker","Minty Spire (QoL Compilation)","Permanent Neow","SuperFastMode"],"gold_per_floor":[117,129,141,153,164,164,197,256,256,276,276,276,294,309,309,405,405,405,330,330,285,285,285,285,285,285,31,31,31,31,31,31,31,31,31,31,0,0,0,0,0,0,0,0,0,0,0,0,0,0],"floor_reached":51,"language":"KOR","playtime":1815,"items_purged":["Strike_B"],"score":1450,"play_id":"89989653-e84e-4fa4-9628-67a0e672e0bb","local_time":"20210211230909","is_ascension_mode":true,"campfire_choices":[{"data":"Streamline","floor":6.0,"key":"SMITH"},{"floor":12.0,"key":"REST"},{"data":"Dualcast","floor":15.0,"key":"SMITH"},{"data":"White Noise","floor":23.0,"key":"SMITH"},{"data":"Skim","floor":25.0,"key":"SMITH"},{"floor":32.0,"key":"REST"},{"data":"Hologram","floor":40,"key":"SMITH"},{"data":"Go for the Eyes","floor":44,"key":"SMITH"},{"data":"Buffer","floor":46,"key":"SMITH"},{"data":"Sunder","floor":49,"key":"SMITH"}],"circlet_count":0,"master_deck":["AscendersBane","Defend_B","Defend_B","Defend_B","Defend_B","Dualcast+1","Coolheaded","Streamline+1","Hologram+1","Sweeping Beam","Compile Driver","White Noise+1","Sunder+1","Skim+1","Doom and Gloom","Go for the Eyes+1","Echo Form","Self Repair","Conserve Battery","Buffer+1","Core Surge","Rebound+1","Aggregate+1","Hyperbeam+1","Lockon+1","Panache","Glacier+1","Loop+1"],"relics":["Nuclear Battery","Akabeko","Boot","Omamori","Eternal Feather","Ectoplasm","Letter Opener","The Courier","Molten Egg 2","Pear","Bottled Lightning","Cursed Key","Red Mask","Happy Flower"],"acts_visited":["TheCity","TheBeyond"],"potions_floor_usage":[50],"damage_taken":[{"damage":0.0,"enemies":"Cultist","floor":1.0,"turns":4.0},{"damage":0.0,"enemies":"2 Louse","floor":2.0,"turns":3.0},{"damage":0.0,"enemies":"Jaw Worm","floor":3.0,"turns":3.0},{"damage":10.0,"enemies":"Red Slaver","floor":4.0,"turns":4.0},{"damage":7.0,"enemies":"3 Louse","floor":5.0,"turns":3.0},{"damage":22.0,"enemies":"3 Sentries","floor":7.0,"turns":6.0},{"damage":18.0,"enemies":"Gremlin Nob","floor":8.0,"turns":3.0},{"damage":0.0,"enemies":"Large Slime","floor":10.0,"turns":4.0},{"damage":2.0,"enemies":"2 Fungi Beasts","floor":13.0,"turns":3.0},{"damage":3.0,"enemies":"Exordium Wildlife","floor":14.0,"turns":3.0},{"damage":14.0,"enemies":"Slime Boss","floor":16.0,"turns":6.0},{"damage":8.0,"enemies":"Spheric Guardian","floor":18.0,"turns":3.0},{"damage":7.0,"enemies":"2 Thieves","floor":21.0,"turns":4.0},{"damage":28.0,"enemies":"Book of Stabbing","floor":24.0,"turns":6.0},{"damage":24.0,"enemies":"Snecko","floor":28.0,"turns":5.0},{"damage":27.0,"enemies":"Slavers","floor":29.0,"turns":4.0},{"damage":25.0,"enemies":"Snake Plant","floor":30.0,"turns":5.0},{"damage":50.0,"enemies":"Collector","floor":33.0,"turns":12.0},{"damage":5,"enemies":"3 Darklings","floor":35,"turns":2},{"damage":14,"enemies":"Orb Walker","floor":38,"turns":3},{"damage":31,"enemies":"Writhing Mass","floor":42,"turns":4},{"damage":5,"enemies":"Sphere and 2 Shapes","floor":45,"turns":3},{"damage":0,"enemies":"3 Darklings","floor":48,"turns":1},{"damage":56,"enemies":"Donu and Deca","floor":50,"turns":7}],"seed_played":"7306456813146131057","potions_obtained":[{"floor":5.0,"key":"SkillPotion"},{"floor":7.0,"key":"Swift Potion"},{"floor":10.0,"key":"DuplicationPotion"},{"floor":13.0,"key":"DistilledChaos"},{"floor":16.0,"key":"Swift Potion"},{"floor":18.0,"key":"Block Potion"},{"floor":24.0,"key":"Strength Potion"},{"floor":28.0,"key":"Dexterity Potion"},{"floor":30.0,"key":"Block Potion"},{"floor":35,"key":"SteroidPotion"},{"floor":48,"key":"SkillPotion"}],"is_trial":false,"path_per_floor":["M","M","M","M","M","R","E","?","T","M","T","R","M","M","R","B",null,"M","?","?","M","?","R","E","R","T","$","M","E","M","?","R","B",null,"M","?","?","M","$","R","?","M","T","R","M","R","$","M","R","B",null],"character_chosen":"DEFECT","items_purchased":["Pear"],"campfire_rested":2,"item_purchase_floors":[27],"current_hp_per_floor":[68,68,68,58,51,51,29,11,11,11,11,42,40,37,49,35,65,57,57,57,64,64,75,54,66,66,76,59,39,21,21,58,15,68,63,63,63,49,49,64,64,47,47,62,64,79,79,79,81,32],"gold":0,"neow_bonus":"BOSS_RELIC","is_daily":false,"chose_seed":false,"campfire_upgraded":8,"win_rate":0.0,"timestamp":1613052549,"path_taken":["M","M","?","M","M","R","E","?","T","M","?","R","?","M","R","BOSS","M","?","?","M","?","R","E","R","T","$","?","E","M","?","R","BOSS","M","?","?","M","$","R","?","M","T","R","M","R","$","?","R","BOSS"],"items_purchased_type":["Relic"],"build_version":"2020-12-22","purchased_purges":1,"victory":true,"max_hp_per_floor":[75,75,75,75,75,75,75,75,75,75,75,75,75,75,75,75,75,75,75,75,75,75,75,75,75,75,85,85,85,85,85,85,85,85,85,81,81,81,81,81,81,81,81,81,81,81,81,81,81,81],"card_choices":[{"not_picked":["Barrage","Rebound"],"picked":"Coolheaded","floor":1.0},{"not_picked":["Rebound","Consume"],"picked":"Streamline","floor":2.0},{"not_picked":["Stack","Tempest"],"picked":"Hologram","floor":3.0},{"not_picked":["Auto Shields","Rebound"],"picked":"Sweeping Beam","floor":4.0},{"not_picked":["Barrage","Go for the Eyes"],"picked":"Compile Driver","floor":5.0},{"not_picked":["Streamline","Sweeping Beam"],"picked":"White Noise","floor":7.0},{"not_picked":["Turbo","Cold Snap"],"picked":"Sunder","floor":8.0},{"not_picked":["Sweeping Beam","Hologram"],"picked":"Skim","floor":10.0},{"not_picked":["Melter","Redo"],"picked":"Doom and Gloom","floor":13.0},{"not_picked":["Compile Driver","Cold Snap"],"picked":"Go for the Eyes","floor":14.0},{"not_picked":["Creative AI","Hyperbeam"],"picked":"Echo Form","floor":16.0},{"not_picked":["Rebound+1","Blizzard+1"],"picked":"Self Repair","floor":18.0},{"not_picked":["Force Field","Leap"],"picked":"Conserve Battery","floor":21.0},{"not_picked":["Sunder","Consume","Coolheaded"],"picked":"SKIP","floor":24.0},{"not_picked":["Melter+1","Chaos","Conserve Battery"],"picked":"SKIP","floor":28.0},{"not_picked":["Tempest","Recycle"],"picked":"Rebound+1","floor":29.0},{"not_picked":["Leap","Blizzard+1"],"picked":"Aggregate+1","floor":30.0},{"not_picked":["All For One+1","Amplify"],"picked":"Hyperbeam+1","floor":33.0},{"not_picked":["Tempest+1","Sunder+1","Barrage+1"],"picked":"SKIP","floor":35},{"not_picked":["Ball Lightning+1","Barrage+1"],"picked":"Lockon+1","floor":38},{"not_picked":["Finesse","Secret Technique"],"picked":"Panache","floor":41},{"not_picked":["Steam+1","Turbo+1"],"picked":"Glacier+1","floor":42},{"not_picked":["Ball Lightning+1","BootSequence+1"],"picked":"Loop+1","floor":45},{"not_picked":["Hello World","Gash+1","Go for the Eyes+1"],"picked":"SKIP","floor":48}],"player_experience":481938,"relics_obtained":[{"floor":7.0,"key":"Akabeko"},{"floor":8.0,"key":"Boot"},{"floor":9.0,"key":"Omamori"},{"floor":11.0,"key":"Eternal Feather"},{"floor":24.0,"key":"The Courier"},{"floor":26.0,"key":"Molten Egg 2"},{"floor":29.0,"key":"Bottled Lightning"},{"floor":43,"key":"Happy Flower"}],"event_choices":[{"damage_healed":0.0,"max_hp_gain":0.0,"max_hp_loss":0.0,"gold_gain":30.0,"event_name":"Dead Adventurer","player_choice":"Searched \u00272\u0027 times","floor":8.0,"gold_loss":0.0,"damage_taken":0.0},{"cards_removed":["Strike_B"],"damage_healed":0.0,"max_hp_gain":0.0,"max_hp_loss":0.0,"gold_gain":0.0,"event_name":"Beggar","player_choice":"Gave Gold","floor":19.0,"gold_loss":75.0,"damage_taken":0.0},{"damage_healed":0.0,"max_hp_gain":0.0,"max_hp_loss":0.0,"gold_gain":0.0,"event_name":"The Mausoleum","player_choice":"Opened","floor":20.0,"gold_loss":0.0,"damage_taken":0.0,"relics_obtained":["Letter Opener"]},{"damage_healed":0.0,"max_hp_gain":0.0,"max_hp_loss":0.0,"gold_gain":0.0,"cards_transformed":["Strike_B","Zap"],"event_name":"Drug Dealer","player_choice":"Became Test Subject","floor":22.0,"gold_loss":0.0,"damage_taken":0.0,"cards_obtained":["Buffer","Core Surge"]},{"cards_removed":["Strike_B"],"damage_healed":0.0,"max_hp_gain":0.0,"max_hp_loss":0.0,"gold_gain":0.0,"event_name":"Wheel of Change","player_choice":"Card Removal","floor":31.0,"gold_loss":0.0,"damage_taken":0.0},{"damage_healed":0,"gold_gain":0,"player_choice":"Max HP","damage_taken":0,"max_hp_gain":0,"max_hp_loss":4,"event_name":"Winding Halls","floor":36,"gold_loss":0},{"damage_healed":0,"gold_gain":0,"player_choice":"Paid","damage_taken":0,"relics_obtained":["Red Mask"],"max_hp_gain":0,"max_hp_loss":0,"event_name":"Tomb of Lord Red Mask","floor":37,"gold_loss":31},{"damage_healed":0,"gold_gain":0,"player_choice":"Memory 1","damage_taken":0,"max_hp_gain":0,"max_hp_loss":0,"event_name":"SensoryStone","floor":41,"gold_loss":0}],"is_beta":false,"boss_relics":[{"not_picked":["Busted Crown","Fusion Hammer"],"picked":"Ectoplasm"},{"not_picked":["Velvet Choker","Sozu"],"picked":"Cursed Key"}],"items_purged_floors":[27],"is_endless":false,"potions_floor_spawned":[5,7,10,13,16,18,24,28,30,35,48],"ascension_level":11}}