{"host":"yecadp3kwkksam5a","time":1613032093,"event":{"mods":["100% Spire Juice","BaseMod","Minty Spire (QoL Compilation)","StSLib","SuperFastMode","WarShipGirlsR/??á´Ò³R mod"],"gold_per_floor":[114,129,204,219,219,249,264,118,118,133,64,94,109,139,139,239,239,254,54,69,96,123,165,177,204,266,293,305,347,359,470,482,594,606,633,660,672,699,711,753,780,326,351,381,381,396,411,426,426,426],"floor_reached":51,"language":"KOR","playtime":2582,"items_purged":["Strike_G","Strike_G","Strike_G"],"score":1098,"play_id":"1df6691f-3412-465b-beff-13af9bcca3fc","local_time":"20210211172813","daily_mods":["Allstar","Vintage","Binary"],"is_ascension_mode":false,"campfire_choices":[{"data":"Bouncing Flask","floor":15.0,"key":"SMITH"},{"data":"Blade Dance","floor":24.0,"key":"SMITH"},{"data":"Neutralize","floor":28.0,"key":"SMITH"},{"data":"Sadistic Nature","floor":32.0,"key":"SMITH"},{"floor":49,"key":"REST"}],"circlet_count":0,"master_deck":["Strike_G+1","Defend_G","Defend_G","Defend_G","Defend_G","Defend_G","Survivor","Neutralize+1","Swift Strike+1","Dark Shackles","Sadistic Nature+1","Master of Strategy","Panacea","Bouncing Flask+1","Well Laid Plans+1","Noxious Fumes+1","Sucker Punch","Venomology","Venomology","Blade Dance+1","Adrenaline","Madness","Sucker Punch+1","Well Laid Plans+1","Sucker Punch+1","Calculated Gamble+1","Eviscerate+1"],"relics":["Ring of the Snake","Frozen Egg 2","Anchor","Art of War","Toy Ornithopter","Boot","Matryoshka","Akabeko","Kunai","Oddly Smooth Stone","Dead Branch","SacredBark","Meat on the Bone","MawBank","Potion Belt","Paper Crane","Question Card","PreservedInsect","Regal Pillow","Bronze Scales","Happy Flower","Thread and Needle","InkBottle","Snake Skull","Ornamental Fan","SlaversCollar","Nunchaku","Whetstone","Blood Vial","Pear","Dream Catcher","Molten Egg 2","Potion Belt","Gambling Chip","Centennial Puzzle","Ninja Scroll","Ice Cream"],"acts_visited":["Exordium","TheCity","TheBeyond"],"potions_floor_usage":[36,36,38,38,40,40,41,46,47,47,48,48,50,50,50,50,50,50,50,50,50,50,50,50,50],"damage_taken":[{"damage":0.0,"enemies":"2 Louse","floor":1.0,"turns":2.0},{"damage":7.0,"enemies":"Jaw Worm","floor":2.0,"turns":3.0},{"damage":0.0,"enemies":"Cultist","floor":4.0,"turns":3.0},{"damage":39.0,"enemies":"3 Sentries","floor":6.0,"turns":13.0},{"damage":0.0,"enemies":"Exordium Wildlife","floor":7.0,"turns":2.0},{"damage":0.0,"enemies":"Looter","floor":10.0,"turns":3.0},{"damage":1.0,"enemies":"Lagavulin","floor":12.0,"turns":4.0},{"damage":0.0,"enemies":"Large Slime","floor":13.0,"turns":3.0},{"damage":9.0,"enemies":"3 Sentries","floor":14.0,"turns":5.0},{"damage":4.0,"enemies":"Hexaghost","floor":16.0,"turns":6.0},{"damage":17.0,"enemies":"2 Thieves","floor":18.0,"turns":3.0},{"damage":0.0,"enemies":"Spheric Guardian","floor":20.0,"turns":4.0},{"damage":2.0,"enemies":"Centurion and Healer","floor":21.0,"turns":4.0},{"damage":6.0,"enemies":"Cultist and Chosen","floor":22.0,"turns":3.0},{"damage":0.0,"enemies":"Gremlin Leader","floor":23.0,"turns":5.0},{"damage":2.0,"enemies":"Shelled Parasite and Fungi","floor":25.0,"turns":4.0},{"damage":0.0,"enemies":"Snake Plant","floor":27.0,"turns":2.0},{"damage":0.0,"enemies":"Book of Stabbing","floor":29.0,"turns":2.0},{"damage":0.0,"enemies":"Collector","floor":33.0,"turns":4.0},{"damage":2,"enemies":"3 Shapes","floor":35,"turns":3},{"damage":1,"enemies":"3 Darklings","floor":36,"turns":4},{"damage":15,"enemies":"Sphere and 2 Shapes","floor":38,"turns":5},{"damage":0,"enemies":"Reptomancer","floor":40,"turns":4},{"damage":0,"enemies":"Spire Growth","floor":41,"turns":2},{"damage":0,"enemies":"Nemesis","floor":44,"turns":3},{"damage":11,"enemies":"3 Darklings","floor":46,"turns":3},{"damage":0,"enemies":"Writhing Mass","floor":47,"turns":4},{"damage":6,"enemies":"Jaw Worm Horde","floor":48,"turns":2},{"damage":0,"enemies":"Awakened One","floor":50,"turns":4}],"seed_played":"-587577638262706789","potions_obtained":[{"floor":1.0,"key":"Fruit Juice"},{"floor":2.0,"key":"Weak Potion"},{"floor":4.0,"key":"Block Potion"},{"floor":13.0,"key":"BlessingOfTheForge"},{"floor":14.0,"key":"Fruit Juice"},{"floor":18.0,"key":"Explosive Potion"}],"is_trial":false,"path_per_floor":["M","M","?","M","?","E","M","$","T","M","$","E","M","E","R","B",null,"M","$","M","M","M","E","R","M","T","M","R","E","T","?","R","B",null,"M","M","?","M","?","E","M","$","T","E","?","M","M","M","R","B",null],"character_chosen":"THE_SILENT","items_purchased":["Well Laid Plans+1","Noxious Fumes+1","GhostInAJar","Molten Egg 2","Well Laid Plans+1","Sucker Punch+1"],"campfire_rested":1,"item_purchase_floors":[8,11,19,42,42,42],"current_hp_per_floor":[70,63,52,52,52,13,13,13,13,13,13,22,22,13,13,14,90,73,73,83,86,84,90,90,90,90,90,90,90,90,90,90,90,90,88,89,79,74,74,96,100,100,100,100,95,84,95,94,95,95],"gold":426,"neow_bonus":"","is_daily":true,"chose_seed":false,"campfire_upgraded":4,"win_rate":0.0,"timestamp":1613032093,"path_taken":["M","M","?","M","?","E","M","$","T","M","?","E","M","E","R","BOSS","M","$","M","M","M","E","R","M","T","M","R","E","?","?","R","BOSS","M","M","?","M","?","E","M","$","T","E","?","M","M","M","R","BOSS"],"items_purchased_type":["Card","Card","Potion","Relic","Card","Card"],"build_version":"2020-12-22","purchased_purges":3,"victory":true,"max_hp_per_floor":[70,70,70,70,70,70,70,70,70,70,70,70,70,70,70,70,90,90,90,90,90,90,90,90,90,90,90,90,90,90,90,90,90,90,90,90,90,90,90,100,100,100,100,100,95,95,95,95,95,95],"card_choices":[{"not_picked":["Deadly Poison"],"picked":"Bouncing Flask","floor":6.0},{"not_picked":["Expertise"],"picked":"Sucker Punch","floor":12.0},{"not_picked":["Storm of Steel"],"picked":"Venomology","floor":14.0},{"not_picked":["Storm of Steel"],"picked":"Venomology","floor":16.0},{"not_picked":["Quick Slash","Bane"],"picked":"Blade Dance","floor":23.0},{"not_picked":["Riddle With Holes","Outmaneuver","Leg Sweep+1"],"picked":"SKIP","floor":29.0},{"not_picked":["Grand Finale","Night Terror"],"picked":"Adrenaline","floor":33.0},{"not_picked":["Impatience","Flash of Steel"],"picked":"Madness","floor":37},{"not_picked":["Malaise","Dagger Spray+1"],"picked":"Sucker Punch+1","floor":40},{"not_picked":["Caltrops+1","PiercingWail+1"],"picked":"Calculated Gamble+1","floor":44},{"not_picked":["Deflect","Outmaneuver+1"],"picked":"Eviscerate+1","floor":49}],"player_experience":587805,"relics_obtained":[{"floor":1.0,"key":"Frozen Egg 2"},{"floor":2.0,"key":"Anchor"},{"floor":4.0,"key":"Art of War"},{"floor":6.0,"key":"Toy Ornithopter"},{"floor":7.0,"key":"Boot"},{"floor":9.0,"key":"Matryoshka"},{"floor":10.0,"key":"Akabeko"},{"floor":12.0,"key":"Kunai"},{"floor":13.0,"key":"Oddly Smooth Stone"},{"floor":14.0,"key":"Dead Branch"},{"floor":18.0,"key":"Meat on the Bone"},{"floor":20.0,"key":"MawBank"},{"floor":21.0,"key":"Paper Crane"},{"floor":22.0,"key":"Question Card"},{"floor":23.0,"key":"PreservedInsect"},{"floor":25.0,"key":"Regal Pillow"},{"floor":26.0,"key":"Bronze Scales"},{"floor":26.0,"key":"Happy Flower"},{"floor":27.0,"key":"Thread and Needle"},{"floor":29.0,"key":"InkBottle"},{"floor":30.0,"key":"Snake Skull"},{"floor":30.0,"key":"Ornamental Fan"},{"floor":35,"key":"Nunchaku"},{"floor":36,"key":"Whetstone"},{"floor":38,"key":"Blood Vial"},{"floor":40,"key":"Pear"},{"floor":41,"key":"Dream Catcher"},{"floor":43,"key":"Potion Belt"},{"floor":44,"key":"Gambling Chip"},{"floor":46,"key":"Centennial Puzzle"},{"floor":47,"key":"Ninja Scroll"},{"floor":48,"key":"Ice Cream"}],"event_choices":[{"damage_healed":0.0,"max_hp_gain":0.0,"max_hp_loss":0.0,"gold_gain":75.0,"event_name":"World of Goop","player_choice":"Gather Gold","floor":3.0,"gold_loss":0.0,"damage_taken":11.0},{"damage_healed":0.0,"max_hp_gain":0.0,"max_hp_loss":0.0,"gold_gain":0.0,"event_name":"Liars Game","player_choice":"Ignored","floor":5.0,"gold_loss":0.0,"damage_taken":0.0},{"damage_healed":0.0,"max_hp_gain":0.0,"max_hp_loss":0.0,"gold_gain":99.0,"event_name":"Nest","player_choice":"Stole From Cult","floor":31.0,"gold_loss":0.0,"damage_taken":0.0},{"damage_healed":0,"gold_gain":0,"player_choice":"Memory 3","damage_taken":10,"max_hp_gain":0,"max_hp_loss":0,"event_name":"SensoryStone","floor":37,"gold_loss":0},{"cards_removed":["Strike_G"],"damage_healed":0,"gold_gain":0,"player_choice":"Removed Attack","damage_taken":0,"max_hp_gain":0,"max_hp_loss":0,"event_name":"Falling","floor":39,"gold_loss":0},{"damage_healed":0,"gold_gain":0,"player_choice":"Max HP","damage_taken":0,"max_hp_gain":0,"max_hp_loss":5,"event_name":"Winding Halls","floor":45,"gold_loss":0}],"is_beta":false,"boss_relics":[{"not_picked":["Pandora\u0027s Box","Runic Pyramid"],"picked":"SacredBark"},{"not_picked":["Runic Dome","Astrolabe"],"picked":"SlaversCollar"}],"items_purged_floors":[8,19,42],"is_endless":false,"potions_floor_spawned":[1,2,4,13,14,16,18,22,23,40,41,46,47],"ascension_level":0}}