{"host":"u0qetpmu4y58k1tf","time":1613017367,"event":{"mods":["AchievementEnabler","BaseMod","CapriCore","Colored Map","Colored Powertips","Hermit","Marisa£¨Ùöéë¡¡Øª×âÞÞ£©","Minty Spire (QoL Compilation)","Reliquary","Replay The Spire","StSLib","SuperFastMode","Td1madao Mod","The Bug Knight","The Cursed","The Gatherer","The Hierophant","The Immortal","The Runesmith"],"gold_per_floor":[118,118,193,368,65,65,92,92,162,193,211,211,226,241,241,338,338,348,359,212,229,229,229],"floor_reached":22,"language":"KOR","playtime":1331,"items_purged":["Doubt","Defend_R"],"score":293,"play_id":"b7897912-69e0-457c-913e-c0c341f4ea9e","local_time":"20210211132247","is_ascension_mode":true,"campfire_choices":[{"data":"Havoc","floor":6,"key":"SMITH"},{"data":"Jack Of All Trades","floor":8,"key":"SMITH"},{"data":"Strike_R","floor":15,"key":"PURGE"}],"circlet_count":0,"master_deck":["Strike_R","Strike_R","Strike_R","Strike_R","Defend_R","Defend_R","Defend_R","Havoc+1","Intimidate+1","Jack Of All Trades+1","Shrug It Off","Pot Of Greed","Pot Of Greed","Dropkick","Replay:Undeath\u0027s Touch","Warcry","Second Wind","Exhume","ReplayTheSpireMod:Faulty Equipment","ReplayTheSpireMod:Faulty Equipment","Hallucinations","Dark Embrace+1","ReplayTheSpireMod:Strike From Hell","Havoc","Pot Of Greed"],"relics":["Burning Blood","NeowsBlessing","Strange Spoon","Question Card","reliquary:PurpleTingedLeaf","Grinning Jar","Replay:Ancient Bell","Orichalcum","Matryoshka","Du-Vu Doll"],"acts_visited":["Exordium","TheCity"],"potions_floor_usage":[16,19,21,22],"damage_taken":[{"damage":0,"enemies":"Cultist","floor":1,"turns":1},{"damage":0,"enemies":"Gremlin Nob","floor":7,"turns":1},{"damage":0,"enemies":"Lagavulin","floor":10,"turns":1},{"damage":1,"enemies":"Small Slimes","floor":11,"turns":4},{"damage":1,"enemies":"Jaw Worm","floor":13,"turns":3},{"damage":8,"enemies":"3 Louse","floor":14,"turns":4},{"damage":64,"enemies":"Fading Forest","floor":16,"turns":11},{"damage":7,"enemies":"3 Byrds","floor":18,"turns":5},{"damage":13,"enemies":"2 Thieves","floor":19,"turns":4},{"damage":60,"enemies":"Snake Plant","floor":21,"turns":7},{"damage":22,"enemies":"Snecko","floor":22,"turns":5}],"seed_played":"-2670686733356047829","potions_obtained":[{"floor":10,"key":"PowerPotion"},{"floor":11,"key":"Regen Potion"},{"floor":12,"key":"Strength Potion"},{"floor":12,"key":"Death Potion"},{"floor":16,"key":"Reflective Coating"},{"floor":19,"key":"SkillPotion"}],"is_trial":false,"path_per_floor":["M","?","?","?","$","R","E","R","T","E","M","?","M","M","R_BF","B",null,"M","M","$","M","M"],"character_chosen":"IRONCLAD","items_purchased":["Strange Spoon","Jack Of All Trades","Havoc"],"campfire_rested":0,"item_purchase_floors":[5,5,20],"current_hp_per_floor":[80,80,69,69,69,69,75,75,75,80,80,80,80,79,79,32,80,79,73,73,21,0,0],"gold":229,"neow_bonus":"THREE_ENEMY_KILL","is_daily":false,"chose_seed":false,"campfire_upgraded":2,"win_rate":0.0,"timestamp":1613017367,"path_taken":["M","?","?","?","$","R","E","R","T","E","M","?","?","M","R_BF","BOSS","M","?","$","M","M"],"items_purchased_type":["Relic","Card","Card"],"build_version":"2020-12-22","purchased_purges":2,"victory":false,"max_hp_per_floor":[80,80,80,80,80,80,80,80,80,80,80,80,80,80,80,80,80,80,80,80,80,80,80],"card_choices":[{"not_picked":["Perfected Strike","Searing Blow"],"picked":"Havoc","floor":1},{"not_picked":["Pummel","True Grit"],"picked":"Shrug It Off","floor":7},{"not_picked":["Rampage","Uppercut","Clothesline"],"picked":"Dropkick","floor":10},{"not_picked":["Body Slam","Sever Soul","Bloodletting"],"picked":"Replay:Undeath\u0027s Touch","floor":11},{"not_picked":["Armaments","Pummel","ReplayTheSpireMod:LeadingStrike"],"picked":"Warcry","floor":13},{"not_picked":["Clothesline","Juggernaut","Anger"],"picked":"Second Wind","floor":14},{"not_picked":["Demon Form","Bludgeon","Hemogenesis"],"picked":"Exhume","floor":16},{"not_picked":["Normality","Doubt","Delirium"],"picked":"ReplayTheSpireMod:Faulty Equipment","floor":17},{"not_picked":["Sickly","Delirium","Replay:Hysterical Blindness"],"picked":"ReplayTheSpireMod:Faulty Equipment","floor":17},{"not_picked":["Doubt","Clumsy","Regret"],"picked":"Hallucinations","floor":17},{"not_picked":["Replay:Many Hands","Perfected Strike","Shockwave+1"],"picked":"Dark Embrace+1","floor":18},{"not_picked":["Flame Barrier","Shockwave","Abandon"],"picked":"ReplayTheSpireMod:Strike From Hell","floor":19},{"not_picked":["Flex","Shrug It Off","Clothesline+1","Twin Strike+1"],"picked":"SKIP","floor":21}],"player_experience":95774,"relics_obtained":[{"floor":7,"key":"Question Card"},{"floor":9,"key":"reliquary:PurpleTingedLeaf"},{"floor":10,"key":"Grinning Jar"}],"event_choices":[{"damage_healed":0,"gold_gain":75,"player_choice":"Gather Gold","damage_taken":11,"max_hp_gain":0,"max_hp_loss":0,"event_name":"World of Goop","floor":3,"gold_loss":0},{"damage_healed":0,"gold_gain":175,"player_choice":"AGREE","damage_taken":0,"max_hp_gain":0,"max_hp_loss":0,"event_name":"Liars Game","floor":4,"gold_loss":0,"cards_obtained":["Doubt"]},{"damage_healed":0,"gold_gain":0,"player_choice":"Got Potions","damage_taken":0,"max_hp_gain":0,"max_hp_loss":0,"event_name":"Lab","floor":12,"gold_loss":0}],"is_beta":false,"boss_relics":[{"not_picked":["reliquary:Ember","ReplayTheSpireMod:DimensionalGlitch"],"picked":"Replay:Ancient Bell"},{"not_picked":["Art of War","Oddly Smooth Stone"],"picked":"Orichalcum"},{"not_picked":["Replay:Bottled Eggs","Replay:Bottled Snecko"],"picked":"Matryoshka"},{"not_picked":["reliquary:OuijaBoard","Mango"],"picked":"Du-Vu Doll"}],"items_purged_floors":[5,20],"is_endless":false,"potions_floor_spawned":[10,11,16,19],"killed_by":"Snecko","ascension_level":4}}