{"host":"eft627g0ddukeijo","time":1613038024,"event":{"mods":["AchievementEnabler","BaseMod","Bestiary","Better Note","Block Reminder","Colored Powertips","Filter the Spire","Highlight Path","Minty Spire (QoL Compilation)","Permanent Neow","Quick Restart","Rare Cards Sparkle","Relic Stats","Slay-I","StSLib","Weighted Paths"],"gold_per_floor":[118,118,11,27,44,78,78,153,153,165,19,37,56,88,88,187,187,201,201,218,237,250,250,264,278,278,290,305,305,305,323,323,323,323],"floor_reached":33,"language":"ENG","playtime":1695,"items_purged":["Strike_R"],"score":384,"play_id":"4b60ec1b-e055-4b20-9790-46e0cc693a4e","local_time":"20210211190704","is_ascension_mode":true,"campfire_choices":[{"floor":7.0,"key":"REST"},{"floor":15.0,"key":"REST"},{"floor":23,"key":"REST"},{"floor":29,"key":"REST"},{"floor":32,"key":"REST"}],"circlet_count":0,"master_deck":["Strike_R","Strike_R","Strike_R","Defend_R","Defend_R","Defend_R","Defend_R","Bash","Reaper","Headbutt","Sword Boomerang","Heavy Blade","Clash","Flame Barrier","Shrug It Off","Spot Weakness","Feed","Body Slam","Uppercut","Pummel+1","Metallicize","Shrug It Off","Dropkick+1","Seeing Red+1"],"relics":["Burning Blood","Lizard Tail","Blood Vial","Sozu","Mercury Hourglass"],"acts_visited":["Exordium","TheCity"],"potions_floor_usage":[18],"damage_taken":[{"damage":0.0,"enemies":"Small Slimes","floor":1.0,"turns":3.0},{"damage":9.0,"enemies":"Jaw Worm","floor":4.0,"turns":4.0},{"damage":6.0,"enemies":"Cultist","floor":5.0,"turns":3.0},{"damage":35.0,"enemies":"Lagavulin","floor":6.0,"turns":7.0},{"damage":3.0,"enemies":"Large Slime","floor":10.0,"turns":5.0},{"damage":17.0,"enemies":"Gremlin Gang","floor":12.0,"turns":10.0},{"damage":11.0,"enemies":"Looter","floor":13.0,"turns":2.0},{"damage":55.0,"enemies":"3 Sentries","floor":14.0,"turns":10.0},{"damage":51.0,"enemies":"Hexaghost","floor":16.0,"turns":8.0},{"damage":36,"enemies":"2 Thieves","floor":18,"turns":4},{"damage":23,"enemies":"Shell Parasite","floor":20,"turns":3},{"damage":22,"enemies":"Chosen and Byrds","floor":21,"turns":6},{"damage":39,"enemies":"Shelled Parasite and Fungi","floor":22,"turns":4},{"damage":15,"enemies":"Snake Plant","floor":24,"turns":6},{"damage":30,"enemies":"3 Cultists","floor":25,"turns":6},{"damage":32,"enemies":"Chosen and Byrds","floor":27,"turns":7},{"damage":19,"enemies":"Snecko","floor":28,"turns":6},{"damage":23,"enemies":"Snake Plant","floor":31,"turns":3},{"damage":97,"enemies":"Collector","floor":33,"turns":8}],"seed_played":"-4781179491206141551","potions_obtained":[{"floor":4.0,"key":"LiquidMemories"},{"floor":6.0,"key":"Explosive Potion"},{"floor":10.0,"key":"DistilledChaos"}],"is_trial":false,"path_per_floor":["M","?","$","M","M","E","R","?","T","M","$","M","M","E","R","B",null,"M","?","M","M","M","R","M","M","T","M","M","R","?","M","R","B"],"character_chosen":"IRONCLAD","items_purchased":["Sword Boomerang","Heavy Blade","Flame Barrier"],"campfire_rested":5,"item_purchase_floors":[3,3,11],"current_hp_per_floor":[78,78,78,79,80,57,80,69,69,80,80,73,68,27,51,15,64,51,51,46,47,16,40,33,31,31,17,49,74,74,59,84,0,0],"gold":323,"neow_bonus":"ONE_RANDOM_RARE_CARD","is_daily":false,"chose_seed":false,"campfire_upgraded":0,"win_rate":0.0,"timestamp":1613038024,"path_taken":["M","?","$","M","M","E","R","?","T","M","$","M","M","E","R","BOSS","M","?","M","M","M","R","M","M","T","M","M","R","?","?","R","BOSS"],"items_purchased_type":["Card","Card","Card"],"build_version":"2020-12-22","purchased_purges":1,"victory":false,"max_hp_per_floor":[80,80,80,80,80,80,80,80,80,80,80,80,80,80,80,80,80,80,80,80,83,83,83,83,86,86,86,86,86,86,86,86,86,86],"relic_stats":{"Blood Vial":22,"Sozu":5,"Lizard Tail":43,"counters":[19,105],"obtain_stats":[{"Blood Vial":14,"Sozu":17,"Lizard Tail":6,"Burning Blood":0,"Mercury Hourglass":26},{"Blood Vial":8,"Sozu":9,"Lizard Tail":4,"Burning Blood":0,"Mercury Hourglass":15},{"Blood Vial":44,"Sozu":52,"Lizard Tail":17,"Burning Blood":0,"Mercury Hourglass":81}],"Burning Blood":105,"Mercury Hourglass":[112]},"card_choices":[{"not_picked":["Second Wind","Shrug It Off"],"picked":"Headbutt","floor":1.0},{"not_picked":["Clothesline","Havoc","Armaments"],"picked":"SKIP","floor":4.0},{"not_picked":["Rage","Heavy Blade","Clash"],"picked":"SKIP","floor":5.0},{"not_picked":["Rage","Heavy Blade"],"picked":"Clash","floor":5.0},{"not_picked":["Heavy Blade","Armaments","Warcry"],"picked":"SKIP","floor":6.0},{"not_picked":["Flex","Carnage","Bloodletting"],"picked":"SKIP","floor":10.0},{"not_picked":["Thunderclap","Body Slam"],"picked":"Shrug It Off","floor":12.0},{"not_picked":["Warcry","Havoc","Wild Strike"],"picked":"SKIP","floor":13.0},{"not_picked":["Carnage","Wild Strike"],"picked":"Spot Weakness","floor":14.0},{"not_picked":["Exhume","Fiend Fire"],"picked":"Feed","floor":16.0},{"not_picked":["Twin Strike","Clash+1"],"picked":"Body Slam","floor":18},{"not_picked":["Ghostly Armor","Heavy Blade"],"picked":"Uppercut","floor":20},{"not_picked":["Flex","Body Slam"],"picked":"Pummel+1","floor":21},{"not_picked":["Fire Breathing","Body Slam"],"picked":"Metallicize","floor":22},{"not_picked":["Armaments+1","Havoc+1"],"picked":"Shrug It Off","floor":24},{"not_picked":["Seeing Red","Perfected Strike+1"],"picked":"Dropkick+1","floor":25},{"not_picked":["Seeing Red","Flex","Body Slam"],"picked":"SKIP","floor":27},{"not_picked":["Iron Wave","Clash"],"picked":"Seeing Red+1","floor":28},{"not_picked":["Juggernaut","Armaments","Searing Blow"],"picked":"SKIP","floor":31}],"player_experience":567365,"relics_obtained":[{"floor":6.0,"key":"Lizard Tail"},{"floor":14.0,"key":"Blood Vial"},{"floor":26,"key":"Mercury Hourglass"}],"event_choices":[{"damage_healed":0.0,"max_hp_gain":0.0,"max_hp_loss":0.0,"gold_gain":0.0,"event_name":"Shining Light","player_choice":"Ignored","floor":2.0,"gold_loss":0.0,"damage_taken":0.0},{"damage_healed":0.0,"max_hp_gain":0.0,"max_hp_loss":0.0,"gold_gain":75.0,"event_name":"World of Goop","player_choice":"Gather Gold","floor":8.0,"gold_loss":0.0,"damage_taken":11.0},{"cards_removed":["Strike_R"],"damage_healed":0,"gold_gain":0,"player_choice":"Give","damage_taken":0,"max_hp_gain":0,"max_hp_loss":0,"event_name":"betterNote:BetterNote","floor":19,"gold_loss":0,"cards_obtained":["Strike_R"]},{"cards_removed":["Strike_R"],"damage_healed":0,"gold_gain":0,"player_choice":"Purged","damage_taken":0,"max_hp_gain":0,"max_hp_loss":0,"event_name":"Purifier","floor":30,"gold_loss":0}],"is_beta":false,"boss_relics":[{"not_picked":["Snecko Eye","Fusion Hammer"],"picked":"Sozu"}],"items_purged_floors":[11],"is_endless":false,"potions_floor_spawned":[4,6,10,12,20,21,24,27,28],"killed_by":"Collector","ascension_level":9}}