{"host":"qxeepl7ydvsgmfdb","time":1613059508,"event":{"mods":["AchievementEnabler","BaseMod","Colored Powertips","Minty Spire (QoL Compilation)","Quick Restart","slay the spire mod where everything is the same but ironclad has a cowboy hat"],"gold_per_floor":[114,114,114,15,41,73,73,103,130,130,130,144,157,176,176,250,250,269,269,288,288,288,288,299,332,332,137,149,249,279,25,25,100,150,164,174,92,0,11,40,40,65,65,23,50,50,50,61,61,61],"floor_reached":51,"language":"ENG","playtime":2973,"items_purged":["Regret"],"score":1416,"play_id":"f73c1445-15f0-457c-8c99-55d10547b96c","local_time":"20210211110508","is_ascension_mode":true,"campfire_choices":[{"data":"Blade Dance","floor":7,"key":"SMITH"},{"data":"Cloak And Dagger","floor":15,"key":"SMITH"},{"floor":23,"key":"REST"},{"floor":32,"key":"REST"},{"data":"Blade Dance","floor":41,"key":"SMITH"},{"floor":47,"key":"REST"},{"floor":49,"key":"REST"}],"circlet_count":0,"master_deck":["AscendersBane","Strike_G","Strike_G","Strike_G","Strike_G","Defend_G","Defend_G","Defend_G","Defend_G","Defend_G","Survivor","Neutralize","Blade Dance+1","Cloak And Dagger","Cloak And Dagger+1","Backstab","Die Die Die","Dagger Spray","Blade Dance+1","Deadly Poison","Blade Dance+1","Accuracy","Accuracy+1","After Image+1","Cloak And Dagger+1","Adrenaline","Good Instincts"],"relics":["Ring of the Snake","NeowsBlessing","Anchor","Lantern","Omamori","Smiling Mask","Tiny Chest","Thread and Needle","Nunchaku","SacredBark","MutagenicStrength","Sundial","The Courier","Pantograph","Vajra","Unceasing Top","Frozen Egg 2","Pen Nib","Potion Belt","Tiny House","Red Mask","HornCleat","Juzu Bracelet","Mummified Hand","Ornamental Fan"],"acts_visited":["Exordium","TheCity","TheBeyond"],"potions_floor_usage":[16,16,25,30,33,33,33,34,39,39,40,40,45,45,50,50],"damage_taken":[{"damage":0,"enemies":"2 Louse","floor":1,"turns":1},{"damage":0,"enemies":"Lagavulin","floor":6,"turns":1},{"damage":0,"enemies":"Gremlin Nob","floor":8,"turns":1},{"damage":0,"enemies":"Jaw Worm","floor":12,"turns":3},{"damage":0,"enemies":"Small Slimes","floor":13,"turns":2},{"damage":0,"enemies":"Looter","floor":14,"turns":2},{"damage":32,"enemies":"The Guardian","floor":16,"turns":17},{"damage":8,"enemies":"Shell Parasite","floor":18,"turns":7},{"damage":17,"enemies":"Chosen","floor":20,"turns":5},{"damage":0,"enemies":"Centurion and Healer","floor":24,"turns":5},{"damage":24,"enemies":"Gremlin Leader","floor":25,"turns":7},{"damage":1,"enemies":"Cultist and Chosen","floor":28,"turns":4},{"damage":0,"enemies":"Colosseum Slavers","floor":29,"turns":2},{"damage":3,"enemies":"Colosseum Nobs","floor":29,"turns":3},{"damage":0,"enemies":"Book of Stabbing","floor":30,"turns":2},{"damage":41,"enemies":"Champ","floor":33,"turns":7},{"damage":3,"enemies":"3 Shapes","floor":35,"turns":3},{"damage":0,"enemies":"Orb Walker","floor":36,"turns":2},{"damage":7,"enemies":"Writhing Mass","floor":39,"turns":6},{"damage":19,"enemies":"Reptomancer","floor":40,"turns":5},{"damage":14,"enemies":"Giant Head","floor":45,"turns":6},{"damage":0,"enemies":"3 Darklings","floor":48,"turns":3},{"damage":24,"enemies":"Awakened One","floor":50,"turns":13}],"seed_played":"-299009492071546447","potions_obtained":[{"floor":1,"key":"ColorlessPotion"},{"floor":8,"key":"Fire Potion"},{"floor":18,"key":"Weak Potion"},{"floor":25,"key":"SpeedPotion"},{"floor":28,"key":"LiquidBronze"},{"floor":29,"key":"Strength Potion"},{"floor":30,"key":"CunningPotion"},{"floor":34,"key":"Fruit Juice"},{"floor":48,"key":"Fire Potion"}],"is_trial":false,"path_per_floor":["M","?","?","$","T","E","R","E","T","?","?","M","M","M","R","B",null,"M","?","M","T","?","R","M","E","T","$","M","?","E","$","R","B",null,"M","M","$","?","M","E","R","T","T","$","E","?","R","M","R","B",null],"character_chosen":"THE_SILENT","items_purchased":["Cloak And Dagger","Vajra","Deadly Poison","Blade Dance","Potion Belt","PowerPotion","Energy Potion","Regen Potion","EntropicBrew","SkillPotion"],"campfire_rested":4,"item_purchase_floors":[4,27,27,27,31,31,31,31,37,44],"current_hp_per_floor":[59,52,52,52,52,52,52,52,52,52,45,45,45,45,45,13,53,45,45,28,28,16,37,37,13,13,13,12,9,9,9,30,39,78,75,75,75,75,68,49,49,49,49,49,35,35,60,60,85,62],"gold":61,"neow_bonus":"THREE_ENEMY_KILL","is_daily":false,"chose_seed":false,"campfire_upgraded":3,"win_rate":0.0,"timestamp":1613059508,"path_taken":["M","?","?","$","?","E","R","E","T","?","?","M","M","M","R","BOSS","M","?","M","?","?","R","M","E","T","$","M","?","E","$","R","BOSS","M","M","$","?","M","E","R","?","T","$","E","?","R","M","R","BOSS"],"items_purchased_type":["Card","Relic","Card","Card","Relic","Potion","Potion","Potion","Potion","Potion"],"build_version":"2020-12-22","purchased_purges":1,"victory":true,"max_hp_per_floor":[66,66,66,66,66,66,66,66,66,66,66,66,66,66,66,66,66,66,66,66,66,71,71,71,71,71,71,71,71,71,71,71,71,86,86,86,86,86,86,86,86,86,86,86,86,86,86,86,86,86],"card_choices":[{"not_picked":["Accuracy","Footwork"],"picked":"Blade Dance","floor":1},{"not_picked":["Expertise","PiercingWail"],"picked":"Cloak And Dagger","floor":6},{"not_picked":["Bouncing Flask","Dagger Spray","Heel Hook"],"picked":"SKIP","floor":8},{"not_picked":["Underhanded Strike","Dodge and Roll","Sucker Punch"],"picked":"SKIP","floor":12},{"not_picked":["Tactician","Deadly Poison"],"picked":"Backstab","floor":13},{"not_picked":["Predator","Dagger Throw","Eviscerate"],"picked":"SKIP","floor":14},{"not_picked":["Bullet Time","Unload"],"picked":"Die Die Die","floor":16},{"not_picked":["Quick Slash","Deadly Poison"],"picked":"Dagger Spray","floor":18},{"not_picked":["Cloak And Dagger","Distraction+1"],"picked":"Blade Dance","floor":20},{"not_picked":["Choke","Infinite Blades","Dagger Spray"],"picked":"SKIP","floor":24},{"not_picked":["Quick Slash","Setup","Dagger Throw+1"],"picked":"SKIP","floor":25},{"not_picked":["Bane","Doppelganger"],"picked":"Accuracy","floor":28},{"not_picked":["Slice","PiercingWail"],"picked":"Accuracy+1","floor":30},{"not_picked":["Glass Knife","Storm of Steel"],"picked":"After Image+1","floor":33},{"not_picked":["Flying Knee","Dodge and Roll","Sucker Punch"],"picked":"SKIP","floor":35},{"not_picked":["Grand Finale","Poisoned Stab+1","Accuracy+1"],"picked":"SKIP","floor":36},{"not_picked":["Flying Knee","Dagger Spray","Bane"],"picked":"SKIP","floor":39},{"not_picked":["Outmaneuver","Infinite Blades+1"],"picked":"Cloak And Dagger+1","floor":40},{"not_picked":["Dodge and Roll+1","PiercingWail+1"],"picked":"Adrenaline","floor":45},{"not_picked":["HandOfGreed","Master of Strategy"],"picked":"Good Instincts","floor":46},{"not_picked":["Dodge and Roll","Cloak And Dagger","Concentrate"],"picked":"SKIP","floor":48}],"player_experience":151393,"relics_obtained":[{"floor":5,"key":"Lantern"},{"floor":6,"key":"Omamori"},{"floor":8,"key":"Smiling Mask"},{"floor":9,"key":"Tiny Chest"},{"floor":21,"key":"Sundial"},{"floor":25,"key":"The Courier"},{"floor":26,"key":"Pantograph"},{"floor":29,"key":"Unceasing Top"},{"floor":29,"key":"Frozen Egg 2"},{"floor":30,"key":"Pen Nib"},{"floor":40,"key":"HornCleat"},{"floor":42,"key":"Juzu Bracelet"},{"floor":43,"key":"Mummified Hand"},{"floor":45,"key":"Ornamental Fan"}],"event_choices":[{"cards_removed":["Strike_G"],"damage_healed":0,"gold_gain":0,"player_choice":"Card Removal","damage_taken":7,"max_hp_gain":0,"max_hp_loss":0,"event_name":"Golden Wing","floor":2,"gold_loss":0},{"damage_healed":0,"gold_gain":0,"player_choice":"Box","damage_taken":0,"relics_obtained":["Anchor"],"max_hp_gain":0,"max_hp_loss":0,"event_name":"Big Fish","floor":3,"gold_loss":0,"cards_obtained":["Regret"]},{"damage_healed":0,"gold_gain":0,"player_choice":"Searched \u00272\u0027 times","damage_taken":0,"relics_obtained":["Thread and Needle"],"max_hp_gain":0,"max_hp_loss":0,"event_name":"Dead Adventurer","floor":10,"gold_loss":0},{"damage_healed":0,"gold_gain":0,"player_choice":"Success","damage_taken":7,"relics_obtained":["Nunchaku"],"max_hp_gain":0,"max_hp_loss":0,"event_name":"Scrap Ooze","floor":11,"gold_loss":0},{"damage_healed":0,"gold_gain":0,"player_choice":"Inject Mutagens","damage_taken":0,"relics_obtained":["MutagenicStrength"],"max_hp_gain":0,"max_hp_loss":0,"event_name":"Drug Dealer","floor":19,"gold_loss":0},{"damage_healed":0,"gold_gain":0,"player_choice":"Shed Blood","damage_taken":17,"max_hp_gain":5,"max_hp_loss":0,"event_name":"Forgotten Altar","floor":22,"gold_loss":0},{"damage_healed":0,"gold_gain":0,"player_choice":"Fight","damage_taken":0,"max_hp_gain":0,"max_hp_loss":0,"event_name":"Colosseum","floor":29,"gold_loss":0},{"damage_healed":0,"gold_gain":0,"player_choice":"Fought Nobs","damage_taken":0,"max_hp_gain":0,"max_hp_loss":0,"event_name":"Colosseum","floor":29,"gold_loss":0},{"damage_healed":0,"gold_gain":0,"player_choice":"Paid","damage_taken":0,"relics_obtained":["Red Mask"],"max_hp_gain":0,"max_hp_loss":0,"event_name":"Tomb of Lord Red Mask","floor":38,"gold_loss":92},{"damage_healed":0,"gold_gain":0,"player_choice":"Memory 1","damage_taken":0,"max_hp_gain":0,"max_hp_loss":0,"event_name":"SensoryStone","floor":46,"gold_loss":0}],"is_beta":false,"boss_relics":[{"not_picked":["Velvet Choker","Philosopher\u0027s Stone"],"picked":"SacredBark"},{"not_picked":["Cursed Key","Astrolabe"],"picked":"Tiny House"}],"items_purged_floors":[4],"is_endless":false,"potions_floor_spawned":[1,8,13,18,25,28,29,30,48],"ascension_level":14}}