{"host":"hf8wn58z41rkrmnq","time":1613017556,"event":{"mods":["BaseMod","Better Third Choice","BetterRewards","Colored Map","Colored Powertips","Infinite Spire","Minty Spire (QoL Compilation)","Relic Sorter","Relic Stats","Replay The Spire","Spicy Shops","StSLib"],"gold_per_floor":[112,112,112,125,136,146,156,169,218,218,248,198,209,15,15,114,114,126,36,46,46,65,65,96,96,96,108,125,144,144,175,175,275,275,295,398,408,425,439,439,439,439],"floor_reached":41,"language":"ENG","playtime":3794,"items_purged":["Strike_P","Strike_P","Strike_P","Strike_P"],"score":562,"play_id":"6991a0a4-8a67-48d0-94a1-80e83f001e93","local_time":"20210210232556","is_ascension_mode":true,"campfire_choices":[{"data":"Consecrate","floor":10,"key":"SMITH"},{"data":"Prostrate","floor":15,"key":"SMITH"},{"data":"Study","floor":23,"key":"SMITH"},{"data":"SandsOfTime","floor":25,"key":"SMITH"},{"data":"infinitespire:TheBestDefense","floor":32,"key":"SMITH"},{"data":"Conclude","floor":40,"key":"SMITH"}],"circlet_count":0,"master_deck":["Defend_P","Defend_P","Defend_P","Defend_P","Eruption","Vigilance","Conclude+1","Consecrate+1","FlurryOfBlows","Prostrate+1","Tantrum+1","SandsOfTime+1","Study+1","EmptyBody+1","infinitespire:TheBestDefense+1","Self Repair+1","FlurryOfBlows+1"],"relics":["PureWater","Smiling Mask","Torii","Anchor","Pet Ghost","Strange Spoon","Black Star","Tiny Chest","TungstenRod","PrismaticShard","Onion Ring","Bag of Marbles","VioletLotus","Pen Nib"],"acts_visited":["Exordium","TheCity","TheBeyond"],"potions_floor_usage":[16,16,16,28,33,41,41],"damage_taken":[{"damage":7,"enemies":"Small Slimes","floor":1,"turns":4},{"damage":2,"enemies":"Jaw Worm","floor":4,"turns":4},{"damage":0,"enemies":"2 Louse","floor":5,"turns":1},{"damage":0,"enemies":"Gremlin Gang","floor":6,"turns":2},{"damage":1,"enemies":"Looter","floor":7,"turns":2},{"damage":1,"enemies":"2 Fungi Beasts","floor":8,"turns":3},{"damage":0,"enemies":"3 Sentries","floor":11,"turns":2},{"damage":0,"enemies":"Exordium Wildlife","floor":13,"turns":1},{"damage":28,"enemies":"Hexaghost","floor":16,"turns":9},{"damage":12,"enemies":"3 Byrds","floor":18,"turns":5},{"damage":0,"enemies":"Chosen","floor":20,"turns":3},{"damage":9,"enemies":"Snake Plant","floor":22,"turns":4},{"damage":1,"enemies":"Gremlin Leader","floor":24,"turns":4},{"damage":15,"enemies":"Centurion and Healer","floor":27,"turns":4},{"damage":0,"enemies":"Snecko","floor":28,"turns":2},{"damage":0,"enemies":"3 Cultists","floor":29,"turns":3},{"damage":6,"enemies":"Book of Stabbing","floor":31,"turns":4},{"damage":27,"enemies":"Automaton","floor":33,"turns":7},{"damage":17,"enemies":"3 Darklings","floor":35,"turns":3},{"damage":0,"enemies":"Orb Walker","floor":37,"turns":3},{"damage":0,"enemies":"Maw","floor":38,"turns":1},{"damage":0,"enemies":"Transient","floor":39,"turns":5},{"damage":81,"enemies":"Nightmare","floor":41,"turns":4}],"seed_played":"-1343542617190977169","potions_obtained":[{"floor":1,"key":"Ancient Potion"},{"floor":4,"key":"Explosive Potion"},{"floor":5,"key":"LiquidBronze"},{"floor":24,"key":"SpeedPotion"},{"floor":27,"key":"Weak Potion"},{"floor":28,"key":"Languid Potion"},{"floor":31,"key":"SpeedPotion"},{"floor":35,"key":"Milkshake"},{"floor":38,"key":"ColorlessPotion"}],"is_trial":false,"path_per_floor":["M","?","T","M","M","M","M","M","T","R","E","$","M","$","R","B",null,"M","$","M","?","M","R","E","R","T","M","M","M","AVR","E","R","B",null,"M","?","M","M","M","R","NM"],"character_chosen":"WATCHER","items_purchased":["Strange Spoon","Prostrate","SandsOfTime"],"campfire_rested":0,"item_purchase_floors":[14,14,19],"current_hp_per_floor":[72,72,72,70,70,70,69,68,68,68,68,68,68,68,68,40,79,67,67,67,67,58,58,57,57,57,42,42,42,42,36,36,9,79,62,44,54,64,74,74,0,0],"gold":439,"neow_bonus":"TEN_PERCENT_HP_BONUS","is_daily":false,"chose_seed":false,"campfire_upgraded":6,"win_rate":0.0,"timestamp":1613017556,"path_taken":["M","?","?","M","M","M","M","M","T","R","E","$","M","$","R","BOSS","M","$","M","?","M","R","E","R","T","M","M","M","AVR","E","R","BOSS","M","?","?","M","M","R","NM"],"items_purchased_type":["Relic","Card","Card"],"build_version":"2020-12-22","purchased_purges":4,"victory":false,"max_hp_per_floor":[79,79,79,79,79,79,79,79,79,79,79,79,79,79,79,79,79,79,79,79,79,79,79,79,79,79,79,79,79,79,79,79,79,79,79,79,79,79,79,79,79,79],"relic_stats":{"Strange Spoon":[43],"Torii":28,"counters":[23,80],"Tiny Chest":0,"VioletLotus":[4],"Pen Nib":[3],"Black Star":2,"Smiling Mask":150,"obtain_stats":[{"Torii":3,"Pen Nib":36,"Smiling Mask":2,"PrismaticShard":30,"Pet Ghost":11,"Strange Spoon":14,"Anchor":9,"Tiny Chest":24,"Onion Ring":31,"VioletLotus":34,"Black Star":17,"Bag of Marbles":31,"PureWater":0,"TungstenRod":26},{"Torii":1,"Pen Nib":19,"Smiling Mask":1,"PrismaticShard":16,"Pet Ghost":7,"Strange Spoon":8,"Anchor":6,"Tiny Chest":13,"Onion Ring":17,"VioletLotus":18,"Black Star":9,"Bag of Marbles":17,"PureWater":0,"TungstenRod":13},{"Torii":4,"Pen Nib":67,"Smiling Mask":4,"PrismaticShard":53,"Pet Ghost":18,"Strange Spoon":19,"Anchor":16,"Tiny Chest":44,"Onion Ring":57,"VioletLotus":64,"Black Star":28,"Bag of Marbles":57,"PureWater":0,"TungstenRod":44}],"TungstenRod":25},"card_choices":[{"not_picked":["Wallop","FollowUp","Indignation"],"picked":"SKIP","floor":1},{"not_picked":["Replay:ManipulateFuture","FlurryOfBlows"],"picked":"Conclude","floor":4},{"not_picked":["Tantrum","DeusExMachina"],"picked":"Consecrate","floor":5},{"not_picked":["Swivel","EmptyFist"],"picked":"FlurryOfBlows","floor":6},{"not_picked":["WindmillStrike","EmptyMind","ClearTheMind"],"picked":"SKIP","floor":7},{"not_picked":["SashWhip","Replay:ManipulateFuture","FollowUp"],"picked":"SKIP","floor":8},{"not_picked":["WindmillStrike","Worship","CrushJoints"],"picked":"SKIP","floor":11},{"not_picked":["ThirdEye","PathToVictory","Adaptation"],"picked":"SKIP","floor":13},{"not_picked":["ThirdEye","PathToVictory","Adaptation"],"picked":"SKIP","floor":13},{"not_picked":["ThirdEye","PathToVictory","Adaptation"],"picked":"SKIP","floor":13},{"not_picked":["WreathOfFlame","Prostrate"],"picked":"Tantrum+1","floor":18},{"not_picked":["Adaptation","FlyingSleeves+1","WheelKick+1"],"picked":"SKIP","floor":20},{"not_picked":["Study","JustLucky"],"picked":"EmptyBody+1","floor":22},{"not_picked":["BattleHymn+1","Protect","ClearTheMind"],"picked":"SKIP","floor":24},{"not_picked":["ClearTheMind","Collect","FlyingSleeves"],"picked":"SKIP","floor":27},{"not_picked":["PathToVictory+1","Replay:ManipulateFuture+1","TalkToTheHand+1"],"picked":"SKIP","floor":28},{"not_picked":["Nirvana","Prostrate","FlurryOfBlows"],"picked":"SKIP","floor":29},{"not_picked":["Sweeping Beam","True Grit","Deep Breath"],"picked":"SKIP","floor":31},{"not_picked":["Anger+1","BowlingBash+1","Halt"],"picked":"SKIP","floor":35},{"not_picked":["Skewer+1","Specialist+1"],"picked":"Self Repair+1","floor":36},{"not_picked":["ReplayTheSpireMod:The Works","Flash of Steel+1"],"picked":"FlurryOfBlows+1","floor":36},{"not_picked":["Capacitor+1","Chaos","ReplayGash+1"],"picked":"SKIP","floor":37},{"not_picked":["Turbo+1","JustLucky","Rage+1"],"picked":"SKIP","floor":38},{"not_picked":["Echo Form","Body Slam+1","Prostrate"],"picked":"SKIP","floor":39}],"player_experience":248819,"relics_obtained":[{"floor":2,"key":"Smiling Mask"},{"floor":3,"key":"Torii"},{"floor":9,"key":"Anchor"},{"floor":11,"key":"Pet Ghost"},{"floor":24,"key":"Tiny Chest"},{"floor":26,"key":"TungstenRod"},{"floor":31,"key":"Onion Ring"},{"floor":31,"key":"Bag of Marbles"},{"floor":36,"key":"Pen Nib"}],"event_choices":[{"damage_healed":0,"gold_gain":0,"player_choice":"Read","damage_taken":0,"max_hp_gain":0,"max_hp_loss":0,"event_name":"The Library","floor":21,"gold_loss":0,"cards_obtained":["Study"]}],"is_beta":false,"boss_relics":[{"not_picked":["Calling Bell","Replay:Drink Me"],"picked":"Black Star"},{"not_picked":["Cursed Key","Velvet Choker"],"picked":"VioletLotus"}],"items_purged_floors":[12,14,19,30],"is_endless":false,"potions_floor_spawned":[1,4,5,7,13,24,27,28,31,35,38],"killed_by":"Nightmare","ascension_level":3}}