{"host":"syozzdlzcqop4jia","time":1613078544,"event":{"mods":["AchievementEnabler","BaseMod","Colored Map","Colored Powertips","Minty Spire (QoL Compilation)","Quick Restart"],"gold_per_floor":[110,110,181,193,35,35,50,64,87,116,126,126,144,162,162,266,266,283,283,303,393,413,413,429,429,429,58,72,72,99,116,116,116,116],"floor_reached":33,"language":"ENG","playtime":1886,"items_purged":[],"score":296,"play_id":"cb152731-ea61-4ea1-8598-a65d8d288507","local_time":"20210211222224","is_ascension_mode":false,"campfire_choices":[{"floor":6,"key":"RECALL"},{"floor":12,"key":"REST"},{"data":"Self Repair","floor":15,"key":"SMITH"},{"data":"Self Repair","floor":23,"key":"SMITH"},{"data":"Static Discharge","floor":29,"key":"SMITH"},{"floor":32,"key":"REST"}],"circlet_count":0,"master_deck":["Zap","Dualcast","Ball Lightning+1","Lockon","Ball Lightning","Self Repair+1","Capacitor","Static Discharge+1","Cold Snap","Cold Snap","Loop","Thunder Strike","Heatsinks","Hyperbeam","Leap","Chill","White Noise","Steam","Creative AI","Multi-Cast","Ball Lightning","Self Repair+1","Ball Lightning+1","Melter","Storm","Ball Lightning+1","Rip and Tear+1"],"relics":["Cracked Core","Nunchaku","Akabeko","Pandora\u0027s Box","Blue Candle","Gremlin Horn","Strawberry"],"acts_visited":["Exordium","TheCity"],"potions_floor_usage":[24,30],"damage_taken":[{"damage":0,"enemies":"2 Louse","floor":1,"turns":2},{"damage":0,"enemies":"Small Slimes","floor":4,"turns":2},{"damage":1,"enemies":"Cultist","floor":7,"turns":3},{"damage":16,"enemies":"Large Slime","floor":8,"turns":4},{"damage":26,"enemies":"Lagavulin","floor":10,"turns":5},{"damage":11,"enemies":"Gremlin Gang","floor":11,"turns":4},{"damage":19,"enemies":"Blue Slaver","floor":13,"turns":3},{"damage":1,"enemies":"Large Slime","floor":14,"turns":4},{"damage":36,"enemies":"The Guardian","floor":16,"turns":10},{"damage":10,"enemies":"Chosen","floor":18,"turns":4},{"damage":10,"enemies":"3 Byrds","floor":20,"turns":4},{"damage":8,"enemies":"Cultist and Chosen","floor":22,"turns":6},{"damage":39,"enemies":"3 Cultists","floor":24,"turns":5},{"damage":11,"enemies":"Chosen and Byrds","floor":28,"turns":5},{"damage":59,"enemies":"Slavers","floor":30,"turns":6},{"damage":28,"enemies":"Snecko","floor":31,"turns":4},{"damage":62,"enemies":"Collector","floor":33,"turns":5}],"seed_played":"-7407869997196047469","potions_obtained":[{"floor":4,"key":"Regen Potion"},{"floor":7,"key":"BlessingOfTheForge"},{"floor":11,"key":"DuplicationPotion"},{"floor":14,"key":"LiquidBronze"},{"floor":25,"key":"EssenceOfDarkness"},{"floor":28,"key":"Fire Potion"},{"floor":30,"key":"SpeedPotion"}],"is_trial":false,"path_per_floor":["M","?","?","M","$","R","M","M","T","E","M","R","M","M","R","B",null,"M","?","M","?","M","R","M","?","T","$","M","R","E","M","R","B"],"character_chosen":"DEFECT","items_purchased":["Lockon","Ball Lightning","Self Repair","Melter","Gremlin Horn","Storm"],"campfire_rested":2,"item_purchase_floors":[5,5,5,27,27,27],"current_hp_per_floor":[75,75,75,75,75,75,75,66,66,47,43,65,53,59,59,33,75,75,61,61,49,58,58,53,53,53,53,62,62,30,22,48,0,0],"gold":116,"neow_bonus":"RANDOM_COMMON_RELIC","is_daily":false,"chose_seed":false,"campfire_upgraded":3,"win_rate":0.0,"timestamp":1613078544,"path_taken":["M","?","?","M","$","R","M","M","T","E","M","R","M","M","R","BOSS","M","?","M","?","?","R","M","?","T","$","M","R","E","?","R","BOSS"],"items_purchased_type":["Card","Card","Card","Card","Relic","Card"],"build_version":"2020-12-22","purchased_purges":0,"victory":false,"max_hp_per_floor":[75,75,75,75,75,75,75,75,75,75,75,75,75,75,75,75,75,75,80,80,80,80,80,80,80,80,80,80,80,87,87,87,87,87],"card_choices":[{"not_picked":["Redo","Melter"],"picked":"Ball Lightning","floor":1},{"not_picked":["Force Field","Stack","Go for the Eyes"],"picked":"SKIP","floor":4},{"not_picked":["Go for the Eyes","Compile Driver"],"picked":"Capacitor","floor":7},{"not_picked":["Go for the Eyes","Sweeping Beam"],"picked":"Static Discharge","floor":8},{"not_picked":["Reboot","Static Discharge"],"picked":"Cold Snap","floor":10},{"not_picked":["Chill","Compile Driver","Turbo"],"picked":"SKIP","floor":11},{"not_picked":["Double Energy","Leap"],"picked":"Cold Snap","floor":13},{"not_picked":["Fission","Turbo"],"picked":"Loop","floor":14},{"not_picked":["Hyperbeam","Echo Form"],"picked":"Thunder Strike","floor":16},{"not_picked":["Reprogram+1","Hello World"],"picked":"Ball Lightning","floor":18},{"not_picked":["Barrage","Hologram"],"picked":"Self Repair","floor":20},{"not_picked":["Streamline","Steam Power+1"],"picked":"Ball Lightning+1","floor":22},{"not_picked":["Gash","Hologram","Streamline"],"picked":"SKIP","floor":24},{"not_picked":["Doom and Gloom","Go for the Eyes+1"],"picked":"Ball Lightning+1","floor":28},{"not_picked":["Go for the Eyes","Hologram","Sweeping Beam"],"picked":"SKIP","floor":30},{"not_picked":["Defragment","Compile Driver"],"picked":"Rip and Tear+1","floor":31}],"player_experience":690454,"relics_obtained":[{"floor":10,"key":"Akabeko"},{"floor":26,"key":"Blue Candle"},{"floor":30,"key":"Strawberry"}],"event_choices":[{"damage_healed":0,"gold_gain":0,"player_choice":"Grow","damage_taken":0,"max_hp_gain":0,"max_hp_loss":0,"event_name":"Living Wall","floor":2,"gold_loss":0,"cards_upgraded":["Ball Lightning"]},{"damage_healed":0,"gold_gain":71,"player_choice":"Gained Gold","damage_taken":0,"max_hp_gain":0,"max_hp_loss":0,"event_name":"Golden Wing","floor":3,"gold_loss":0},{"damage_healed":0,"gold_gain":0,"player_choice":"Shed Blood","damage_taken":19,"max_hp_gain":5,"max_hp_loss":0,"event_name":"Forgotten Altar","floor":19,"gold_loss":0},{"damage_healed":0,"gold_gain":90,"player_choice":"GOLD ","damage_taken":12,"max_hp_gain":0,"max_hp_loss":0,"event_name":"Knowing Skull","floor":21,"potions_obtained":[],"gold_loss":0,"cards_obtained":[]},{"damage_healed":0,"gold_gain":0,"player_choice":"Got Potions","damage_taken":0,"max_hp_gain":0,"max_hp_loss":0,"event_name":"Lab","floor":25,"gold_loss":0}],"is_beta":false,"boss_relics":[{"not_picked":["Runic Dome","Calling Bell"],"picked":"Pandora\u0027s Box"}],"items_purged_floors":[],"is_endless":false,"potions_floor_spawned":[4,7,11,13,14,18,28,30],"killed_by":"Collector","ascension_level":0}}