{"host":"d52brwsy6af8zvaq","time":1613066584,"event":{"mods":["AchievementEnabler","BaseMod","Bestiary","Highlight Path","Minty Spire (QoL Compilation)","Quick Restart","Relic Stats","ojb\u0027s Better Paths Mod"],"gold_per_floor":[117,117,38,51,69,96,119,154,235,260,260,278,303,331,331,331,331],"floor_reached":16,"language":"ENG","playtime":678,"items_purged":[],"score":224,"play_id":"7bebeafa-3230-477c-9ff9-5e64ed4d9c3e","local_time":"20210211110304","is_ascension_mode":true,"campfire_choices":[{"floor":11.0,"key":"REST"},{"data":"Zap","floor":15.0,"key":"SMITH"}],"circlet_count":0,"master_deck":["AscendersBane","Strike_B","Strike_B","Strike_B","Strike_B","Defend_B","Defend_B","Defend_B","Defend_B","Zap+1","Dualcast","Gash","Go for the Eyes","Sunder","Streamline","Rebound","Leap","Gash","Chill","BootSequence","Glacier","Coolheaded","Sweeping Beam","Hologram"],"relics":["Cracked Core","TungstenRod","Odd Mushroom","CeramicFish","Pear"],"acts_visited":["Exordium"],"potions_floor_usage":[16],"damage_taken":[{"damage":0.0,"enemies":"Jaw Worm","floor":1.0,"turns":3.0},{"damage":4.0,"enemies":"Small Slimes","floor":4.0,"turns":3.0},{"damage":0.0,"enemies":"Cultist","floor":5.0,"turns":3.0},{"damage":20.0,"enemies":"3 Sentries","floor":6.0,"turns":6.0},{"damage":6.0,"enemies":"The Mushroom Lair","floor":7.0,"turns":3.0},{"damage":28.0,"enemies":"Lagavulin","floor":8.0,"turns":6.0},{"damage":0.0,"enemies":"Lots of Slimes","floor":10.0,"turns":4.0},{"damage":0.0,"enemies":"Looter","floor":13.0,"turns":2.0},{"damage":0.0,"enemies":"Large Slime","floor":14.0,"turns":5.0},{"damage":41,"enemies":"Slime Boss","floor":16,"turns":9}],"seed_played":"2661249521931495788","potions_obtained":[{"floor":5.0,"key":"Swift Potion"},{"floor":6.0,"key":"DistilledChaos"},{"floor":8.0,"key":"PowerPotion"}],"is_trial":false,"path_per_floor":["M","?","$","M","M","E","?","E","T","M","R","?","M","M","R","B"],"character_chosen":"DEFECT","items_purchased":["Sunder"],"campfire_rested":1,"item_purchase_floors":[3],"current_hp_per_floor":[64,64,64,60,60,40,34,6,16,16,40,40,40,40,40,0,0],"gold":331,"neow_bonus":"THREE_CARDS","is_daily":false,"chose_seed":false,"campfire_upgraded":1,"win_rate":0.0,"timestamp":1613066584,"path_taken":["M","?","$","M","M","E","?","E","T","M","R","?","?","M","R","BOSS"],"items_purchased_type":["Card"],"build_version":"2020-12-22","purchased_purges":0,"victory":false,"max_hp_per_floor":[71,71,71,71,71,71,71,71,81,81,81,81,81,81,81,81,81],"relic_stats":{"counters":[10,44],"CeramicFish":54,"obtain_stats":[{"Pear":9,"CeramicFish":8,"Odd Mushroom":7,"Cracked Core":0,"TungstenRod":6},{"Pear":6,"CeramicFish":6,"Odd Mushroom":5,"Cracked Core":0,"TungstenRod":4},{"Pear":24,"CeramicFish":24,"Odd Mushroom":18,"Cracked Core":0,"TungstenRod":15}],"TungstenRod":8},"card_choices":[{"not_picked":["Go for the Eyes","Barrage"],"picked":"Gash","floor":0.0},{"not_picked":["Compile Driver","Conserve Battery"],"picked":"Go for the Eyes","floor":1.0},{"not_picked":["Rebound","Redo"],"picked":"Streamline","floor":4.0},{"not_picked":["Beam Cell","Go for the Eyes"],"picked":"Rebound","floor":5.0},{"not_picked":["Barrage","Reinforced Body"],"picked":"Leap","floor":6.0},{"not_picked":["Ball Lightning","Cold Snap"],"picked":"Gash","floor":7.0},{"not_picked":["Turbo","White Noise"],"picked":"Chill","floor":8.0},{"not_picked":["Biased Cognition","Redo"],"picked":"BootSequence","floor":10.0},{"not_picked":["Blizzard","Rebound"],"picked":"Sweeping Beam","floor":13.0},{"not_picked":["Reprogram","Aggregate"],"picked":"Hologram","floor":14.0}],"player_experience":2224933,"relics_obtained":[{"floor":6.0,"key":"TungstenRod"},{"floor":7.0,"key":"Odd Mushroom"},{"floor":8.0,"key":"CeramicFish"},{"floor":9.0,"key":"Pear"}],"event_choices":[{"damage_healed":0.0,"max_hp_gain":0.0,"max_hp_loss":0.0,"gold_gain":0.0,"event_name":"Shining Light","player_choice":"Ignored","floor":2.0,"gold_loss":0.0,"damage_taken":0.0},{"damage_healed":0.0,"max_hp_gain":0.0,"max_hp_loss":0.0,"gold_gain":0.0,"event_name":"Mushrooms","player_choice":"Fought Mushrooms","floor":7.0,"gold_loss":0.0,"damage_taken":0.0},{"damage_healed":0.0,"max_hp_gain":0.0,"max_hp_loss":0.0,"gold_gain":0.0,"event_name":"Match and Keep!","player_choice":"2 cards matched","floor":12.0,"gold_loss":0.0,"damage_taken":0.0,"cards_obtained":["Glacier","Coolheaded"]}],"is_beta":false,"boss_relics":[],"items_purged_floors":[],"is_endless":false,"potions_floor_spawned":[5,6,8],"killed_by":"Slime Boss","ascension_level":20}}