{"host":"hszimsrtxxc2k25w","time":1613066358,"event":{"mods":["AchievementEnabler","BaseMod","Colored Map","DeckTracker","Minty Spire (QoL Compilation)","Rare Cards Sparkle","SuperFastMode"],"gold_per_floor":[112,112,136,156,180,180,219,219,219,219,237,237,237,301,301,400,400,425,182,107,128,28,28,28,28,53,65,65,76,87,168,168,168,168],"floor_reached":33,"language":"KOR","playtime":797,"items_purged":["Strike_G","Strike_G"],"score":540,"play_id":"836d9cf5-2a8e-4f92-9066-1b3acc20b37b","local_time":"20210212025918","is_ascension_mode":true,"campfire_choices":[{"data":"Crippling Poison","floor":6.0,"key":"SMITH"},{"floor":10.0,"key":"REST"},{"data":"Adrenaline","floor":12.0,"key":"SMITH"},{"floor":15.0,"key":"REST"},{"data":"Prepared","floor":23.0,"key":"SMITH"},{"data":"Prepared","floor":25.0,"key":"SMITH"},{"data":"Eviscerate","floor":28,"key":"SMITH"},{"data":"Tools of the Trade","floor":32,"key":"SMITH"}],"circlet_count":0,"master_deck":["AscendersBane","Strike_G","Defend_G","Defend_G","Survivor","Neutralize+1","Eviscerate+1","Crippling Poison+1","Corpse Explosion+1","Masterful Stab","Adrenaline+1","Acrobatics","Tools of the Trade+1","Corpse Explosion+1","Bullet Time+1","Corpse Explosion+1","Prepared+1","Prepared+1"],"relics":["Ring of the Snake","NeowsBlessing","Bloody Idol","Meat on the Bone","Molten Egg 2","Ninja Scroll","Astrolabe","Oddly Smooth Stone","Smiling Mask","Mummified Hand"],"acts_visited":["Exordium","TheCity"],"potions_floor_usage":[],"damage_taken":[{"damage":0.0,"enemies":"Small Slimes","floor":1.0,"turns":1.0},{"damage":0.0,"enemies":"Jaw Worm","floor":3.0,"turns":1.0},{"damage":0.0,"enemies":"2 Louse","floor":4.0,"turns":2.0},{"damage":13.0,"enemies":"Blue Slaver","floor":5.0,"turns":5.0},{"damage":22.0,"enemies":"3 Sentries","floor":7.0,"turns":3.0},{"damage":12.0,"enemies":"Exordium Wildlife","floor":11.0,"turns":3.0},{"damage":15.0,"enemies":"Lagavulin Event","floor":14.0,"turns":5.0},{"damage":14.0,"enemies":"The Guardian","floor":16.0,"turns":14.0},{"damage":11.0,"enemies":"Chosen","floor":18.0,"turns":4.0},{"damage":20.0,"enemies":"Spheric Guardian","floor":21.0,"turns":4.0},{"damage":0,"enemies":"3 Cultists","floor":27,"turns":2},{"damage":24,"enemies":"Sentry and Sphere","floor":29,"turns":4},{"damage":0,"enemies":"Cultist and Chosen","floor":30,"turns":2},{"damage":65,"enemies":"Champ","floor":33,"turns":8}],"seed_played":"-5801755957650270760","potions_obtained":[{"floor":1.0,"key":"LiquidBronze"},{"floor":5.0,"key":"CultistPotion"},{"floor":14.0,"key":"Regen Potion"},{"floor":16.0,"key":"Fruit Juice"},{"floor":21.0,"key":"FearPotion"},{"floor":27,"key":"EssenceOfSteel"}],"is_trial":false,"path_per_floor":["M","?","M","M","M","R","E","?","T","R","M","R","?","?","R","B",null,"M","$","?","M","$","R","?","R","T","M","R","M","M","T","R","B"],"character_chosen":"THE_SILENT","items_purchased":["Oddly Smooth Stone"],"campfire_rested":2,"item_purchase_floors":[19],"current_hp_per_floor":[59,59,59,59,46,46,24,17,17,35,35,35,17,14,32,38,58,47,47,47,39,39,39,39,39,44,49,49,42,47,52,52,0,0],"gold":168,"neow_bonus":"THREE_ENEMY_KILL","is_daily":false,"chose_seed":false,"campfire_upgraded":6,"win_rate":0.0,"timestamp":1613066358,"path_taken":["M","?","M","M","M","R","E","?","T","R","M","R","?","?","R","BOSS","M","$","?","M","$","R","?","R","T","M","R","M","M","?","R","BOSS"],"items_purchased_type":["Relic"],"build_version":"2020-12-22","purchased_purges":2,"victory":false,"max_hp_per_floor":[66,60,60,60,60,60,60,60,60,60,60,60,60,60,60,65,65,65,65,65,65,65,65,65,65,65,65,65,65,65,65,65,65,65],"card_choices":[{"not_picked":["Reflex","Endless Agony"],"picked":"Eviscerate","floor":1.0},{"not_picked":["Sucker Punch","PiercingWail"],"picked":"Crippling Poison","floor":3.0},{"not_picked":["Underhanded Strike","Quick Slash","Flechettes"],"picked":"SKIP","floor":4.0},{"not_picked":["PiercingWail","Acrobatics"],"picked":"Corpse Explosion","floor":5.0},{"not_picked":["Backflip","Blade Dance"],"picked":"Masterful Stab","floor":7.0},{"not_picked":["Predator+1","Accuracy"],"picked":"Adrenaline","floor":11.0},{"not_picked":["Accuracy","Dagger Throw+1"],"picked":"Acrobatics","floor":14.0},{"not_picked":["Die Die Die+1","Bullet Time"],"picked":"Tools of the Trade","floor":16.0},{"not_picked":["Outmaneuver","Deflect"],"picked":"Prepared","floor":18.0},{"not_picked":["Underhanded Strike+1","Accuracy"],"picked":"Prepared","floor":21.0},{"not_picked":["Flying Knee+1","Flechettes+1","Poisoned Stab+1"],"picked":"SKIP","floor":27},{"not_picked":["Flechettes+1","Backflip","Poisoned Stab+1"],"picked":"SKIP","floor":29},{"not_picked":["Skewer+1","PiercingWail","Finisher+1"],"picked":"SKIP","floor":30}],"player_experience":676212,"relics_obtained":[{"floor":7.0,"key":"Meat on the Bone"},{"floor":9.0,"key":"Molten Egg 2"},{"floor":14.0,"key":"Ninja Scroll"},{"floor":26.0,"key":"Smiling Mask"},{"floor":31,"key":"Mummified Hand"}],"event_choices":[{"damage_healed":0.0,"max_hp_gain":0.0,"max_hp_loss":6.0,"gold_gain":0.0,"event_name":"Golden Idol","player_choice":"Lose Max HP","floor":2.0,"gold_loss":0.0,"damage_taken":0.0,"relics_obtained":["Golden Idol"]},{"cards_removed":["Strike_G"],"damage_healed":0.0,"max_hp_gain":0.0,"max_hp_loss":0.0,"gold_gain":0.0,"event_name":"Golden Wing","player_choice":"Card Removal","floor":8.0,"gold_loss":0.0,"damage_taken":7.0},{"damage_healed":0.0,"max_hp_gain":0.0,"max_hp_loss":0.0,"gold_gain":0.0,"event_name":"Shining Light","player_choice":"Entered Light","floor":13.0,"gold_loss":0.0,"damage_taken":18.0,"cards_upgraded":["Neutralize","Corpse Explosion"]},{"damage_healed":0.0,"max_hp_gain":0.0,"max_hp_loss":0.0,"gold_gain":30.0,"event_name":"Dead Adventurer","player_choice":"Searched \u00272\u0027 times","floor":14.0,"gold_loss":0.0,"damage_taken":0.0},{"cards_removed":["Defend_G"],"damage_healed":0.0,"max_hp_gain":0.0,"max_hp_loss":0.0,"gold_gain":0.0,"event_name":"Beggar","player_choice":"Gave Gold","floor":20.0,"gold_loss":75.0,"damage_taken":0.0},{"damage_healed":0.0,"max_hp_gain":0.0,"max_hp_loss":0.0,"gold_gain":0.0,"event_name":"Forgotten Altar","player_choice":"Gave Idol","floor":24.0,"relics_lost":["Golden Idol"],"gold_loss":0.0,"damage_taken":0.0,"relics_obtained":["Bloody Idol"]}],"is_beta":false,"boss_relics":[{"not_picked":["Empty Cage","Coffee Dripper"],"picked":"Astrolabe"}],"items_purged_floors":[19,22],"is_endless":false,"potions_floor_spawned":[1,5,14,16,21,27,30],"killed_by":"Champ","ascension_level":20}}