{"host":"lq2h7q9ca6uwu60x","time":1613049269,"event":{"mods":["Act Like it!","BaseMod","Gensokyo","Minty Spire (QoL Compilation)","StSLib","Yakumo Yukari mod"],"gold_per_floor":[180,200,216,216,216,216,235,235,262,262,262,279,279,39,39,39,39],"floor_reached":16,"language":"ZHS","playtime":453,"items_purged":[],"score":117,"play_id":"17bd873e-2636-4389-84d4-d8f8e2351707","local_time":"20210211211429","is_ascension_mode":true,"campfire_choices":[{"data":"RuleDissolution_purple","floor":6,"key":"SMITH"},{"floor":11,"key":"RECALL"},{"data":"Observe_purple_2","floor":13,"key":"SMITH"},{"data":"Observe_purple_1","floor":15,"key":"SMITH"}],"circlet_count":0,"master_deck":["AT_purpleEX","AT_purpleEX","AT_purpleEX","AT_purpleEX","Defend_purpleEX","Defend_purpleEX","Defend_purpleEX","Defend_purpleEX+1","Observe_purple_1+1","Observe_purple_2+1","RuleDissolution_purple+1","Clumsy","Gensokyo:TarnishedGold","Gensokyo:ScrapIron","Gensokyo:RustyChest"],"relics":["Memoryfragments_purpleEX","Tiny House","Gensokyo:OccultBall","Gensokyo:NagashiBinaDoll","Potion Belt","Toxic Egg 2","Sling"],"acts_visited":["Exordium"],"potions_floor_usage":[1,7],"damage_taken":[{"damage":0,"enemies":"Gensokyo:3_Fairies","floor":1,"turns":3},{"damage":2,"enemies":"Gensokyo:Python","floor":2,"turns":5},{"damage":7,"enemies":"Gensokyo:Gryphon","floor":3,"turns":4},{"damage":6,"enemies":"Gensokyo:5_Fairies","floor":7,"turns":5},{"damage":1,"enemies":"Gensokyo:3_Kodama","floor":12,"turns":2},{"damage":45,"enemies":"Gensokyo:Reimu","floor":16,"turns":4}],"seed_played":"-1188632895342395851","potions_obtained":[{"floor":0,"key":"Explosive Potion"},{"floor":2,"key":"PowerPotion"},{"floor":12,"key":"Explosive Potion"}],"is_trial":false,"path_per_floor":["M","M","M","?","T","R","M","?","T","T","R","M","R","COS","R","B"],"character_chosen":"Youkari","items_purchased":[],"campfire_rested":0,"item_purchase_floors":[],"current_hp_per_floor":[72,75,73,73,73,73,67,67,67,67,67,70,70,70,70,25,25],"gold":39,"neow_bonus":"BOSS_RELIC","is_daily":false,"chose_seed":false,"campfire_upgraded":3,"win_rate":0.0,"timestamp":1613049269,"path_taken":["M","?","M","?","?","R","M","?","T","?","R","?","R","COS","R","BOSS"],"items_purchased_type":[],"build_version":"2020-12-22","purchased_purges":0,"victory":false,"max_hp_per_floor":[75,75,75,75,75,75,75,75,75,75,75,75,75,75,75,75,75],"card_choices":[{"not_picked":["Boundary_DreamRealityDamnation_purple","Line_surface_state_purple"],"picked":"RuleDissolution_purple","floor":0},{"not_picked":["Umbrella_purple","RuleDissolution_purple","Charmbait_purple"],"picked":"SKIP","floor":1},{"not_picked":["Umbrella_purple","RuleDissolution_purple","Charmbait_purple"],"picked":"SKIP","floor":1},{"not_picked":["ExistenceContinue_purple","Realm_recovery_purpleEX"],"picked":"UniverseChoice_purple","floor":2},{"not_picked":["Worldmountain_purple","Umbrella_purple","Bait_Toxicbait_purple"],"picked":"SKIP","floor":3},{"not_picked":["Charmbait_purple","RuleDissolution_purple","Worldmountain_purple"],"picked":"SKIP","floor":7},{"not_picked":["OmniscientAndOmnipotent_Monster_purple","Extrememeaning_purpleEX+1","DimensionStaggered_purple+1"],"picked":"SKIP","floor":12}],"player_experience":712377,"relics_obtained":[{"floor":9,"key":"Potion Belt"},{"floor":10,"key":"Toxic Egg 2"}],"event_choices":[],"is_beta":false,"boss_relics":[],"items_purged_floors":[],"is_endless":false,"potions_floor_spawned":[2,12],"killed_by":"Gensokyo:Reimu","ascension_level":6}}