{"host":"17xjy7b7ubl548g2","time":1613013963,"event":{"mods":["2.2 Compatiblity","Act Like it!","Astrologer","Bard","BaseMod","Challenge The Spire","ChefMod","Colored Map","Colored Powertips","Conspire","Energized Spire","Gensokyo","GifTheSpireLib","Halation","Hallownest","Hubris","Infinite Spire","Jorbs\u0027s Wanderer Trilogy","Marisa（霧雨　魔理沙）","Marked Mod","Menagerie","Minty Spire (QoL Compilation)","Permanent Neow","Reliquary","Replay The Spire","Robot Space Explorer","Spicy Shops","Spire Arcade","StSLib","Stuff the Spire","The Blue Laboratory","The Bug Knight","The Construct","The Disciple","The Hierophant","The Marked","The Sage","TheFirefly"],"gold_per_floor":[114,132,151,169,169,169,202,202,228,228,278,296,24,55,55,155,155,175,175,175,175,175,204,204,239,239,239,273,273,24,24,24,126,126,146,146,172,26,47,83,83,100,100,132,161,203,203,203,203,203,203,203,4,29,29],"floor_reached":56,"language":"ENG","playtime":5459,"items_purged":["thefirefly:Strike","thefirefly:Strike"],"score":2398,"play_id":"5219e5d8-590a-48e3-bf73-2413306e404e","local_time":"20210210222603","is_ascension_mode":true,"campfire_choices":[{"data":"thefirefly:Bombardment","floor":6.0,"key":"SMITH"},{"data":"thefirefly:ShieldGenerator","floor":8.0,"key":"SMITH"},{"data":"thefirefly:FlakCannon","floor":10.0,"key":"SMITH"},{"data":"thefirefly:LaserBarrage","floor":15.0,"key":"SMITH"},{"floor":24.0,"key":"REST"},{"floor":27.0,"key":"RECALL"},{"floor":29.0,"key":"REST"},{"floor":32.0,"key":"REST"},{"floor":41,"key":"REST"},{"floor":47,"key":"REST"},{"floor":49,"key":"REST"},{"floor":52,"key":"REST"}],"circlet_count":0,"master_deck":["AscendersBane","thefirefly:Strike+1","thefirefly:Defend+1","thefirefly:Defend+1","thefirefly:Defend+1","thefirefly:Defend+1","thefirefly:StealthMode+1","thefirefly:PhotonBlast","thefirefly:Bombardment+1","thefirefly:FullProjection","thefirefly:Reposition","thefirefly:ShieldGenerator+1","thefirefly:FlakCannon+1","thefirefly:InterceptingShot","thefirefly:InterceptingShot","thefirefly:ChargedLaser+1","thefirefly:LaserBarrage+1","thefirefly:LustForEternity","thefirefly:Boost+1","infinitespire:Punishment","thefirefly:Reposition","thefirefly:Prominence+1","thefirefly:EnergyShield","infinitespire:Gouge+1","thefirefly:MindControl","thefirefly:MirrorShield","thefirefly:CoveringFire+1","thefirefly:ShieldArray+1","thefirefly:DecoyShot+1","thefirefly:ShieldGenerator+1","thefirefly:MindControl","thefirefly:IonizedBarrier","thefirefly:BreachMissile+1","thefirefly:RecollectionSubroutine+1"],"relics":["thefirefly:StealthSystem","Pen Nib","halation:AfternoonTea","infinitespire:ShieldingShard","Replay:Rubber Ducky","Centennial Puzzle","Fusion Hammer","reliquary:RosewoodLute","Velvet Choker","halation:EternalFortune","hubris:Towel","Question Card","Strawberry","Gremlin Horn","Orichalcum","Molten Egg 2","infinitespire:EvilPickle","hubris:ScarierMask","Art of War","PreservedInsect","Bag of Preparation","infinitespire:Beetle Shell","Singing Bowl","Vajra","StuffTheSpire:Experiment12"],"acts_visited":["Exordium","TheCity","TheBeyond","TheEnding"],"potions_floor_usage":[44,55,55],"damage_taken":[{"damage":1.0,"enemies":"conspire:RoseBush","floor":1.0,"turns":5.0},{"damage":0.0,"enemies":"Cultist","floor":2.0,"turns":4.0},{"damage":0.0,"enemies":"2 Louse","floor":3.0,"turns":2.0},{"damage":10.0,"enemies":"2 Fungi Beasts","floor":4.0,"turns":6.0},{"damage":3.0,"enemies":"HollowMod:MossKnight","floor":7.0,"turns":15.0},{"damage":0.0,"enemies":"Replay:BlueRogue","floor":11.0,"turns":8.0},{"damage":0.0,"enemies":"Looter","floor":12.0,"turns":2.0},{"damage":0.0,"enemies":"HollowMod:MossKnight","floor":14.0,"turns":8.0},{"damage":32.0,"enemies":"Hexaghost","floor":16.0,"turns":11.0},{"damage":4.0,"enemies":"3 Byrds","floor":18.0,"turns":5.0},{"damage":0.0,"enemies":"Slavers","floor":23.0,"turns":4.0},{"damage":0.0,"enemies":"Nightmare","floor":25.0,"turns":6.0},{"damage":0.0,"enemies":"conspire:Head Lice","floor":28.0,"turns":1.0},{"damage":0.0,"enemies":"Pondfish","floor":33.0,"turns":9.0},{"damage":0.0,"enemies":"Orb Walker","floor":35.0,"turns":4.0},{"damage":0.0,"enemies":"3 Darklings","floor":37.0,"turns":3.0},{"damage":0,"enemies":"Writhing Mass","floor":39,"turns":7},{"damage":3,"enemies":"Giant Head","floor":40,"turns":7},{"damage":0,"enemies":"Jaw Worm Horde","floor":42,"turns":2},{"damage":0,"enemies":"R_Hoarder","floor":44,"turns":5},{"damage":0,"enemies":"Maw","floor":45,"turns":9},{"damage":0,"enemies":"Giant Head","floor":46,"turns":9},{"damage":35,"enemies":"Replay:Hell Engine","floor":50,"turns":19},{"damage":0,"enemies":"Shield and Spear","floor":54,"turns":2},{"damage":0,"enemies":"The Heart","floor":55,"turns":10}],"seed_played":"-1306131904646904007","potions_obtained":[{"floor":1.0,"key":"Weak Potion"},{"floor":7.0,"key":"ColorlessPotion"},{"floor":11.0,"key":"blueLaboratory:PolymorphPotion"},{"floor":12.0,"key":"blueLaboratory:NullPotion"},{"floor":14.0,"key":"Venom Potion"},{"floor":25.0,"key":"LiquidMemories"},{"floor":33.0,"key":"FearPotion"},{"floor":35.0,"key":"Dexterity Potion"},{"floor":40,"key":"SteroidPotion"},{"floor":44,"key":"Strength Potion"}],"is_trial":false,"path_per_floor":["M","M","M","M","?","R","E","R","T","R","E","M","$","E","R","B",null,"M","AVR","?","?","?","E","R","NM","T","R","E","R","$","?","R","B",null,"M","?","M","$","M","E","R","M","T","E","M","E","R","?","R","B",null,"R","$","E","B",null],"character_chosen":"THE_FIREFLY","items_purchased":["thefirefly:ChargedLaser+1","Replay:Rubber Ducky","Molten Egg 2","PreservedInsect","Vajra","thefirefly:RecollectionSubroutine+1"],"campfire_rested":7,"item_purchase_floors":[13,13,30,38,53,53],"current_hp_per_floor":[49,49,49,39,39,39,36,36,36,36,36,36,36,36,36,4,42,38,38,38,41,41,41,58,65,65,65,65,65,65,48,65,65,65,65,65,65,65,65,62,65,65,65,68,68,68,68,68,68,33,59,68,68,70,70],"gold":29,"neow_bonus":"RANDOM_EVENT","is_daily":false,"chose_seed":false,"campfire_upgraded":4,"win_rate":0.0,"timestamp":1613013963,"path_taken":["M","M","M","M","?","R","E","R","T","R","E","?","?","E","R","BOSS","M","AVR","?","?","?","E","R","NM","T","R","E","R","$","?","R","BOSS","M","?","?","$","M","E","R","M","T","E","M","E","R","?","R","BOSS","R","$","E","BOSS"],"items_purchased_type":["Card","Relic","Relic","Relic","Relic","Card"],"build_version":"2020-12-22","purchased_purges":2,"victory":true,"max_hp_per_floor":[55,55,55,55,55,55,55,55,55,55,55,55,55,55,55,55,55,55,55,55,58,58,58,58,65,65,65,65,65,65,65,65,65,65,65,65,65,65,65,65,65,65,65,68,68,68,68,68,68,68,68,68,68,70,70],"card_choices":[{"not_picked":["thefirefly:SearingEnigma","thefirefly:Lamentation"],"picked":"thefirefly:Bombardment","floor":1.0},{"not_picked":["thefirefly:RecollectionSubroutine","thefirefly:InterceptingShot"],"picked":"thefirefly:FullProjection","floor":2.0},{"not_picked":["thefirefly:EMP","thefirefly:Flight"],"picked":"thefirefly:Reposition","floor":3.0},{"not_picked":["thefirefly:StoredPower","thefirefly:MirrorShield"],"picked":"thefirefly:ShieldGenerator","floor":4.0},{"not_picked":["thefirefly:EMP","thefirefly:DataMiner"],"picked":"thefirefly:FlakCannon","floor":7.0},{"not_picked":["thefirefly:Ruminate","thefirefly:ShieldArray"],"picked":"thefirefly:InterceptingShot","floor":11.0},{"not_picked":["thefirefly:Reposition","thefirefly:ArtillleryBeam"],"picked":"thefirefly:InterceptingShot","floor":12.0},{"not_picked":["thefirefly:AutoTargeting","thefirefly:FullProjection"],"picked":"thefirefly:LaserBarrage","floor":14.0},{"not_picked":["thefirefly:ParadoxEngine","thefirefly:AlphaStrike"],"picked":"thefirefly:LustForEternity","floor":16.0},{"not_picked":["thefirefly:StoredPower","thefirefly:EvasiveManeuver"],"picked":"thefirefly:Boost+1","floor":18.0},{"not_picked":["thefirefly:InterceptingShot","thefirefly:RecollectionSubroutine"],"picked":"thefirefly:Reposition","floor":23.0},{"not_picked":["thefirefly:SoulStrike","thefirefly:StarCinder","thefirefly:InterceptingShot"],"picked":"thefirefly:Prominence+1","floor":25.0},{"not_picked":["thefirefly:Regeneration","thefirefly:ShieldArray+1","thefirefly:QuantumTunneling"],"picked":"thefirefly:EnergyShield","floor":28.0},{"not_picked":["ReplayTheSpireMod:Haul","infinitespire:Fortify"],"picked":"infinitespire:Gouge","floor":31.0},{"not_picked":["thefirefly:BoltzmannBrain","thefirefly:HyperspaceAssault","thefirefly:EphemeronForm"],"picked":"thefirefly:MindControl","floor":33.0},{"not_picked":["thefirefly:Regeneration","thefirefly:InterceptingShot+1","thefirefly:Teleport+1"],"picked":"thefirefly:MirrorShield","floor":35.0},{"not_picked":["thefirefly:QuantumTunneling+1","thefirefly:Flight+1","thefirefly:Reposition+1"],"picked":"thefirefly:CoveringFire+1","floor":37.0},{"not_picked":["thefirefly:EMP","thefirefly:EvasiveManeuver","thefirefly:StoredPower"],"picked":"thefirefly:ShieldArray+1","floor":39},{"not_picked":["thefirefly:Flight+1","thefirefly:SteadyAim+1","thefirefly:StoredPower"],"picked":"thefirefly:DecoyShot+1","floor":40},{"not_picked":["thefirefly:Pacify","thefirefly:ArtillleryBeam+1","thefirefly:ShieldArray+1"],"picked":"thefirefly:ShieldGenerator+1","floor":42},{"not_picked":["thefirefly:AuroralDischarge+1","thefirefly:FlakCannon+1","thefirefly:Pacify+1"],"picked":"thefirefly:MindControl","floor":44},{"not_picked":["thefirefly:ShieldGenerator+1","thefirefly:Preload+1","thefirefly:StarCinder+1"],"picked":"thefirefly:IonizedBarrier","floor":45},{"not_picked":["thefirefly:RollBack","thefirefly:PhantomStrike","thefirefly:IonizedBarrier"],"picked":"thefirefly:BreachMissile+1","floor":46},{"not_picked":["thefirefly:InterceptingShot+1","thefirefly:NebulaVeil","thefirefly:Ruminate","thefirefly:LustForEternity"],"picked":"Singing Bowl","floor":54}],"player_experience":1876295,"relics_obtained":[{"floor":7.0,"key":"Pen Nib"},{"floor":9.0,"key":"halation:AfternoonTea"},{"floor":11.0,"key":"infinitespire:ShieldingShard"},{"floor":14.0,"key":"Centennial Puzzle"},{"floor":23.0,"key":"Question Card"},{"floor":25.0,"key":"Strawberry"},{"floor":26.0,"key":"Gremlin Horn"},{"floor":28.0,"key":"Orichalcum"},{"floor":40,"key":"Bag of Preparation"},{"floor":44,"key":"halation:EternalFortune"},{"floor":44,"key":"infinitespire:Beetle Shell"},{"floor":46,"key":"Singing Bowl"},{"floor":54,"key":"StuffTheSpire:Experiment12"}],"event_choices":[{"damage_healed":0.0,"max_hp_gain":0.0,"max_hp_loss":0.0,"gold_gain":0.0,"event_name":"Living Wall","player_choice":"Grow","floor":0.0,"gold_loss":0.0,"damage_taken":0.0,"cards_upgraded":["thefirefly:StealthMode"]},{"cards_removed":["thefirefly:Strike"],"damage_healed":0.0,"max_hp_gain":0.0,"max_hp_loss":0.0,"gold_gain":0.0,"event_name":"Wheel of Change","player_choice":"Card Removal","floor":5.0,"gold_loss":0.0,"damage_taken":0.0},{"damage_healed":0.0,"max_hp_gain":0.0,"max_hp_loss":0.0,"gold_gain":0.0,"event_name":"Back to Basics","player_choice":"Simplicity","floor":20.0,"gold_loss":0.0,"damage_taken":0.0,"cards_upgraded":["thefirefly:Strike","thefirefly:Defend","thefirefly:Defend","thefirefly:Defend","thefirefly:Defend"]},{"damage_healed":0.0,"max_hp_gain":0.0,"max_hp_loss":0.0,"gold_gain":0.0,"event_name":"WeMeetAgain","player_choice":"Gave Potion","floor":36.0,"gold_loss":0.0,"damage_taken":0.0,"relics_obtained":["Art of War"]}],"is_beta":false,"boss_relics":[{"not_picked":["Tiny House","Runic Pyramid"],"picked":"Fusion Hammer"},{"not_picked":["reliquary:Craggleroot","halation:ForbiddenBikini"],"picked":"hubris:ScarierMask"}],"items_purged_floors":[13,19],"is_endless":false,"potions_floor_spawned":[1,7,11,12,14,25,33,35,40,44,45],"ascension_level":10}}