{"host":"k7udt7atmcuzf6l0","time":1613043587,"event":{"mods":["AchievementEnabler","BaseMod","BetterRewards","Colored Map","Colored Powertips","Highlight Path","Minty Spire (QoL Compilation)","Quick Restart","Rare Cards Sparkle","Relic Stats","StSLib","UnlockEverythingMod"],"gold_per_floor":[119,294,294,313,263,263,278,293,320,320,23,23,98,141,141,270,270,293,568,1,24,47,47,47,78,78,7,23,41,41,90,90,225,225,259,277,277,296,296,296,296,296],"floor_reached":41,"language":"ZHS","playtime":921,"items_purged":["Regret"],"score":454,"play_id":"9792a786-69d2-4056-b01b-babb7caf699b","local_time":"20210211193947","is_ascension_mode":false,"campfire_choices":[{"data":"Flex","floor":6.0,"key":"SMITH"},{"data":"Flex","floor":10.0,"key":"SMITH"},{"data":"Shockwave","floor":12,"key":"SMITH"},{"data":"Infernal Blade","floor":15,"key":"SMITH"},{"data":"Enlightenment","floor":24,"key":"SMITH"},{"data":"Inflame","floor":30,"key":"SMITH"},{"data":"Dual Wield","floor":32,"key":"SMITH"},{"data":"Bludgeon","floor":40,"key":"SMITH"}],"circlet_count":0,"master_deck":["Strike_R","Strike_R","Strike_R","Strike_R","Strike_R","Defend_R","Defend_R","Defend_R","Bash","Flex+1","Infernal Blade+1","Thunderclap","Flex+1","Shockwave+1","Whirlwind","Exhume","Immolate","CurseOfTheBell","Enlightenment+1","Whirlwind+1","Inflame+1","Ghostly Armor+1","Dual Wield+1","Headbutt","Anger+1","Bludgeon+1","Dual Wield+1"],"relics":["Burning Blood","NeowsBlessing","Golden Idol","MealTicket","HandDrill","Anchor","Calling Bell","Potion Belt","Mercury Hourglass","Ice Cream","HornCleat","TheAbacus","Mummified Hand","Shuriken","CeramicFish","Black Star"],"acts_visited":["Exordium","TheCity","TheBeyond"],"potions_floor_usage":[14,14,14,29,33,33,33,33,41],"damage_taken":[{"damage":0.0,"enemies":"Jaw Worm","floor":1.0,"turns":1.0},{"damage":0.0,"enemies":"2 Louse","floor":4.0,"turns":1.0},{"damage":0.0,"enemies":"Cultist","floor":7.0,"turns":1.0},{"damage":3.0,"enemies":"2 Fungi Beasts","floor":8.0,"turns":3.0},{"damage":4,"enemies":"3 Sentries","floor":14,"turns":2},{"damage":16,"enemies":"Slime Boss","floor":16,"turns":8},{"damage":27,"enemies":"Spheric Guardian","floor":18,"turns":4},{"damage":0,"enemies":"3 Byrds","floor":21,"turns":2},{"damage":15,"enemies":"Snecko","floor":22,"turns":5},{"damage":10,"enemies":"Gremlin Leader","floor":25,"turns":4},{"damage":0,"enemies":"3 Cultists","floor":28,"turns":3},{"damage":2,"enemies":"Cultist and Chosen","floor":29,"turns":2},{"damage":32,"enemies":"Book of Stabbing","floor":31,"turns":5},{"damage":40,"enemies":"Champ","floor":33,"turns":5},{"damage":16,"enemies":"3 Darklings","floor":35,"turns":4},{"damage":17,"enemies":"Orb Walker","floor":36,"turns":4},{"damage":5,"enemies":"3 Darklings","floor":38,"turns":3},{"damage":95,"enemies":"Giant Head","floor":41,"turns":7}],"seed_played":"305119703960523284","potions_obtained":[{"floor":1.0,"key":"Energy Potion"},{"floor":4.0,"key":"Swift Potion"},{"floor":8.0,"key":"GamblersBrew"},{"floor":18,"key":"Regen Potion"},{"floor":22,"key":"SkillPotion"},{"floor":28,"key":"Explosive Potion"},{"floor":29,"key":"PowerPotion"},{"floor":31,"key":"CultistPotion"},{"floor":38,"key":"BloodPotion"}],"is_trial":false,"path_per_floor":["M","?","?","M","?","R","M","M","T","R","$","R","?","E","R","B",null,"M","?","$","M","M","?","R","E","T","$","M","M","R","E","R","B",null,"M","M","?","M","?","R","E"],"character_chosen":"IRONCLAD","items_purchased":["HandDrill","Shockwave","Whirlwind","HornCleat","TheAbacus","Enlightenment","Dual Wield"],"campfire_rested":0,"item_purchase_floors":[11,11,11,20,20,20,27],"current_hp_per_floor":[80,80,60,66,66,66,72,75,75,75,80,80,69,71,71,61,80,59,59,74,80,71,71,71,67,67,80,80,80,80,54,54,34,80,70,59,59,60,60,60,0,0],"gold":296,"neow_bonus":"THREE_ENEMY_KILL","is_daily":false,"chose_seed":false,"campfire_upgraded":8,"win_rate":0.0,"timestamp":1613043587,"path_taken":["M","?","?","M","?","R","M","M","T","R","$","R","?","E","R","BOSS","M","?","$","?","M","?","R","E","T","$","M","M","R","E","R","BOSS","M","M","?","?","?","R","E"],"items_purchased_type":["Relic","Card","Card","Relic","Relic","Card","Card"],"build_version":"2020-12-22","purchased_purges":1,"victory":false,"max_hp_per_floor":[80,80,80,80,80,80,80,80,80,80,80,80,80,80,80,80,80,80,80,80,80,80,80,80,80,80,80,80,80,80,80,80,80,80,80,80,80,80,80,80,80,80],"relic_stats":{"TheAbacus":[18],"counters":[18,64],"Golden Idol":119,"Mummified Hand":[7],"Shuriken":[10],"CeramicFish":27,"MealTicket":33,"HandDrill":[24],"Black Star":0,"obtain_stats":[{"Potion Belt":17,"Ice Cream":17,"NeowsBlessing":0,"Golden Idol":3,"CeramicFish":31,"Burning Blood":0,"Mercury Hourglass":17,"Calling Bell":17,"Anchor":14,"HornCleat":20,"TheAbacus":20,"Mummified Hand":25,"Shuriken":26,"MealTicket":9,"HandDrill":11,"Black Star":34},{"Potion Belt":6,"Ice Cream":6,"NeowsBlessing":0,"Golden Idol":1,"CeramicFish":13,"Burning Blood":0,"Mercury Hourglass":6,"Calling Bell":6,"Anchor":5,"HornCleat":7,"TheAbacus":7,"Mummified Hand":10,"Shuriken":10,"MealTicket":4,"HandDrill":4,"Black Star":14},{"Potion Belt":16,"Ice Cream":16,"NeowsBlessing":0,"Golden Idol":1,"CeramicFish":41,"Burning Blood":0,"Mercury Hourglass":16,"Calling Bell":16,"Anchor":8,"HornCleat":20,"TheAbacus":20,"Mummified Hand":31,"Shuriken":31,"MealTicket":6,"HandDrill":6,"Black Star":46}],"Burning Blood":86,"Mercury Hourglass":[177]},"card_choices":[{"not_picked":["Cleave","Perfected Strike"],"picked":"Flex","floor":1.0},{"not_picked":["Iron Wave","Cleave"],"picked":"Infernal Blade","floor":4.0},{"not_picked":["Body Slam","Dropkick"],"picked":"Thunderclap","floor":7.0},{"not_picked":["Reckless Charge","Pommel Strike"],"picked":"Flex","floor":8.0},{"not_picked":["Reckless Charge","Metallicize"],"picked":"Exhume","floor":14},{"not_picked":["Juggernaut","Fiend Fire"],"picked":"Immolate","floor":16},{"not_picked":["Twin Strike","Cleave","Thunderclap"],"picked":"SKIP","floor":18},{"not_picked":["Pommel Strike","Hemokinesis","Perfected Strike"],"picked":"SKIP","floor":21},{"not_picked":["Intimidate","Shockwave"],"picked":"Whirlwind+1","floor":22},{"not_picked":["Disarm","Clash"],"picked":"Ghostly Armor+1","floor":25},{"not_picked":["True Grit","Shrug It Off","Sever Soul"],"picked":"SKIP","floor":28},{"not_picked":["Shrug It Off+1","Heavy Blade"],"picked":"Headbutt","floor":29},{"not_picked":["Seeing Red","Fire Breathing"],"picked":"Anger+1","floor":31},{"not_picked":["Offering","Berserk"],"picked":"Bludgeon","floor":33},{"not_picked":["Flex","Clothesline+1"],"picked":"Dual Wield+1","floor":35},{"not_picked":["Pommel Strike","Wild Strike+1","Sentinel"],"picked":"SKIP","floor":36},{"not_picked":["Headbutt","Metallicize","Flex"],"picked":"SKIP","floor":38}],"player_experience":96509,"relics_obtained":[{"floor":9.0,"key":"MealTicket"},{"floor":14,"key":"Anchor"},{"floor":17,"key":"Potion Belt"},{"floor":17,"key":"Mercury Hourglass"},{"floor":17,"key":"Ice Cream"},{"floor":25,"key":"Mummified Hand"},{"floor":26,"key":"Shuriken"},{"floor":31,"key":"CeramicFish"}],"event_choices":[{"damage_healed":0.0,"max_hp_gain":0.0,"max_hp_loss":0.0,"gold_gain":175.0,"event_name":"Liars Game","player_choice":"AGREE","floor":2.0,"gold_loss":0.0,"damage_taken":0.0,"cards_obtained":["Doubt"]},{"damage_healed":0.0,"max_hp_gain":0.0,"max_hp_loss":0.0,"gold_gain":0.0,"event_name":"Golden Idol","player_choice":"Take Damage","floor":3.0,"gold_loss":0.0,"damage_taken":20.0,"relics_obtained":["Golden Idol"]},{"cards_removed":["Doubt"],"damage_healed":0.0,"max_hp_gain":0.0,"max_hp_loss":0.0,"gold_gain":0.0,"event_name":"The Cleric","player_choice":"Card Removal","floor":5.0,"gold_loss":50.0,"damage_taken":0.0},{"damage_healed":0,"gold_gain":75,"player_choice":"Gather Gold","damage_taken":11,"max_hp_gain":0,"max_hp_loss":0,"event_name":"World of Goop","floor":13,"gold_loss":0},{"damage_healed":0,"gold_gain":275,"player_choice":"Desecrate","damage_taken":0,"max_hp_gain":0,"max_hp_loss":0,"event_name":"Golden Shrine","floor":19,"gold_loss":0,"cards_obtained":["Regret"]},{"damage_healed":0,"gold_gain":0,"player_choice":"Read","damage_taken":0,"max_hp_gain":0,"max_hp_loss":0,"event_name":"The Library","floor":23,"gold_loss":0,"cards_obtained":["Inflame"]},{"cards_removed":["Defend_R"],"damage_healed":0,"gold_gain":0,"player_choice":"Offered Basic","damage_taken":0,"max_hp_gain":0,"max_hp_loss":0,"event_name":"Bonfire Elementals","floor":37,"gold_loss":0},{"damage_healed":0,"gold_gain":0,"player_choice":"Ignored","damage_taken":0,"max_hp_gain":0,"max_hp_loss":0,"event_name":"Tomb of Lord Red Mask","floor":39,"gold_loss":0}],"is_beta":false,"boss_relics":[{"not_picked":["Fusion Hammer","Cursed Key"],"picked":"Calling Bell"},{"not_picked":["Pandora\u0027s Box","Black Blood"],"picked":"Black Star"}],"items_purged_floors":[20],"is_endless":false,"potions_floor_spawned":[1,4,8,18,22,28,29,31,38],"killed_by":"Giant Head","ascension_level":0}}