{"host":"njb27ds59h4j3ikk","time":1613012510,"event":{"mods":["AchievementEnabler","BaseMod","Better Altar","Better Match","Better Note","Better Sensory Stone","Better Skull","Better Third Choice","BetterRewards","Downfall","Hermit","Hubris","Minty Spire (QoL Compilation)","Permanent Neow","Quarter Circle Forward PUNCH!","Quick Restart","Rare Cards Sparkle","Replay The Spire","Shop Mod","StSLib","Trackpad","Transform Curses"],"gold_per_floor":[109,123,140,140,140,168,182,195,195,370,395,411,411,437,437,535,535,553,478,495,513,177,177,177,177],"floor_reached":24,"language":"ENG","playtime":1620,"items_purged":[],"score":359,"play_id":"653c9725-ab82-4d26-81be-5c0c8cda0eb3","local_time":"20210210220150","is_ascension_mode":true,"campfire_choices":[{"floor":13,"key":"REST"},{"floor":23,"key":"REST"}],"circlet_count":0,"master_deck":["hermit:Strike_Hermit+1","hermit:Strike_Hermit+1","hermit:Strike_Hermit+1","hermit:Strike_Hermit+1","hermit:Defend_Hermit","hermit:Defend_Hermit","hermit:Defend_Hermit","hermit:Defend_Hermit","hermit:Snapshot","hermit:Covet","hermit:SprayPray","hermit:Quickdraw","hermit:Vantage","hermit:GoldenBullet","hermit:Snipe","hermit:Showdown","Voices","Replay:Bootleg Shield Generator","hermit:FlashPowder","Dagger Throw+1","hermit:LowProfile","Whirlwind+1","hermit:Gestalt","Doubt","Replay:DivineShield","hermit:Coalescence","Leap+1","hermit:HighCaliber+1","Draining Mist","hermit:HighNoon","hermit:OverwhelmingPower","hermit:Misfire","Swift Strike","hermit:Midnight+1","hermit:Combo+1","Crow Ritual"],"relics":["hermit:Momento","Replay:Bottled Eggs","Replay:Multitool","Ring of Fangs","ReplayTheSpireMod:Ring of Exchange","qcfpunch:School_Backpack","Turnip","Meat on the Bone","trackpad:BottledShadow","hubris:TerracottaHorce","Pet Ghost"],"acts_visited":["Exordium","TheCity"],"potions_floor_usage":[6,8,11,14,16],"damage_taken":[{"damage":0,"enemies":"Small Slimes","floor":1,"turns":2},{"damage":0,"enemies":"2 Louse","floor":2,"turns":1},{"damage":8,"enemies":"Jaw Worm","floor":3,"turns":2},{"damage":13,"enemies":"Replay:BlueRogue","floor":6,"turns":5},{"damage":0,"enemies":"Looter","floor":7,"turns":4},{"damage":18,"enemies":"Lots of Slimes","floor":8,"turns":5},{"damage":2,"enemies":"Lagavulin","floor":11,"turns":5},{"damage":10,"enemies":"Blue Slaver","floor":12,"turns":4},{"damage":23,"enemies":"Gremlin Nob","floor":14,"turns":5},{"damage":50,"enemies":"Fading Forest","floor":16,"turns":11},{"damage":39,"enemies":"3 Byrds","floor":18,"turns":6},{"damage":7,"enemies":"Spheric Guardian","floor":20,"turns":3},{"damage":42,"enemies":"Cultist and Chosen","floor":21,"turns":7},{"damage":47,"enemies":"Gremlin Leader","floor":24,"turns":7}],"seed_played":"8729472126778511442","potions_obtained":[{"floor":1,"key":"champ:CounterPotion"},{"floor":6,"key":"bronze:BurnAndBuffPotion"},{"floor":7,"key":"Energy Potion"},{"floor":12,"key":"champ:CounterPotion"},{"floor":14,"key":"SkillPotion"}],"is_trial":false,"path_per_floor":["M","M","M","?","?","E","M","M","T","?","E","M","R","E","R","B",null,"M","?","M","M","$","R","E"],"character_chosen":"HERMIT","items_purchased":["Replay:Bottled Eggs","hermit:SprayPray","hermit:Quickdraw","hermit:Vantage","Pet Ghost","Crow Ritual"],"campfire_rested":2,"item_purchase_floors":[0,0,0,0,22,22],"current_hp_per_floor":[75,75,67,67,67,54,54,36,36,36,34,36,58,47,69,45,68,41,41,46,16,16,38,0,0],"gold":177,"neow_bonus":"","is_daily":false,"chose_seed":false,"campfire_upgraded":0,"win_rate":0.0,"timestamp":1613012510,"path_taken":["M","M","M","?","?","E","M","M","T","?","E","M","R","E","R","BOSS","M","?","?","M","$","R","E"],"items_purchased_type":["Relic","Card","Card","Card","Relic","Card"],"build_version":"2020-12-22","purchased_purges":0,"victory":false,"max_hp_per_floor":[75,75,75,75,75,75,75,75,75,75,75,75,75,75,75,75,75,75,75,75,75,75,75,75,75],"card_choices":[{"not_picked":["hermit:Scavenge","hermit:Headshot"],"picked":"hermit:GoldenBullet","floor":1},{"not_picked":["hermit:HighCaliber","hermit:WideOpen"],"picked":"hermit:Snipe","floor":2},{"not_picked":["hermit:ItchyTrigger","hermit:WideOpen"],"picked":"hermit:Showdown","floor":3},{"not_picked":["Specialist","Secret Technique"],"picked":"Replay:Bootleg Shield Generator","floor":5},{"not_picked":["hermit:ItchyTrigger","hermit:Spite"],"picked":"hermit:FlashPowder","floor":6},{"not_picked":["Outmaneuver","Backstab+1"],"picked":"Dagger Throw+1","floor":7},{"not_picked":["hermit:TrackingShot","hermit:Snipe"],"picked":"hermit:LowProfile","floor":7},{"not_picked":["Clash","Warcry"],"picked":"Whirlwind+1","floor":8},{"not_picked":["hermit:Dive","hermit:SprayPray"],"picked":"hermit:Gestalt","floor":8},{"not_picked":["CarveReality","CutThroughFate"],"picked":"Replay:DivineShield","floor":11},{"not_picked":["hermit:NoHoldsBarred","hermit:Roulette"],"picked":"hermit:Coalescence","floor":11},{"not_picked":["Turbo","Beam Cell"],"picked":"Leap+1","floor":12},{"not_picked":["hermit:Snipe","hermit:Feint"],"picked":"hermit:HighCaliber","floor":12},{"not_picked":["Poisoned Stab","Blur"],"picked":"Draining Mist","floor":14},{"not_picked":["hermit:ItchyTrigger","hermit:GoldenBullet"],"picked":"hermit:HighNoon","floor":14},{"not_picked":["hermit:Roughhouse","hermit:EternalForm"],"picked":"hermit:OverwhelmingPower","floor":16},{"not_picked":["hermit:Roulette","hermit:CalledShot"],"picked":"hermit:Misfire","floor":18},{"not_picked":["Specialist","Finesse"],"picked":"Swift Strike","floor":19},{"not_picked":["hermit:HoleUp","hermit:Gambit"],"picked":"hermit:Midnight+1","floor":20},{"not_picked":["hermit:Coalescence","hermit:Vantage"],"picked":"hermit:Combo+1","floor":21}],"player_experience":1355591,"relics_obtained":[{"floor":4,"key":"Ring of Fangs"},{"floor":4,"key":"ReplayTheSpireMod:Ring of Exchange"},{"floor":6,"key":"qcfpunch:School_Backpack"},{"floor":9,"key":"Turnip"},{"floor":11,"key":"Meat on the Bone"},{"floor":14,"key":"trackpad:BottledShadow"}],"event_choices":[{"damage_healed":0,"gold_gain":1,"player_choice":"1","damage_taken":0,"max_hp_gain":0,"max_hp_loss":0,"event_name":"betterStone:BetterStone","floor":5,"gold_loss":0},{"damage_healed":0,"gold_gain":175,"player_choice":"AGREE","damage_taken":195,"max_hp_gain":0,"max_hp_loss":0,"event_name":"betterThird:BetterSerpent","floor":10,"gold_loss":0},{"damage_healed":0,"gold_gain":0,"player_choice":"1","damage_taken":0,"max_hp_gain":0,"max_hp_loss":0,"event_name":"betterMatch:BetterMatch","floor":19,"gold_loss":0,"cards_obtained":["betterMatch:ColorlessUncommonCard"]}],"is_beta":false,"boss_relics":[{"not_picked":["trackpad:VoidSphere","Kintsugi"],"picked":"hubris:TerracottaHorce"}],"items_purged_floors":[],"is_endless":false,"potions_floor_spawned":[1,6,7,12,14],"killed_by":"Gremlin Leader","ascension_level":1}}