{"host":"jpcy2bclvs7juczu","time":1613011971,"event":{"mods":["Alarm Clock","BaseMod","Bestiary","Block Reminder","Colored Map","Colored Powertips","Current Relic Mod","Curses Come First","Dark Map","Filter the Spire","Minty Spire (QoL Compilation)","Quick Restart","RNG Fix","Relic Stats","Slay the Relics Exporter","Smile Girya","StSLib","everything is the same but u backflip on backflip","ojb\u0027s Better Paths Mod","ojb\u0027s Info Mod","slay the spire mod where everything is the same but ironclad has a cowboy hat"],"gold_per_floor":[119,34,34,47,59,59,85,99,152,24,43,43,75,93,93,167,167,179,179,189,54,54,54,54],"floor_reached":23,"language":"ENG","playtime":1026,"items_purged":[],"score":402,"play_id":"cf4cf79d-b562-49dc-88af-873c8a5b41b6","local_time":"20210210215251","is_ascension_mode":true,"campfire_choices":[{"data":"Iron Wave","floor":6,"key":"SMITH"},{"data":"Uppercut","floor":15,"key":"SMITH"}],"circlet_count":0,"master_deck":["AscendersBane","Strike_R","Strike_R","Strike_R","Strike_R","Strike_R","Defend_R","Defend_R","Defend_R","Bash","Cleave","Evolve","Flex","Sword Boomerang","Iron Wave+1","Uppercut+1","Inflame","Fire Breathing","Wild Strike","Hemokinesis","Flame Barrier","Fiend Fire","Ghostly Armor","Feel No Pain","Armaments"],"relics":["Burning Blood","Bird Faced Urn","Blood Vial","Red Skull","Shuriken","Runic Pyramid","Nilry\u0027s Codex"],"acts_visited":["Exordium","TheCity"],"potions_floor_usage":[7,13,14,23],"damage_taken":[{"damage":26,"enemies":"Jaw Worm","floor":1,"turns":5},{"damage":3,"enemies":"Small Slimes","floor":4,"turns":3},{"damage":11,"enemies":"2 Louse","floor":5,"turns":5},{"damage":25,"enemies":"Lagavulin","floor":7,"turns":6},{"damage":1,"enemies":"Looter","floor":8,"turns":2},{"damage":3,"enemies":"2 Fungi Beasts","floor":11,"turns":4},{"damage":28,"enemies":"Gremlin Nob","floor":13,"turns":4},{"damage":14,"enemies":"Exordium Thugs","floor":14,"turns":4},{"damage":24,"enemies":"Hexaghost","floor":16,"turns":7},{"damage":14,"enemies":"2 Thieves","floor":18,"turns":4},{"damage":7,"enemies":"Chosen","floor":20,"turns":4},{"damage":21,"enemies":"Gremlin Leader","floor":23,"turns":2}],"seed_played":"5901580122788694104","potions_obtained":[{"floor":1,"key":"CultistPotion"},{"floor":8,"key":"Swift Potion"},{"floor":13,"key":"Explosive Potion"}],"is_trial":false,"path_per_floor":["M","$","?","M","M","R","E","M","T","$","M","?","E","M","R","B",null,"M","?","M","$","?","E"],"character_chosen":"IRONCLAD","items_purchased":["Evolve","Fire Breathing","Weak Potion","Feel No Pain","Armaments"],"campfire_rested":0,"item_purchase_floors":[2,10,10,21,21],"current_hp_per_floor":[48,48,48,51,48,48,31,38,38,38,49,49,31,27,27,15,55,51,32,35,35,14,0,0],"gold":54,"neow_bonus":"ONE_RARE_RELIC","is_daily":false,"chose_seed":false,"campfire_upgraded":2,"win_rate":0.0,"timestamp":1613011971,"path_taken":["M","$","?","M","M","R","E","M","T","$","M","?","E","M","R","BOSS","M","?","M","$","?","E"],"items_purchased_type":["Card","Card","Potion","Card","Card"],"build_version":"2020-12-22","purchased_purges":0,"victory":false,"max_hp_per_floor":[68,68,68,68,68,68,68,68,68,68,68,68,68,68,68,68,68,68,73,73,73,73,73,73],"relic_stats":{"Blood Vial":16,"counters":[12,50],"Shuriken":[3],"Bird Faced Urn":[26],"obtain_stats":[{"Blood Vial":7,"Shuriken":13,"Nilry\u0027s Codex":22,"Bird Faced Urn":0,"Burning Blood":0,"Red Skull":9,"Runic Pyramid":17},{"Blood Vial":4,"Shuriken":7,"Nilry\u0027s Codex":11,"Bird Faced Urn":0,"Burning Blood":0,"Red Skull":5,"Runic Pyramid":9},{"Blood Vial":19,"Shuriken":29,"Nilry\u0027s Codex":48,"Bird Faced Urn":0,"Burning Blood":0,"Red Skull":21,"Runic Pyramid":40}],"Burning Blood":66},"card_choices":[{"not_picked":["Pommel Strike","Heavy Blade"],"picked":"Cleave","floor":1},{"not_picked":["Battle Trance","Blood for Blood"],"picked":"Sword Boomerang","floor":4},{"not_picked":["Cleave","Clothesline"],"picked":"Iron Wave","floor":5},{"not_picked":["Headbutt","Sentinel"],"picked":"Uppercut","floor":7},{"not_picked":["Anger","Cleave"],"picked":"Inflame","floor":8},{"not_picked":["Warcry","Bloodletting"],"picked":"Wild Strike","floor":11},{"not_picked":["Hemokinesis","Fire Breathing","Body Slam"],"picked":"SKIP","floor":13},{"not_picked":["Heavy Blade","Anger"],"picked":"Flame Barrier","floor":14},{"not_picked":["Demon Form","Berserk"],"picked":"Fiend Fire","floor":16},{"not_picked":["Headbutt","Body Slam","Power Through+1"],"picked":"SKIP","floor":18},{"not_picked":["Evolve","Body Slam"],"picked":"Ghostly Armor","floor":20}],"player_experience":1616639,"relics_obtained":[{"floor":7,"key":"Blood Vial"},{"floor":9,"key":"Red Skull"},{"floor":13,"key":"Shuriken"},{"floor":22,"key":"Nilry\u0027s Codex"}],"event_choices":[{"damage_healed":0,"gold_gain":0,"cards_transformed":["Defend_R"],"player_choice":"Change","damage_taken":0,"max_hp_gain":0,"max_hp_loss":0,"event_name":"Living Wall","floor":3,"gold_loss":0,"cards_obtained":["Flex"]},{"damage_healed":0,"gold_gain":0,"player_choice":"1 cards matched","damage_taken":0,"max_hp_gain":0,"max_hp_loss":0,"event_name":"Match and Keep!","floor":12,"gold_loss":0,"cards_obtained":["Hemokinesis"]},{"damage_healed":0,"gold_gain":0,"player_choice":"Shed Blood","damage_taken":24,"max_hp_gain":5,"max_hp_loss":0,"event_name":"Forgotten Altar","floor":19,"gold_loss":0},{"damage_healed":0,"gold_gain":0,"player_choice":"Obtained Book","damage_taken":21,"max_hp_gain":0,"max_hp_loss":0,"event_name":"Cursed Tome","floor":22,"gold_loss":0}],"is_beta":false,"boss_relics":[{"not_picked":["Philosopher\u0027s Stone","Mark of Pain"],"picked":"Runic Pyramid"}],"items_purged_floors":[],"is_endless":false,"potions_floor_spawned":[1,8,13],"killed_by":"Gremlin Leader","ascension_level":20}}