{"host":"pqs17sqrgflf4eqa","time":1613011958,"event":{"mods":["AchievementEnabler","BaseMod","Bestiary","Better Altar","Colored Map","Colored Powertips","Emptier Cage","Googly Eyes","Highlight Path","Minty Spire (QoL Compilation)","Quick Restart","StSLib","SuperFastMode","Transform Curses","slay the spire mod where everything is the same but ironclad has a cowboy hat"],"gold_per_floor":[116,116,191,191,205,234,234,274,274,274,274,13,55,82,82,82,82],"floor_reached":16,"language":"ENG","playtime":293,"items_purged":[],"score":145,"play_id":"e81dcf65-7ce6-4dcc-a8b4-fa923e475fa3","local_time":"20210210215238","is_ascension_mode":true,"campfire_choices":[{"floor":7.0,"key":"REST"},{"floor":10.0,"key":"REST"},{"data":"Flex","floor":15,"key":"SMITH"}],"circlet_count":0,"master_deck":["Strike_R","Strike_R","Strike_R","Strike_R","Strike_R","Defend_R","Defend_R","Defend_R","Defend_R","Bash","Battle Trance","Cleave","Disarm","Reckless Charge","Flex+1","Infernal Blade"],"relics":["Burning Blood","StrikeDummy","CeramicFish","Eternal Feather","Bag of Preparation","Membership Card","Art of War","Kunai"],"acts_visited":["Exordium"],"potions_floor_usage":[],"damage_taken":[{"damage":6.0,"enemies":"Cultist","floor":1.0,"turns":3.0},{"damage":13.0,"enemies":"2 Louse","floor":5.0,"turns":3.0},{"damage":80.0,"enemies":"Lagavulin","floor":6.0,"turns":8.0},{"damage":30.0,"enemies":"3 Sentries","floor":8.0,"turns":7.0},{"damage":8.0,"enemies":"Gremlin Nob","floor":13.0,"turns":3.0},{"damage":0,"enemies":"Jaw Worm","floor":14,"turns":1},{"damage":65,"enemies":"Hexaghost","floor":16,"turns":9}],"seed_played":"3303155001963977435","potions_obtained":[{"floor":0.0,"key":"Dexterity Potion"},{"floor":0.0,"key":"Dexterity Potion"},{"floor":0.0,"key":"BloodPotion"},{"floor":1.0,"key":"Fruit Juice"},{"floor":6.0,"key":"Energy Potion"},{"floor":14,"key":"SpeedPotion"}],"is_trial":false,"path_per_floor":["M","?","?","?","M","E","R","E","T","R","?","$","E","M","R","B"],"character_chosen":"IRONCLAD","items_purchased":["Membership Card","Art of War","Energy Potion","Reckless Charge"],"campfire_rested":2,"item_purchase_floors":[12,12,12,12],"current_hp_per_floor":[85,90,79,79,72,16,43,19,19,52,52,52,50,56,65,0,0],"gold":82,"neow_bonus":"THREE_SMALL_POTIONS","is_daily":false,"chose_seed":false,"campfire_upgraded":1,"win_rate":0.0,"timestamp":1613011958,"path_taken":["M","?","?","?","M","E","R","E","T","R","?","$","E","M","R","BOSS"],"items_purchased_type":["Relic","Relic","Potion","Card"],"build_version":"2020-12-22","purchased_purges":0,"victory":false,"max_hp_per_floor":[85,90,90,90,90,90,90,90,90,90,90,90,90,90,90,90,90],"card_choices":[{"not_picked":["Dropkick","Feel No Pain"],"picked":"Battle Trance","floor":1.0},{"not_picked":["Intimidate","Warcry"],"picked":"Cleave","floor":5.0},{"not_picked":["Body Slam","Rage"],"picked":"Disarm","floor":6.0},{"not_picked":["Combust","Blood for Blood"],"picked":"Clothesline","floor":8.0},{"not_picked":["Clash","Bludgeon"],"picked":"Flex","floor":13.0},{"not_picked":["Sever Soul","Heavy Blade"],"picked":"Infernal Blade","floor":14}],"player_experience":158081,"relics_obtained":[{"floor":6.0,"key":"StrikeDummy"},{"floor":8.0,"key":"CeramicFish"},{"floor":9.0,"key":"Eternal Feather"},{"floor":13.0,"key":"Kunai"}],"event_choices":[{"damage_healed":0.0,"max_hp_gain":5.0,"max_hp_loss":0.0,"gold_gain":0.0,"event_name":"Big Fish","player_choice":"Donut","floor":2.0,"gold_loss":0.0,"damage_taken":0.0},{"damage_healed":0.0,"max_hp_gain":0.0,"max_hp_loss":0.0,"gold_gain":75.0,"event_name":"World of Goop","player_choice":"Gather Gold","floor":3.0,"gold_loss":0.0,"damage_taken":11.0},{"damage_healed":0.0,"max_hp_gain":0.0,"max_hp_loss":0.0,"gold_gain":0.0,"event_name":"Liars Game","player_choice":"Ignored","floor":4.0,"gold_loss":0.0,"damage_taken":0.0},{"cards_removed":["Clothesline"],"damage_healed":0.0,"max_hp_gain":0.0,"max_hp_loss":0.0,"gold_gain":0.0,"event_name":"WeMeetAgain","player_choice":"Gave Card","floor":11.0,"gold_loss":0.0,"damage_taken":0.0,"relics_obtained":["Bag of Preparation"]}],"is_beta":false,"boss_relics":[],"items_purged_floors":[],"is_endless":false,"potions_floor_spawned":[1,6,14],"killed_by":"Hexaghost","ascension_level":5}}