{"host":"5dk97cf2ubw2v967","time":1613062719,"event":{"mods":["AlwaysNeverKeys","BaseMod","Better Altar","Better Vampires","Block Reminder","Card Filter","Colored Powertips","Downfall","Googly Eyes","Highlight Path","Minty Spire (QoL Compilation)","Permanent Neow","Potion Indicator Mod","Quick Restart","Relic Filter","Relic Stats","Say the Spire","Spicy Shops","StSLib","Waifu the Spire","everything is the same but u backflip on backflip"],"gold_per_floor":[17,17,17,30,55,55,99,115,183,199,212,256,274,297,297,297,297],"floor_reached":16,"language":"ENG","playtime":609,"items_purged":[],"score":232,"play_id":"c1880b35-5749-4a83-877e-befd49afb757","local_time":"20210211165839","is_ascension_mode":true,"campfire_choices":[{"data":"Sword Boomerang","floor":6,"key":"SMITH"},{"floor":15,"key":"REST"}],"circlet_count":0,"master_deck":["AscendersBane","Strike_R","Strike_R","Strike_R","Strike_R","Strike_R","Defend_R","Defend_R","Defend_R","Defend_R","Bash","Sword Boomerang+1","Rupture","Intimidate","Shockwave","Reckless Charge","Flame Barrier","Pummel","Battle Trance"],"relics":["Burning Blood","StoneCalendar","Golden Idol","Ancient Tea Set","Bag of Marbles","Paper Frog","Torii"],"acts_visited":["Exordium"],"potions_floor_usage":[7,12,12,13],"damage_taken":[{"damage":3,"enemies":"2 Louse","floor":1,"turns":3},{"damage":11,"enemies":"Jaw Worm","floor":4,"turns":5},{"damage":1,"enemies":"Cultist","floor":5,"turns":3},{"damage":33,"enemies":"Lagavulin","floor":7,"turns":7},{"damage":14,"enemies":"Exordium Wildlife","floor":8,"turns":5},{"damage":7,"enemies":"2 Fungi Beasts","floor":10,"turns":3},{"damage":8,"enemies":"Large Slime","floor":11,"turns":5},{"damage":7,"enemies":"3 Sentries","floor":12,"turns":4},{"damage":1,"enemies":"3 Louse","floor":13,"turns":2},{"damage":24,"enemies":"Gremlin Gang","floor":14,"turns":4},{"damage":30,"enemies":"The Guardian","floor":16,"turns":8}],"seed_played":"-948549233772482133","potions_obtained":[{"floor":4,"key":"EssenceOfSteel"},{"floor":8,"key":"Explosive Potion"},{"floor":11,"key":"Fire Potion"},{"floor":12,"key":"Fire Potion"}],"is_trial":false,"path_per_floor":["M","?","?","M","M","R","E","M","T","M","M","E","M","M","R","B"],"character_chosen":"IRONCLAD","items_purchased":[],"campfire_rested":1,"item_purchase_floors":[],"current_hp_per_floor":[71,68,68,63,68,68,41,33,33,32,30,29,34,16,36,6,6],"gold":297,"neow_bonus":"ONE_RARE_RELIC","is_daily":false,"chose_seed":false,"campfire_upgraded":1,"win_rate":0.0,"timestamp":1613062719,"path_taken":["M","?","?","M","M","R","E","M","T","M","?","E","M","M","R","BOSS"],"items_purchased_type":[],"build_version":"2020-12-22","purchased_purges":0,"victory":false,"max_hp_per_floor":[75,68,68,68,68,68,68,68,68,68,68,68,68,68,68,68,68],"relic_stats":{"Torii":31,"counters":[11,49],"Golden Idol":44,"StoneCalendar":[40],"obtain_stats":[{"Torii":12,"Golden Idol":2,"StoneCalendar":0,"Bag of Marbles":7,"Ancient Tea Set":3,"Burning Blood":0,"Paper Frog":9},{"Torii":8,"Golden Idol":1,"StoneCalendar":0,"Bag of Marbles":4,"Ancient Tea Set":1,"Burning Blood":0,"Paper Frog":5},{"Torii":35,"Golden Idol":3,"StoneCalendar":0,"Bag of Marbles":18,"Ancient Tea Set":3,"Burning Blood":0,"Paper Frog":23}],"Burning Blood":60},"card_choices":[{"not_picked":["Body Slam","Twin Strike"],"picked":"Hemokinesis","floor":1},{"not_picked":["Dual Wield","Wild Strike"],"picked":"Sword Boomerang","floor":4},{"not_picked":["Intimidate","Battle Trance"],"picked":"Rupture","floor":5},{"not_picked":["Body Slam","Perfected Strike"],"picked":"Intimidate","floor":7},{"not_picked":["Havoc","Intimidate"],"picked":"Shockwave","floor":8},{"not_picked":["Twin Strike","Clothesline","Sword Boomerang"],"picked":"SKIP","floor":10},{"not_picked":["Headbutt","Perfected Strike"],"picked":"Reckless Charge","floor":11},{"not_picked":["Twin Strike","Armaments"],"picked":"Flame Barrier","floor":12},{"not_picked":["Havoc","Corruption"],"picked":"Pummel","floor":13},{"not_picked":["Havoc","Heavy Blade"],"picked":"Battle Trance","floor":14}],"player_experience":1309221,"relics_obtained":[{"floor":7,"key":"Bag of Marbles"},{"floor":9,"key":"Paper Frog"},{"floor":12,"key":"Torii"}],"event_choices":[{"damage_healed":0,"gold_gain":0,"player_choice":"Lose Max HP","damage_taken":0,"relics_obtained":["Golden Idol"],"max_hp_gain":0,"max_hp_loss":7,"event_name":"Golden Idol","floor":2,"gold_loss":0},{"cards_removed":["Hemokinesis"],"damage_healed":0,"gold_gain":0,"player_choice":"Gave Card","damage_taken":0,"relics_obtained":["Ancient Tea Set"],"max_hp_gain":0,"max_hp_loss":0,"event_name":"WeMeetAgain","floor":3,"gold_loss":0}],"is_beta":false,"boss_relics":[],"items_purged_floors":[],"is_endless":false,"potions_floor_spawned":[4,8,11,12],"killed_by":"The Guardian","ascension_level":20}}