{"host":"gin1e6e6f2y0ngxx","time":1613046535,"event":{"mods":["AchievementEnabler","Act Like it!","BaseMod","Downfall","Hallownest","Infinite Spire","Minty Spire (QoL Compilation)","StSLib","The Bug Knight","The Cursed","The Hierophant"],"gold_per_floor":[112,132,147,162,173,173,192,211,234,244,244,279,39,39,39,139,139,153,166,184,199,7,7,7],"floor_reached":23,"language":"ENG","playtime":2014,"items_purged":[],"score":209,"play_id":"0911f255-df90-4efc-b168-eec4db7e1726","local_time":"20210211022855","is_ascension_mode":true,"campfire_choices":[{"data":"Catalyst","floor":6,"key":"SMITH"},{"floor":15,"key":"REST"}],"circlet_count":0,"master_deck":["Strike_G","Strike_G","Strike_G","Strike_G","Defend_G","Defend_G","Defend_G","Defend_G","Defend_G","Survivor","Neutralize","Distraction","Catalyst+1","Caltrops","Outmaneuver","Backstab","Prepared","Leg Sweep","After Image","Choke","Footwork","Poisoned Stab","Caltrops","Envenom","PiercingWail+1","Flying Knee+1","Well Laid Plans+1","Distraction","Footwork"],"relics":["Ring of the Snake","Omamori","Ancient Tea Set","Happy Flower","SlaversCollar","Membership Card"],"acts_visited":["Exordium","TheCity"],"potions_floor_usage":[12,16,16,20],"damage_taken":[{"damage":0,"enemies":"Jaw Worm","floor":1,"turns":5},{"damage":5,"enemies":"Small Slimes","floor":2,"turns":5},{"damage":2,"enemies":"Cultist","floor":3,"turns":5},{"damage":2,"enemies":"Blue Slaver","floor":4,"turns":4},{"damage":2,"enemies":"Looter","floor":5,"turns":4},{"damage":1,"enemies":"Gremlin Gang","floor":7,"turns":5},{"damage":12,"enemies":"3 Louse","floor":8,"turns":5},{"damage":15,"enemies":"Large Slime","floor":10,"turns":9},{"damage":28,"enemies":"Gremlin Nob","floor":12,"turns":5},{"damage":11,"enemies":"Slime Boss","floor":16,"turns":15},{"damage":14,"enemies":"Shell Parasite","floor":18,"turns":7},{"damage":3,"enemies":"3 Byrds","floor":19,"turns":5},{"damage":10,"enemies":"Shelled Parasite and Fungi","floor":20,"turns":7},{"damage":13,"enemies":"Snake Plant","floor":21,"turns":4},{"damage":38,"enemies":"Slavers","floor":23,"turns":3}],"seed_played":"-7903758363452018420","potions_obtained":[{"floor":4,"key":"Dexterity Potion"},{"floor":5,"key":"Dexterity Potion"},{"floor":8,"key":"SpeedPotion"},{"floor":10,"key":"AttackPotion"},{"floor":18,"key":"Energy Potion"}],"is_trial":false,"path_per_floor":["M","M","M","M","M","R","M","M","T","M","?","E","$","?","R","B",null,"M","M","M","M","$","E"],"character_chosen":"THE_SILENT","items_purchased":["Happy Flower","Poisoned Stab","Caltrops","Membership Card","Footwork"],"campfire_rested":1,"item_purchase_floors":[13,13,13,22,22],"current_hp_per_floor":[77,72,70,68,66,66,65,53,53,38,38,10,10,3,26,15,77,63,60,50,37,37,0,0],"gold":7,"neow_bonus":"TEN_PERCENT_HP_BONUS","is_daily":false,"chose_seed":false,"campfire_upgraded":1,"win_rate":0.0,"timestamp":1613046535,"path_taken":["M","M","M","M","M","R","M","M","T","M","?","E","$","?","R","BOSS","M","M","M","?","$","E"],"items_purchased_type":["Relic","Card","Card","Relic","Card"],"build_version":"2020-12-22","purchased_purges":0,"victory":false,"max_hp_per_floor":[77,77,77,77,77,77,77,77,77,77,77,77,77,77,77,77,77,77,77,77,77,77,77,77],"card_choices":[{"not_picked":["Deflect","Prepared"],"picked":"Distraction","floor":1},{"not_picked":["Blur","Backstab"],"picked":"Catalyst","floor":2},{"not_picked":["Prepared","Eviscerate"],"picked":"Caltrops","floor":3},{"not_picked":["Flechettes","Masterful Stab"],"picked":"Outmaneuver","floor":4},{"not_picked":["Slice","Acrobatics"],"picked":"Backstab","floor":5},{"not_picked":["Skewer","Choke"],"picked":"Prepared","floor":7},{"not_picked":["Dagger Spray","Dagger Throw"],"picked":"Leg Sweep","floor":8},{"not_picked":["Dodge and Roll","Bane"],"picked":"After Image","floor":10},{"not_picked":["Bane","Slice"],"picked":"Footwork","floor":12},{"not_picked":["Phantasmal Killer","Unload"],"picked":"Envenom","floor":16},{"not_picked":["Sucker Punch+1","Dodge and Roll"],"picked":"PiercingWail+1","floor":18},{"not_picked":["Deflect","Dagger Throw"],"picked":"Flying Knee+1","floor":19},{"not_picked":["PiercingWail","Bane"],"picked":"Well Laid Plans+1","floor":20},{"not_picked":["Dagger Throw","Well Laid Plans"],"picked":"Distraction","floor":21}],"player_experience":163437,"relics_obtained":[{"floor":9,"key":"Omamori"},{"floor":12,"key":"Ancient Tea Set"}],"event_choices":[{"damage_healed":0,"gold_gain":0,"cards_transformed":["Strike_G"],"player_choice":"Change","damage_taken":0,"max_hp_gain":0,"max_hp_loss":0,"event_name":"Living Wall","floor":11,"gold_loss":0,"cards_obtained":["Choke"]},{"damage_healed":0,"gold_gain":0,"player_choice":"Damaged","damage_taken":7,"max_hp_gain":0,"max_hp_loss":0,"event_name":"Wheel of Change","floor":14,"gold_loss":0}],"is_beta":false,"boss_relics":[{"not_picked":["Coffee Dripper","Fusion Hammer"],"picked":"SlaversCollar"}],"items_purged_floors":[],"is_endless":false,"potions_floor_spawned":[4,5,8,10,18],"killed_by":"Slavers","ascension_level":1}}