{"host":"vt6dr1xq3iy14a3e","time":1613057337,"event":{"mods":["AchievementEnabler","BaseMod","Colored Map","DeckTracker","Minty Spire (QoL Compilation)","Replay The Spire","StSLib","SuperFastMode"],"gold_per_floor":[115,115,115,115,125,125,125,142,166,166,91,91,101,116,116,116,116,220,220,233,233,219,19,19,19,19],"floor_reached":25,"language":"KOR","playtime":1153,"items_purged":["Strike_G","Decay"],"score":284,"play_id":"c3c938d8-3b11-4ac4-bfd1-72ae06ae22f0","local_time":"20210212002857","is_ascension_mode":true,"campfire_choices":[{"data":"Finisher","floor":6,"key":"SMITH"},{"data":"Neutralize","floor":10,"key":"SMITH"},{"floor":12,"key":"REST"},{"data":"Footwork","floor":17,"key":"SMITH"}],"circlet_count":0,"master_deck":["AscendersBane","Strike_G","Strike_G","Strike_G","Defend_G","Defend_G","Defend_G","Defend_G","Survivor","Neutralize+1","Poisoned Stab","Finisher+1","PiercingWail","Footwork+1","Flying Knee","Storm of Steel","Dagger Spray","Blade Dance+1","Discovery"],"relics":["Replay:Bronze Core","Regal Pillow","Akabeko","SacredBark","BargainBundle"],"acts_visited":["Exordium","TheCity"],"potions_floor_usage":[18,18,20,25,25],"damage_taken":[{"damage":0,"enemies":"Small Slimes","floor":1,"turns":5},{"damage":0,"enemies":"Jaw Worm","floor":5,"turns":4},{"damage":0,"enemies":"2 Louse","floor":8,"turns":3},{"damage":1,"enemies":"Exordium Wildlife","floor":13,"turns":3},{"damage":0,"enemies":"Exordium Thugs","floor":14,"turns":6},{"damage":81,"enemies":"Fading Forest","floor":18,"turns":11},{"damage":0,"enemies":"Chosen","floor":20,"turns":4},{"damage":22,"enemies":"2 Thieves","floor":22,"turns":5},{"damage":38,"enemies":"Book of Stabbing","floor":25,"turns":5}],"seed_played":"-3658073479493349715","potions_obtained":[{"floor":5,"key":"AttackPotion"},{"floor":13,"key":"FearPotion"},{"floor":18,"key":"Fire Potion"}],"is_trial":false,"path_per_floor":["M","?","?","?","M","R","?","M","T","R","$","R","M","M","R_BF","PTL","R","B",null,"M","?","M","$","$","E"],"character_chosen":"THE_SILENT","items_purchased":["BargainBundle","Blade Dance+1","PowerPotion","Doom Potion","FearPotion","Discovery"],"campfire_rested":1,"item_purchase_floors":[23,23,23,23,23,23],"current_hp_per_floor":[63,68,50,50,50,50,43,43,43,43,43,75,74,74,74,74,74,1,57,57,57,35,35,35,0,0],"gold":19,"neow_bonus":"BOSS_RELIC","is_daily":false,"chose_seed":false,"campfire_upgraded":3,"win_rate":0.0,"timestamp":1613057337,"path_taken":["M","?","?","?","M","R","?","M","T","R","$","R","M","M","R_BF","PTL","R","BOSS","M","?","M","?","$","E"],"items_purchased_type":["Relic","Card","Potion","Potion","Potion","Card"],"build_version":"2020-12-22","purchased_purges":2,"victory":false,"max_hp_per_floor":[70,75,75,75,75,75,75,75,75,75,75,75,75,75,75,75,75,75,75,75,75,75,75,75,75,75],"card_choices":[{"not_picked":["Sucker Punch","Choke"],"picked":"Poisoned Stab","floor":1},{"not_picked":["Infinite Blades","Distraction"],"picked":"Finisher","floor":5},{"not_picked":["ReplayTheSpireMod:Shiv Toss","Backflip"],"picked":"PiercingWail","floor":8},{"not_picked":["Dagger Spray","Deflect"],"picked":"Footwork","floor":13},{"not_picked":["Underhanded Strike","Eviscerate"],"picked":"Flying Knee","floor":14},{"not_picked":["A Thousand Cuts","ReplayTheSpireMod:Necrosis"],"picked":"Storm of Steel","floor":18},{"not_picked":["ReplayTheSpireMod:Tripwire","Setup"],"picked":"Dagger Spray","floor":20},{"not_picked":["Dagger Spray","PiercingWail","Riddle With Holes"],"picked":"SKIP","floor":22}],"player_experience":1061884,"relics_obtained":[{"floor":9,"key":"Akabeko"}],"event_choices":[{"damage_healed":0,"gold_gain":0,"player_choice":"Donut","damage_taken":0,"max_hp_gain":5,"max_hp_loss":0,"event_name":"Big Fish","floor":2,"gold_loss":0},{"damage_healed":0,"gold_gain":0,"player_choice":"Success","damage_taken":18,"relics_obtained":["Regal Pillow"],"max_hp_gain":0,"max_hp_loss":0,"event_name":"Scrap Ooze","floor":3,"gold_loss":0},{"cards_removed":["Strike_G"],"damage_healed":0,"gold_gain":0,"player_choice":"Forget","damage_taken":0,"max_hp_gain":0,"max_hp_loss":0,"event_name":"Living Wall","floor":4,"gold_loss":0},{"cards_removed":["Defend_G"],"damage_healed":0,"gold_gain":0,"player_choice":"Card Removal","damage_taken":7,"max_hp_gain":0,"max_hp_loss":0,"event_name":"Golden Wing","floor":7,"gold_loss":0},{"damage_healed":0,"gold_gain":0,"player_choice":"Cursed","damage_taken":0,"max_hp_gain":0,"max_hp_loss":0,"event_name":"Wheel of Change","floor":21,"gold_loss":0,"cards_obtained":["Decay"]}],"is_beta":false,"boss_relics":[{"not_picked":["Empty Cage","Sozu"],"picked":"SacredBark"}],"items_purged_floors":[11,23],"is_endless":false,"potions_floor_spawned":[5,13,18],"killed_by":"Book of Stabbing","ascension_level":10}}