{"host":"5z7rhcocprldured","time":1613083083,"event":{"mods":["2.2 Compatiblity","AchievementEnabler","BaseMod","Best Route Mod","Better Altar","Better Match","Better Note","Better Sensory Stone","Better Skull","Better Third Choice","BetterRewards","Block Reminder","Colored Map","Colored Powertips","Emptier Cage","Googly Eyes","Hermit","Marisa????????","Minty Spire (QoL Compilation)","Permanent Neow","Potionbrewer","Rare Cards Sparkle","StSLib","Synergy Search","The Cursed","The Hierophant","The Runesmith","Unceasing Turn Reminder"],"gold_per_floor":[110,110,110,124,142,169,186,186,186,212,212,241,252,270,270,375,375,395,395,395,414,424,424,434,465,492,492,373,386,398,414,414,519,519,535,585,585,249,266,298,315,327,350,376,24,42,42,53,53,53,53,53,17,46,46,46],"floor_reached":55,"language":"ENG","playtime":2796,"items_purged":["Strike_G+1","Strike_G+1"],"score":798,"play_id":"b21d2f51-cd76-4c04-8157-2bce9943f5f7","local_time":"20210211223803","is_ascension_mode":false,"campfire_choices":[{"data":"Bouncing Flask","floor":8,"key":"SMITH"},{"data":"Dash","floor":11,"key":"SMITH"},{"floor":15,"key":"REST"},{"floor":23,"key":"RECALL"},{"data":"Adrenaline","floor":27,"key":"SMITH"},{"floor":32,"key":"REST"},{"floor":49,"key":"REST"},{"floor":52,"key":"REST"}],"circlet_count":0,"master_deck":["Strike_G+1","Strike_G+1","Strike_G+1","Defend_G+1","Defend_G+1","Defend_G+1","Defend_G+1","Defend_G+1","Survivor","Neutralize+1","Deadly Poison","Infinite Blades","Deadly Poison","Cloak And Dagger","Bouncing Flask+1","Dodge and Roll","Dash+1","Die Die Die+1","Terror","Backflip","Adrenaline+1","Poisoned Stab+1","Apotheosis+1","Acrobatics","Deadly Poison","Infinite Blades","Footwork","Accuracy","Dodge and Roll","After Image+1","PiercingWail+1","Backstab+1","Footwork","Bouncing Flask+1","Skewer","Backstab","Footwork","Caltrops","Footwork","Accuracy","Caltrops","Infinite Blades","Leg Sweep","Master of Strategy","Bandage Up","Accuracy","PiercingWail"],"relics":["Ring of the Snake","TwistedFunnel","FossilizedHelix","Happy Flower","potionbrewer:RamsHorn","Tingsha","Potion Belt","Sozu","The Courier","Snake Skull","Fusion Hammer","Ice Cream","Question Card","Whetstone","potionbrewer:SlideRule","Membership Card","Bottled Flame","potionbrewer:MortarAndPestle"],"acts_visited":["Exordium","TheCity","TheBeyond","TheEnding"],"potions_floor_usage":[33,33],"damage_taken":[{"damage":0,"enemies":"Cultist","floor":1,"turns":4},{"damage":0,"enemies":"2 Louse","floor":4,"turns":3},{"damage":0,"enemies":"Small Slimes","floor":5,"turns":3},{"damage":3,"enemies":"Lagavulin","floor":6,"turns":5},{"damage":0,"enemies":"Red Slaver","floor":7,"turns":3},{"damage":16,"enemies":"Gremlin Nob","floor":10,"turns":4},{"damage":18,"enemies":"3 Sentries","floor":12,"turns":6},{"damage":0,"enemies":"Exordium Wildlife","floor":13,"turns":2},{"damage":0,"enemies":"Looter","floor":14,"turns":3},{"damage":37,"enemies":"The Guardian","floor":16,"turns":8},{"damage":0,"enemies":"Chosen","floor":18,"turns":3},{"damage":0,"enemies":"3 Byrds","floor":21,"turns":3},{"damage":0,"enemies":"Shelled Parasite and Fungi","floor":22,"turns":3},{"damage":0,"enemies":"Chosen and Byrds","floor":24,"turns":5},{"damage":15,"enemies":"Book of Stabbing","floor":25,"turns":5},{"damage":7,"enemies":"Snake Plant","floor":29,"turns":3},{"damage":0,"enemies":"Cultist and Chosen","floor":30,"turns":4},{"damage":1,"enemies":"Centurion and Healer","floor":31,"turns":3},{"damage":14,"enemies":"Collector","floor":33,"turns":7},{"damage":0,"enemies":"3 Shapes","floor":35,"turns":3},{"damage":7,"enemies":"Mind Bloom Boss Battle","floor":36,"turns":5},{"damage":0,"enemies":"3 Darklings","floor":39,"turns":4},{"damage":0,"enemies":"Giant Head","floor":40,"turns":7},{"damage":0,"enemies":"Maw","floor":41,"turns":5},{"damage":0,"enemies":"Spire Growth","floor":42,"turns":3},{"damage":8,"enemies":"Reptomancer","floor":44,"turns":7},{"damage":7,"enemies":"Jaw Worm Horde","floor":46,"turns":4},{"damage":0,"enemies":"Maw","floor":48,"turns":6},{"damage":51,"enemies":"Awakened One","floor":50,"turns":10},{"damage":14,"enemies":"Shield and Spear","floor":54,"turns":7},{"damage":110,"enemies":"The Heart","floor":55,"turns":8}],"seed_played":"8329592278357611034","potions_obtained":[{"floor":4,"key":"Weak Potion"},{"floor":10,"key":"potionbrewer:MidasPotion"},{"floor":12,"key":"SkillPotion"},{"floor":14,"key":"Dexterity Potion"}],"is_trial":false,"path_per_floor":["M","?","?","M","M","E","M","R","T","E","R","E","M","M","R","B",null,"M","?","?","M","M","R","M","E","T","R","$","M","M","M","R","B",null,"M","?","?","$","M","E","M","M","T","E","$","M","?","M","R","B",null,"R","$","E","B"],"character_chosen":"THE_SILENT","items_purchased":["Deadly Poison","TwistedFunnel","Footwork","Question Card","Footwork","Membership Card","Bottled Flame","Caltrops","Footwork","Accuracy","Caltrops","Infinite Blades","Accuracy","PiercingWail"],"campfire_rested":4,"item_purchase_floors":[0,0,28,38,38,45,45,45,45,45,45,45,53,53],"current_hp_per_floor":[70,70,75,75,75,72,72,72,72,56,56,38,38,38,60,23,75,75,75,75,75,75,75,75,60,60,60,60,53,53,52,74,60,75,75,68,68,68,68,68,68,68,68,60,60,53,53,59,75,28,75,75,75,65,0,0],"gold":46,"neow_bonus":"","is_daily":false,"chose_seed":false,"campfire_upgraded":3,"win_rate":0.0,"timestamp":1613083083,"path_taken":["M","?","?","M","M","E","M","R","T","E","R","E","M","M","R","BOSS","M","?","?","M","M","R","M","E","T","R","?","M","?","M","R","BOSS","M","?","?","$","?","E","M","M","T","E","$","?","?","M","R","BOSS","R","$","E","BOSS"],"items_purchased_type":["Card","Relic","Card","Relic","Card","Relic","Relic","Card","Card","Card","Card","Card","Card","Card"],"build_version":"2020-12-22","purchased_purges":2,"victory":false,"max_hp_per_floor":[70,70,75,75,75,75,75,75,75,75,75,75,75,75,75,75,75,75,75,75,75,75,75,75,75,75,75,75,75,75,75,75,75,75,75,75,75,75,75,75,75,75,75,75,75,75,75,75,75,75,75,75,75,75,75,75],"card_choices":[{"not_picked":["Dash","Calculated Gamble"],"picked":"Infinite Blades","floor":1},{"not_picked":["Dagger Throw","Dodge and Roll"],"picked":"Deadly Poison","floor":4},{"not_picked":["Dagger Spray","Bane"],"picked":"Cloak And Dagger","floor":5},{"not_picked":["Prepared","Cloak And Dagger"],"picked":"Bouncing Flask","floor":6},{"not_picked":["Poisoned Stab","Dagger Throw"],"picked":"Dodge and Roll","floor":7},{"not_picked":["Bane","All Out Attack"],"picked":"Dash","floor":10},{"not_picked":["Dodge and Roll","Deflect"],"picked":"Die Die Die","floor":12},{"not_picked":["Blade Dance","Choke"],"picked":"Terror","floor":13},{"not_picked":["Deadly Poison","Sucker Punch"],"picked":"Backflip","floor":14},{"not_picked":["Bullet Time","Night Terror"],"picked":"Adrenaline","floor":16},{"not_picked":["PiercingWail","Deflect+1"],"picked":"Poisoned Stab+1","floor":18},{"not_picked":["Predator","Poisoned Stab+1"],"picked":"Acrobatics","floor":21},{"not_picked":["Eviscerate","Choke"],"picked":"Deadly Poison","floor":22},{"not_picked":["Dagger Spray","Flechettes","Dagger Throw+1"],"picked":"SKIP","floor":24},{"not_picked":["Bane","Prepared"],"picked":"Infinite Blades","floor":25},{"not_picked":["PiercingWail","Escape Plan"],"picked":"Accuracy","floor":29},{"not_picked":["Heel Hook","Deadly Poison","Choke"],"picked":"SKIP","floor":30},{"not_picked":["Underhanded Strike","Blade Dance"],"picked":"Dodge and Roll","floor":31},{"not_picked":["Glass Knife","Adrenaline"],"picked":"After Image","floor":33},{"not_picked":["Dodge and Roll","Prepared+1"],"picked":"PiercingWail+1","floor":35},{"not_picked":["Acrobatics","Doppelganger"],"picked":"Backstab+1","floor":36},{"not_picked":["Poisoned Stab+1","Terror","Acrobatics"],"picked":"Bouncing Flask+1","floor":39},{"not_picked":["Slice","Underhanded Strike+1","Deadly Poison+1"],"picked":"Skewer","floor":40},{"not_picked":["Dagger Spray","Prepared","Deadly Poison"],"picked":"Backstab","floor":41},{"not_picked":["Dagger Spray+1","Poisoned Stab+1","Flying Knee","Slice"],"picked":"SKIP","floor":42},{"not_picked":["Expertise+1","Poisoned Stab","Bane"],"picked":"Footwork","floor":44},{"not_picked":["Bane+1","Setup+1","Flying Knee+1"],"picked":"Leg Sweep","floor":46},{"not_picked":["Magnetism","Impatience","Panache"],"picked":"Master of Strategy","floor":47},{"not_picked":["Discovery","Dark Shackles","Enlightenment"],"picked":"Bandage Up","floor":47},{"not_picked":["Acrobatics+1","Sucker Punch","Dagger Spray","PiercingWail"],"picked":"SKIP","floor":48},{"not_picked":["Skewer","Deflect","Bouncing Flask","Tactician+1"],"picked":"SKIP","floor":54}],"player_experience":175281,"relics_obtained":[{"floor":6,"key":"Happy Flower"},{"floor":9,"key":"potionbrewer:RamsHorn"},{"floor":10,"key":"Tingsha"},{"floor":12,"key":"Potion Belt"},{"floor":25,"key":"The Courier"},{"floor":26,"key":"Snake Skull"},{"floor":36,"key":"Ice Cream"},{"floor":40,"key":"Whetstone"},{"floor":44,"key":"potionbrewer:SlideRule"},{"floor":54,"key":"potionbrewer:MortarAndPestle"}],"event_choices":[{"damage_healed":0,"gold_gain":0,"player_choice":"Ignored","damage_taken":110,"max_hp_gain":0,"max_hp_loss":0,"event_name":"betterThird:BetterSerpent","floor":2,"gold_loss":0},{"damage_healed":0,"gold_gain":0,"player_choice":"Donut","damage_taken":0,"max_hp_gain":5,"max_hp_loss":0,"event_name":"Big Fish","floor":3,"gold_loss":0},{"cards_removed":["Adrenaline"],"damage_healed":0,"gold_gain":0,"player_choice":"Take \u0026 Give","damage_taken":0,"max_hp_gain":0,"max_hp_loss":0,"event_name":"betterNote:BetterNote","floor":19,"gold_loss":0,"cards_obtained":["Apotheosis"]},{"damage_healed":0,"gold_gain":0,"player_choice":"Simplicity","damage_taken":0,"max_hp_gain":0,"max_hp_loss":10,"event_name":"betterThird:BetterWriting","floor":20,"gold_loss":0},{"damage_healed":0,"gold_gain":0,"player_choice":"Fight","damage_taken":0,"max_hp_gain":0,"max_hp_loss":0,"event_name":"MindBloom","floor":36,"gold_loss":0},{"damage_healed":0,"gold_gain":0,"player_choice":"Forge","damage_taken":0,"max_hp_gain":0,"max_hp_loss":0,"event_name":"Accursed Blacksmith","floor":37,"gold_loss":0,"cards_upgraded":["After Image"]},{"damage_healed":0,"gold_gain":3,"player_choice":"1","damage_taken":0,"max_hp_gain":0,"max_hp_loss":0,"event_name":"betterStone:BetterStone","floor":47,"gold_loss":0}],"is_beta":false,"boss_relics":[{"not_picked":["Runic Dome","Black Star"],"picked":"Sozu"},{"not_picked":["Busted Crown","HoveringKite"],"picked":"Fusion Hammer"}],"items_purged_floors":[28,38],"is_endless":false,"potions_floor_spawned":[4,10,12,14,25,29,30,33,35,36,42,44],"killed_by":"The Heart","ascension_level":0}}