{"host":"m552uo5jodlktm3e","time":1613080728,"event":{"mods":["BaseMod","Colored Powertips","Downfall","Minty Spire (QoL Compilation)","Quick Restart","StSLib"],"gold_per_floor":[99,119,294,313,1,33,33,63,92,77,77,111,111,136,154,154,154,154],"floor_reached":16,"language":"ENG","playtime":2813,"items_purged":["Doubt"],"score":132,"play_id":"603e0acb-7b5e-48a3-bb99-1d4cf17ca8d9","local_time":"20210211135848","is_ascension_mode":true,"campfire_choices":[{"data":"champ:Execute","floor":1,"key":"SMITH"},{"data":"champ:Improvising","floor":13,"key":"SMITH"}],"circlet_count":0,"master_deck":["champ:Strike","champ:Strike","champ:Strike","champ:Strike","champ:Defend","champ:Defend","champ:Defend","champ:Defend","champ:Execute+1","champ:Taunt+1","champ:Lariat","champ:SteelEdge","champ:DefensiveShout","champ:Improvising+1","champ:StanceDance","champ:RageSigil","champ:IgnorePain","champ:HoldFirm","champ:HoldFirm","champ:FanOfKnives","champ:Devastate","champ:IgnorePain","champ:ArenaPreparation"],"relics":["champ:ChampionCrown","Orrery","Sundial","Meat on the Bone","Odd Mushroom","WingedGreaves","Molten Egg 2","InkBottle"],"acts_visited":["Exordium"],"potions_floor_usage":[14],"damage_taken":[{"damage":16,"enemies":"Cultist","floor":2,"turns":4},{"damage":10,"enemies":"2 Louse","floor":4,"turns":3},{"damage":10,"enemies":"downfall:FleeingMerchant","floor":5,"turns":4},{"damage":42,"enemies":"Gremlin Nob","floor":6,"turns":5},{"damage":12,"enemies":"The Mushroom Lair","floor":8,"turns":6},{"damage":33,"enemies":"Lagavulin","floor":9,"turns":5},{"damage":20,"enemies":"downfall:FleeingMerchant","floor":10,"turns":4},{"damage":13,"enemies":"Gremlin Nob","floor":12,"turns":5},{"damage":17,"enemies":"3 Sentries","floor":14,"turns":7},{"damage":10,"enemies":"Jaw Worm","floor":15,"turns":2},{"damage":72,"enemies":"WA_ARCHETYPE_RETAIN","floor":16,"turns":10}],"seed_played":"-7532714508074440698","potions_obtained":[{"floor":6,"key":"Regen Potion"},{"floor":9,"key":"Fire Potion"},{"floor":12,"key":"DuplicationPotion"},{"floor":15,"key":"LiquidBronze"}],"is_trial":false,"path_per_floor":["R","M","?","M","$","E","T","?","E","$","?","E","R","E","M","B"],"character_chosen":"THE_CHAMP","items_purchased":["Orrery","champ:HoldFirm"],"campfire_rested":0,"item_purchase_floors":[5,5],"current_hp_per_floor":[90,84,84,84,84,67,67,65,64,64,64,66,66,59,59,0,0,0],"gold":154,"neow_bonus":"UPGRADE_CARD","is_daily":false,"chose_seed":false,"campfire_upgraded":2,"win_rate":0.0,"timestamp":1613080728,"path_taken":["R","?","?","M","$","E","T","?","E","?","?","E","R","E","M","BOSS"],"items_purchased_type":["Relic","Card"],"build_version":"2020-12-22","purchased_purges":1,"victory":false,"max_hp_per_floor":[90,90,90,90,90,90,90,90,90,90,90,90,90,90,90,90,90,90],"card_choices":[{"not_picked":["champ:SkillfulDodge","champ:AdrenalArmor","champ:TornadoPunch"],"picked":"SKIP","floor":2},{"not_picked":["champ:FlashCut","champ:GutPunch"],"picked":"champ:Lariat","floor":4},{"not_picked":["champ:ShieldSigil","champ:BerserkersShout"],"picked":"champ:SteelEdge","floor":5},{"not_picked":["champ:PreciseThrust","champ:BringItOn"],"picked":"champ:DefensiveShout","floor":5},{"not_picked":["champ:DancingMaster","champ:Circumvent"],"picked":"champ:Improvising","floor":5},{"not_picked":["champ:Shatter","champ:Backstep"],"picked":"champ:StanceDance","floor":5},{"not_picked":["champ:PreciseThrust","champ:SkillfulDodge"],"picked":"champ:RageSigil","floor":5},{"not_picked":["champ:ShieldSigil","champ:HeartStrike"],"picked":"champ:IgnorePain","floor":5},{"not_picked":["champ:BerserkersShout","champ:FalseCounter"],"picked":"champ:HoldFirm","floor":6},{"not_picked":["champ:StanceDance","champ:PerfectedStrike"],"picked":"champ:FanOfKnives","floor":8},{"not_picked":["champ:FancyFootwork","champ:HeartStrike","champ:Shatter"],"picked":"SKIP","floor":9},{"not_picked":["champ:Backstep","champ:EnGarde"],"picked":"champ:Devastate","floor":10},{"not_picked":["champ:LastStand","champ:FalseCounter"],"picked":"champ:ArenaPreparation","floor":12},{"not_picked":["champ:ViciousMockery","champ:EnGarde","champ:TornadoPunch+1"],"picked":"SKIP","floor":14},{"not_picked":["champ:Shatter+1","champ:ViciousMockery","champ:StanceDance"],"picked":"SKIP","floor":15}],"player_experience":1046214,"relics_obtained":[{"floor":6,"key":"Sundial"},{"floor":7,"key":"Meat on the Bone"},{"floor":8,"key":"Odd Mushroom"},{"floor":9,"key":"WingedGreaves"},{"floor":12,"key":"Molten Egg 2"},{"floor":14,"key":"InkBottle"}],"event_choices":[{"damage_healed":0,"gold_gain":0,"player_choice":"Fought Mushrooms","damage_taken":0,"max_hp_gain":0,"max_hp_loss":0,"event_name":"Mushrooms","floor":8,"gold_loss":0}],"is_beta":false,"boss_relics":[],"items_purged_floors":[5],"is_endless":false,"potions_floor_spawned":[6,9,12,15],"killed_by":"WA_ARCHETYPE_RETAIN","ascension_level":1}}