{"host":"d61fcf2p3sjwe6yo","time":1613074849,"event":{"mods":["Act Like it!","BaseMod","Colored Map","Gensokyo","Koishi","Marisa????????","Minty Spire (QoL Compilation)","Reimu??????","StSLib","SuperFastMode","The Servant 0.9.4"],"gold_per_floor":[109,9,9,19,19,19,36,55,55,84,84,1,20,33,45,130,142,168,180,212,474,486,523,271,271,271,302,315,315,349,368,368,442,442,457,467,478,55,55,55,55],"floor_reached":40,"language":"ENG","playtime":4535,"items_purged":["Clumsy"],"score":1022,"play_id":"e039c46c-5220-409d-b74e-289f40b76509","local_time":"20210211232049","is_ascension_mode":true,"campfire_choices":[{"data":"Defy","floor":6.0,"key":"SMITH"},{"data":"SilverBlades","floor":11.0,"key":"SMITH"},{"floor":15.0,"key":"REST"},{"floor":25,"key":"REST"},{"floor":29,"key":"REST"},{"floor":32,"key":"REST"}],"circlet_count":0,"master_deck":["AscendersBane","Strike_S","Strike_S","Strike_S","Strike_S","Defend_S","Defend_S","Defend_S","Defend_S","KidneyShot+1","Exchange","Contraction","Defy+1","Duplication","RealityMarble","SilverBlades+1","Moonlight","Hightail","PendulumOfEternity","SpecialFormula+1","Foresight","BestPractice","Replace","SurpressingFire","Defy","FanOfKnives","Replace","SoulSculpture","SilverBlades+1","SilverBlades+1","BottledTime","Gensokyo:LockedMedkit","Gensokyo:ScrapIron","Gensokyo:DepletedGenerator"],"relics":["Uniform","Blue Candle","Mercury Hourglass","Gensokyo:NagashiBinaDoll","HornCleat","Regal Pillow","MawBank","KneeBrace","Fusion Hammer","Gremlin Horn","Lantern","Dead Branch","CaptainsWheel","Sozu","Chemical X","Gensokyo:DualWield"],"acts_visited":["Gensokyo:Gensokyo","Gensokyo:Gensokyoer","Gensokyo:Gensokyoest"],"potions_floor_usage":[16,27,30],"damage_taken":[{"damage":14.0,"enemies":"Gensokyo:Gryphon","floor":1.0,"turns":5.0},{"damage":8.0,"enemies":"Gensokyo:Python","floor":4.0,"turns":4.0},{"damage":0.0,"enemies":"Gensokyo:2_Kodama","floor":7.0,"turns":3.0},{"damage":17.0,"enemies":"Gensokyo:Kitsune","floor":8.0,"turns":4.0},{"damage":0.0,"enemies":"Gensokyo:Cirno","floor":10.0,"turns":7.0},{"damage":7.0,"enemies":"Gensokyo:CorruptedTreant","floor":13.0,"turns":5.0},{"damage":4.0,"enemies":"Gensokyo:3_Kodama","floor":14.0,"turns":5.0},{"damage":0,"enemies":"Gensokyo:Reimu","floor":16,"turns":11},{"damage":24,"enemies":"Gensokyo:AngelMirror","floor":18,"turns":7},{"damage":10,"enemies":"Gensokyo:Chomper","floor":20,"turns":5},{"damage":27,"enemies":"Gensokyo:Koishi","floor":23,"turns":9},{"damage":0,"enemies":"Gensokyo:Reisen","floor":27,"turns":7},{"damage":23,"enemies":"Gensokyo:Slime_Group","floor":28,"turns":7},{"damage":27,"enemies":"Gensokyo:Tenshi","floor":30,"turns":6},{"damage":9,"enemies":"Gensokyo:Monolith_and_Dog","floor":31,"turns":8},{"damage":26,"enemies":"Gensokyo:Kaguya","floor":33,"turns":14},{"damage":15,"enemies":"Gensokyo:3_Boulders","floor":35,"turns":8},{"damage":0,"enemies":"Gensokyo:AncientGuardian","floor":36,"turns":6},{"damage":35,"enemies":"Gensokyo:4_Bats","floor":37,"turns":4},{"damage":25,"enemies":"Gensokyo:Kasen","floor":40,"turns":3}],"seed_played":"-6390221936171030539","potions_obtained":[{"floor":7.0,"key":"Explosive Potion"},{"floor":14.0,"key":"Block Potion"},{"floor":16,"key":"Ancient Potion"},{"floor":28,"key":"GamblersBrew"}],"is_trial":false,"path_per_floor":["M","?","T","M","?","R","M","M","T","E","R","COS","M","M","R","B",null,"M","?","M","?","?","E","$","R","T","E","M","R","E","M","R","B",null,"M","M","M","COS","?","E"],"character_chosen":"THE_SERVANT","items_purchased":["Replace","SurpressingFire","Defy"],"campfire_rested":4,"item_purchase_floors":[24,24,24],"current_hp_per_floor":[40,40,40,32,32,32,32,15,15,15,15,15,8,4,37,37,54,30,30,28,28,28,9,9,40,40,48,33,56,29,28,56,38,52,45,53,18,18,18,0,0],"gold":55,"neow_bonus":"UPGRADE_CARD","is_daily":false,"chose_seed":false,"campfire_upgraded":2,"win_rate":0.0,"timestamp":1613074849,"path_taken":["M","?","?","?","?","R","M","M","T","E","R","COS","M","M","R","BOSS","M","?","?","?","?","E","$","R","T","E","M","R","E","M","R","BOSS","M","?","M","COS","?","E"],"items_purchased_type":["Card","Card","Card"],"build_version":"2020-12-22","purchased_purges":1,"victory":false,"max_hp_per_floor":[60,60,60,60,60,60,60,60,60,60,60,60,60,60,60,60,60,60,60,60,56,56,56,56,56,56,56,56,56,56,56,56,56,56,56,56,56,56,56,56,56],"card_choices":[{"not_picked":["Unruled","ShatteredReality"],"picked":"Contraction","floor":1.0},{"not_picked":["Spin","TimeWarp"],"picked":"Defy","floor":4.0},{"not_picked":["DualDimension","Desolation"],"picked":"Duplication","floor":7.0},{"not_picked":["Rearm","BestPractice"],"picked":"RealityMarble","floor":8.0},{"not_picked":["FastForward","Snipe"],"picked":"SilverBlades","floor":10.0},{"not_picked":["Unruled","Foresight"],"picked":"Moonlight","floor":13.0},{"not_picked":["DoubleEdge","Alleviate"],"picked":"Hightail","floor":14.0},{"not_picked":["Duplication","FloweringNight"],"picked":"PendulumOfEternity","floor":16},{"not_picked":["TimeTheft","Starlight"],"picked":"SpecialFormula+1","floor":18},{"not_picked":["Shuttle+1","MoonPhase","FanOfKnives"],"picked":"SKIP","floor":20},{"not_picked":["ShatteredReality","InstantArmor"],"picked":"BestPractice","floor":23},{"not_picked":["Reset","Revamp","Comet"],"picked":"SKIP","floor":27},{"not_picked":["Starlight","Manipulate","DoubleEdge"],"picked":"SKIP","floor":28},{"not_picked":["Moondial","Contraction"],"picked":"FanOfKnives","floor":30},{"not_picked":["Rewind","Hightail"],"picked":"Replace","floor":31},{"not_picked":["LightFlow","Dilation"],"picked":"SoulSculpture","floor":33},{"not_picked":["ShatteredReality","Alleviate"],"picked":"SilverBlades+1","floor":35},{"not_picked":["Unruled","Desolation+1"],"picked":"SilverBlades+1","floor":36},{"not_picked":["Alleviate","Spin"],"picked":"BottledTime","floor":37}],"player_experience":344154,"relics_obtained":[{"floor":3.0,"key":"Mercury Hourglass"},{"floor":9.0,"key":"HornCleat"},{"floor":10.0,"key":"Regal Pillow"},{"floor":23,"key":"Gremlin Horn"},{"floor":26,"key":"Lantern"},{"floor":27,"key":"Dead Branch"},{"floor":30,"key":"CaptainsWheel"}],"event_choices":[],"is_beta":false,"boss_relics":[{"not_picked":["SacredBark","Calling Bell"],"picked":"Fusion Hammer"},{"not_picked":["Snecko Eye","Pandora\u0027s Box"],"picked":"Sozu"}],"items_purged_floors":[24],"is_endless":false,"potions_floor_spawned":[7,14,16,20,28,35,37],"killed_by":"Gensokyo:Kasen","ascension_level":20}}