{"host":"yans4pr1zf0lm9bx","time":1613012987,"event":{"mods":["AchievementEnabler","BaseMod","Minty Spire (QoL Compilation)","Replay The Spire","StSLib","SuperFastMode","slay the spire mod where everything is the same but ironclad has a cowboy hat"],"gold_per_floor":[17,17,117,130,55,90,101,101,128,157,14,14,42,53,53,150,250,263,263,263,263,275,275,291,321,321,355,355,355,383,402,412,337,337,337,337],"floor_reached":35,"language":"ENG","playtime":1114,"items_purged":["Strike_R"],"score":400,"play_id":"a25cf430-b090-49c9-a9a4-cba40e6359ea","local_time":"20210210220947","is_ascension_mode":true,"campfire_choices":[{"data":"Immolate","floor":8,"key":"SMITH"},{"data":"Bludgeon","floor":15,"key":"SMITH"},{"data":"Pot Of Greed","floor":26,"key":"SMITH"},{"floor":29,"key":"RECALL"},{"data":"Defend_R","floor":34,"key":"PURGE"}],"circlet_count":0,"master_deck":["Defend_R+1","Defend_R","Bash","Immolate+1","Battle Trance+1","ReplayTheSpireMod:Strike From Hell","Metallicize","Bludgeon+1","Blood for Blood","Havoc+1","Pot Of Greed","Pot Of Greed+1","Metallicize"],"relics":["Burning Blood","ReplayTheSpireMod:Lightbulb","Bag of Marbles","ReplayTheSpireMod:Shallot","War Paint","Tiny Chest","Replay:Grab Bag","Replay:Wanted Poster","Velvet Choker","Empty Cage","Vajra","Grinning Jar","The Courier","Prayer Wheel","ReplayTheSpireMod:TigerMarble"],"acts_visited":["Exordium","TheCity"],"potions_floor_usage":[25,25,27,35],"damage_taken":[{"damage":0,"enemies":"2 Louse","floor":1,"turns":1},{"damage":1,"enemies":"Cultist","floor":4,"turns":3},{"damage":10,"enemies":"3 Sentries","floor":6,"turns":3},{"damage":0,"enemies":"Jaw Worm","floor":7,"turns":4},{"damage":29,"enemies":"Gremlin Nob","floor":10,"turns":4},{"damage":25,"enemies":"Lagavulin","floor":13,"turns":6},{"damage":0,"enemies":"Lots of Slimes","floor":14,"turns":1},{"damage":18,"enemies":"Slime Boss","floor":16,"turns":6},{"damage":8,"enemies":"3 Byrds","floor":18,"turns":3},{"damage":0,"enemies":"2 Thieves","floor":22,"turns":3},{"damage":0,"enemies":"Cultist and Chosen","floor":24,"turns":4},{"damage":27,"enemies":"Book of Stabbing","floor":25,"turns":6},{"damage":17,"enemies":"Slavers","floor":27,"turns":4},{"damage":18,"enemies":"Gremlin Leader","floor":30,"turns":5},{"damage":5,"enemies":"Snake Plant","floor":31,"turns":3},{"damage":0,"enemies":"Centurion and Healer","floor":32,"turns":3},{"damage":60,"enemies":"Champ","floor":35,"turns":9}],"seed_played":"-3395125198418277688","potions_obtained":[{"floor":10,"key":"ColorlessPotion"},{"floor":16,"key":"Weak Potion"},{"floor":18,"key":"Toxic Potion"},{"floor":24,"key":"SkillPotion"},{"floor":25,"key":"BloodPotion"}],"is_trial":false,"path_per_floor":["M","?","?","M","$","E","M","R","T","E","$","?","E","M","R","B",null,"M","?","PTL","PTL","M","T","M","E","R","E","T","R","E","M","M","?","R","B"],"character_chosen":"IRONCLAD","items_purchased":["War Paint"],"campfire_rested":0,"item_purchase_floors":[11],"current_hp_per_floor":[80,73,73,78,78,74,80,80,80,57,57,57,38,44,44,32,80,78,78,78,78,80,80,80,59,59,48,48,48,36,37,43,43,43,0,0],"gold":337,"neow_bonus":"THREE_RARE_CARDS","is_daily":false,"chose_seed":false,"campfire_upgraded":3,"win_rate":0.0,"timestamp":1613012987,"path_taken":["M","?","?","?","$","E","M","R","T","E","?","?","E","?","R","BOSS","M","?","PTL","PTL","?","?","M","E","R","E","T","R","E","M","M","?","R","BOSS"],"items_purchased_type":["Relic"],"build_version":"2020-12-22","purchased_purges":1,"victory":false,"max_hp_per_floor":[80,80,80,80,80,80,80,80,80,80,80,80,80,80,80,80,80,80,80,80,80,80,80,80,80,80,80,80,80,80,80,80,80,80,80,80],"card_choices":[{"not_picked":["Hemogenesis","Limit Break"],"picked":"Immolate","floor":0},{"not_picked":["Twin Strike","Sword Boomerang"],"picked":"Battle Trance","floor":1},{"not_picked":["Sever Soul","Flex"],"picked":"ReplayTheSpireMod:Strike From Hell","floor":4},{"not_picked":["Thunderclap","Warcry"],"picked":"Metallicize","floor":6},{"not_picked":["Sword Boomerang","Replay:Undeath\u0027s Touch","Iron Wave"],"picked":"SKIP","floor":7},{"not_picked":["Warcry","Body Slam"],"picked":"Bludgeon","floor":10},{"not_picked":["Wild Strike","Pummel","Flex"],"picked":"SKIP","floor":13},{"not_picked":["Pummel","Cleave"],"picked":"Blood for Blood","floor":14},{"not_picked":["Replay:Undeath\u0027s Touch+1","Headbutt+1"],"picked":"Havoc+1","floor":18},{"not_picked":["Cleave","Run Through","Thunderclap"],"picked":"SKIP","floor":22},{"not_picked":["Cleave","Second Wind","Shrug It Off"],"picked":"SKIP","floor":24},{"not_picked":["ReplayTheSpireMod:Corrosion Curse","Reaper","Blood for Blood"],"picked":"SKIP","floor":25},{"not_picked":["Armaments+1","Warcry","Run Through"],"picked":"SKIP","floor":27},{"not_picked":["Whirlwind","Life Link","ReplayReversal+1"],"picked":"SKIP","floor":30},{"not_picked":["Warcry+1","Entrench"],"picked":"Metallicize","floor":31},{"not_picked":["Pummel","Headbutt+1","Shrug It Off"],"picked":"SKIP","floor":31},{"not_picked":["Anger","Thunderclap","Heavy Blade"],"picked":"SKIP","floor":32},{"not_picked":["ReplayTheSpireMod:Strike From Hell","Clash","Flex"],"picked":"SKIP","floor":32}],"player_experience":272657,"relics_obtained":[{"floor":6,"key":"ReplayTheSpireMod:Lightbulb"},{"floor":9,"key":"Bag of Marbles"},{"floor":10,"key":"ReplayTheSpireMod:Shallot"},{"floor":13,"key":"Tiny Chest"},{"floor":23,"key":"Grinning Jar"},{"floor":25,"key":"The Courier"},{"floor":27,"key":"Prayer Wheel"},{"floor":30,"key":"ReplayTheSpireMod:TigerMarble"}],"event_choices":[{"cards_removed":["Strike_R"],"damage_healed":0,"gold_gain":0,"player_choice":"Card Removal","damage_taken":7,"max_hp_gain":0,"max_hp_loss":0,"event_name":"Golden Wing","floor":2,"gold_loss":0},{"damage_healed":0,"gold_gain":100,"player_choice":"Pray","damage_taken":0,"max_hp_gain":0,"max_hp_loss":0,"event_name":"Golden Shrine","floor":3,"gold_loss":0},{"cards_removed":["Strike_R"],"damage_healed":0,"gold_gain":0,"player_choice":"Purged","damage_taken":0,"max_hp_gain":0,"max_hp_loss":0,"event_name":"Purifier","floor":12,"gold_loss":0},{"cards_removed":["Defend_R"],"damage_healed":0,"gold_gain":0,"player_choice":"Gave Gold","damage_taken":0,"max_hp_gain":0,"max_hp_loss":0,"event_name":"Beggar","floor":33,"gold_loss":75}],"is_beta":false,"boss_relics":[{"not_picked":["Coffee Dripper","Mark of Pain"],"picked":"Replay:Grab Bag"},{"not_picked":["Fusion Hammer","Electric Blood"],"picked":"Replay:Wanted Poster"},{"not_picked":["Abe\u0027s Treasure","Ectoplasm"],"picked":"Velvet Choker"},{"not_picked":["Runic Pyramid","Black Star"],"picked":"Empty Cage"}],"items_purged_floors":[5],"is_endless":false,"potions_floor_spawned":[10,16,18,24,25],"killed_by":"Champ","ascension_level":4}}