{"host":"njruw0b0uprlitpx","time":1613019249,"event":{"mods":["2.2 Compatiblity","Act Like it!","Aspiration","Bartender","BaseMod","Better Altar","Better Match","Better Note","Better Sensory Stone","Better Skull","Better Third Choice","BetterRewards","Block Reminder","Colored Map","Colored Powertips","Curses Come First","Energized Spire","Hallownest","Jedi Mod","Keyboard Shortcuts","Minty Spire (QoL Compilation)","Quick Restart","Rare Cards Sparkle","Relic Stats","Replay The Spire","SacredBarkPlus","Spicy Shops","StSLib","SuperFastMode","The Blackbeard"],"gold_per_floor":[111,124,134,150,150,150,181,181,208,251,266,302,21,41,41,130,130,154,177,7,7,20,64,76,88,123,175,206,251,263,296,308,418,430,463,54,85,418,418,418,418,432,432,449,474,474,69,69,69,69],"floor_reached":51,"language":"ENG","playtime":3119,"items_purged":["Defend_Bartender","Defend_Bartender","Strike_Bartender"],"score":2520,"play_id":"c7dea44f-b6cd-4142-b864-d80f7cd0def8","local_time":"20210210225408","is_ascension_mode":true,"campfire_choices":[{"data":"Dolphin_Blow","floor":6,"key":"SMITH"},{"data":"Momentum","floor":8,"key":"SMITH"},{"data":"Cold_Blooded","floor":15,"key":"SMITH"},{"data":"Breathe_Deep","floor":24,"key":"SMITH"},{"data":"Form_Shift","floor":30,"key":"SMITH"},{"data":"High_Tide","floor":32,"key":"SMITH"},{"data":"Form_Shift","floor":40,"key":"SMITH"},{"data":"Form_Shift","floor":46,"key":"SMITH"},{"data":"Power_Up_Punch","floor":49,"key":"SMITH"}],"circlet_count":0,"master_deck":["AscendersBane","Strike_Bartender","Strike_Bartender+1","Somersault","Perfect_Balance","Glare","Cold_Blooded+1","Power_Up_Punch+1","jedi:LeechingStrike","Momentum+1","Wall_of_Ice","Stick_and_Move+1","Dolphin_Blow+1","Snap_Punch","Vortex","Cross","Rope_A_Dope","Vortex","Rising_Crane","Breathe_Deep+1","Alacrity+1","blackbeard:BoostMorale+1","Ripple","High_Tide+1","Form_Shift+1","Bitters","Cold_Blooded","Scowl","Form_Shift+1","Form_Shift+1","Ball_Of_Ice","Blizzard_Spikes","Wall_of_Ice","Dancing_Jab+1","Ball_Of_Ice+1","Mirage","Dolphin_Blow+1","betterMatch:CurseCard","Snap_Punch"],"relics":["Sneakers","Lantern","Dead Branch","Quantum Egg","jedi:firstaidkit","Cleaning_Rag","aspiration:ChemicalBlood","Unceasing Top","Toy Ornithopter","aspiration:HatOfInfinitePower","jedi:fakemustache","jedi:paperlyon","Pondfish Scales","MawBank","jedi:crownofsimplicity","Onion Ring","Whetstone","Silver_Glasses","Bottled Lightning","Replay:PocketPolymizer","jedi:gremlinknob","jedi:shrinkray","Bag of Preparation","DollysMirror","ReplayTheSpireMod:CursedCoin"],"acts_visited":["Exordium","TheCity","TheBeyond"],"potions_floor_usage":[10,12,12,12,16,23,27,33,50,50],"damage_taken":[{"damage":10,"enemies":"Small Slimes","floor":1,"turns":3},{"damage":2,"enemies":"Jaw Worm","floor":2,"turns":2},{"damage":0,"enemies":"Cultist","floor":3,"turns":2},{"damage":4,"enemies":"2 Fungi Beasts","floor":4,"turns":2},{"damage":5,"enemies":"Lagavulin","floor":7,"turns":4},{"damage":12,"enemies":"Gremlin Nob","floor":10,"turns":2},{"damage":0,"enemies":"Large Slime","floor":11,"turns":4},{"damage":1,"enemies":"Replay:BlueRogue","floor":12,"turns":2},{"damage":5,"enemies":"3 Louse","floor":14,"turns":3},{"damage":0,"enemies":"Slime Boss","floor":16,"turns":4},{"damage":5,"enemies":"Shell Parasite","floor":18,"turns":3},{"damage":0,"enemies":"Chosen","floor":19,"turns":2},{"damage":13,"enemies":"Snake Plant","floor":22,"turns":2},{"damage":7,"enemies":"Slavers","floor":23,"turns":3},{"damage":0,"enemies":"Book of Stabbing","floor":27,"turns":2},{"damage":0,"enemies":"Centurion and Healer","floor":28,"turns":2},{"damage":0,"enemies":"Slavers","floor":29,"turns":2},{"damage":0,"enemies":"Snecko","floor":31,"turns":2},{"damage":0,"enemies":"Champ","floor":33,"turns":3},{"damage":0,"enemies":"Orb Walker","floor":35,"turns":1},{"damage":0,"enemies":"Mind Bloom Boss Battle","floor":37,"turns":2},{"damage":0,"enemies":"3 Darklings","floor":42,"turns":1},{"damage":0,"enemies":"Sphere and 2 Shapes","floor":44,"turns":2},{"damage":0,"enemies":"Nemesis","floor":45,"turns":1},{"damage":0,"enemies":"Donu and Deca","floor":50,"turns":1}],"seed_played":"3991186971689885164","potions_obtained":[{"floor":1,"key":"jedi:tentaclejuice"},{"floor":2,"key":"Death Potion"},{"floor":3,"key":"PowerPotion"},{"floor":10,"key":"EntropicBrew"},{"floor":12,"key":"Cursed Concoction"},{"floor":19,"key":"SpeedPotion"},{"floor":22,"key":"Swift Potion"},{"floor":23,"key":"SteroidPotion"},{"floor":27,"key":"EntropicBrew"},{"floor":33,"key":"Dexterity Potion"},{"floor":37,"key":"SmokeBomb"}],"is_trial":false,"path_per_floor":["M","M","M","M","?","R","E","R","T","E","M","E","$","M","R","B",null,"M","M","$","?","M","E","R","?","T","E","M","E","R","M","R","B",null,"M","$","?","?","?","R","?","M","T","M","E","R","$","?","R","B",null],"character_chosen":"BARTENDER","items_purchased":["Lantern","Perfect_Balance","Quantum Egg","Glare","Cold_Blooded","Power_Up_Punch","jedi:LeechingStrike","aspiration:HatOfInfinitePower","jedi:fakemustache","Vortex","Pondfish Scales","Form_Shift","Bottled Lightning","Bag of Preparation","DollysMirror","ReplayTheSpireMod:CursedCoin","PowerPotion"],"campfire_rested":0,"item_purchase_floors":[0,0,0,0,0,0,0,13,13,13,20,36,36,47,47,47,47],"current_hp_per_floor":[55,65,65,61,61,61,58,58,58,46,57,56,65,60,60,65,65,65,65,65,65,52,60,60,60,60,65,65,65,65,65,65,65,65,65,65,65,65,65,65,65,65,65,65,65,65,65,62,62,62],"gold":69,"neow_bonus":"","is_daily":false,"chose_seed":false,"campfire_upgraded":9,"win_rate":0.0,"timestamp":1613019248,"path_taken":["M","M","M","M","?","R","E","R","T","E","M","E","$","M","R","BOSS","M","M","$","?","M","E","R","?","T","E","M","E","R","M","R","BOSS","M","$","?","?","?","R","?","?","T","M","E","R","$","?","R","BOSS"],"items_purchased_type":["Relic","Card","Relic","Card","Card","Card","Card","Relic","Relic","Card","Relic","Card","Relic","Relic","Relic","Relic","Potion"],"build_version":"2020-12-22","purchased_purges":3,"victory":true,"max_hp_per_floor":[65,65,65,65,65,65,65,65,65,65,65,65,65,65,65,65,65,65,65,65,65,65,65,65,65,65,65,65,65,65,65,65,65,65,65,65,65,65,65,65,65,65,65,65,65,65,65,62,62,62],"relic_stats":{"counters":[97,299],"Dead Branch":[153],"Bag of Preparation":[2],"Whetstone":["Stick_and_Move","Strike_Bartender"],"MawBank":156,"obtain_stats":[{"Tiny House":34,"Calipers":41,"Whetstone":29,"jedi:shrinkray":45,"Blood Vial":29,"Replay:Ringing Soul":26,"HornCleat":38,"jedi:firstaidkit":5,"jedi:paperlyon":17,"DollysMirror":47,"Philosopher\u0027s Stone":17,"Toxic Egg 2":5,"Girya":0,"aspiration:StickyExplosives":7,"Sneakers":0,"aspiration:Nostalgia":11,"ReplayTheSpireMod:CursedCoin":12,"Replay:Grab Bag":17,"Dead Branch":0,"Oddly Smooth Stone":13,"aspiration:SeaSaltIceCream":45,"OrangePellets":0,"jedi:heavyjacket":0,"jedi:hotpepper":17,"Onion Ring":27,"ReplayTheSpireMod:TigerMarble":24,"Kintsugi":34,"aspiration:HatOfInfinitePower":0,"ReplayTheSpireMod:DimensionalGlitch":34,"Mirror":39,"Unceasing Top":10,"aspiration:Lifesprig":0,"Regal Pillow":25,"Lantern":0,"Replay:PocketPolymizer":37,"Piano_Music":25,"Mango":29,"Blue Doll":9,"GremlinMask":19,"Sizzling Blood":11,"Replay:Multitool":0,"Bag of Preparation":47,"Cursed Key":17,"White_Cape":20,"Power_Wrist":0,"Hallownest:GodTamersBeastRelic":38,"Pet Ghost":43,"Cleaning_Rag":26,"Replay:Rubber Ducky":45,"ClockworkSouvenir":45,"Silver_Glasses":34,"Chameleon Ring":11,"Replay:Bottled Snecko":26,"aspiration:ChemicalBlood":9,"Potion Belt":12,"BargainBundle":0,"Golden Idol":5,"Guide Book":45,"Quantum Egg":0,"Circlet":45,"jedi:gremlinknob":43,"Omamori":21,"jedi:crownofsimplicity":26,"Orichalcum":8,"Frozen Egg 2":9,"MawBank":23,"jedi:fakemustache":13,"Anchor":23,"CaptainsWheel":48,"Pondfish Scales":20,"jedi:kaleidoscope":37,"jedi:ominousloannote":5,"Orrery":8,"Bag of Marbles":48,"Garlic":20,"Membership Card":0,"Gem_Box":17,"Bottled Lightning":36,"PureWater":44,"jedi:arcanewood":28,"Toy Ornithopter":12,"ReplayTheSpireMod:ShopPack":5},{"Tiny House":36,"Calipers":39,"Whetstone":89,"jedi:shrinkray":69,"Blood Vial":35,"Replay:Ringing Soul":13,"HornCleat":38,"jedi:firstaidkit":3,"jedi:paperlyon":82,"DollysMirror":96,"Philosopher\u0027s Stone":51,"Toxic Egg 2":46,"Girya":44,"aspiration:StickyExplosives":25,"Sneakers":0,"aspiration:Nostalgia":6,"ReplayTheSpireMod:CursedCoin":6,"Replay:Grab Bag":51,"Dead Branch":72,"Oddly Smooth Stone":29,"aspiration:SeaSaltIceCream":69,"OrangePellets":21,"jedi:heavyjacket":44,"jedi:hotpepper":51,"Onion Ring":87,"ReplayTheSpireMod:TigerMarble":34,"Kintsugi":59,"aspiration:HatOfInfinitePower":0,"ReplayTheSpireMod:DimensionalGlitch":17,"Mirror":38,"Unceasing Top":78,"aspiration:Lifesprig":21,"Regal Pillow":56,"Lantern":72,"Replay:PocketPolymizer":93,"Piano_Music":34,"Mango":15,"Blue Doll":25,"GremlinMask":32,"Sizzling Blood":6,"Replay:Multitool":21,"Bag of Preparation":96,"Cursed Key":9,"White_Cape":32,"Power_Wrist":44,"Hallownest:GodTamersBeastRelic":65,"Pet Ghost":68,"Cleaning_Rag":56,"Replay:Rubber Ducky":69,"ClockworkSouvenir":69,"Silver_Glasses":91,"Chameleon Ring":27,"Replay:Bottled Snecko":34,"aspiration:ChemicalBlood":77,"Potion Belt":6,"BargainBundle":44,"Golden Idol":76,"Guide Book":69,"Quantum Egg":72,"Circlet":69,"jedi:gremlinknob":94,"Omamori":53,"jedi:crownofsimplicity":86,"Orichalcum":5,"Frozen Egg 2":5,"MawBank":86,"jedi:fakemustache":80,"Anchor":55,"CaptainsWheel":71,"Pondfish Scales":84,"jedi:kaleidoscope":38,"jedi:ominousloannote":3,"Orrery":25,"Bag of Marbles":43,"Garlic":53,"Membership Card":44,"Gem_Box":51,"Bottled Lightning":92,"PureWater":69,"jedi:arcanewood":34,"Toy Ornithopter":80,"ReplayTheSpireMod:ShopPack":3},{"Tiny House":113,"Calipers":124,"Whetstone":286,"jedi:shrinkray":233,"Blood Vial":108,"Replay:Ringing Soul":34,"HornCleat":121,"jedi:firstaidkit":6,"jedi:paperlyon":270,"DollysMirror":298,"Philosopher\u0027s Stone":170,"Toxic Egg 2":146,"Girya":140,"aspiration:StickyExplosives":67,"Sneakers":0,"aspiration:Nostalgia":14,"ReplayTheSpireMod:CursedCoin":14,"Replay:Grab Bag":170,"Dead Branch":242,"Oddly Smooth Stone":83,"aspiration:SeaSaltIceCream":233,"OrangePellets":57,"jedi:heavyjacket":140,"jedi:hotpepper":170,"Onion Ring":282,"ReplayTheSpireMod:TigerMarble":105,"Kintsugi":204,"aspiration:HatOfInfinitePower":0,"ReplayTheSpireMod:DimensionalGlitch":46,"Mirror":121,"Unceasing Top":257,"aspiration:Lifesprig":57,"Regal Pillow":193,"Lantern":242,"Replay:PocketPolymizer":294,"Piano_Music":105,"Mango":40,"Blue Doll":67,"GremlinMask":97,"Sizzling Blood":14,"Replay:Multitool":57,"Bag of Preparation":298,"Cursed Key":21,"White_Cape":97,"Power_Wrist":140,"Hallownest:GodTamersBeastRelic":222,"Pet Ghost":230,"Cleaning_Rag":193,"Replay:Rubber Ducky":233,"ClockworkSouvenir":233,"Silver_Glasses":291,"Chameleon Ring":76,"Replay:Bottled Snecko":105,"aspiration:ChemicalBlood":255,"Potion Belt":14,"BargainBundle":140,"Golden Idol":251,"Guide Book":233,"Quantum Egg":242,"Circlet":233,"jedi:gremlinknob":295,"Omamori":179,"jedi:crownofsimplicity":280,"Orichalcum":11,"Frozen Egg 2":11,"MawBank":280,"jedi:fakemustache":263,"Anchor":186,"CaptainsWheel":238,"Pondfish Scales":275,"jedi:kaleidoscope":121,"jedi:ominousloannote":6,"Orrery":67,"Bag of Marbles":134,"Garlic":179,"Membership Card":140,"Gem_Box":170,"Bottled Lightning":292,"PureWater":233,"jedi:arcanewood":105,"Toy Ornithopter":263,"ReplayTheSpireMod:ShopPack":6}],"Unceasing Top":[0],"Toy Ornithopter":15},"card_choices":[{"not_picked":["Bitters","Training_Dummy"],"picked":"Momentum","floor":1},{"not_picked":["Foot_Thrust","Sucker_Punch"],"picked":"Wall_of_Ice","floor":2},{"not_picked":["Foot_Thrust","Coeurl_Form"],"picked":"Stick_and_Move","floor":3},{"not_picked":["Power_Up_Punch","Dragonkick"],"picked":"Dolphin_Blow","floor":4},{"not_picked":["Scoop","Center_Self"],"picked":"Snap_Punch","floor":7},{"not_picked":["Alacrity","Storage"],"picked":"Vortex","floor":10},{"not_picked":["Dragonkick","Dancing_Jab"],"picked":"Cross","floor":11},{"not_picked":["Bitters","Stick_and_Move"],"picked":"Rope_A_Dope","floor":12},{"not_picked":["With_A_Twist","Coeurl_Form"],"picked":"Rising_Crane","floor":14},{"not_picked":["Beat_Rush","Dolphin_Blow"],"picked":"Breathe_Deep","floor":16},{"not_picked":["Free_Pour","Insight_B"],"picked":"Alacrity","floor":18},{"not_picked":["Fight_Dirty","Scoop","Fading_Blow"],"picked":"SKIP","floor":19},{"not_picked":["Cross","Step_Of_The_Wind"],"picked":"Ripple","floor":22},{"not_picked":["Coeurl_Form","Greased_Lightning"],"picked":"High_Tide","floor":23},{"not_picked":["Foot_Thrust","Insight_B"],"picked":"Form_Shift","floor":27},{"not_picked":["Free_Pour","Cross","Fading_Blow+1"],"picked":"SKIP","floor":28},{"not_picked":["Spirits_Within","Snap_Punch"],"picked":"Bitters","floor":29},{"not_picked":["Free_Pour","Fight_Dirty","Stick_and_Move"],"picked":"SKIP","floor":31},{"not_picked":["Free_Pour","Fight_Dirty","Stick_and_Move"],"picked":"SKIP","floor":31},{"not_picked":["Butterfly_Float","Breathe_Deep"],"picked":"Cold_Blooded","floor":33},{"not_picked":["Feint","Center_Self+1"],"picked":"Scowl","floor":35},{"not_picked":["Feint","Tornado_Kick"],"picked":"Ball_Of_Ice","floor":37},{"not_picked":["Cross+1","Feint"],"picked":"Wall_of_Ice","floor":42},{"not_picked":["On_The_House","Greased_Lightning"],"picked":"Dancing_Jab+1","floor":44},{"not_picked":["Scowl","Butterfly_Float"],"picked":"Ball_Of_Ice+1","floor":45}],"player_experience":1205131,"relics_obtained":[{"floor":7,"key":"Cleaning_Rag"},{"floor":9,"key":"aspiration:ChemicalBlood"},{"floor":10,"key":"Unceasing Top"},{"floor":12,"key":"Toy Ornithopter"},{"floor":23,"key":"MawBank"},{"floor":26,"key":"jedi:crownofsimplicity"},{"floor":27,"key":"Onion Ring"},{"floor":29,"key":"Whetstone"},{"floor":37,"key":"Replay:PocketPolymizer"},{"floor":43,"key":"jedi:gremlinknob"},{"floor":45,"key":"jedi:shrinkray"}],"event_choices":[{"damage_healed":0,"gold_gain":0,"player_choice":"Take Wound","damage_taken":0,"relics_obtained":["Golden Idol"],"max_hp_gain":0,"max_hp_loss":0,"event_name":"Golden Idol","floor":5,"gold_loss":0,"cards_obtained":["Injury"]},{"cards_removed":["Alacrity"],"damage_healed":0,"gold_gain":0,"player_choice":"Take \u0026 Give","damage_taken":0,"max_hp_gain":0,"max_hp_loss":0,"event_name":"betterNote:BetterNote","floor":21,"gold_loss":0,"cards_obtained":["blackbeard:BoostMorale"]},{"damage_healed":0,"gold_gain":0,"player_choice":"Forge","damage_taken":0,"max_hp_gain":0,"max_hp_loss":0,"event_name":"Accursed Blacksmith","floor":25,"gold_loss":0,"cards_upgraded":["Alacrity"]},{"damage_healed":0,"gold_gain":0,"player_choice":"Fight","damage_taken":0,"max_hp_gain":0,"max_hp_loss":0,"event_name":"MindBloom","floor":37,"gold_loss":0},{"damage_healed":0,"gold_gain":333,"player_choice":"Gave Idol","damage_taken":0,"max_hp_gain":0,"max_hp_loss":0,"event_name":"The Moai Head","floor":38,"relics_lost":["Golden Idol"],"gold_loss":0},{"cards_removed":["Injury"],"damage_healed":0,"gold_gain":0,"player_choice":"Removed Curses","damage_taken":0,"max_hp_gain":0,"max_hp_loss":0,"event_name":"Fountain of Cleansing","floor":41,"gold_loss":0},{"damage_healed":0,"gold_gain":0,"player_choice":"Max HP","damage_taken":0,"max_hp_gain":0,"max_hp_loss":3,"event_name":"Winding Halls","floor":48,"gold_loss":0}],"is_beta":false,"boss_relics":[{"not_picked":["energizedSpire:StickyHand","ChewingGum"],"picked":"jedi:paperlyon"},{"not_picked":["Replay:Drink Me","Replay:Ancient Bell"],"picked":"Silver_Glasses"}],"items_purged_floors":[0,0,47],"is_endless":false,"potions_floor_spawned":[1,2,3,10,12,19,23,27,28,33,37,42,44],"ascension_level":19}}