{"host":"mxr7fl53uuvtjusr","time":1613057780,"event":{"mods":["2.2 Compatiblity","AchievementEnabler","Act Like it!","BaseMod","Bestiary","BetterRewards","Block Reminder","Colored Map","Colored Powertips","Downfall","Highlight Path","Minty Spire (QoL Compilation)","Permanent Neow","Quick Restart","Rare Cards Sparkle","StSLib"],"gold_per_floor":[99,109,109,126,138,38,38,64,64,86,115,141,141,55,82,186,186,186,207,207,207,220,220,220,239,268,281,292,192,218,236,255,255,255,255],"floor_reached":33,"language":"ENG","playtime":2205,"items_purged":[],"score":290,"play_id":"d8188f8a-0631-4230-9d9d-ee2c6e8c53c6","local_time":"20210211073620","is_ascension_mode":false,"campfire_choices":[{"floor":1,"key":"RECALL"},{"data":"hexamod:SoulSteal","floor":6,"key":"SMITH"},{"floor":9,"key":"REST"},{"floor":13,"key":"REST"},{"data":"hexamod:UnlimitedPower","floor":18,"key":"SMITH"},{"data":"hexamod:FastForward","floor":23,"key":"SMITH"},{"floor":29,"key":"REST"}],"circlet_count":0,"master_deck":["hexamod:Strike","hexamod:Strike","hexamod:Strike","hexamod:Strike","hexamod:Defend","hexamod:Defend+1","hexamod:Defend","hexamod:Defend","hexamod:Sear","hexamod:Float+1","hexamod:SoulSteal+1","hexamod:ThirdSeal","hexamod:SpectersWail+1","hexamod:HeatCrush","hexamod:GhostOfSpireFuture","hexamod:SecondSeal","hexamod:NightmareGuise+1","hexamod:HeatShield","hexamod:HeatMetal+1","hexamod:FastForward+1","hexamod:HauntingEcho","hexamod:SpectersWail","hexamod:GhostShield","hexamod:GhostflameBarrier","hexamod:ForkedFlame+1","hexamod:BurningTouch","hexamod:SixthSeal","hexamod:UnlimitedPower+1","hexamod:Firestarter+1","hexamod:StepThrough+1","hexamod:StepThrough","hexamod:Rewind","hexamod:DynamicBlow","hexamod:FifthSeal","hexamod:Hexaguard+1","hexamod:InspiringFlames+1","hexamod:FourthSeal"],"relics":["hexamod:SpiritBrand","downfall:HeartBlessingRed","Eternal Feather","Odd Mushroom","hexamod:IceCube","Centennial Puzzle","Oddly Smooth Stone","downfall:HeartBlessingGreen"],"acts_visited":["Exordium","TheCity"],"potions_floor_usage":[8,26,26,26,26,27,28,30,32,32],"damage_taken":[{"damage":17,"enemies":"Small Slimes","floor":2,"turns":3},{"damage":1,"enemies":"Cultist","floor":4,"turns":3},{"damage":2,"enemies":"2 Louse","floor":5,"turns":2},{"damage":25,"enemies":"Exordium Thugs","floor":8,"turns":4},{"damage":0,"enemies":"2 Fungi Beasts","floor":10,"turns":3},{"damage":27,"enemies":"The Mushroom Lair","floor":11,"turns":5},{"damage":12,"enemies":"Exordium Wildlife","floor":12,"turns":3},{"damage":1,"enemies":"downfall:FleeingMerchant","floor":14,"turns":4},{"damage":6,"enemies":"Lots of Slimes","floor":15,"turns":4},{"damage":14,"enemies":"IC_STATUS_ARCHETYPE","floor":16,"turns":7},{"damage":20,"enemies":"Shell Parasite","floor":19,"turns":6},{"damage":1,"enemies":"Spheric Guardian","floor":22,"turns":3},{"damage":15,"enemies":"Centurion and Healer","floor":25,"turns":8},{"damage":28,"enemies":"Gremlin Leader","floor":26,"turns":5},{"damage":3,"enemies":"Snecko","floor":27,"turns":4},{"damage":3,"enemies":"Snake Plant","floor":28,"turns":2},{"damage":25,"enemies":"Shelled Parasite and Fungi","floor":30,"turns":4},{"damage":12,"enemies":"Centurion and Healer","floor":31,"turns":6},{"damage":14,"enemies":"Snecko","floor":32,"turns":6},{"damage":16,"enemies":"DF_ARCHETYPE_CLAW","floor":33,"turns":3}],"seed_played":"1323302172771229259","potions_obtained":[{"floor":2,"key":"champ:CounterPotion"},{"floor":8,"key":"BlessingOfTheForge"},{"floor":12,"key":"Weak Potion"},{"floor":15,"key":"EntropicBrew"},{"floor":19,"key":"hexamod:SoulburnPotion"},{"floor":26,"key":"LiquidBronze"},{"floor":27,"key":"SkillPotion"},{"floor":28,"key":"GamblersBrew"},{"floor":30,"key":"hexamod:EctoCoolerPotion"}],"is_trial":false,"path_per_floor":["R","M","?","M","M","R","T","M","R","M","?","M","R","$","M","B",null,"R","M","?","?","M","R","T","M","E","M","M","R","M","M","M","B"],"character_chosen":"THE_SPIRIT","items_purchased":["hexamod:ForkedFlame"],"campfire_rested":3,"item_purchase_floors":[14],"current_hp_per_floor":[70,53,53,52,50,50,50,25,55,55,28,16,49,48,42,28,70,70,50,50,50,49,67,67,52,24,21,18,60,35,23,9,0,0,0],"gold":255,"neow_bonus":"THREE_CARDS","is_daily":false,"chose_seed":false,"campfire_upgraded":3,"win_rate":0.0,"timestamp":1613057780,"path_taken":["R","M","?","M","M","R","T","?","R","M","?","M","R","?","M","BOSS","R","M","?","?","?","R","T","M","E","M","M","R","M","M","M","BOSS"],"items_purchased_type":["Card"],"build_version":"2020-12-22","purchased_purges":0,"victory":false,"max_hp_per_floor":[70,70,70,70,70,70,70,70,70,70,70,70,70,70,70,70,70,70,70,70,70,70,70,70,70,70,70,70,70,70,70,70,70,70,70],"card_choices":[{"not_picked":["hexamod:SkipABeat","hexamod:HeatMetal"],"picked":"hexamod:SoulSteal","floor":0},{"not_picked":["hexamod:EmpoweredFlame","hexamod:Hexaguard"],"picked":"hexamod:ThirdSeal","floor":2},{"not_picked":["hexamod:Again","hexamod:Hexaguard"],"picked":"hexamod:SpectersWail","floor":4},{"not_picked":["hexamod:Incineration","hexamod:GhostLash"],"picked":"hexamod:HeatCrush","floor":4},{"not_picked":["hexamod:GhostOfSpirePast","hexamod:RecurringNightmare"],"picked":"hexamod:GhostOfSpireFuture","floor":5},{"not_picked":["hexamod:NightmareStrike","hexamod:CatchUp"],"picked":"hexamod:SecondSeal","floor":5},{"not_picked":["hexamod:ShieldOfDarkness","hexamod:Incineration"],"picked":"hexamod:NightmareGuise","floor":8},{"not_picked":["hexamod:ExtraCrispy","hexamod:SecondSeal"],"picked":"hexamod:HeatShield","floor":8},{"not_picked":["hexamod:HeatShield","hexamod:ExtraCrispy"],"picked":"hexamod:HeatMetal","floor":10},{"not_picked":["hexamod:ThermalTransfer","hexamod:InspiringFlames"],"picked":"hexamod:FastForward","floor":11},{"not_picked":["hexamod:Firestarter","hexamod:RecurringNightmare"],"picked":"hexamod:HauntingEcho","floor":11},{"not_picked":["hexamod:GhostOfSpirePresent","hexamod:GhostLash"],"picked":"hexamod:SpectersWail","floor":12},{"not_picked":["hexamod:SecondSeal","hexamod:HeatMetal"],"picked":"hexamod:GhostShield","floor":12},{"not_picked":["hexamod:GhostShield","hexamod:ShieldOfDarkness"],"picked":"hexamod:GhostflameBarrier","floor":14},{"not_picked":["hexamod:HeatCrush","hexamod:Hexaguard"],"picked":"hexamod:BurningTouch","floor":15},{"not_picked":["hexamod:SearingWound","hexamod:VolcanoVisage"],"picked":"hexamod:SixthSeal","floor":16},{"not_picked":["hexamod:ParanormalForm","hexamod:SixthSeal"],"picked":"hexamod:UnlimitedPower","floor":16},{"not_picked":["hexamod:HeatCrush","hexamod:Hexaguard"],"picked":"hexamod:Firestarter+1","floor":19},{"not_picked":["hexamod:Haunt","hexamod:SpectersWail"],"picked":"hexamod:StepThrough","floor":19},{"not_picked":["hexamod:ThirdSeal","hexamod:PhantomCloak"],"picked":"hexamod:StepThrough","floor":22},{"not_picked":["hexamod:RetreatToShadows","hexamod:InspiringFlames"],"picked":"hexamod:Rewind","floor":25},{"not_picked":["hexamod:HeatCrush","hexamod:EmpoweredFlame+1"],"picked":"hexamod:DynamicBlow","floor":25},{"not_picked":["hexamod:BacktrackSmack","hexamod:StepThrough"],"picked":"hexamod:FifthSeal","floor":26},{"not_picked":["hexamod:BacktrackSmack","hexamod:AdvancingGuard"],"picked":"hexamod:Hexaguard+1","floor":26},{"not_picked":["hexamod:ThermalTransfer","hexamod:InspiringFlames","hexamod:GhostShield+1"],"picked":"SKIP","floor":27},{"not_picked":["hexamod:BurningTouch","hexamod:EtherealExpedition","hexamod:HeatShield"],"picked":"SKIP","floor":27},{"not_picked":["hexamod:SpectersWail","hexamod:Hexaguard","hexamod:InspiringFlames"],"picked":"SKIP","floor":28},{"not_picked":["hexamod:SpectralAdrenaline","hexamod:AdvancingGuard","hexamod:Hexaguard"],"picked":"SKIP","floor":30},{"not_picked":["hexamod:NecessarySacrifice","hexamod:ShieldOfDarkness+1"],"picked":"hexamod:InspiringFlames+1","floor":31},{"not_picked":["hexamod:ThirdSeal","hexamod:SecondSeal"],"picked":"hexamod:FourthSeal","floor":32},{"not_picked":["hexamod:BacktrackSmack","hexamod:BurningTouch","hexamod:SpectralAdrenaline"],"picked":"SKIP","floor":32},{"not_picked":["hexamod:Firestarter+1","hexamod:Incineration","hexamod:UnleashSpirits"],"picked":"SKIP","floor":32}],"player_experience":236362,"relics_obtained":[{"floor":7,"key":"Eternal Feather"},{"floor":11,"key":"Odd Mushroom"},{"floor":24,"key":"Centennial Puzzle"},{"floor":26,"key":"Oddly Smooth Stone"}],"event_choices":[{"damage_healed":0,"gold_gain":0,"player_choice":"Fought Mushrooms","damage_taken":0,"max_hp_gain":0,"max_hp_loss":0,"event_name":"Mushrooms","floor":11,"gold_loss":0}],"is_beta":false,"boss_relics":[{"not_picked":["Black Star","Astrolabe"],"picked":"hexamod:IceCube"}],"items_purged_floors":[],"is_endless":false,"potions_floor_spawned":[2,8,12,15,19,26,27,28,30],"killed_by":"DF_ARCHETYPE_CLAW","ascension_level":0}}