{"host":"vt6dr1xq3iy14a3e","time":1613054968,"event":{"mods":["AchievementEnabler","BaseMod","Colored Map","DeckTracker","Minty Spire (QoL Compilation)","Replay The Spire","StSLib","SuperFastMode"],"gold_per_floor":[109,1,11,11,22,22,22,22,102,102,119,148,164,213,213,213,213],"floor_reached":16,"language":"KOR","playtime":499,"items_purged":["Strike_G"],"score":150,"play_id":"6c2abd9b-0ea5-471c-87ba-df93f4a36739","local_time":"20210211234928","is_ascension_mode":true,"campfire_choices":[{"data":"Noxious Fumes","floor":6,"key":"SMITH"},{"data":"Neutralize","floor":8,"key":"SMITH"},{"data":"Prepared","floor":10,"key":"SMITH"},{"floor":15,"key":"DIG"}],"circlet_count":0,"master_deck":["AscendersBane","Strike_G","Strike_G","Strike_G","Strike_G","Defend_G","Defend_G","Defend_G","Defend_G","Defend_G","Survivor","Neutralize+1","All Out Attack","Quick Slash","Quick Slash","Prepared+1","Noxious Fumes+1","Backflip","Escape Plan"],"relics":["Ring of the Snake","NeowsBlessing","Paper Crane","Replay:WaspNest","Replay:Rubber Ducky","Potion Belt","Regal Pillow"],"acts_visited":["Exordium"],"potions_floor_usage":[12,12,16],"damage_taken":[{"damage":0,"enemies":"Cultist","floor":1,"turns":1},{"damage":0,"enemies":"Small Slimes","floor":3,"turns":1},{"damage":0,"enemies":"Jaw Worm","floor":5,"turns":1},{"damage":0,"enemies":"Large Slime","floor":11,"turns":6},{"damage":11,"enemies":"3 Sentries","floor":12,"turns":6},{"damage":0,"enemies":"3 Louse","floor":13,"turns":4},{"damage":50,"enemies":"Slime Boss","floor":16,"turns":5}],"seed_played":"4381714829699350118","potions_obtained":[{"floor":5,"key":"Weak Potion"},{"floor":11,"key":"Reflective Coating"},{"floor":12,"key":"ColorlessPotion"}],"is_trial":false,"path_per_floor":["M","$","M","$","M","R","?","R","T","R","M","E","M","T","R_BF","B"],"character_chosen":"THE_SILENT","items_purchased":["Quick Slash"],"campfire_rested":0,"item_purchase_floors":[2],"current_hp_per_floor":[63,63,63,63,63,63,51,51,51,51,51,40,40,40,40,0,0],"gold":213,"neow_bonus":"THREE_ENEMY_KILL","is_daily":false,"chose_seed":false,"campfire_upgraded":3,"win_rate":0.0,"timestamp":1613054968,"path_taken":["M","$","?","$","?","R","?","R","T","R","M","E","M","?","R_BF","BOSS"],"items_purchased_type":["Card"],"build_version":"2020-12-22","purchased_purges":1,"victory":false,"max_hp_per_floor":[70,70,70,70,70,70,70,70,70,70,70,70,70,70,70,70,70],"card_choices":[{"not_picked":["PiercingWail","Deflect"],"picked":"All Out Attack","floor":1},{"not_picked":["Sucker Punch","ReplayTheSpireMod:Exploit Weakness"],"picked":"Prepared","floor":3},{"not_picked":["Toxin Wave","Dagger Throw"],"picked":"Noxious Fumes","floor":5},{"not_picked":["Backstab","Accuracy"],"picked":"Backflip","floor":11},{"not_picked":["Setup","Phantasmal Killer","Sucker Punch"],"picked":"SKIP","floor":12},{"not_picked":["Underhanded Strike","Dash"],"picked":"Escape Plan","floor":13}],"player_experience":1060187,"relics_obtained":[{"floor":9,"key":"Replay:WaspNest"},{"floor":12,"key":"Replay:Rubber Ducky"},{"floor":14,"key":"Potion Belt"},{"floor":15,"key":"Regal Pillow"}],"event_choices":[{"damage_healed":0,"gold_gain":0,"player_choice":"Success","damage_taken":12,"relics_obtained":["Paper Crane"],"max_hp_gain":0,"max_hp_loss":0,"event_name":"Scrap Ooze","floor":7,"gold_loss":0}],"is_beta":false,"boss_relics":[],"items_purged_floors":[2],"is_endless":false,"potions_floor_spawned":[5,11,12],"killed_by":"Slime Boss","ascension_level":10}}