{"host":"i0avyit1s6jb1siw","time":1613045914,"event":{"mods":["BaseMod","DeckTracker","Dota2Spire","Highlight Path","Minty Spire (QoL Compilation)","Quick Restart","StSLib","SuperFastMode"],"gold_per_floor":[112,37,51,61,20,20,54,54,54,54,54,54,66,98,23,23,94,94,94,171,171,191,11,22,22,32,32,42,42,42,72,95,127,127,142,142,219,219,230,246,298,173,189,215,215,244,267,283,316,330,330,355,355,355,355,355,355,355,53,84,84],"floor_reached":62,"language":"ENG","playtime":1842,"items_purged":["Strike_G","Defend_G","Terror+1","Storm of Steel+1"],"score":3686,"play_id":"d1b59ac1-d0fe-4faa-956d-fe063ecf3d09","local_time":"20210211131834","is_ascension_mode":true,"campfire_choices":[{"data":"Predator","floor":6,"key":"SMITH"},{"data":"Dagger Spray","floor":8,"key":"SMITH"},{"data":"Blade Dance","floor":12,"key":"SMITH"},{"data":"Terror","floor":16,"key":"SMITH"},{"floor":19,"key":"REST"},{"data":"Envenom","floor":27,"key":"SMITH"},{"data":"Noxious Fumes","floor":29,"key":"SMITH"},{"data":"Adrenaline","floor":34,"key":"SMITH"},{"floor":36,"key":"REST"},{"data":"Catalyst","floor":45,"key":"SMITH"},{"data":"Wraith Form v2","floor":51,"key":"SMITH"},{"floor":54,"key":"RECALL"},{"data":"Footwork","floor":58,"key":"SMITH"}],"circlet_count":0,"master_deck":["AscendersBane","Defend_G+1","Defend_G+1","Defend_G+1","Defend_G+1","Survivor","Neutralize","Poisoned Stab+1","Predator+1","Leg Sweep","Backstab+1","Dagger Spray+1","Blade Dance+1","Blur","Concentrate+1","Terror+1","Envenom+1","Noxious Fumes+1","PiercingWail","Backflip","Backflip","Adrenaline+1","Catalyst+1","Footwork","Flechettes","PiercingWail+1","Wraith Form v2+1","Acrobatics+1","Footwork+1","Leg Sweep+1","Blur","Caltrops"],"relics":["Ring of the Snake","Dota2Spire:EchoSabre","Darkstone Periapt","Mummified Hand","Omamori","Potion Belt","Astrolabe","Runic Pyramid","Pen Nib","Mercury Hourglass","Centennial Puzzle","Ornamental Fan","Dota2Spire:Bloodstone","Girya","Akabeko","Ancient Tea Set","Vajra","Whetstone","Dota2Spire:ShadowBlade"],"acts_visited":["Exordium","TheCity","TheBeyond","TheEnding"],"potions_floor_usage":[17,17,24,31,41,55,61,61,61],"damage_taken":[{"damage":9,"enemies":"Jaw Worm","floor":1,"turns":6},{"damage":1,"enemies":"Small Slimes","floor":3,"turns":3},{"damage":0,"enemies":"Cultist","floor":4,"turns":2},{"damage":6,"enemies":"Gremlin Nob","floor":7,"turns":3},{"damage":0,"enemies":"3 Louse","floor":13,"turns":1},{"damage":7,"enemies":"3 Sentries","floor":14,"turns":4},{"damage":10,"enemies":"The Guardian","floor":17,"turns":14},{"damage":11,"enemies":"The Guardian","floor":20,"turns":13},{"damage":6,"enemies":"3 Byrds","floor":22,"turns":3},{"damage":0,"enemies":"2 Thieves","floor":24,"turns":3},{"damage":3,"enemies":"Cultist and Chosen","floor":26,"turns":5},{"damage":0,"enemies":"Centurion and Healer","floor":28,"turns":4},{"damage":13,"enemies":"Slavers","floor":31,"turns":4},{"damage":5,"enemies":"Gremlin Leader","floor":33,"turns":3},{"damage":1,"enemies":"Chosen and Byrds","floor":35,"turns":4},{"damage":0,"enemies":"Collector","floor":37,"turns":6},{"damage":10,"enemies":"3 Shapes","floor":39,"turns":4},{"damage":0,"enemies":"3 Darklings","floor":40,"turns":4},{"damage":21,"enemies":"2 Orb Walkers","floor":41,"turns":4},{"damage":0,"enemies":"Spire Growth","floor":43,"turns":2},{"damage":3,"enemies":"Giant Head","floor":44,"turns":8},{"damage":21,"enemies":"Reptomancer","floor":46,"turns":4},{"damage":9,"enemies":"Writhing Mass","floor":48,"turns":4},{"damage":0,"enemies":"Giant Head","floor":49,"turns":5},{"damage":0,"enemies":"Jaw Worm Horde","floor":50,"turns":3},{"damage":0,"enemies":"Nemesis","floor":52,"turns":3},{"damage":15,"enemies":"Time Eater","floor":55,"turns":11},{"damage":9,"enemies":"Donu and Deca","floor":56,"turns":9},{"damage":49,"enemies":"Shield and Spear","floor":60,"turns":8},{"damage":21,"enemies":"The Heart","floor":61,"turns":8}],"seed_played":"-1668244594891487859","potions_obtained":[{"floor":1,"key":"SpeedPotion"},{"floor":4,"key":"SpeedPotion"},{"floor":7,"key":"FearPotion"},{"floor":17,"key":"ColorlessPotion"},{"floor":20,"key":"Energy Potion"},{"floor":22,"key":"DistilledChaos"},{"floor":24,"key":"Dota2Spire:Clarity"},{"floor":40,"key":"Strength Potion"},{"floor":46,"key":"Poison Potion"},{"floor":48,"key":"Dota2Spire:HealingSalve"},{"floor":50,"key":"Energy Potion"},{"floor":53,"key":"SteroidPotion"},{"floor":60,"key":"Poison Potion"}],"is_trial":false,"path_per_floor":["M","?","M","M","$","R","E","R","T","T","?","R","M","E","$","R","B",null,"R","B",null,"M","$","M","?","M","R","M","R","T","E","T","E","R","M","R","B",null,"M","M","?","$","M","E","R","E","T","M","E","M","R","E","?","R","B","B",null,"R","$","E","B",null],"character_chosen":"THE_SILENT","items_purchased":["Backstab","PiercingWail","Backflip","Blur","Caltrops"],"campfire_rested":2,"item_purchase_floors":[5,23,23,59,59],"current_hp_per_floor":[50,50,49,49,49,49,43,43,43,43,43,43,43,36,36,36,26,26,45,34,58,52,52,52,52,49,49,49,49,49,36,36,31,31,30,49,49,62,52,52,31,31,31,52,52,31,31,22,22,22,22,22,22,22,28,19,54,54,54,14,2],"gold":84,"neow_bonus":"RANDOM_COMMON_RELIC","is_daily":false,"chose_seed":false,"campfire_upgraded":10,"win_rate":0.0,"timestamp":1613045914,"path_taken":["M","?","M","M","$","R","E","R","T","T","?","R","M","E","$","R","BOSS","R","BOSS","M","?","M","?","M","R","M","R","T","E","?","E","R","M","R","BOSS","M","M","?","$","M","E","R","E","T","M","E","M","R","E","?","R","BOSS","BOSS","R","$","E","BOSS"],"items_purchased_type":["Card","Card","Card","Card","Card"],"build_version":"2020-12-22","purchased_purges":4,"victory":true,"max_hp_per_floor":[66,66,66,66,66,66,66,66,66,66,66,66,66,66,66,66,66,66,66,66,66,66,66,66,66,66,66,66,66,66,66,66,66,66,66,66,66,66,66,66,66,66,66,66,66,66,66,66,66,66,66,66,66,66,66,66,66,66,66,66,66],"card_choices":[{"not_picked":["Flechettes","Endless Agony"],"picked":"Poisoned Stab","floor":1},{"not_picked":["Crippling Poison","Skewer"],"picked":"Predator","floor":3},{"not_picked":["Underhanded Strike","Deflect"],"picked":"Leg Sweep","floor":4},{"not_picked":["Predator","Venomology"],"picked":"Dagger Spray","floor":7},{"not_picked":["Acrobatics","Blade Dance"],"picked":"Terror","floor":13},{"not_picked":["Eviscerate","Acrobatics"],"picked":"Blur","floor":14},{"not_picked":["Phantasmal Killer","Bullet Time"],"picked":"Envenom","floor":20},{"not_picked":["Dodge and Roll","Endless Agony"],"picked":"Noxious Fumes","floor":22},{"not_picked":["Prepared","Bouncing Flask","Dagger Throw"],"picked":"SKIP","floor":24},{"not_picked":["Deflect","Riddle With Holes","Skewer"],"picked":"SKIP","floor":26},{"not_picked":["Skewer","Slice"],"picked":"Backflip","floor":28},{"not_picked":["Slice","Prepared","Underhanded Strike+1"],"picked":"SKIP","floor":31},{"not_picked":["Distraction","Caltrops"],"picked":"Adrenaline","floor":33},{"not_picked":["Blur","Sucker Punch"],"picked":"Catalyst","floor":35},{"not_picked":["Cloak And Dagger","Bane"],"picked":"Footwork","floor":39},{"not_picked":["Flying Knee","Quick Slash+1"],"picked":"Flechettes","floor":40},{"not_picked":["Distraction","Cloak And Dagger"],"picked":"PiercingWail+1","floor":43},{"not_picked":["Dagger Throw","Noxious Fumes"],"picked":"Wraith Form v2","floor":44},{"not_picked":["Blade Dance+1","Setup"],"picked":"Acrobatics+1","floor":46},{"not_picked":["Deflect","Backflip","Choke"],"picked":"SKIP","floor":48},{"not_picked":["Backstab+1","Acrobatics+1","Outmaneuver+1"],"picked":"SKIP","floor":49},{"not_picked":["Choke","Masterful Stab"],"picked":"Footwork","floor":50},{"not_picked":["Dagger Spray","Dodge and Roll"],"picked":"Leg Sweep+1","floor":52},{"not_picked":["Backstab+1","Cloak And Dagger","Calculated Gamble"],"picked":"SKIP","floor":60}],"player_experience":2435611,"relics_obtained":[{"floor":7,"key":"Darkstone Periapt"},{"floor":9,"key":"Mummified Hand"},{"floor":10,"key":"Omamori"},{"floor":14,"key":"Potion Belt"},{"floor":30,"key":"Pen Nib"},{"floor":31,"key":"Mercury Hourglass"},{"floor":32,"key":"Centennial Puzzle"},{"floor":33,"key":"Ornamental Fan"},{"floor":41,"key":"Girya"},{"floor":44,"key":"Akabeko"},{"floor":46,"key":"Ancient Tea Set"},{"floor":49,"key":"Vajra"},{"floor":52,"key":"Whetstone"},{"floor":60,"key":"Dota2Spire:ShadowBlade"}],"event_choices":[{"cards_removed":["Strike_G"],"damage_healed":0,"gold_gain":0,"player_choice":"Card Removal","damage_taken":0,"max_hp_gain":0,"max_hp_loss":0,"event_name":"The Cleric","floor":2,"gold_loss":75},{"damage_healed":0,"gold_gain":0,"player_choice":"1 cards matched","damage_taken":0,"max_hp_gain":0,"max_hp_loss":0,"event_name":"Match and Keep!","floor":11,"gold_loss":0,"cards_obtained":["Blade Dance"]},{"damage_healed":0,"gold_gain":0,"player_choice":"Simplicity","damage_taken":0,"max_hp_gain":0,"max_hp_loss":0,"event_name":"Back to Basics","floor":25,"gold_loss":0,"cards_upgraded":["Defend_G","Defend_G","Defend_G","Defend_G"]},{"damage_healed":0,"gold_gain":0,"player_choice":"Fight","damage_taken":0,"max_hp_gain":0,"max_hp_loss":0,"event_name":"Mysterious Sphere","floor":41,"gold_loss":0},{"damage_healed":0,"gold_gain":0,"player_choice":"Got Potions","damage_taken":0,"max_hp_gain":0,"max_hp_loss":0,"event_name":"Lab","floor":53,"gold_loss":0}],"is_beta":false,"boss_relics":[{"not_picked":["SlaversCollar","Runic Dome"],"picked":"Astrolabe"},{"not_picked":["Pandora\u0027s Box","Cursed Key"],"picked":"Runic Pyramid"},{"not_picked":["Philosopher\u0027s Stone","Fusion Hammer"],"picked":"Dota2Spire:Bloodstone"}],"items_purged_floors":[15,23,42,59],"is_endless":false,"potions_floor_spawned":[1,4,7,17,20,22,24,40,46,48,50,52,60],"ascension_level":20}}