{"host":"6whzv4tyik5lfnym","time":1613050264,"event":{"mods":["BaseMod","Bestiary","Colored Map","Colored Powertips","Curses Come First","GifTheSpireLib","Highlight Path","Keyboard Shortcuts","Minty Spire (QoL Compilation)","Relic Stats","Slay the Relics Exporter","StSLib","SuperFastMode"],"gold_per_floor":[110,110,39,50,50,80,80,107,107,136,136,154,429,445,445,545,545,563,575,585,602,616,616,616,645,645,661,661,678,678,697,697,697,697],"floor_reached":33,"language":"DEU","playtime":1686,"items_purged":[],"score":330,"play_id":"cf1bb500-8401-468b-ba09-6b9d2e056264","local_time":"20210211143104","is_ascension_mode":true,"campfire_choices":[{"data":"1","floor":7.0,"key":"LIFT"},{"data":"2","floor":11.0,"key":"LIFT"},{"data":"Armaments","floor":15.0,"key":"SMITH"},{"floor":23.0,"key":"REST"},{"floor":28,"key":"REST"},{"floor":32,"key":"REST"}],"circlet_count":0,"master_deck":["Strike_R","Strike_R","Strike_R","Strike_R","Defend_R","Defend_R","Defend_R","Defend_R","Bash","Battle Trance","Pommel Strike","Flex","Pummel","Rupture","Havoc","Carnage","Bloodletting","Regret","Armaments+1","Offering","Bloodletting","Sword Boomerang","Metallicize+1","Shrug It Off","Feel No Pain","Shrug It Off","True Grit+1","Thunderclap","Clothesline"],"relics":["Black Blood","NeowsBlessing","Girya","Bag of Marbles","Bottled Lightning","Ornamental Fan","Strawberry","Happy Flower","Shovel"],"acts_visited":["Exordium","TheCity"],"potions_floor_usage":[25,25,33],"damage_taken":[{"damage":0.0,"enemies":"2 Louse","floor":1.0,"turns":2.0},{"damage":0.0,"enemies":"Cultist","floor":4.0,"turns":1.0},{"damage":0.0,"enemies":"Gremlin Nob","floor":6.0,"turns":1.0},{"damage":31.0,"enemies":"Lagavulin","floor":8.0,"turns":5.0},{"damage":13.0,"enemies":"Gremlin Nob","floor":10.0,"turns":3.0},{"damage":0.0,"enemies":"Small Slimes","floor":12.0,"turns":1.0},{"damage":7.0,"enemies":"3 Louse","floor":14.0,"turns":3.0},{"damage":47.0,"enemies":"The Guardian","floor":16.0,"turns":6.0},{"damage":19.0,"enemies":"2 Thieves","floor":18.0,"turns":3.0},{"damage":19.0,"enemies":"Spheric Guardian","floor":19.0,"turns":3.0},{"damage":13.0,"enemies":"Cultist and Chosen","floor":20.0,"turns":3.0},{"damage":30.0,"enemies":"Sentry and Sphere","floor":21.0,"turns":4.0},{"damage":26.0,"enemies":"Shelled Parasite and Fungi","floor":22.0,"turns":3.0},{"damage":56,"enemies":"Slavers","floor":25,"turns":8},{"damage":15,"enemies":"Cultist and Chosen","floor":27,"turns":7},{"damage":22,"enemies":"3 Cultists","floor":29,"turns":5},{"damage":13,"enemies":"Centurion and Healer","floor":31,"turns":4},{"damage":62,"enemies":"Champ","floor":33,"turns":10}],"seed_played":"-2977072390272085910","potions_obtained":[{"floor":1.0,"key":"DuplicationPotion"},{"floor":2.0,"key":"DuplicationPotion"},{"floor":2.0,"key":"ColorlessPotion"},{"floor":8.0,"key":"Block Potion"},{"floor":10.0,"key":"PowerPotion"},{"floor":12.0,"key":"LiquidBronze"},{"floor":18.0,"key":"ElixirPotion"},{"floor":21.0,"key":"Weak Potion"},{"floor":22.0,"key":"Weak Potion"},{"floor":27,"key":"Energy Potion"}],"is_trial":false,"path_per_floor":["M","?","$","M","?","E","R","E","T","E","R","M","?","M","R","B",null,"M","M","M","M","M","R","?","E","T","M","R","M","?","M","R","B"],"character_chosen":"IRONCLAD","items_purchased":["Pommel Strike","Flex"],"campfire_rested":3,"item_purchase_floors":[3,3],"current_hp_per_floor":[80,80,80,80,73,79,79,54,54,47,47,53,53,52,52,11,80,73,66,65,47,33,57,64,20,20,17,43,33,33,32,58,0,0],"gold":697,"neow_bonus":"THREE_ENEMY_KILL","is_daily":false,"chose_seed":false,"campfire_upgraded":1,"win_rate":0.0,"timestamp":1613050264,"path_taken":["M","?","$","?","?","E","R","E","T","E","R","M","?","M","R","BOSS","M","M","?","M","M","R","?","E","T","M","R","M","?","?","R","BOSS"],"items_purchased_type":["Card","Card"],"build_version":"2020-12-22","purchased_purges":0,"victory":false,"max_hp_per_floor":[80,80,80,80,80,80,80,80,80,80,80,80,80,80,80,80,80,80,80,80,80,80,80,87,87,87,87,87,87,87,87,87,87,87],"relic_stats":{"Shovel":0,"Happy Flower":[8],"counters":[18,72],"Ornamental Fan":[68],"Black Blood":144,"obtain_stats":[{"Girya":6,"Shovel":26,"NeowsBlessing":0,"Happy Flower":25,"Ornamental Fan":10,"Strawberry":24,"Black Blood":17,"Bag of Marbles":8,"Bottled Lightning":9,"Burning Blood":0},{"Girya":3,"Shovel":14,"NeowsBlessing":0,"Happy Flower":14,"Ornamental Fan":5,"Strawberry":13,"Black Blood":8,"Bag of Marbles":4,"Bottled Lightning":4,"Burning Blood":0},{"Girya":4,"Shovel":46,"NeowsBlessing":0,"Happy Flower":46,"Ornamental Fan":12,"Strawberry":38,"Black Blood":22,"Bag of Marbles":9,"Bottled Lightning":9,"Burning Blood":0}]},"card_choices":[{"not_picked":["Sever Soul","Warcry"],"picked":"Battle Trance","floor":1.0},{"not_picked":["Anger","Warcry"],"picked":"Pummel","floor":4.0},{"not_picked":["Searing Blow","Second Wind"],"picked":"Rupture","floor":6.0},{"not_picked":["Anger","Clash"],"picked":"Havoc","floor":8.0},{"not_picked":["Rupture","Infernal Blade"],"picked":"Carnage","floor":10.0},{"not_picked":["Inflame","Clothesline"],"picked":"Bloodletting","floor":12.0},{"not_picked":["Wild Strike","Heavy Blade"],"picked":"Armaments","floor":14.0},{"not_picked":["Exhume","Fiend Fire"],"picked":"Offering","floor":16.0},{"not_picked":["Entrench","Second Wind"],"picked":"Bloodletting","floor":18.0},{"not_picked":["Flex","Clash+1"],"picked":"Sword Boomerang","floor":19.0},{"not_picked":["Sword Boomerang+1","Cleave+1"],"picked":"Metallicize+1","floor":20.0},{"not_picked":["Shockwave","Rampage"],"picked":"Shrug It Off","floor":21.0},{"not_picked":["Carnage+1","Clash"],"picked":"Feel No Pain","floor":22.0},{"not_picked":["Berserk","Sword Boomerang"],"picked":"Shrug It Off","floor":25},{"not_picked":["Rage","Flex"],"picked":"True Grit+1","floor":27},{"not_picked":["Warcry","Inflame"],"picked":"Thunderclap","floor":29},{"not_picked":["Thunderclap","Burning Pact"],"picked":"Clothesline","floor":31}],"player_experience":151710,"relics_obtained":[{"floor":6.0,"key":"Girya"},{"floor":8.0,"key":"Bag of Marbles"},{"floor":9.0,"key":"Bottled Lightning"},{"floor":10.0,"key":"Ornamental Fan"},{"floor":25,"key":"Happy Flower"},{"floor":26,"key":"Shovel"}],"event_choices":[{"damage_healed":0.0,"max_hp_gain":0.0,"max_hp_loss":0.0,"gold_gain":0.0,"event_name":"Lab","player_choice":"Got Potions","floor":2.0,"gold_loss":0.0,"damage_taken":0.0},{"cards_removed":["Strike_R"],"damage_healed":0.0,"max_hp_gain":0.0,"max_hp_loss":0.0,"gold_gain":0.0,"event_name":"Golden Wing","player_choice":"Card Removal","floor":5.0,"gold_loss":0.0,"damage_taken":7.0},{"damage_healed":0.0,"max_hp_gain":0.0,"max_hp_loss":0.0,"gold_gain":275.0,"event_name":"Golden Shrine","player_choice":"Desecrate","floor":13.0,"gold_loss":0.0,"damage_taken":0.0,"cards_obtained":["Regret"]},{"damage_healed":0.0,"max_hp_gain":0.0,"max_hp_loss":0.0,"gold_gain":0.0,"event_name":"The Mausoleum","player_choice":"Opened","floor":24.0,"gold_loss":0.0,"damage_taken":0.0,"relics_obtained":["Strawberry"]},{"damage_healed":0,"gold_gain":0,"player_choice":"Leave","damage_taken":0,"max_hp_gain":0,"max_hp_loss":0,"event_name":"FaceTrader","floor":30,"gold_loss":0}],"is_beta":false,"boss_relics":[{"not_picked":["Ectoplasm","Empty Cage"],"picked":"Black Blood"}],"items_purged_floors":[],"is_endless":false,"potions_floor_spawned":[1,8,10,12,18,21,22,27],"killed_by":"Champ","ascension_level":1}}