{"host":"56xwnffi6e9z5l58","time":1613062723,"event":{"mods":["Aspiration","BaseMod","Better Match","Better Note","Better Sensory Stone","BetterRewards","Colored Map","Colored Powertips","Conspire","Downfall","GifTheSpireLib","Hermit","Highlight Path","Hubris","Infinite Spire","Key Reminder","Minty Spire (QoL Compilation)","Permanent Neow","Quick Restart","Rare Cards Sparkle","Replay The Spire","StSLib","Stuff the Spire","SuperFastMode","Unceasing Turn Reminder"],"gold_per_floor":[99,112,132,160,70,101,101,101,120,138,158,158,180,180,206,311,311,311,331,331,359,383,383,383,383],"floor_reached":23,"language":"ENG","playtime":1092,"items_purged":["hexamod:Strike"],"score":197,"play_id":"25228b6d-9e1e-45f8-b224-5b250b9e3e82","local_time":"20210212005843","is_ascension_mode":false,"campfire_choices":[{"data":"hexamod:Sear","floor":1.0,"key":"SMITH"},{"floor":8.0,"key":"REST"},{"floor":12.0,"key":"REST"},{"data":"hexamod:HexaLevel","floor":18.0,"key":"SMITH"}],"circlet_count":0,"master_deck":["hexamod:Strike+1","hexamod:Strike+1","hexamod:Strike+1","hexamod:Defend+1","hexamod:Defend+1","hexamod:Defend+1","hexamod:Defend","hexamod:Sear+1","hexamod:Float","hexamod:FifthSeal","hexamod:SecondSeal","hexamod:HauntingEcho","hexamod:SixthSeal","hexamod:NightmareStrike","hexamod:FirstSeal","hexamod:DynamicBlow+1","hexamod:EtherealExpedition","hexamod:ThirdSeal","hexamod:Firestarter","hexamod:HexaLevel+1","hexamod:FourthSeal","hexamod:Incineration","hexamod:SpectralAdrenaline","hexamod:SpectersWail","hexamod:GhostOfSpireFuture+1","hexamod:HeatShield","hexamod:RainOfEmbers","hexamod:GiftsFromTheDead","hexamod:GhostflameInferno","hexamod:RadiantFlame","hexamod:Hexaguard+1","hexamod:PhantomCloak+1","hexamod:TurnItUp"],"relics":["hexamod:SpiritBrand","HornCleat","infinitespire:FocusingShard","conspire:SlowCooker"],"acts_visited":["Exordium","TheCity"],"potions_floor_usage":[],"damage_taken":[{"damage":10.0,"enemies":"Small Slimes","floor":2.0,"turns":3.0},{"damage":15.0,"enemies":"2 Louse","floor":3.0,"turns":5.0},{"damage":13.0,"enemies":"Jaw Worm","floor":4.0,"turns":6.0},{"damage":0.0,"enemies":"downfall:FleeingMerchant","floor":5.0,"turns":4.0},{"damage":37.0,"enemies":"3 Sentries","floor":6.0,"turns":10.0},{"damage":8.0,"enemies":"Gremlin Gang","floor":9.0,"turns":7.0},{"damage":16.0,"enemies":"Blue Slaver","floor":10.0,"turns":5.0},{"damage":13.0,"enemies":"Lots of Slimes","floor":11.0,"turns":4.0},{"damage":12.0,"enemies":"3 Louse","floor":13.0,"turns":4.0},{"damage":13.0,"enemies":"Exordium Wildlife","floor":15.0,"turns":5.0},{"damage":16.0,"enemies":"WA_ARCHETYPE_RETAIN","floor":16.0,"turns":7.0},{"damage":10.0,"enemies":"Chosen","floor":19.0,"turns":5.0},{"damage":17.0,"enemies":"Shell Parasite","floor":21.0,"turns":7.0},{"damage":44.0,"enemies":"Snake Plant","floor":22.0,"turns":6.0},{"damage":25,"enemies":"Replay:Snechameleon","floor":23,"turns":5}],"seed_played":"1709929337427101387","potions_obtained":[{"floor":2.0,"key":"Energy Potion"},{"floor":3.0,"key":"SpeedPotion"},{"floor":4.0,"key":"SneckoOil"},{"floor":9.0,"key":"conspire:TimeTravelPotion"},{"floor":11.0,"key":"FearPotion"},{"floor":13.0,"key":"DuplicationPotion"},{"floor":16.0,"key":"Death Potion"},{"floor":16.0,"key":"Fire Potion"},{"floor":19.0,"key":"Dexterity Potion"}],"is_trial":false,"path_per_floor":["R","M","M","M","$","E","T","R","M","M","M","R","M","?","M","B",null,"R","M","?","M","M","E"],"character_chosen":"THE_SPIRIT","items_purchased":[],"campfire_rested":2,"item_purchase_floors":[],"current_hp_per_floor":[70,60,45,32,39,9,9,30,29,13,17,38,33,38,32,23,75,75,72,72,62,25,0,0,0],"gold":383,"neow_bonus":"ONE_RANDOM_RARE_CARD","is_daily":false,"chose_seed":false,"campfire_upgraded":2,"win_rate":0.0,"timestamp":1613062723,"path_taken":["R","M","M","M","$","E","T","R","M","M","M","R","M","?","M","BOSS","R","M","?","M","M","E"],"items_purchased_type":[],"build_version":"2020-12-22","purchased_purges":1,"victory":false,"max_hp_per_floor":[70,70,70,70,70,70,70,70,70,70,70,70,70,75,75,75,75,75,75,75,75,75,75,75,75],"card_choices":[{"not_picked":["hexamod:FirstSeal","hexamod:FourthSeal"],"picked":"hexamod:SecondSeal","floor":2.0},{"not_picked":["hexamod:GhostShield","hexamod:ThermalTransfer"],"picked":"hexamod:HauntingEcho","floor":2.0},{"not_picked":["hexamod:FourthSeal","hexamod:FirstSeal"],"picked":"hexamod:SixthSeal","floor":3.0},{"not_picked":["hexamod:ThermalTransfer","hexamod:GhostLash"],"picked":"hexamod:NightmareStrike","floor":3.0},{"not_picked":["hexamod:FourthSeal","hexamod:SecondSeal"],"picked":"hexamod:FirstSeal","floor":4.0},{"not_picked":["hexamod:GhostShield","hexamod:NightmareStrike"],"picked":"hexamod:DynamicBlow","floor":4.0},{"not_picked":["hexamod:DynamicBlow","hexamod:SwordOfDarkness"],"picked":"hexamod:EtherealExpedition","floor":5.0},{"not_picked":["hexamod:FourthSeal","hexamod:SixthSeal"],"picked":"hexamod:ThirdSeal","floor":6.0},{"not_picked":["hexamod:Hexaguard","hexamod:ThirdSeal"],"picked":"hexamod:Firestarter","floor":6.0},{"not_picked":["hexamod:FirstSeal","hexamod:HauntingEcho"],"picked":"hexamod:HexaLevel","floor":9.0},{"not_picked":["hexamod:FirstSeal","hexamod:ThirdSeal"],"picked":"hexamod:FourthSeal","floor":10.0},{"not_picked":["hexamod:Rewind","hexamod:DynamicBlow"],"picked":"hexamod:Incineration","floor":10.0},{"not_picked":["hexamod:InspiringFlames","hexamod:GhostOfSpirePast"],"picked":"hexamod:SpectralAdrenaline","floor":10.0},{"not_picked":["hexamod:SpectralAdrenaline","hexamod:SecondSeal"],"picked":"hexamod:SpectersWail","floor":11.0},{"not_picked":["hexamod:GhostLash","hexamod:ThirdSeal"],"picked":"hexamod:GhostOfSpireFuture","floor":13.0},{"not_picked":["hexamod:Again","hexamod:FastForward"],"picked":"hexamod:HeatShield","floor":15.0},{"not_picked":["hexamod:BurningTouch","hexamod:HexaLevel"],"picked":"hexamod:RainOfEmbers","floor":15.0},{"not_picked":["hexamod:UnlimitedPower","hexamod:SixthSeal"],"picked":"hexamod:GiftsFromTheDead","floor":16.0},{"not_picked":["hexamod:UnleashSpirits","hexamod:TimeWarp"],"picked":"hexamod:GhostflameInferno","floor":16.0},{"not_picked":["hexamod:SkipABeat+1","hexamod:ShieldOfDarkness+1"],"picked":"hexamod:RadiantFlame","floor":19.0},{"not_picked":["hexamod:Firestarter+1","hexamod:HauntingEcho+1"],"picked":"hexamod:Hexaguard+1","floor":19.0},{"not_picked":["hexamod:Incineration","hexamod:GhostShield"],"picked":"hexamod:PhantomCloak","floor":21.0},{"not_picked":["hexamod:Incineration","hexamod:Hexaguard+1","hexamod:BurningTouch"],"picked":"SKIP","floor":21.0},{"not_picked":["hexamod:ChargedBarrage","hexamod:HeatCrush"],"picked":"hexamod:TurnItUp","floor":22.0}],"player_experience":1026349,"relics_obtained":[{"floor":6.0,"key":"HornCleat"},{"floor":7.0,"key":"infinitespire:FocusingShard"}],"event_choices":[{"damage_healed":0.0,"max_hp_gain":5.0,"max_hp_loss":0.0,"gold_gain":0.0,"event_name":"Big Fish","player_choice":"Donut","floor":14.0,"gold_loss":0.0,"damage_taken":0.0},{"cards_removed":["hexamod:Defend"],"damage_healed":0.0,"max_hp_gain":0.0,"max_hp_loss":0.0,"gold_gain":0.0,"event_name":"betterNote:BetterNote","player_choice":"Give","floor":20.0,"gold_loss":0.0,"damage_taken":0.0,"cards_obtained":["hexamod:Defend"]}],"is_beta":false,"boss_relics":[{"not_picked":["hubris:Backtick","aspiration:RunicSpoon"],"picked":"conspire:SlowCooker"}],"items_purged_floors":[5],"is_endless":false,"potions_floor_spawned":[2,3,4,9,11,16],"killed_by":"Replay:Snechameleon","ascension_level":0}}