{"host":"52m1o8iwwagurbjs","time":1613004111,"event":{"mods":["AchievementEnabler","BaseMod","Bestiary","Challenge The Spire","Colored Powertips","GifTheSpireLib","Minty Spire (QoL Compilation)","Quick Restart","Relic Stats","StSLib"],"gold_per_floor":[117,7,25,25,39,67,81,115,115,115,115],"floor_reached":10,"language":"ENG","playtime":513,"items_purged":[],"score":82,"play_id":"088cef42-6f0c-48ae-99c9-1eef91d0d448","local_time":"20210210194151","is_ascension_mode":true,"campfire_choices":[],"circlet_count":0,"master_deck":["Strike_R","Strike_R","Strike_R","Strike_R","Strike_R","Defend_R","Defend_R","Defend_R","Defend_R","Bash","Feel No Pain","Rampage","Power Through","Pain","Spot Weakness","True Grit","Blood for Blood","Pummel"],"relics":["Black Star","WarpedTongs","Smiling Mask","White Beast Statue","Eternal Feather","Shuriken","Paper Frog"],"acts_visited":["Exordium"],"potions_floor_usage":[10,10],"damage_taken":[{"damage":1.0,"enemies":"Jaw Worm","floor":1.0,"turns":4.0},{"damage":9.0,"enemies":"Cultist","floor":3.0,"turns":4.0},{"damage":0.0,"enemies":"Small Slimes","floor":5.0,"turns":4.0},{"damage":47.0,"enemies":"Gremlin Nob","floor":6.0,"turns":5.0},{"damage":6.0,"enemies":"Red Slaver","floor":7.0,"turns":4.0},{"damage":13.0,"enemies":"3 Sentries","floor":8.0,"turns":9.0},{"damage":9,"enemies":"Lagavulin","floor":10,"turns":4}],"seed_played":"-8375939890293671905","potions_obtained":[{"floor":6.0,"key":"LiquidBronze"},{"floor":7.0,"key":"SpeedPotion"},{"floor":8.0,"key":"SneckoOil"}],"is_trial":false,"path_per_floor":["M","$","M","?","M","E","M","E","T","E"],"character_chosen":"IRONCLAD","items_purchased":["Feel No Pain","Rampage"],"campfire_rested":0,"item_purchase_floors":[2,2],"current_hp_per_floor":[79,79,70,70,70,23,17,4,4,0,0],"gold":115,"neow_bonus":"BOSS_RELIC","is_daily":false,"chose_seed":false,"campfire_upgraded":0,"win_rate":0.0,"timestamp":1613004111,"path_taken":["M","$","M","?","M","E","M","E","T","E"],"items_purchased_type":["Card","Card"],"build_version":"2020-12-22","purchased_purges":0,"victory":false,"max_hp_per_floor":[80,80,80,80,80,80,80,80,80,80,80],"relic_stats":{"counters":[7,34],"Shuriken":[0],"Eternal Feather":0,"Black Star":2,"Smiling Mask":0,"obtain_stats":[{"Shuriken":8,"Eternal Feather":8,"Black Star":0,"Smiling Mask":6,"Burning Blood":0,"White Beast Statue":6,"WarpedTongs":4,"Paper Frog":9},{"Shuriken":6,"Eternal Feather":6,"Black Star":0,"Smiling Mask":4,"Burning Blood":0,"White Beast Statue":4,"WarpedTongs":2,"Paper Frog":6},{"Shuriken":30,"Eternal Feather":30,"Black Star":0,"Smiling Mask":17,"Burning Blood":0,"White Beast Statue":17,"WarpedTongs":8,"Paper Frog":30}],"WarpedTongs":[25]},"card_choices":[{"not_picked":["Havoc","Anger"],"picked":"Power Through","floor":3.0},{"not_picked":["Iron Wave","Blood for Blood"],"picked":"Spot Weakness","floor":5.0},{"not_picked":["Hemokinesis","Havoc"],"picked":"True Grit","floor":6.0},{"not_picked":["Headbutt","Iron Wave"],"picked":"Blood for Blood","floor":7.0},{"not_picked":["Warcry","Anger"],"picked":"Pummel","floor":8.0}],"player_experience":1337746,"relics_obtained":[{"floor":6.0,"key":"Smiling Mask"},{"floor":6.0,"key":"White Beast Statue"},{"floor":8.0,"key":"Eternal Feather"},{"floor":8.0,"key":"Shuriken"},{"floor":9.0,"key":"Paper Frog"}],"event_choices":[{"damage_healed":0.0,"max_hp_gain":0.0,"max_hp_loss":0.0,"gold_gain":0.0,"event_name":"Accursed Blacksmith","player_choice":"Rummage","floor":4.0,"gold_loss":0.0,"damage_taken":0.0,"relics_obtained":["WarpedTongs"],"cards_obtained":["Pain"]}],"is_beta":false,"boss_relics":[],"items_purged_floors":[],"is_endless":false,"potions_floor_spawned":[6,7,8],"killed_by":"Lagavulin","ascension_level":1}}