{"host":"rw1trt79hfpl7pom","time":1613045511,"event":{"mods":["BaseMod","Bestiary","Colored Map","Minty Spire (QoL Compilation)","Relic Stats","StSLib","SuperFastMode"],"gold_per_floor":[115,190,190,190,18,18,68,68,68,83,83,114,132,163,175,260,272,304,366,378,408,5,5,36,36,36,52,65,65,65],"floor_reached":29,"language":"ENG","playtime":1479,"items_purged":["Bite"],"score":523,"play_id":"dc345a3d-c030-45ab-ad85-e6d6ec61bd80","local_time":"20210211041151","is_ascension_mode":true,"campfire_choices":[{"data":"Fire Breathing","floor":6.0,"key":"SMITH"},{"data":"Bash","floor":8.0,"key":"SMITH"},{"data":"Clothesline","floor":11.0,"key":"SMITH"},{"data":"Infernal Blade","floor":15.0,"key":"SMITH"},{"data":"Flame Barrier","floor":23.0,"key":"SMITH"},{"data":"Demon Form","floor":25,"key":"SMITH"}],"circlet_count":0,"master_deck":["AscendersBane","Defend_R","Defend_R","Defend_R","Defend_R","Bash+1","Fire Breathing+1","Infernal Blade+1","Clothesline+1","Corruption","Headbutt","Exhume","Reaper","Bite","Bite","Bite","Bite","Flame Barrier+1","Demon Form+1","Dual Wield","Armaments"],"relics":["Coffee Dripper","ClockworkSouvenir","MawBank","Mark of Pain","Toy Ornithopter","Bag of Marbles","Kunai","Bottled Flame"],"acts_visited":["Exordium","TheCity"],"potions_floor_usage":[24,24,28],"damage_taken":[{"damage":7.0,"enemies":"Small Slimes","floor":1.0,"turns":3.0},{"damage":4.0,"enemies":"Jaw Worm","floor":10.0,"turns":2.0},{"damage":8.0,"enemies":"Gremlin Nob","floor":12.0,"turns":3.0},{"damage":0.0,"enemies":"2 Louse","floor":13.0,"turns":2.0},{"damage":10.0,"enemies":"Lagavulin","floor":14.0,"turns":7.0},{"damage":13.0,"enemies":"Slime Boss","floor":16.0,"turns":7.0},{"damage":18.0,"enemies":"Spheric Guardian","floor":18.0,"turns":4.0},{"damage":39.0,"enemies":"Shell Parasite","floor":21.0,"turns":5.0},{"damage":26,"enemies":"Book of Stabbing","floor":24,"turns":5},{"damage":43,"enemies":"3 Cultists","floor":27,"turns":5},{"damage":19,"enemies":"Centurion and Healer","floor":28,"turns":8},{"damage":70,"enemies":"Gremlin Leader","floor":29,"turns":5}],"seed_played":"-7918710162582081443","potions_obtained":[{"floor":1.0,"key":"SpeedPotion"},{"floor":13.0,"key":"SteroidPotion"},{"floor":14.0,"key":"Block Potion"},{"floor":16.0,"key":"Dexterity Potion"},{"floor":24,"key":"DistilledChaos"},{"floor":28,"key":"EssenceOfSteel"}],"is_trial":false,"path_per_floor":["M","?","?","?","$","R","?","R","T","M","R","E","M","E","R","B",null,"M","?","?","M","$","R","E","R","T","M","M","E"],"character_chosen":"IRONCLAD","items_purchased":["ClockworkSouvenir","Toy Ornithopter","Bag of Marbles"],"campfire_rested":0,"item_purchase_floors":[5,22,22],"current_hp_per_floor":[61,50,50,50,50,50,43,43,43,39,39,31,31,21,21,8,58,40,40,40,13,13,13,14,14,14,11,51,0,0],"gold":65,"neow_bonus":"BOSS_RELIC","is_daily":false,"chose_seed":false,"campfire_upgraded":6,"win_rate":0.0,"timestamp":1613045511,"path_taken":["M","?","?","?","$","R","?","R","T","M","R","E","M","E","R","BOSS","M","?","?","M","$","R","E","R","T","M","M","E"],"items_purchased_type":["Relic","Relic","Relic"],"build_version":"2020-12-22","purchased_purges":1,"victory":false,"max_hp_per_floor":[75,75,75,75,75,75,75,75,75,75,75,75,75,75,75,75,75,75,75,52,52,52,52,52,52,52,52,52,52,52],"relic_stats":{"counters":[12,56],"Kunai":[4],"MawBank":96,"obtain_stats":[{"Bottled Flame":26,"Mark of Pain":17,"Coffee Dripper":0,"Bag of Marbles":22,"Kunai":24,"MawBank":14,"Burning Blood":0,"Toy Ornithopter":22,"ClockworkSouvenir":5},{"Bottled Flame":9,"Mark of Pain":6,"Coffee Dripper":0,"Bag of Marbles":8,"Kunai":9,"MawBank":5,"Burning Blood":0,"Toy Ornithopter":8,"ClockworkSouvenir":1},{"Bottled Flame":38,"Mark of Pain":24,"Coffee Dripper":0,"Bag of Marbles":33,"Kunai":38,"MawBank":17,"Burning Blood":0,"Toy Ornithopter":33,"ClockworkSouvenir":3}],"Toy Ornithopter":15},"card_choices":[{"not_picked":["Hemokinesis","Iron Wave"],"picked":"Fire Breathing","floor":1.0},{"not_picked":["Ghostly Armor","Iron Wave"],"picked":"Clothesline","floor":10.0},{"not_picked":["Uppercut","Headbutt"],"picked":"Corruption","floor":12.0},{"not_picked":["Heavy Blade","Clothesline"],"picked":"Headbutt","floor":13.0},{"not_picked":["Combust","Armaments"],"picked":"Exhume","floor":14.0},{"not_picked":["Immolate","Exhume"],"picked":"Reaper","floor":16.0},{"not_picked":["Anger","Body Slam","Havoc"],"picked":"SKIP","floor":18.0},{"not_picked":["Entrench+1","Iron Wave"],"picked":"Flame Barrier","floor":21.0},{"not_picked":["Body Slam","Disarm"],"picked":"Demon Form","floor":24},{"not_picked":["Heavy Blade","Rage"],"picked":"Dual Wield","floor":27},{"not_picked":["Clash","Anger"],"picked":"Armaments","floor":28}],"player_experience":2686634,"relics_obtained":[{"floor":14.0,"key":"MawBank"},{"floor":24,"key":"Kunai"},{"floor":26,"key":"Bottled Flame"}],"event_choices":[{"damage_healed":0.0,"max_hp_gain":0.0,"max_hp_loss":0.0,"gold_gain":75.0,"event_name":"World of Goop","player_choice":"Gather Gold","floor":2.0,"gold_loss":0.0,"damage_taken":11.0},{"damage_healed":0.0,"max_hp_gain":0.0,"max_hp_loss":0.0,"gold_gain":0.0,"event_name":"Liars Game","player_choice":"Ignored","floor":3.0,"gold_loss":0.0,"damage_taken":0.0},{"damage_healed":0.0,"max_hp_gain":0.0,"max_hp_loss":0.0,"gold_gain":0.0,"cards_transformed":["Strike_R"],"event_name":"Living Wall","player_choice":"Change","floor":4.0,"gold_loss":0.0,"damage_taken":0.0,"cards_obtained":["Infernal Blade"]},{"damage_healed":0.0,"max_hp_gain":0.0,"max_hp_loss":0.0,"gold_gain":50.0,"event_name":"FaceTrader","player_choice":"Touch","floor":7.0,"gold_loss":0.0,"damage_taken":7.0},{"damage_healed":0.0,"max_hp_gain":0.0,"max_hp_loss":0.0,"gold_gain":50.0,"event_name":"Nest","player_choice":"Stole From Cult","floor":19.0,"gold_loss":0.0,"damage_taken":0.0},{"damage_healed":0.0,"max_hp_gain":0.0,"max_hp_loss":23.0,"gold_gain":0.0,"event_name":"Vampires","player_choice":"Became a vampire","floor":20.0,"gold_loss":0.0,"damage_taken":0.0,"cards_obtained":["Bite","Bite","Bite","Bite","Bite"]}],"is_beta":false,"boss_relics":[{"not_picked":["Pandora\u0027s Box","Velvet Choker"],"picked":"Mark of Pain"}],"items_purged_floors":[22],"is_endless":false,"potions_floor_spawned":[1,13,14,16,24,28],"killed_by":"Gremlin Leader","ascension_level":20}}