{"host":"9kesdg97wkrx2bva","time":1613083635,"event":{"mods":["AchievementEnabler","BaseMod","Colored Map","GifTheSpireLib","Infinite Spire","Minty Spire (QoL Compilation)","Replay The Spire","StSLib"],"gold_per_floor":[118,43,61,78,89,116,116,155,180,25,27,27],"floor_reached":11,"language":"ENG","playtime":360,"items_purged":["Strike_G","Strike_G"],"score":149,"play_id":"b1d81799-ff65-4e19-9a55-755dccb027f1","local_time":"20210211164715","is_ascension_mode":true,"campfire_choices":[{"data":"Noxious Fumes","floor":7.0,"key":"SMITH"}],"circlet_count":0,"master_deck":["AscendersBane","Strike_G+1","Strike_G","Strike_G","Defend_G","Defend_G","Defend_G","Defend_G","Defend_G","Survivor","Neutralize+1","Bullet Time","Crippling Poison","Noxious Fumes+1","Masterful Stab","Bouncing Flask","ReplayTheSpireMod:Scrap Shanks","Catalyst","Dagger Throw"],"relics":["Ring of the Snake","infinitespire:Midas Blood","infinitespire:PuzzleCube","Whetstone"],"acts_visited":["Exordium"],"potions_floor_usage":[],"damage_taken":[{"damage":0.0,"enemies":"2 Louse","floor":1.0,"turns":3.0},{"damage":0.0,"enemies":"Jaw Worm","floor":3.0,"turns":5.0},{"damage":0.0,"enemies":"Cultist","floor":4.0,"turns":4.0},{"damage":0.0,"enemies":"3 Louse","floor":5.0,"turns":3.0},{"damage":9.0,"enemies":"Replay:BlueRogue","floor":6.0,"turns":3.0},{"damage":27.0,"enemies":"3 Sentries","floor":8.0,"turns":8.0},{"damage":13,"enemies":"Gremlin Nob","floor":11,"turns":2}],"seed_played":"71153279815337201","potions_obtained":[{"floor":1.0,"key":"Poison Potion"},{"floor":3.0,"key":"BlessingOfTheForge"}],"is_trial":false,"path_per_floor":["M","$","M","M","M","E","R","E","T","$","E"],"character_chosen":"THE_SILENT","items_purchased":["Dagger Throw"],"campfire_rested":0,"item_purchase_floors":[10],"current_hp_per_floor":[44,44,44,44,44,35,35,8,8,8,0,0],"gold":27,"neow_bonus":"THREE_RARE_CARDS","is_daily":false,"chose_seed":false,"campfire_upgraded":1,"win_rate":0.0,"timestamp":1613083635,"path_taken":["M","$","M","M","M","E","R","E","T","$","E"],"items_purchased_type":["Card"],"build_version":"2020-12-22","purchased_purges":2,"victory":false,"max_hp_per_floor":[66,66,66,66,66,66,66,66,66,66,66,66],"card_choices":[{"not_picked":["Die Die Die","ReplayTheSpireMod:From All Sides"],"picked":"Bullet Time","floor":0.0},{"not_picked":["Deflect","Skewer"],"picked":"Crippling Poison","floor":1.0},{"not_picked":["PiercingWail","Flying Knee"],"picked":"Noxious Fumes","floor":3.0},{"not_picked":["Underhanded Strike","Escape Plan"],"picked":"Masterful Stab","floor":4.0},{"not_picked":["Dagger Spray","Escape Plan"],"picked":"Bouncing Flask","floor":5.0},{"not_picked":["Sucker Punch","Fluid Movement"],"picked":"ReplayTheSpireMod:Scrap Shanks","floor":6.0},{"not_picked":["Fluid Movement","Bouncing Flask"],"picked":"Catalyst","floor":8.0}],"player_experience":1030491,"relics_obtained":[{"floor":6.0,"key":"infinitespire:Midas Blood"},{"floor":8.0,"key":"infinitespire:PuzzleCube"},{"floor":9.0,"key":"Whetstone"}],"event_choices":[],"is_beta":false,"boss_relics":[],"items_purged_floors":[2,10],"is_endless":false,"potions_floor_spawned":[1,3],"killed_by":"Gremlin Nob","ascension_level":16}}