{"host":"KYO","time":1613044994,"event":{"mods":["ATMod(°¢èªMod)","BaseMod","Better Vampires","Minty Spire (QoL Compilation)","Permanent Neow","Replay The Spire","Shop Mod","StSLib","SuperFastMode","TestMod","[IsaacMod]ÒÔÈö¼âËþ","¡¾ÒÅÎï¿¨ÅÆ¡¿REMEMod"],"gold_per_floor":[115,115,140,189,114,114,147,147,147,147,147],"floor_reached":10,"language":"ZHS","playtime":338,"items_purged":["Hallucinations"],"score":128,"play_id":"9097f1ca-4115-4053-86fc-e6eef6fbfa3f","local_time":"20210211200314","is_ascension_mode":true,"campfire_choices":[{"data":"AT_IrregularMenstruation","floor":6.0,"key":"SMITH"},{"data":"Eruption","floor":8.0,"key":"SMITH"}],"circlet_count":0,"master_deck":["AscendersBane","Strike_P","Strike_P","Strike_P","Defend_P","Defend_P","Defend_P","Eruption+1","Vigilance","AT_IrregularMenstruation+1","ForeignInfluence","Steam","Consecrate","AT_ChampionStep"],"relics":["HushsDoor","AT_ATBox","REME_ComplimentaryCards","testmod-TestBox","D6","testmod-ObsoleteBoomerang","Cursed Key","AT_ChloranthyRing","Oddly Smooth Stone"],"acts_visited":["Exordium"],"potions_floor_usage":[],"damage_taken":[{"damage":0.0,"enemies":"2 Louse","floor":1.0,"turns":3.0},{"damage":0.0,"enemies":"Small Slimes","floor":4.0,"turns":2.0},{"damage":34.0,"enemies":"3 Sentries","floor":7.0,"turns":8.0},{"damage":8,"enemies":"Gremlin Nob","floor":10,"turns":3}],"seed_played":"-7571000749354533481","potions_obtained":[{"floor":1.0,"key":"REME_GoldPotion"}],"is_trial":false,"path_per_floor":["M","?","T","M","$","R","E","R","T","E"],"character_chosen":"WATCHER","items_purchased":[],"campfire_rested":0,"item_purchase_floors":[],"current_hp_per_floor":[61,61,61,61,61,61,27,27,27,19,19],"gold":147,"neow_bonus":"BOSS_RELIC","is_daily":false,"chose_seed":false,"campfire_upgraded":2,"win_rate":0.0,"timestamp":1613044994,"path_taken":["M","?","?","M","$","R","E","R","T","E"],"items_purchased_type":[],"build_version":"2020-12-18","purchased_purges":1,"victory":false,"max_hp_per_floor":[68,68,68,68,68,68,68,68,68,68,68],"card_choices":[{"not_picked":["Replay:DivineShield","CrushJoints","PathToVictory"],"picked":"SKIP","floor":1.0},{"not_picked":["Replay:Vibes","REME_Repentance"],"picked":"Consecrate","floor":4.0},{"not_picked":["Crescendo","REME_CRH"],"picked":"AT_ChampionStep","floor":7.0}],"player_experience":762126,"relics_obtained":[{"floor":3.0,"key":"AT_ChloranthyRing"},{"floor":7.0,"key":"Oddly Smooth Stone"}],"event_choices":[],"is_beta":true,"boss_relics":[],"items_purged_floors":[5],"is_endless":false,"potions_floor_spawned":[1],"killed_by":"Gremlin Nob","ascension_level":20}}