{"host":"h7xtspmc2x3i8s2i","time":1613002627,"event":{"mods":["2.2 Compatiblity","AchievementEnabler","Act Like it!","AlwaysNeverKeys","Aspiration","Astrologer","BaseMod","Bestiary","Better Altar","Better Match","Better Note","Better Sensory Stone","Better Skull","Better Third Choice","Better Vampires","Better-Laid Plans","Colored Map","Colored Powertips","Conjunction","Curses Come First","Defuse TimeMaze Blight","Dio Mod","Disable Question Mark Monsters","Dota2Spire","Downfall","EXCEPTION","Emptier Cage","Energized Spire","Evolution","Friendly Minions","GifTheSpireLib","Gold Saver","Gremlin Skip","Halation","Hubris","Hyrulean Relics","Jedi Mod","Key Reminder","Marked Mod","Minty Spire (QoL Compilation)","Permanent Neow","Potion Indicator Mod","Quick Restart","Random Character Button","Random Character Mod","Rare Cards Sparkle","Relic Filter","Relic Stats","Reliquary","Replay The Spire","SacredBarkPlus","Shop Mod","Smile Girya","Somnambulant","Spicy Shops","Spikes Relics","Spire Birthday Party","StSLib","Steal the Spire","Stuff the Spire","SuperFastMode","The Awakened One except there are too many feathers","The Blue Laboratory","The Cursed","The Death Knight","The Edgeheg","The Problem Sleuth","The Runesmith","The Wild Card","Trackpad","Transform Curses","Uncapped","Unceasing Turn Reminder","Virulent Crown","Wide Potions","everything is the same but u backflip on backflip","slay the spire mod where everything is the same but ironclad has a cowboy hat"],"gold_per_floor":[99,119,131,155,155,155,155,172,72,57,89,89,89,2,12,109,109,9,19,19,36,36,55,55,155,182,4,4,15,15,15,32,128,128,128,145,94,113,113,132,182,182,182,182,182,182,182,213,113,113,113,141,25,25,25,25],"floor_reached":57,"language":"ENG","playtime":1959,"items_purged":[],"score":924,"play_id":"4f335b03-05ac-407c-baf8-b4f1c483c2d5","local_time":"20210210191707","daily_mods":["Vintage","Flight"],"is_ascension_mode":false,"campfire_choices":[{"floor":1,"key":"RECALL"},{"data":"Twin Strike","floor":9,"key":"SMITH"},{"data":"Twin Strike","floor":43,"key":"SMITH"},{"data":"StuffTheSpire:Resist","floor":45,"key":"SMITH"},{"data":"Barricade","floor":49,"key":"SMITH"},{"data":"Sadistic Nature","floor":54,"key":"SMITH"}],"circlet_count":0,"master_deck":["Twin Strike+1","Twin Strike+1","Twin Strike+1","Defend_R+1","Defend_R+1","Defend_R+1","Defend_R+1","Bash","Pommel Strike","jedi:collectorstrike","Mayhem+1","hubris:ReadiedAction+1","jedi:MakeshiftSword","Replay:SS_forest_2","ReplayTheSpireMod:LeadingStrike+1","StuffTheSpire:Resist+1","Barricade+1","Inflame","Sadistic Nature+1"],"relics":["Burning Blood","EVO:Axolotl","reliquary:RosewoodLute","Dota2Spire:ArcaneBoots","zeldaRelics:CourageTriforce","reliquary:OuijaBoard","downfall:HeartBlessingRed","trackpad:AdjectivePendant","downfall:HeartBlessingBlue","aspiration:HiddenCompartment","halation:EternalFortune","hubris:TinFlute","reliquary:Firecrackers","jedi:matchstick","StuffTheSpire:CocoNut","zeldaRelics:WisdomTriforce","MerchantsRug","Dota2Spire:DrumOfEndurance","hexamod:CandleOfCauterizing","halation:PinkSoulGem","TungstenRod","hubris:Towel","Dota2Spire:AghanimScepter","aspiration:HummingbirdHeart","hubris:CuriousFeather","Replay:Bottled Eggs","hubris:Icosahedron","m_SlimeRing","zeldaRelics:PowerTriforce","downfall:HeartBlessingGreen"],"acts_visited":["Exordium","TheCity","TheBeyond","TheEnding"],"potions_floor_usage":[14,14,16,25,25,27,40,40,40],"damage_taken":[{"damage":0,"enemies":"Cultist","floor":2,"turns":2},{"damage":1,"enemies":"Jaw Worm","floor":3,"turns":4},{"damage":9,"enemies":"2 Louse","floor":8,"turns":2},{"damage":10,"enemies":"downfall:FleeingMerchant","floor":10,"turns":4},{"damage":12,"enemies":"3 Sentries","floor":11,"turns":7},{"damage":5,"enemies":"downfall:FleeingMerchant","floor":14,"turns":4},{"damage":7,"enemies":"Blue Slaver","floor":15,"turns":2},{"damage":55,"enemies":"DF_ARCHETYPE_STREAMLINE","floor":16,"turns":9},{"damage":8,"enemies":"3 Byrds","floor":19,"turns":5},{"damage":5,"enemies":"Chosen","floor":21,"turns":4},{"damage":17,"enemies":"Snecko","floor":23,"turns":5},{"damage":17,"enemies":"IC_STATUS_ARCHETYPE","floor":25,"turns":4},{"damage":10,"enemies":"downfall:FleeingMerchant","floor":27,"turns":4},{"damage":17,"enemies":"3 Cultists","floor":29,"turns":5},{"damage":9,"enemies":"Cultist and Chosen","floor":32,"turns":3},{"damage":61,"enemies":"SI_MIRROR_ARCHETYPE","floor":33,"turns":7},{"damage":8,"enemies":"3 Shapes","floor":36,"turns":4},{"damage":13,"enemies":"3 Darklings","floor":38,"turns":4},{"damage":4,"enemies":"Writhing Mass","floor":40,"turns":2},{"damage":25,"enemies":"R_Hoarder","floor":48,"turns":5},{"damage":2,"enemies":"IC_BLOCK_ARCHETYPE","floor":50,"turns":5},{"damage":15,"enemies":"downfall:CharBossMerchant","floor":52,"turns":6},{"damage":0,"enemies":"downfall:NeowBoss","floor":55,"turns":9},{"damage":15,"enemies":"downfall:NeowBossFinal","floor":56,"turns":6}],"seed_played":"984253646634787726","potions_obtained":[{"floor":8,"key":"Dota2Spire:HealingSalve"},{"floor":11,"key":"Fire Potion"},{"floor":15,"key":"blueLaboratory:FruitPunch"},{"floor":16,"key":"BloodPotion"},{"floor":18,"key":"CultistPotion"},{"floor":21,"key":"blueLaboratory:BottleOfRum"},{"floor":29,"key":"bronze:BurnAndBuffPotion"},{"floor":32,"key":"sneckomod:MuddlingPotion"},{"floor":36,"key":"blueLaboratory:BottledHope"},{"floor":38,"key":"Conjunction:LightningMarble"},{"floor":52,"key":"DuplicationPotion"}],"is_trial":true,"path_per_floor":["R","M","M","T","?","WH","T","M","R","$","E","WH","?","$","M","B",null,"R_BF","M","WH","M","?","M","T","?","T","$","WH","M","$","?","M","B",null,"R_BF","M","$","M","WH","M","T","?","R","WH","R","WH","WH","E","R","B",null,"E","$","R","B","B",null],"character_chosen":"IRONCLAD","items_purchased":["jedi:collectorstrike","MerchantsRug","Dota2Spire:DrumOfEndurance","hexamod:CandleOfCauterizing","ReplayTheSpireMod:LeadingStrike+1","Inflame","Sadistic Nature"],"campfire_rested":0,"item_purchase_floors":[14,27,27,27,37,53,53],"current_hp_per_floor":[80,80,80,80,81,81,81,78,78,74,68,68,68,81,80,33,83,93,91,94,95,95,84,84,80,80,96,96,85,85,85,82,30,106,106,104,104,97,97,102,102,102,102,102,102,102,102,95,95,99,109,100,100,100,106,97],"gold":25,"neow_bonus":"NOSTALGIA","is_daily":false,"chose_seed":false,"campfire_upgraded":5,"win_rate":0.0,"timestamp":1613002627,"path_taken":["R","M","M","?","?","WH","T","?","R","?","E","WH","?","?","M","BOSS","R_BF","M","WH","M","?","M","T","?","?","?","WH","?","?","?","M","BOSS","R_BF","M","?","M","WH","?","T","?","R","WH","R","WH","WH","E","R","BOSS","E","$","R","BOSS","BOSS"],"items_purchased_type":["Card","Relic","Relic","Relic","Card","Card","Card"],"build_version":"2020-12-22","purchased_purges":0,"victory":true,"max_hp_per_floor":[80,80,80,80,81,81,81,81,81,81,81,81,81,81,81,83,83,93,93,96,96,96,96,96,103,103,103,103,103,103,103,103,106,106,106,106,106,106,106,109,109,109,109,109,109,109,109,109,109,109,109,109,109,109,109,109],"relic_stats":{"counters":[24,112],"obtain_stats":[{"reliquary:OuijaBoard":8,"reliquary:Firecrackers":23,"Dota2Spire:DrumOfEndurance":27,"downfall:HeartBlessingGreen":49,"EVO:Axolotl":0,"Burning Blood":0,"zeldaRelics:WisdomTriforce":48,"m_SlimeRing":47,"hubris:Icosahedron":42,"downfall:HeartBlessingBlue":18,"jedi:matchstick":25,"hubris:CuriousFeather":38,"zeldaRelics:CouragePiece":7,"Dota2Spire:ArcaneBoots":6,"trackpad:AdjectivePendant":15,"Replay:Bottled Eggs":40,"zeldaRelics:PowerPiece":48,"hubris:TinFlute":21,"MerchantsRug":27,"zeldaRelics:WisdomPiece":26,"hexamod:CandleOfCauterizing":27,"downfall:HeartBlessingRed":9,"aspiration:Nostalgia":46,"theEdgeheg:CSGunRelic":46,"aspiration:HummingbirdHeart":36,"zeldaRelics:PowerTriforce":52,"reliquary:RosewoodLute":3,"hubris:Towel":31,"aspiration:HiddenCompartment":19,"zeldaRelics:CourageTriforce":24,"keyreminder:keyreminder":1,"Replay:Baseball":2,"Dota2Spire:AghanimScepter":32,"halation:EternalFortune":20,"StuffTheSpire:CocoNut":25,"halation:PinkSoulGem":28,"TungstenRod":29},{"reliquary:OuijaBoard":3,"reliquary:Firecrackers":11,"Dota2Spire:DrumOfEndurance":13,"downfall:HeartBlessingGreen":20,"EVO:Axolotl":0,"Burning Blood":0,"zeldaRelics:WisdomTriforce":20,"m_SlimeRing":19,"hubris:Icosahedron":19,"downfall:HeartBlessingBlue":8,"jedi:matchstick":12,"hubris:CuriousFeather":18,"zeldaRelics:CouragePiece":2,"Dota2Spire:ArcaneBoots":2,"trackpad:AdjectivePendant":7,"Replay:Bottled Eggs":19,"zeldaRelics:PowerPiece":20,"hubris:TinFlute":10,"MerchantsRug":13,"zeldaRelics:WisdomPiece":12,"hexamod:CandleOfCauterizing":13,"downfall:HeartBlessingRed":3,"aspiration:Nostalgia":19,"theEdgeheg:CSGunRelic":19,"aspiration:HummingbirdHeart":17,"zeldaRelics:PowerTriforce":22,"reliquary:RosewoodLute":2,"hubris:Towel":14,"aspiration:HiddenCompartment":9,"zeldaRelics:CourageTriforce":11,"keyreminder:keyreminder":0,"Replay:Baseball":1,"Dota2Spire:AghanimScepter":15,"halation:EternalFortune":9,"StuffTheSpire:CocoNut":12,"halation:PinkSoulGem":13,"TungstenRod":14},{"reliquary:OuijaBoard":8,"reliquary:Firecrackers":48,"Dota2Spire:DrumOfEndurance":56,"downfall:HeartBlessingGreen":86,"EVO:Axolotl":0,"Burning Blood":0,"zeldaRelics:WisdomTriforce":86,"m_SlimeRing":81,"hubris:Icosahedron":81,"downfall:HeartBlessingBlue":34,"jedi:matchstick":52,"hubris:CuriousFeather":79,"zeldaRelics:CouragePiece":6,"Dota2Spire:ArcaneBoots":6,"trackpad:AdjectivePendant":25,"Replay:Bottled Eggs":81,"zeldaRelics:PowerPiece":86,"hubris:TinFlute":43,"MerchantsRug":56,"zeldaRelics:WisdomPiece":52,"hexamod:CandleOfCauterizing":56,"downfall:HeartBlessingRed":8,"aspiration:Nostalgia":81,"theEdgeheg:CSGunRelic":81,"aspiration:HummingbirdHeart":75,"zeldaRelics:PowerTriforce":97,"reliquary:RosewoodLute":6,"hubris:Towel":61,"aspiration:HiddenCompartment":39,"zeldaRelics:CourageTriforce":48,"keyreminder:keyreminder":0,"Replay:Baseball":2,"Dota2Spire:AghanimScepter":64,"halation:EternalFortune":39,"StuffTheSpire:CocoNut":52,"halation:PinkSoulGem":56,"TungstenRod":61}],"Burning Blood":133,"TungstenRod":38},"card_choices":[{"not_picked":["Cleave","Replay:Undeath\u0027s Touch","Blood for Blood"],"picked":"SKIP","floor":10},{"not_picked":["Whirlwind","Armaments","Berserk"],"picked":"SKIP","floor":11},{"not_picked":["Whirlwind","Iron Wave"],"picked":"Pommel Strike","floor":14},{"not_picked":["Massacre","True Grit"],"picked":"hubris:ReadiedAction+1","floor":25},{"not_picked":["Rage+1","hubris:ReadiedAction"],"picked":"jedi:MakeshiftSword","floor":27},{"not_picked":["Reaper","Limit Break"],"picked":"jedi:collectorstrike","floor":33},{"not_picked":["expansioncontent:LastStand","expansioncontent:AwakenDeath"],"picked":"Replay:SS_forest_2","floor":35},{"not_picked":["BarbarianYell","Warcry"],"picked":"Barricade","floor":48},{"not_picked":["jedi:collectorstrike","Replay:Undeath\u0027s Touch"],"picked":"jedi:collectorstrike","floor":52}],"player_experience":394058,"relics_obtained":[{"floor":2,"key":"Replay:Baseball"},{"floor":3,"key":"reliquary:RosewoodLute"},{"floor":7,"key":"zeldaRelics:CouragePiece"},{"floor":8,"key":"reliquary:OuijaBoard"},{"floor":11,"key":"zeldaRelics:CouragePiece"},{"floor":15,"key":"trackpad:AdjectivePendant"},{"floor":19,"key":"aspiration:HiddenCompartment"},{"floor":21,"key":"hubris:TinFlute"},{"floor":23,"key":"reliquary:Firecrackers"},{"floor":24,"key":"zeldaRelics:CouragePiece"},{"floor":25,"key":"jedi:matchstick"},{"floor":25,"key":"StuffTheSpire:CocoNut"},{"floor":26,"key":"zeldaRelics:WisdomPiece"},{"floor":29,"key":"TungstenRod"},{"floor":32,"key":"Dota2Spire:AghanimScepter"},{"floor":33,"key":"halation:EternalFortune"},{"floor":36,"key":"aspiration:HummingbirdHeart"},{"floor":38,"key":"hubris:CuriousFeather"},{"floor":40,"key":"halation:EternalFortune"},{"floor":40,"key":"Replay:Bottled Eggs"},{"floor":41,"key":"zeldaRelics:WisdomPiece"},{"floor":48,"key":"zeldaRelics:WisdomPiece"},{"floor":48,"key":"zeldaRelics:WisdomPiece"},{"floor":52,"key":"zeldaRelics:PowerPiece"},{"floor":52,"key":"zeldaRelics:PowerPiece"}],"event_choices":[{"damage_healed":0,"gold_gain":0,"player_choice":"Take","damage_taken":0,"max_hp_gain":0,"max_hp_loss":0,"event_name":"betterNote:BetterNote","floor":22,"gold_loss":0,"cards_obtained":["Mayhem"]}],"is_beta":false,"boss_relics":[{"not_picked":["halation:SmartPhone","jedi:battlestandard","hubris:TerracottaHorce"]},{"not_picked":["Electric Blood","reliquary:KinkedSpring","halation:PlatinumPhoenix"]}],"items_purged_floors":[],"is_endless":false,"potions_floor_spawned":[8,11,15,16,21,29,32,36,38,52],"ascension_level":0}}