{"host":"qdluzwl0w2iptkmi","time":1613044354,"event":{"mods":["AchievementEnabler","BaseMod","BetterRewards","DeckTracker","Keyboard Shortcuts","Minty Spire (QoL Compilation)","Quick Restart","Relic Stats","StSLib","SuperFastMode"],"gold_per_floor":[117,217,229,244,194,194,213,223,223,233,250,281,62,74,74,179,179,192,107,206,206,106,106,122,122,122,136,147,147,22,52,52,52,52],"floor_reached":33,"language":"KOR","playtime":1796,"items_purged":["Strike_G","Flechettes","Crippling Poison"],"score":269,"play_id":"b412cf29-4b5f-4601-9e77-e54922af9622","local_time":"20210211205234","is_ascension_mode":false,"campfire_choices":[{"data":"Neutralize","floor":6.0,"key":"SMITH"},{"data":"Noxious Fumes","floor":15.0,"key":"SMITH"},{"data":"Terror","floor":23.0,"key":"SMITH"},{"data":"After Image","floor":25,"key":"SMITH"},{"data":"Bouncing Flask","floor":32,"key":"SMITH"}],"circlet_count":0,"master_deck":["Survivor","Neutralize+1","Escape Plan","Masterful Stab","Dagger Spray","PiercingWail","Noxious Fumes+1","Die Die Die+1","Die Die Die","After Image+1","All Out Attack","Bouncing Flask+1","Skewer+1","Poisoned Stab","Terror+1","Backflip+1"],"relics":["Ring of the Snake","Tingsha","Letter Opener","Shuriken","DollysMirror","Pandora\u0027s Box","InkBottle","Whetstone","CaptainsWheel","Ornamental Fan"],"acts_visited":["Exordium","TheCity"],"potions_floor_usage":[27,31,31],"damage_taken":[{"damage":0.0,"enemies":"Small Slimes","floor":1.0,"turns":3.0},{"damage":1.0,"enemies":"Cultist","floor":3.0,"turns":4.0},{"damage":0.0,"enemies":"2 Louse","floor":4.0,"turns":2.0},{"damage":12.0,"enemies":"Exordium Thugs","floor":7.0,"turns":8.0},{"damage":13.0,"enemies":"2 Fungi Beasts","floor":8.0,"turns":3.0},{"damage":0.0,"enemies":"Blue Slaver","floor":10.0,"turns":4.0},{"damage":0.0,"enemies":"Exordium Wildlife","floor":11.0,"turns":3.0},{"damage":9.0,"enemies":"3 Sentries","floor":12.0,"turns":4.0},{"damage":0.0,"enemies":"Looter","floor":14.0,"turns":2.0},{"damage":20.0,"enemies":"The Guardian","floor":16.0,"turns":11.0},{"damage":3.0,"enemies":"Chosen","floor":18.0,"turns":4.0},{"damage":10,"enemies":"Spheric Guardian","floor":24,"turns":3},{"damage":10,"enemies":"Snake Plant","floor":27,"turns":4},{"damage":0,"enemies":"Centurion and Healer","floor":28,"turns":5},{"damage":5,"enemies":"Slavers","floor":31,"turns":3},{"damage":40,"enemies":"Automaton","floor":33,"turns":6}],"seed_played":"756597197246849177","potions_obtained":[{"floor":1.0,"key":"Ancient Potion"},{"floor":8.0,"key":"DistilledChaos"},{"floor":10.0,"key":"DistilledChaos"},{"floor":14.0,"key":"Ancient Potion"},{"floor":24,"key":"SneckoOil"},{"floor":27,"key":"SkillPotion"}],"is_trial":false,"path_per_floor":["M","?","M","M","?","R","M","M","T","M","M","E","$","M","R","B",null,"M","?","?","T","$","R","M","R","T","M","M","?","$","E","R","B"],"character_chosen":"THE_SILENT","items_purchased":["DollysMirror"],"campfire_rested":0,"item_purchase_floors":[13],"current_hp_per_floor":[63,63,62,62,62,62,50,37,37,37,37,28,28,28,28,8,63,60,60,60,60,60,60,50,50,50,40,40,40,40,35,35,0,0],"gold":52,"neow_bonus":"ONE_RARE_RELIC","is_daily":false,"chose_seed":false,"campfire_upgraded":5,"win_rate":0.0,"timestamp":1613044354,"path_taken":["M","?","M","?","?","R","M","M","T","M","M","E","$","M","R","BOSS","M","?","?","?","$","R","M","R","T","?","M","?","?","E","R","BOSS"],"items_purchased_type":["Relic"],"build_version":"2020-12-22","purchased_purges":3,"victory":false,"max_hp_per_floor":[63,63,63,63,63,63,63,63,63,63,63,63,63,63,63,63,63,63,63,63,63,63,63,63,63,63,63,63,63,63,63,63,63,63],"relic_stats":{"counters":[16,69],"Shuriken":[11],"Ornamental Fan":[12],"Tingsha":[48],"Pandora\u0027s Box":["Crippling Poison","All Out Attack","Flechettes","Flechettes","Bouncing Flask","Skewer","Poisoned Stab","Terror"],"Letter Opener":[54],"Whetstone":["Skewer","Die Die Die"],"obtain_stats":[{"CaptainsWheel":26,"Shuriken":12,"DollysMirror":13,"Ornamental Fan":31,"Tingsha":0,"Pandora\u0027s Box":17,"Letter Opener":9,"Whetstone":21,"InkBottle":19,"Ring of the Snake":0},{"CaptainsWheel":12,"Shuriken":8,"DollysMirror":8,"Ornamental Fan":15,"Tingsha":0,"Pandora\u0027s Box":10,"Letter Opener":5,"Whetstone":11,"InkBottle":11,"Ring of the Snake":0},{"CaptainsWheel":51,"Shuriken":31,"DollysMirror":31,"Ornamental Fan":63,"Tingsha":0,"Pandora\u0027s Box":44,"Letter Opener":20,"Whetstone":48,"InkBottle":48,"Ring of the Snake":0}],"InkBottle":[7],"Ring of the Snake":[32]},"card_choices":[{"not_picked":["Deflect","Quick Slash"],"picked":"Escape Plan","floor":1.0},{"not_picked":["Catalyst","Quick Slash","Prepared"],"picked":"SKIP","floor":3.0},{"not_picked":["Deadly Poison","PiercingWail"],"picked":"Masterful Stab","floor":4.0},{"not_picked":["Slice","Dagger Throw"],"picked":"Dagger Spray","floor":7.0},{"not_picked":["Cloak And Dagger","Bane","Dagger Spray"],"picked":"SKIP","floor":8.0},{"not_picked":["Cloak And Dagger","Endless Agony"],"picked":"PiercingWail","floor":10.0},{"not_picked":["Deadly Poison","Dagger Throw"],"picked":"Noxious Fumes","floor":11.0},{"not_picked":["Masterful Stab","Dash"],"picked":"Die Die Die","floor":12.0},{"not_picked":["Noxious Fumes","Dagger Spray","Distraction"],"picked":"SKIP","floor":14.0},{"not_picked":["Doppelganger","Storm of Steel"],"picked":"After Image","floor":16.0},{"not_picked":["Choke","Tactician+1"],"picked":"Backflip+1","floor":18.0},{"not_picked":["Riddle With Holes+1","Terror","Outmaneuver"],"picked":"SKIP","floor":24},{"not_picked":["Concentrate","Endless Agony+1","Prepared+1"],"picked":"SKIP","floor":27},{"not_picked":["Masterful Stab","Flying Knee+1","Quick Slash"],"picked":"SKIP","floor":28},{"not_picked":["Well Laid Plans","Bane","Crippling Poison+1"],"picked":"SKIP","floor":31}],"player_experience":1262589,"relics_obtained":[{"floor":9.0,"key":"Letter Opener"},{"floor":12.0,"key":"Shuriken"},{"floor":21.0,"key":"Whetstone"},{"floor":26,"key":"CaptainsWheel"},{"floor":31,"key":"Ornamental Fan"}],"event_choices":[{"damage_healed":0.0,"max_hp_gain":0.0,"max_hp_loss":0.0,"gold_gain":100.0,"event_name":"Golden Shrine","player_choice":"Pray","floor":2.0,"gold_loss":0.0,"damage_taken":0.0},{"cards_removed":["Strike_G"],"damage_healed":0.0,"max_hp_gain":0.0,"max_hp_loss":0.0,"gold_gain":0.0,"event_name":"The Cleric","player_choice":"Card Removal","floor":5.0,"gold_loss":50.0,"damage_taken":0.0},{"damage_healed":0.0,"max_hp_gain":0.0,"max_hp_loss":0.0,"gold_gain":0.0,"event_name":"Addict","player_choice":"Obtained Relic","floor":19.0,"gold_loss":85.0,"damage_taken":0.0,"relics_obtained":["InkBottle"]},{"damage_healed":0.0,"max_hp_gain":0.0,"max_hp_loss":0.0,"gold_gain":99.0,"event_name":"Nest","player_choice":"Stole From Cult","floor":20.0,"gold_loss":0.0,"damage_taken":0.0},{"cards_removed":["Flechettes"],"damage_healed":0,"gold_gain":0,"player_choice":"Purged","damage_taken":0,"max_hp_gain":0,"max_hp_loss":0,"event_name":"Purifier","floor":29,"gold_loss":0}],"is_beta":false,"boss_relics":[{"not_picked":["Ectoplasm","Cursed Key"],"picked":"Pandora\u0027s Box"}],"items_purged_floors":[13,22,30],"is_endless":false,"potions_floor_spawned":[1,8,10,14,24,27,28],"killed_by":"Automaton","ascension_level":0}}