{"host":"37ccm3d17clopct7","time":1613030102,"event":{"mods":["BaseMod","GungeonMod","Hermit","Lobotomy","Minty Spire (QoL Compilation)","StSLib","The Bug Knight","The Cursed","The Hierophant","The Jungle","The Runesmith"],"gold_per_floor":[117,117,138,213,63,102,117,117,117,187,187,206,206,57,57,57,57],"floor_reached":16,"language":"KOR","playtime":765,"items_purged":["TheCursedMod:Strike_TheCursed"],"score":103,"play_id":"1e6a9cf8-9e13-497b-9ad2-f338b9597fc2","local_time":"20210211165502","is_ascension_mode":true,"campfire_choices":[{"floor":8,"key":"REST"},{"data":"TheCursedMod:NeowsMight","floor":11,"key":"SMITH"},{"floor":15,"key":"REST"}],"circlet_count":0,"master_deck":["TheCursedMod:Strike_TheCursed","TheCursedMod:Strike_TheCursed","TheCursedMod:Strike_TheCursed","TheCursedMod:Defend_TheCursed","TheCursedMod:Defend_TheCursed","TheCursedMod:Defend_TheCursed","TheCursedMod:Defend_TheCursed","TheCursedMod:CursedWand","TheCursedMod:CleanUpWorkshop","TheCursedMod:Dregs","TheCursedMod:CircleOfCorruption","Injury","TheCursedMod:ManaBullet","TheCursedMod:HellfireBreathing","TheCursedMod:DoubleShield","TheCursedMod:NeowsMight+1","TheCursedMod:WearCloak","TheCursedMod:Obscuration"],"relics":["TheCursedMod:BlackMagic101","Golden Idol","Tiny Chest","Bottled Lightning","Ancient Tea Set","Bag of Preparation"],"acts_visited":["Exordium"],"potions_floor_usage":[],"damage_taken":[{"damage":4,"enemies":"Jaw Worm","floor":1,"turns":5},{"damage":0,"enemies":"Small Slimes","floor":3,"turns":4},{"damage":48,"enemies":"Lagavulin","floor":6,"turns":12},{"damage":1,"enemies":"2 Louse","floor":7,"turns":3},{"damage":3,"enemies":"3 Sentries","floor":10,"turns":9},{"damage":2,"enemies":"Blue Slaver","floor":12,"turns":3},{"damage":73,"enemies":"Slime Boss","floor":16,"turns":14}],"seed_played":"3677239172671913762","potions_obtained":[{"floor":10,"key":"SteroidPotion"},{"floor":12,"key":"SpeedPotion"}],"is_trial":false,"path_per_floor":["M","?","M","?","$","E","M","R","T","?","R","M","?","$","R","B"],"character_chosen":"THE_CURSED","items_purchased":["TheCursedMod:HellfireBreathing","Bag of Preparation"],"campfire_rested":2,"item_purchase_floors":[5,14],"current_hp_per_floor":[78,78,78,67,67,19,18,42,42,39,39,37,42,42,68,0,0],"gold":57,"neow_bonus":"TEN_PERCENT_HP_BONUS","is_daily":false,"chose_seed":false,"campfire_upgraded":1,"win_rate":0.0,"timestamp":1613030102,"path_taken":["M","?","M","?","$","E","M","R","T","?","R","M","?","?","R","BOSS"],"items_purchased_type":["Card","Relic"],"build_version":"2020-12-22","purchased_purges":1,"victory":false,"max_hp_per_floor":[82,82,82,82,82,82,82,82,82,82,82,82,87,87,87,87,87],"card_choices":[{"not_picked":["TheCursedMod:CircleOfWindfury","TheCursedMod:CursedStaff"],"picked":"TheCursedMod:CircleOfCorruption","floor":1},{"not_picked":["TheCursedMod:Obscuration","TheCursedMod:EmpowerCircles"],"picked":"TheCursedMod:ManaBullet","floor":3},{"not_picked":["TheCursedMod:CircleOfWindfury","TheCursedMod:Wield"],"picked":"TheCursedMod:DoubleShield","floor":6},{"not_picked":["TheCursedMod:TroublousMinions","TheCursedMod:SpreadPlague"],"picked":"TheCursedMod:NeowsMight","floor":7},{"not_picked":["TheCursedMod:CursedBlade","TheCursedMod:CursedShiv"],"picked":"TheCursedMod:WearCloak","floor":10},{"not_picked":["TheCursedMod:SoulReap","TheCursedMod:CursedAmulet"],"picked":"TheCursedMod:Obscuration","floor":12}],"player_experience":173845,"relics_obtained":[{"floor":6,"key":"Tiny Chest"},{"floor":9,"key":"Bottled Lightning"},{"floor":10,"key":"Ancient Tea Set"}],"event_choices":[{"damage_healed":0,"gold_gain":0,"player_choice":"Take Wound","damage_taken":0,"relics_obtained":["Golden Idol"],"max_hp_gain":0,"max_hp_loss":0,"event_name":"Golden Idol","floor":2,"gold_loss":0,"cards_obtained":["Injury"]},{"damage_healed":0,"gold_gain":75,"player_choice":"Gather Gold","damage_taken":11,"max_hp_gain":0,"max_hp_loss":0,"event_name":"World of Goop","floor":4,"gold_loss":0},{"damage_healed":0,"gold_gain":0,"player_choice":"Searched \u00271\u0027 times","damage_taken":0,"max_hp_gain":0,"max_hp_loss":0,"event_name":"Dead Adventurer","floor":10,"gold_loss":0},{"damage_healed":0,"gold_gain":0,"player_choice":"Donut","damage_taken":0,"max_hp_gain":5,"max_hp_loss":0,"event_name":"Big Fish","floor":13,"gold_loss":0}],"is_beta":false,"boss_relics":[],"items_purged_floors":[5],"is_endless":false,"potions_floor_spawned":[10,12],"killed_by":"Slime Boss","ascension_level":1}}