{"host":"8f5cu9y0fpol72qs","time":1613023778,"event":{"mods":["AlwaysNeverKeys","BaseMod","Colored Map","Colored Powertips","Curses Come First","Highlight Path","Key Reminder","Minty Spire (QoL Compilation)","StSLib"],"gold_per_floor":[117,117,135,155,155,155,187,203,226,246,277,277,277,303,303,382,382,398,408,114,127,177,212,226,226,251,281,147,179,191,233,245,335,347,378,408,432,458,489,526,558,598,633,674,314,314,348,364,364,364,364,364,70,95,95,95],"floor_reached":55,"language":"ENG","playtime":4802,"items_purged":["Strike_R","Strike_R","Bloodletting","Cleave"],"score":1758,"play_id":"569d7d4b-9004-4406-91c1-2e07c429ead4","local_time":"20210210220938","is_ascension_mode":true,"campfire_choices":[{"data":"Carnage","floor":6.0,"key":"SMITH"},{"data":"Demon Form","floor":13.0,"key":"SMITH"},{"data":"Battle Trance","floor":15.0,"key":"SMITH"},{"data":"Pommel Strike","floor":25.0,"key":"SMITH"},{"data":"Warcry","floor":30.0,"key":"SMITH"},{"data":"Heavy Blade","floor":32.0,"key":"SMITH"},{"floor":49.0,"key":"RECALL"},{"data":"Impervious","floor":52.0,"key":"SMITH"}],"circlet_count":0,"master_deck":["AscendersBane","Defend_R","Defend_R","Defend_R","Defend_R","Bash","Carnage+1","Heavy Blade+1","Shrug It Off+1","Battle Trance+1","Inflame+1","Demon Form+1","Warcry+1","Pommel Strike+1","Reaper","Clothesline","Impervious+1","Uppercut+1","Evolve+1","Demon Form+1","Heavy Blade","Barricade+1","Impervious","Heavy Blade+1"],"relics":["Burning Blood","Nunchaku","Oddly Smooth Stone","Blood Vial","Frozen Egg 2","Sundial","Snecko Eye","Membership Card","Omamori","Bag of Marbles","Dream Catcher","Lantern","MawBank","Calipers","Velvet Choker","Darkstone Periapt","Thread and Needle","Potion Belt","OrangePellets","Centennial Puzzle","Vajra","Ginger","Happy Flower"],"acts_visited":["Exordium","TheCity","TheBeyond","TheEnding"],"potions_floor_usage":[54,55,55],"damage_taken":[{"damage":0.0,"enemies":"2 Louse","floor":1.0,"turns":2.0},{"damage":1.0,"enemies":"Small Slimes","floor":3.0,"turns":3.0},{"damage":3.0,"enemies":"Cultist","floor":4.0,"turns":4.0},{"damage":24.0,"enemies":"3 Sentries","floor":7.0,"turns":7.0},{"damage":2.0,"enemies":"Lots of Slimes","floor":8.0,"turns":3.0},{"damage":3.0,"enemies":"Blue Slaver","floor":10.0,"turns":4.0},{"damage":8.0,"enemies":"Gremlin Nob","floor":11.0,"turns":3.0},{"damage":4.0,"enemies":"Lagavulin","floor":14.0,"turns":7.0},{"damage":26.0,"enemies":"Slime Boss","floor":16.0,"turns":4.0},{"damage":0.0,"enemies":"Spheric Guardian","floor":18.0,"turns":3.0},{"damage":20.0,"enemies":"3 Byrds","floor":19.0,"turns":4.0},{"damage":0.0,"enemies":"Snecko","floor":21.0,"turns":2.0},{"damage":30.0,"enemies":"Slavers","floor":23.0,"turns":5.0},{"damage":6.0,"enemies":"Centurion and Healer","floor":24.0,"turns":7.0},{"damage":32.0,"enemies":"Book of Stabbing","floor":27.0,"turns":3.0},{"damage":0.0,"enemies":"Gremlin Leader","floor":29.0,"turns":4.0},{"damage":8.0,"enemies":"Slavers","floor":31.0,"turns":3.0},{"damage":17.0,"enemies":"Automaton","floor":33.0,"turns":6.0},{"damage":4.0,"enemies":"3 Darklings","floor":35.0,"turns":3.0},{"damage":24.0,"enemies":"3 Shapes","floor":36.0,"turns":3.0},{"damage":32.0,"enemies":"Sphere and 2 Shapes","floor":37.0,"turns":5.0},{"damage":6.0,"enemies":"Writhing Mass","floor":38.0,"turns":7.0},{"damage":0.0,"enemies":"3 Darklings","floor":39.0,"turns":3.0},{"damage":35.0,"enemies":"Giant Head","floor":40.0,"turns":6.0},{"damage":20.0,"enemies":"Jaw Worm Horde","floor":41.0,"turns":6.0},{"damage":30.0,"enemies":"Reptomancer","floor":42.0,"turns":4.0},{"damage":3.0,"enemies":"Nemesis","floor":44.0,"turns":3.0},{"damage":91.0,"enemies":"Reptomancer","floor":47.0,"turns":6.0},{"damage":0.0,"enemies":"4 Shapes","floor":48.0,"turns":11.0},{"damage":17.0,"enemies":"Time Eater","floor":50.0,"turns":5.0},{"damage":65,"enemies":"Shield and Spear","floor":54,"turns":8},{"damage":30,"enemies":"The Heart","floor":55,"turns":3}],"seed_played":"-5540986191468297214","potions_obtained":[{"floor":3.0,"key":"Fire Potion"},{"floor":7.0,"key":"Explosive Potion"},{"floor":8.0,"key":"Block Potion"},{"floor":11.0,"key":"PowerPotion"},{"floor":19.0,"key":"Ancient Potion"},{"floor":21.0,"key":"Block Potion"},{"floor":23.0,"key":"Dexterity Potion"},{"floor":31.0,"key":"Swift Potion"},{"floor":37.0,"key":"LiquidMemories"},{"floor":39.0,"key":"Block Potion"},{"floor":44.0,"key":"BloodPotion"},{"floor":47.0,"key":"Weak Potion"},{"floor":48.0,"key":"SteroidPotion"},{"floor":54,"key":"Explosive Potion"}],"is_trial":false,"path_per_floor":["M","?","M","M","?","R","E","M","T","M","E","?","R","E","R","B",null,"M","M","$","M","?","E","M","R","T","E","$","E","R","E","R","B",null,"M","M","M","M","M","E","M","E","T","E","$","?","E","M","R","B",null,"R","$","E","B"],"character_chosen":"IRONCLAD","items_purchased":["Membership Card","Impervious","Lantern","OrangePellets","Centennial Puzzle","Impervious","SpeedPotion","LiquidBronze","Ginger","PowerPotion","Weak Potion"],"campfire_rested":0,"item_purchase_floors":[20,20,28,45,45,45,45,45,53,53,53],"current_hp_per_floor":[56,61,66,69,45,45,27,31,31,34,32,27,27,31,31,13,63,80,75,75,80,80,68,80,80,80,61,61,80,80,78,78,76,79,80,80,62,80,80,80,80,80,80,80,80,80,38,80,80,80,80,80,80,21,0,0],"gold":95,"neow_bonus":"TRANSFORM_TWO_CARDS","is_daily":false,"chose_seed":false,"campfire_upgraded":7,"win_rate":0.0,"timestamp":1613023778,"path_taken":["M","?","M","M","?","R","E","M","T","M","E","?","R","E","R","BOSS","M","M","$","M","?","E","M","R","T","E","?","E","R","E","R","BOSS","M","M","?","M","M","E","M","E","T","E","$","?","E","?","R","BOSS","R","$","E","BOSS"],"items_purchased_type":["Relic","Card","Relic","Relic","Relic","Card","Potion","Potion","Relic","Potion","Potion"],"build_version":"2020-12-22","purchased_purges":4,"victory":false,"max_hp_per_floor":[75,80,80,80,80,80,80,80,80,80,80,80,80,80,80,80,80,80,80,80,80,80,80,80,80,80,80,80,80,80,80,80,80,80,80,80,80,80,80,80,80,80,80,80,80,80,80,80,80,80,80,80,80,80,80,80],"card_choices":[{"not_picked":["Havoc","Heavy Blade"],"picked":"Shrug It Off","floor":1.0},{"not_picked":["Infernal Blade","True Grit"],"picked":"Battle Trance","floor":3.0},{"not_picked":["Pommel Strike","Perfected Strike"],"picked":"Inflame","floor":4.0},{"not_picked":["Flex","Bloodletting"],"picked":"Demon Form","floor":7.0},{"not_picked":["True Grit","Seeing Red"],"picked":"Cleave","floor":8.0},{"not_picked":["Heavy Blade","Second Wind"],"picked":"Warcry","floor":10.0},{"not_picked":["Rupture","Clash"],"picked":"Pommel Strike","floor":11.0},{"not_picked":["Hemokinesis","Heavy Blade"],"picked":"Bloodletting","floor":14.0},{"not_picked":["Corruption+1","Double Tap"],"picked":"Reaper","floor":16.0},{"not_picked":["Second Wind","Havoc+1"],"picked":"Clothesline","floor":18.0},{"not_picked":["Twin Strike","Headbutt","Pommel Strike"],"picked":"SKIP","floor":19.0},{"not_picked":["Juggernaut+1","Inflame+1"],"picked":"Uppercut+1","floor":21.0},{"not_picked":["Disarm","Bloodletting","Pummel"],"picked":"SKIP","floor":23.0},{"not_picked":["Clothesline","Cleave+1","Havoc"],"picked":"SKIP","floor":24.0},{"not_picked":["Warcry","Feel No Pain+1","Clash"],"picked":"SKIP","floor":27.0},{"not_picked":["True Grit","Havoc+1","Rupture+1"],"picked":"SKIP","floor":29.0},{"not_picked":["Spot Weakness","Juggernaut+1"],"picked":"Evolve+1","floor":31.0},{"not_picked":["Immolate","Bludgeon"],"picked":"Demon Form+1","floor":33.0},{"not_picked":["Sword Boomerang","Rupture+1","Iron Wave"],"picked":"SKIP","floor":35.0},{"not_picked":["True Grit","Pummel","Entrench"],"picked":"SKIP","floor":36.0},{"not_picked":["Dropkick","Body Slam","Anger"],"picked":"SKIP","floor":37.0},{"not_picked":["Clothesline","Searing Blow","Anger"],"picked":"SKIP","floor":38.0},{"not_picked":["Clash","Iron Wave"],"picked":"Heavy Blade","floor":39.0},{"not_picked":["Seeing Red+1","Dual Wield","Warcry"],"picked":"SKIP","floor":40.0},{"not_picked":["Dropkick","Blood for Blood+1","Wild Strike+1"],"picked":"SKIP","floor":41.0},{"not_picked":["True Grit+1","Sword Boomerang"],"picked":"Barricade+1","floor":42.0},{"not_picked":["Evolve+1","Sword Boomerang","Havoc+1"],"picked":"SKIP","floor":44.0},{"not_picked":["Reckless Charge+1","Shrug It Off"],"picked":"Heavy Blade+1","floor":47.0},{"not_picked":["Iron Wave+1","Anger","Flex"],"picked":"SKIP","floor":48.0},{"not_picked":["Havoc","Double Tap","Pommel Strike"],"picked":"SKIP","floor":54}],"player_experience":1058794,"relics_obtained":[{"floor":7.0,"key":"Nunchaku"},{"floor":9.0,"key":"Oddly Smooth Stone"},{"floor":11.0,"key":"Blood Vial"},{"floor":14.0,"key":"Sundial"},{"floor":23.0,"key":"Omamori"},{"floor":26.0,"key":"Bag of Marbles"},{"floor":27.0,"key":"Dream Catcher"},{"floor":29.0,"key":"MawBank"},{"floor":31.0,"key":"Calipers"},{"floor":40.0,"key":"Darkstone Periapt"},{"floor":42.0,"key":"Thread and Needle"},{"floor":44.0,"key":"Potion Belt"},{"floor":47.0,"key":"Vajra"},{"floor":54,"key":"Happy Flower"}],"event_choices":[{"damage_healed":0.0,"max_hp_gain":5.0,"max_hp_loss":0.0,"gold_gain":0.0,"event_name":"Big Fish","player_choice":"Donut","floor":2.0,"gold_loss":0.0,"damage_taken":0.0},{"damage_healed":0.0,"max_hp_gain":0.0,"max_hp_loss":0.0,"gold_gain":0.0,"event_name":"Shining Light","player_choice":"Entered Light","floor":5.0,"gold_loss":0.0,"damage_taken":24.0,"cards_upgraded":["Inflame","Shrug It Off"]},{"damage_healed":0.0,"max_hp_gain":0.0,"max_hp_loss":0.0,"gold_gain":0.0,"event_name":"Scrap Ooze","player_choice":"Success","floor":12.0,"gold_loss":0.0,"damage_taken":5.0,"relics_obtained":["Frozen Egg 2"]},{"damage_healed":0.0,"max_hp_gain":0.0,"max_hp_loss":0.0,"gold_gain":50.0,"event_name":"Golden Shrine","player_choice":"Pray","floor":22.0,"gold_loss":0.0,"damage_taken":0.0},{"cards_removed":["Strike_R"],"damage_healed":0.0,"max_hp_gain":0.0,"max_hp_loss":0.0,"gold_gain":0.0,"event_name":"Purifier","player_choice":"Purged","floor":46.0,"gold_loss":0.0,"damage_taken":0.0}],"is_beta":false,"boss_relics":[{"not_picked":["Black Blood","Philosopher\u0027s Stone"],"picked":"Snecko Eye"},{"not_picked":["Runic Pyramid","Astrolabe"],"picked":"Velvet Choker"}],"items_purged_floors":[20,28,45,53],"is_endless":false,"potions_floor_spawned":[3,7,8,11,14,19,21,23,31,33,37,39,41,44,47,48,54],"killed_by":"The Heart","ascension_level":18}}