{"host":"pi8b3ffzwvxqztac","time":1613008424,"event":{"mods":["BaseMod","Colored Map","Custom Start","Downfall","Minty Spire (QoL Compilation)","StSLib"],"gold_per_floor":[109,120,139,139,149,149,180,180,206,206,238,251,268,282,282,386,386,402,4,4,19,19,19,34,65,88,106,118,118,135,150,150,245,245,255,255,255,601,243,243,261,9,9,0,50,50,79,94,94,94],"floor_reached":51,"language":"ENG","playtime":2920,"items_purged":["Writhe","Strike_G"],"score":874,"play_id":"f3930100-2b48-4a96-b83d-e35a56899a14","local_time":"20210211145344","is_ascension_mode":true,"campfire_choices":[{"data":"Sucker Punch","floor":6.0,"key":"SMITH"},{"data":"Blur","floor":8.0,"key":"SMITH"},{"data":"Quick Slash","floor":10.0,"key":"SMITH"},{"data":"Caltrops","floor":15.0,"key":"SMITH"},{"data":"Noxious Fumes","floor":23.0,"key":"SMITH"},{"floor":29.0,"key":"REST"},{"floor":32.0,"key":"REST"},{"data":"After Image","floor":40,"key":"SMITH"},{"data":"Bandage Up","floor":46,"key":"SMITH"},{"floor":49,"key":"REST"}],"circlet_count":0,"master_deck":["Strike_G","Defend_G","Defend_G","Defend_G","Defend_G","Defend_G","Survivor","Neutralize+1","Impatience","Backstab","Quick Slash+1","Blur+1","Sucker Punch+1","Leg Sweep","Riddle With Holes","Caltrops+1","Riddle With Holes","Burst","Apotheosis","Blade Dance","Noxious Fumes+1","Dash+1","Blade Dance","Footwork","After Image+1","Bane+1","Noxious Fumes","Bandage Up+1","Blur","Envenom"],"relics":["Ring of the Snake","Akabeko","Potion Belt","Pen Nib","Empty Cage","Guardian:BottledAnomaly","Ancient Tea Set","PreservedInsect","Cursed Key","Old Coin","Happy Flower","Red Mask","Lizard Tail","Snake Skull"],"acts_visited":["Exordium","TheCity","TheBeyond"],"potions_floor_usage":[33,38,38,48,50],"damage_taken":[{"damage":1.0,"enemies":"Cultist","floor":1.0,"turns":3.0},{"damage":0.0,"enemies":"Small Slimes","floor":2.0,"turns":2.0},{"damage":0.0,"enemies":"2 Louse","floor":3.0,"turns":2.0},{"damage":0.0,"enemies":"2 Fungi Beasts","floor":5.0,"turns":3.0},{"damage":34.0,"enemies":"Lagavulin","floor":7.0,"turns":7.0},{"damage":9.0,"enemies":"3 Sentries","floor":11.0,"turns":7.0},{"damage":0.0,"enemies":"Large Slime","floor":12.0,"turns":1.0},{"damage":0.0,"enemies":"Blue Slaver","floor":13.0,"turns":1.0},{"damage":0.0,"enemies":"3 Louse","floor":14.0,"turns":2.0},{"damage":14.0,"enemies":"The Guardian","floor":16.0,"turns":13.0},{"damage":0.0,"enemies":"3 Byrds","floor":18.0,"turns":4.0},{"damage":10.0,"enemies":"Spheric Guardian","floor":21.0,"turns":5.0},{"damage":5.0,"enemies":"Snecko","floor":24.0,"turns":4.0},{"damage":9.0,"enemies":"Book of Stabbing","floor":25.0,"turns":3.0},{"damage":10.0,"enemies":"Shelled Parasite and Fungi","floor":27.0,"turns":7.0},{"damage":0.0,"enemies":"Snake Plant","floor":28.0,"turns":1.0},{"damage":5.0,"enemies":"Cultist and Chosen","floor":30.0,"turns":6.0},{"damage":5.0,"enemies":"Shelled Parasite and Fungi","floor":31.0,"turns":7.0},{"damage":51,"enemies":"Automaton","floor":33,"turns":11},{"damage":0,"enemies":"Orb Walker","floor":35,"turns":2},{"damage":25,"enemies":"2 Orb Walkers","floor":38,"turns":6},{"damage":6,"enemies":"3 Darklings","floor":41,"turns":6},{"damage":0,"enemies":"Mind Bloom Boss Battle","floor":45,"turns":6},{"damage":13,"enemies":"Reptomancer","floor":47,"turns":6},{"damage":5,"enemies":"Jaw Worm Horde","floor":48,"turns":7},{"damage":46,"enemies":"Time Eater","floor":50,"turns":14}],"seed_played":"-7970152620747489945","potions_obtained":[{"floor":1.0,"key":"Fire Potion"},{"floor":2.0,"key":"LiquidBronze"},{"floor":5.0,"key":"CultistPotion"},{"floor":11.0,"key":"BlessingOfTheForge"},{"floor":12.0,"key":"SkillPotion"},{"floor":21.0,"key":"DuplicationPotion"},{"floor":27.0,"key":"ColorlessPotion"},{"floor":30.0,"key":"SmokeBomb"},{"floor":33,"key":"Block Potion"},{"floor":35,"key":"EssenceOfSteel"},{"floor":38,"key":"Poison Potion"},{"floor":47,"key":"LiquidMemories"}],"is_trial":false,"path_per_floor":["M","M","M","?","M","R","E","R","T","R","E","M","M","M","R","B",null,"M","$","?","M","$","R","M","E","T","M","M","R","M","M","R","B",null,"M","?","?","?","$","R","M","$","T","?","?","R","E","M","R","B",null],"character_chosen":"THE_SILENT","items_purchased":["Apotheosis","Guardian:BottledAnomaly","Blade Dance","Happy Flower","Noxious Fumes","Bandage Up","Envenom"],"campfire_rested":3,"item_purchase_floors":[19,19,19,39,39,39,42],"current_hp_per_floor":[69,69,69,69,69,69,35,35,35,35,26,26,26,26,26,12,56,56,56,56,46,46,46,41,32,32,22,22,43,38,33,54,3,53,53,53,70,45,45,45,43,43,43,43,49,49,42,43,64,24],"gold":94,"neow_bonus":"RANDOM_COLORLESS","is_daily":false,"chose_seed":false,"campfire_upgraded":7,"win_rate":0.0,"timestamp":1613008424,"path_taken":["M","M","?","?","M","R","E","R","T","R","E","?","M","?","R","BOSS","M","$","?","M","$","R","M","E","T","M","M","R","M","M","R","BOSS","M","?","?","?","?","R","M","$","T","?","?","R","E","M","R","BOSS"],"items_purchased_type":["Card","Relic","Card","Relic","Card","Card","Card"],"build_version":"2020-12-22","purchased_purges":2,"victory":true,"max_hp_per_floor":[70,70,70,70,70,70,70,70,70,70,70,70,70,70,70,70,70,70,70,70,70,70,70,70,70,70,70,70,70,70,70,70,70,70,70,70,70,70,70,70,70,70,70,70,70,70,70,70,70,70],"card_choices":[{"not_picked":["Madness","Purity"],"picked":"Impatience","floor":0.0},{"not_picked":["Riddle With Holes","Choke"],"picked":"Backstab","floor":1.0},{"not_picked":["Eviscerate","Well Laid Plans"],"picked":"Quick Slash","floor":2.0},{"not_picked":["Dagger Throw","Flechettes"],"picked":"Blur","floor":3.0},{"not_picked":["Deflect","Blade Dance"],"picked":"Sucker Punch","floor":5.0},{"not_picked":["Blade Dance","Caltrops"],"picked":"Leg Sweep","floor":7.0},{"not_picked":["Concentrate","Catalyst"],"picked":"Riddle With Holes","floor":11.0},{"not_picked":["Dagger Throw","Bane"],"picked":"Caltrops","floor":12.0},{"not_picked":["Accuracy","Concentrate","Prepared"],"picked":"SKIP","floor":13.0},{"not_picked":["Slice","PiercingWail"],"picked":"Riddle With Holes","floor":14.0},{"not_picked":["Unload","Bullet Time"],"picked":"Burst","floor":16.0},{"not_picked":["Dagger Spray","Crippling Poison","Acrobatics"],"picked":"SKIP","floor":18.0},{"not_picked":["Setup","Prepared"],"picked":"Noxious Fumes","floor":21.0},{"not_picked":["Deadly Poison","Bane","Underhanded Strike"],"picked":"SKIP","floor":24.0},{"not_picked":["Wraith Form v2","Dagger Spray"],"picked":"Dash+1","floor":25.0},{"not_picked":["Sucker Punch+1","Predator"],"picked":"Blade Dance","floor":27.0},{"not_picked":["Crippling Poison","Deflect+1"],"picked":"Footwork","floor":28.0},{"not_picked":["Dodge and Roll","Underhanded Strike","Sucker Punch"],"picked":"SKIP","floor":30.0},{"not_picked":["Dagger Spray","Doppelganger","Flying Knee"],"picked":"SKIP","floor":31.0},{"not_picked":["Bullet Time","Malaise"],"picked":"After Image","floor":33},{"not_picked":["Slice","Dagger Throw","Prepared+1"],"picked":"SKIP","floor":35},{"not_picked":["Cloak And Dagger","Outmaneuver+1"],"picked":"Bane+1","floor":38},{"not_picked":["All Out Attack","Flechettes+1"],"picked":"Blur","floor":41},{"not_picked":["Dagger Throw","Predator","Distraction"],"picked":"SKIP","floor":47},{"not_picked":["Masterful Stab+1","Endless Agony+1","Flying Knee"],"picked":"SKIP","floor":48}],"player_experience":749298,"relics_obtained":[{"floor":7.0,"key":"Akabeko"},{"floor":9.0,"key":"Potion Belt"},{"floor":11.0,"key":"Pen Nib"},{"floor":25.0,"key":"Ancient Tea Set"},{"floor":26.0,"key":"PreservedInsect"},{"floor":38,"key":"Old Coin"},{"floor":45,"key":"Lizard Tail"},{"floor":47,"key":"Snake Skull"}],"event_choices":[{"damage_healed":0.0,"max_hp_gain":0.0,"max_hp_loss":0.0,"gold_gain":0.0,"event_name":"Upgrade Shrine","player_choice":"Upgraded","floor":4.0,"gold_loss":0.0,"damage_taken":0.0,"cards_upgraded":["Neutralize"]},{"cards_removed":["Strike_G"],"damage_healed":0,"gold_gain":0,"player_choice":"Removed Attack","damage_taken":0,"max_hp_gain":0,"max_hp_loss":0,"event_name":"Falling","floor":36,"gold_loss":0},{"damage_healed":18,"gold_gain":0,"player_choice":"Writhe","damage_taken":0,"max_hp_gain":0,"max_hp_loss":0,"event_name":"Winding Halls","floor":37,"gold_loss":0,"cards_obtained":["Writhe"]},{"damage_healed":0,"gold_gain":0,"player_choice":"Fight","damage_taken":0,"max_hp_gain":0,"max_hp_loss":0,"event_name":"Mysterious Sphere","floor":38,"gold_loss":0},{"damage_healed":0,"gold_gain":0,"player_choice":"Paid","damage_taken":0,"relics_obtained":["Red Mask"],"max_hp_gain":0,"max_hp_loss":0,"event_name":"Tomb of Lord Red Mask","floor":44,"gold_loss":9},{"damage_healed":0,"gold_gain":0,"player_choice":"Fight","damage_taken":0,"max_hp_gain":0,"max_hp_loss":0,"event_name":"MindBloom","floor":45,"gold_loss":0}],"is_beta":false,"boss_relics":[{"not_picked":["Ectoplasm","Runic Dome"],"picked":"Empty Cage"},{"not_picked":["Runic Pyramid","Fusion Hammer"],"picked":"Cursed Key"}],"items_purged_floors":[39,42],"is_endless":false,"potions_floor_spawned":[1,2,5,11,12,21,27,30,33,35,38,47],"ascension_level":5}}