{"host":"7iv10lxbxedtd0qh","time":1613082016,"event":{"mods":["100% Spire Juice","Act Like it!","BaseMod","Bestiary","Colored Map","Colored Powertips","Downfall","Minty Spire (QoL Compilation)","Spire Arcade","StSLib","The Alterego","The Marked"],"gold_per_floor":[116,116,116,130,205,85,35,65,110,110,138,153,164,8,8,105,105,122,135,151,0,0,0,25,25,52,52,62,79,29,29,29,29,29],"floor_reached":33,"language":"ENG","playtime":1606,"items_purged":["Moonworks:Strike","Moonworks:Strike"],"score":308,"play_id":"26195b7d-10cc-4d6f-9f3c-6b24cb17d47f","local_time":"20210211232016","is_ascension_mode":true,"campfire_choices":[{"data":"Moonworks:DeployBits","floor":6,"key":"SMITH"},{"data":"Moonworks:DeployBits","floor":10,"key":"SMITH"},{"data":"Moonworks:BigBangBell","floor":15,"key":"SMITH"},{"data":"Moonworks:BigBangBell","floor":23,"key":"SMITH"},{"data":"Moonworks:ScrambledEve","floor":27,"key":"SMITH"},{"data":"Moonworks:CompletionReward","floor":32,"key":"SMITH"}],"circlet_count":0,"master_deck":["Moonworks:Defend","Moonworks:Defend","Moonworks:Defend","Moonworks:Ambush","Moonworks:LongDistanceShot","Moonworks:DeployBits+1","Moonworks:ScrambledEve+1","Moonworks:CompletionReward+1","Moonworks:DeployBits+1","Moonworks:BigBangBell+1","Moonworks:BigBangBell+1","Moonworks:NicePresent","Impatience","Moonworks:UnpaidWork+1","Moonworks:ImmovableObject","Moonworks:DeployBits+1"],"relics":["Moonworks:BrokenBomb","Moonworks:Homemark","Omamori","Bottled Lightning","SlaversCollar","Letter Opener","Vajra","Smiling Mask"],"acts_visited":["Exordium","TheCity"],"potions_floor_usage":[8,11,20,31,33],"damage_taken":[{"damage":1,"enemies":"Cultist","floor":1,"turns":3},{"damage":10,"enemies":"Small Slimes","floor":4,"turns":4},{"damage":3,"enemies":"3 Sentries","floor":8,"turns":3},{"damage":3,"enemies":"Gremlin Nob","floor":11,"turns":3},{"damage":2,"enemies":"2 Louse","floor":12,"turns":2},{"damage":6,"enemies":"Blue Slaver","floor":13,"turns":4},{"damage":23,"enemies":"The Guardian","floor":16,"turns":10},{"damage":0,"enemies":"Spheric Guardian","floor":18,"turns":3},{"damage":16,"enemies":"Shell Parasite","floor":19,"turns":4},{"damage":7,"enemies":"Centurion and Healer","floor":20,"turns":5},{"damage":28,"enemies":"Slavers","floor":24,"turns":4},{"damage":5,"enemies":"3 Cultists","floor":28,"turns":6},{"damage":37,"enemies":"Snecko","floor":29,"turns":7},{"damage":0,"enemies":"Book of Stabbing","floor":31,"turns":1},{"damage":43,"enemies":"Collector","floor":33,"turns":7}],"seed_played":"-4249670787465336270","potions_obtained":[{"floor":1,"key":"PowerPotion"},{"floor":8,"key":"Fire Potion"},{"floor":12,"key":"FairyPotion"},{"floor":16,"key":"Slimebound:ThreeZeroPotion"},{"floor":20,"key":"SmokeBomb"},{"floor":28,"key":"Dexterity Potion"}],"is_trial":false,"path_per_floor":["M","?","?","M","?","R","?","E","T","R","E","M","M","$","R","B",null,"M","M","M","?","$","R","E","?","T","R","M","M","$","E","R","B"],"character_chosen":"THE_STARBREAKER","items_purchased":["Impatience"],"campfire_rested":0,"item_purchase_floors":[14],"current_hp_per_floor":[59,59,64,54,43,43,43,40,40,40,37,35,29,29,29,6,65,65,49,42,42,42,42,14,35,35,35,30,19,19,19,19,0,0],"gold":29,"neow_bonus":"TRANSFORM_CARD","is_daily":false,"chose_seed":false,"campfire_upgraded":6,"win_rate":0.0,"timestamp":1613082016,"path_taken":["M","?","?","M","?","R","?","E","T","R","E","M","?","$","R","BOSS","M","M","?","?","?","R","E","?","T","R","M","?","$","E","R","BOSS"],"items_purchased_type":["Card"],"build_version":"2020-12-22","purchased_purges":2,"victory":false,"max_hp_per_floor":[60,60,65,65,65,65,65,65,65,65,65,65,65,65,65,65,65,65,65,65,65,65,65,65,65,65,65,65,65,65,65,65,65,65],"card_choices":[{"not_picked":["Moonworks:FinalSurgery","Moonworks:LulusLuckyEgg"],"picked":"Moonworks:ScrambledEve","floor":1},{"not_picked":["Moonworks:IndiscriminateFireSupport","Moonworks:Assault"],"picked":"Moonworks:DeployBits","floor":4},{"not_picked":["Moonworks:JonathanRush","Moonworks:LulusLuckyEgg","Moonworks:ReproductionOfRecords"],"picked":"SKIP","floor":8},{"not_picked":["Moonworks:LuckyCharm","Moonworks:MiracleRedBeanIceCream"],"picked":"Moonworks:BigBangBell","floor":11},{"not_picked":["Moonworks:DevilHand","Moonworks:SakisCookie"],"picked":"Moonworks:BigBangBell","floor":12},{"not_picked":["Moonworks:FinalSurgery","Moonworks:ImOnFire"],"picked":"Moonworks:NicePresent","floor":13},{"not_picked":["Moonworks:UnluckyCharm","Moonworks:MixPhenomenon"],"picked":"Moonworks:UnpaidWork+1","floor":18},{"not_picked":["Moonworks:AngelHand","Moonworks:ReproductionOfRecords"],"picked":"Moonworks:ImmovableObject","floor":19},{"not_picked":["Moonworks:Assault","Moonworks:BeyondHell+1","Moonworks:IndiscriminateFireSupport"],"picked":"SKIP","floor":20},{"not_picked":["Moonworks:CloudOfSeagulls","Moonworks:Assault","Moonworks:ImOnFire+1"],"picked":"SKIP","floor":24},{"not_picked":["Moonworks:LulusLuckyEgg","Moonworks:AwakeningOfTalent","Moonworks:IndiscriminateFireSupport+1"],"picked":"SKIP","floor":28},{"not_picked":["Moonworks:StiffCrystal","Moonworks:Dash"],"picked":"Moonworks:DeployBits+1","floor":29}],"player_experience":843403,"relics_obtained":[{"floor":8,"key":"Omamori"},{"floor":11,"key":"Bottled Lightning"},{"floor":24,"key":"Vajra"},{"floor":26,"key":"Smiling Mask"}],"event_choices":[{"damage_healed":0,"gold_gain":0,"cards_transformed":["Moonworks:Strike"],"player_choice":"Change","damage_taken":0,"max_hp_gain":0,"max_hp_loss":0,"event_name":"Living Wall","floor":2,"gold_loss":0,"cards_obtained":["Moonworks:CompletionReward"]},{"damage_healed":0,"gold_gain":0,"player_choice":"Donut","damage_taken":0,"max_hp_gain":5,"max_hp_loss":0,"event_name":"Big Fish","floor":3,"gold_loss":0},{"damage_healed":0,"gold_gain":75,"player_choice":"Gather Gold","damage_taken":11,"max_hp_gain":0,"max_hp_loss":0,"event_name":"World of Goop","floor":5,"gold_loss":0},{"cards_removed":["Moonworks:Strike"],"damage_healed":0,"gold_gain":0,"player_choice":"Card Removal","damage_taken":0,"max_hp_gain":0,"max_hp_loss":0,"event_name":"The Cleric","floor":7,"gold_loss":50},{"damage_healed":0,"gold_gain":0,"player_choice":"Paid Gold","damage_taken":0,"relics_obtained":["Letter Opener"],"max_hp_gain":0,"max_hp_loss":0,"event_name":"WeMeetAgain","floor":21,"gold_loss":79},{"damage_healed":21,"gold_gain":0,"player_choice":"Heal","damage_taken":0,"max_hp_gain":0,"max_hp_loss":0,"event_name":"The Library","floor":25,"gold_loss":0}],"is_beta":false,"boss_relics":[{"not_picked":["Ectoplasm","Velvet Choker"],"picked":"SlaversCollar"}],"items_purged_floors":[14,30],"is_endless":false,"potions_floor_spawned":[1,8,12,16,20,28,31],"killed_by":"Collector","ascension_level":1}}