{"host":"52lujqhsyicpcskq","time":1613044853,"event":{"mods":["BaseMod","Colored Map","Minty Spire (QoL Compilation)","Permanent Neow","StSLib","SuperFastMode","everything is the same but u backflip on backflip"],"gold_per_floor":[116,131,150,160,160,485,485,495,521,521,537,537,537],"floor_reached":12,"language":"KOR","playtime":349,"items_purged":[],"score":131,"play_id":"8d5b9413-dea5-4870-8931-8cebf6104d4b","local_time":"20210211210053","is_ascension_mode":true,"campfire_choices":[{"floor":7,"key":"REST"},{"data":"Chaos","floor":10,"key":"SMITH"}],"circlet_count":0,"master_deck":["AscendersBane","Strike_B","Strike_B","Strike_B","Strike_B","Defend_B","Defend_B","Defend_B","Defend_B","Zap","Dualcast","Conserve Battery","Streamline+1","Defragment","Gash","Defragment","Chaos+1","Genetic Algorithm"],"relics":["Cracked Core","Centennial Puzzle","Old Coin","Blood Vial"],"acts_visited":["Exordium"],"potions_floor_usage":[6,12],"damage_taken":[{"damage":1,"enemies":"Cultist","floor":1,"turns":3},{"damage":2,"enemies":"2 Louse","floor":2,"turns":2},{"damage":4,"enemies":"Small Slimes","floor":3,"turns":3},{"damage":36,"enemies":"Gremlin Gang","floor":4,"turns":7},{"damage":18,"enemies":"Lagavulin","floor":6,"turns":4},{"damage":3,"enemies":"2 Fungi Beasts","floor":8,"turns":3},{"damage":12,"enemies":"Blue Slaver","floor":11,"turns":4},{"damage":14,"enemies":"3 Sentries","floor":12,"turns":3}],"seed_played":"5858449644582351982","potions_obtained":[{"floor":2,"key":"FearPotion"},{"floor":4,"key":"Swift Potion"},{"floor":11,"key":"EntropicBrew"}],"is_trial":false,"path_per_floor":["M","M","M","M","?","E","R","M","T","R","M","E"],"character_chosen":"DEFECT","items_purchased":[],"campfire_rested":1,"item_purchase_floors":[],"current_hp_per_floor":[67,65,61,25,25,7,29,26,26,26,16,4,4],"gold":537,"neow_bonus":"RANDOM_COMMON_RELIC","is_daily":false,"chose_seed":false,"campfire_upgraded":1,"win_rate":0.0,"timestamp":1613044853,"path_taken":["M","M","M","M","?","E","R","M","T","R","M","E"],"items_purchased_type":[],"build_version":"2020-12-22","purchased_purges":0,"victory":false,"max_hp_per_floor":[75,75,75,75,75,75,75,75,75,75,75,75,75],"card_choices":[{"not_picked":["Turbo","Barrage"],"picked":"Conserve Battery","floor":1},{"not_picked":["Barrage","Redo"],"picked":"Streamline","floor":2},{"not_picked":["Aggregate","Capacitor"],"picked":"Defragment","floor":3},{"not_picked":["Steam Power","Coolheaded"],"picked":"Gash","floor":4},{"not_picked":["Steam","Double Energy"],"picked":"Defragment","floor":6},{"not_picked":["Hologram","Loop"],"picked":"Chaos","floor":8},{"not_picked":["Fusion","Conserve Battery"],"picked":"Genetic Algorithm","floor":11}],"player_experience":783793,"relics_obtained":[{"floor":6,"key":"Old Coin"},{"floor":9,"key":"Blood Vial"}],"event_choices":[{"damage_healed":0,"gold_gain":0,"player_choice":"Grow","damage_taken":0,"max_hp_gain":0,"max_hp_loss":0,"event_name":"Living Wall","floor":5,"gold_loss":0,"cards_upgraded":["Streamline"]}],"is_beta":false,"boss_relics":[],"items_purged_floors":[],"is_endless":false,"potions_floor_spawned":[2,4,11],"killed_by":"3 Sentries","ascension_level":12}}