{"host":"qgrlfjrqk9z96gfi","time":1613074763,"event":{"mods":["BaseMod","Block Reminder","Colored Map","Custom Start","DeckTracker","Minty Spire (QoL Compilation)"],"gold_per_floor":[14,14,29,29,29,58,58,92,92,92,120,139,139,150,150,226,226,245,12,27,41,11,11,42,60,60,60,94,144,155,165,165,238,238,252,62,62,62,81,106,106,116,165,165,190,190,204,239,239,239,239,239],"floor_reached":51,"language":"ENG","playtime":1861,"items_purged":["Bane"],"score":1661,"play_id":"e86832ae-0090-4eb1-852f-661a7139ef05","local_time":"20210211101923","is_ascension_mode":true,"campfire_choices":[{"floor":7.0,"key":"REST"},{"floor":10.0,"key":"REST"},{"data":"1","floor":13.0,"key":"LIFT"},{"data":"2","floor":15.0,"key":"LIFT"},{"data":"Leg Sweep","floor":23.0,"key":"SMITH"},{"data":"3","floor":32.0,"key":"LIFT"},{"floor":41.0,"key":"REST"},{"floor":44,"key":"RECALL"},{"floor":46,"key":"REST"},{"floor":49,"key":"REST"}],"circlet_count":0,"master_deck":["AscendersBane","Survivor","Neutralize","Phantasmal Killer+1","Dagger Throw","Endless Agony","Glass Knife","Quick Slash","Riddle With Holes","Deflect","Dagger Spray","Phantasmal Killer+1","Backflip","Quick Slash","Venomology","Grand Finale","Calculated Gamble","Grand Finale","Eviscerate","Distraction","Deflect","Backflip","Leg Sweep+1","Dodge and Roll","Backstab","Ghostly","Ghostly","Ghostly","Blur","Malaise","Adrenaline","Dodge and Roll+1","Apotheosis+1","Violence+1","Calculated Gamble","Regret","Outmaneuver+1","Backflip+1","Eviscerate+1"],"relics":["Ring of the Snake","Shuriken","Lantern","Centennial Puzzle","Girya","Pandora\u0027s Box","MealTicket","Akabeko","Mercury Hourglass","Sundial","Cursed Key","Torii","Orichalcum","War Paint"],"acts_visited":["Exordium","TheCity","TheBeyond"],"potions_floor_usage":[45,47,48,50,51],"damage_taken":[{"damage":1.0,"enemies":"Small Slimes","floor":1.0,"turns":5.0},{"damage":2.0,"enemies":"Jaw Worm","floor":3.0,"turns":3.0},{"damage":51.0,"enemies":"Lagavulin","floor":6.0,"turns":10.0},{"damage":12.0,"enemies":"3 Sentries","floor":8.0,"turns":7.0},{"damage":0.0,"enemies":"Lagavulin","floor":11.0,"turns":4.0},{"damage":0.0,"enemies":"Cultist","floor":12.0,"turns":2.0},{"damage":0.0,"enemies":"Looter","floor":14.0,"turns":2.0},{"damage":25.0,"enemies":"Hexaghost","floor":16.0,"turns":5.0},{"damage":0.0,"enemies":"Chosen","floor":18.0,"turns":2.0},{"damage":0.0,"enemies":"Spheric Guardian","floor":20.0,"turns":1.0},{"damage":1.0,"enemies":"Centurion and Healer","floor":21.0,"turns":2.0},{"damage":15.0,"enemies":"Slavers","floor":24.0,"turns":3.0},{"damage":12.0,"enemies":"Chosen and Byrds","floor":25.0,"turns":4.0},{"damage":2.0,"enemies":"Book of Stabbing","floor":28.0,"turns":4.0},{"damage":0.0,"enemies":"3 Cultists","floor":30.0,"turns":1.0},{"damage":7.0,"enemies":"Centurion and Healer","floor":31.0,"turns":5.0},{"damage":0.0,"enemies":"Collector","floor":33.0,"turns":5.0},{"damage":11.0,"enemies":"Orb Walker","floor":35.0,"turns":2.0},{"damage":0.0,"enemies":"3 Darklings","floor":39.0,"turns":4.0},{"damage":17.0,"enemies":"Nemesis","floor":40.0,"turns":3.0},{"damage":0.0,"enemies":"Transient","floor":42.0,"turns":6.0},{"damage":8,"enemies":"Giant Head","floor":45,"turns":6},{"damage":10,"enemies":"4 Shapes","floor":47,"turns":5},{"damage":2,"enemies":"Nemesis","floor":48,"turns":5},{"damage":11,"enemies":"Donu and Deca","floor":50,"turns":8},{"damage":15,"enemies":"Time Eater","floor":51,"turns":2}],"seed_played":"4439614824626661030","potions_obtained":[{"floor":11.0,"key":"Ancient Potion"},{"floor":12.0,"key":"Swift Potion"},{"floor":16.0,"key":"Poison Potion"},{"floor":24.0,"key":"SteroidPotion"},{"floor":25.0,"key":"EssenceOfSteel"},{"floor":33.0,"key":"Energy Potion"},{"floor":48,"key":"Strength Potion"}],"is_trial":false,"path_per_floor":["M","?","M","?","?","E","R","E","T","R","E","M","R","M","R","B",null,"M","$","M","M","$","R","E","M","T","?","E","?","M","M","R","B",null,"M","$","?","?","M","E","R","M","T","R","E","R","M","E","R","B","B"],"character_chosen":"THE_SILENT","items_purchased":["MealTicket","Dodge and Roll","Apotheosis"],"campfire_rested":5,"item_purchase_floors":[19,22,36],"current_hp_per_floor":[58,58,56,56,56,5,24,12,12,31,31,31,31,31,31,6,51,51,51,51,50,65,65,50,38,38,33,31,28,28,21,21,21,30,19,33,33,33,33,16,25,25,25,25,17,26,16,14,23,12,0,0],"gold":239,"neow_bonus":"THREE_RARE_CARDS","is_daily":false,"chose_seed":false,"campfire_upgraded":1,"win_rate":0.0,"timestamp":1613074763,"path_taken":["M","?","M","?","?","E","R","E","T","R","E","M","R","M","R","BOSS","M","$","M","?","$","R","E","M","T","?","E","?","M","?","R","BOSS","M","$","?","?","M","E","R","M","T","R","E","R","M","E","R","BOSS","BOSS"],"items_purchased_type":["Relic","Card","Card"],"build_version":"2020-12-22","purchased_purges":1,"victory":false,"max_hp_per_floor":[66,66,66,66,66,66,66,66,66,66,66,66,66,66,66,66,66,66,66,66,66,66,66,66,66,66,33,33,33,33,33,33,33,33,33,33,33,33,33,33,33,33,33,33,33,33,33,33,33,33,33,33],"card_choices":[{"not_picked":["Storm of Steel","Doppelganger"],"picked":"Phantasmal Killer","floor":0.0},{"not_picked":["Outmaneuver","Sucker Punch"],"picked":"Dagger Throw","floor":1.0},{"not_picked":["Slice","Accuracy"],"picked":"Endless Agony","floor":3.0},{"not_picked":["Dagger Spray","Dash"],"picked":"Glass Knife","floor":6.0},{"not_picked":["Well Laid Plans","Prepared"],"picked":"Quick Slash","floor":8.0},{"not_picked":["Dagger Throw","Caltrops"],"picked":"Riddle With Holes","floor":11.0},{"not_picked":["Escape Plan","Prepared"],"picked":"Deflect","floor":12.0},{"not_picked":["Acrobatics","Deadly Poison"],"picked":"Dagger Spray","floor":14.0},{"not_picked":["Tools of the Trade","Storm of Steel"],"picked":"Phantasmal Killer","floor":16.0},{"not_picked":["Sucker Punch","Flying Knee"],"picked":"Deflect","floor":18.0},{"not_picked":["Blade Dance","Blur"],"picked":"Backflip","floor":20.0},{"not_picked":["Slice+1","Distraction"],"picked":"Leg Sweep","floor":21.0},{"not_picked":["Backflip","Burst"],"picked":"Backstab","floor":24.0},{"not_picked":["Flying Knee","Predator+1","Dodge and Roll"],"picked":"SKIP","floor":25.0},{"not_picked":["Backflip","Deadly Poison"],"picked":"Blur","floor":28.0},{"not_picked":["Skewer","Poisoned Stab"],"picked":"Malaise","floor":30.0},{"not_picked":["Slice","Dagger Throw","Quick Slash"],"picked":"SKIP","floor":31.0},{"not_picked":["Phantasmal Killer","Glass Knife"],"picked":"Adrenaline","floor":33.0},{"not_picked":["Distraction","PiercingWail"],"picked":"Dodge and Roll+1","floor":35.0},{"not_picked":["Sadistic Nature","Secret Technique"],"picked":"Violence","floor":37.0},{"not_picked":["Dash","Cloak And Dagger","Dagger Spray"],"picked":"SKIP","floor":39.0},{"not_picked":["Dagger Spray","Deflect"],"picked":"Calculated Gamble","floor":40.0},{"not_picked":["Backflip","Dagger Throw","Bane"],"picked":"SKIP","floor":42.0},{"not_picked":["Crippling Poison+1","Quick Slash+1"],"picked":"Outmaneuver+1","floor":45},{"not_picked":["Poisoned Stab","Outmaneuver+1"],"picked":"Backflip+1","floor":47},{"not_picked":["PiercingWail","Dagger Throw"],"picked":"Eviscerate+1","floor":48}],"player_experience":1125832,"relics_obtained":[{"floor":6.0,"key":"Shuriken"},{"floor":8.0,"key":"Lantern"},{"floor":9.0,"key":"Centennial Puzzle"},{"floor":11.0,"key":"Girya"},{"floor":24.0,"key":"Akabeko"},{"floor":26.0,"key":"Mercury Hourglass"},{"floor":28.0,"key":"Sundial"},{"floor":40.0,"key":"Torii"},{"floor":45,"key":"Orichalcum"},{"floor":48,"key":"War Paint"}],"event_choices":[{"damage_healed":0.0,"max_hp_gain":0.0,"max_hp_loss":0.0,"gold_gain":0.0,"event_name":"Living Wall","player_choice":"Grow","floor":2.0,"gold_loss":0.0,"damage_taken":0.0,"cards_upgraded":["Phantasmal Killer"]},{"damage_healed":0.0,"max_hp_gain":0.0,"max_hp_loss":0.0,"gold_gain":0.0,"event_name":"Liars Game","player_choice":"Ignored","floor":4.0,"gold_loss":0.0,"damage_taken":0.0},{"cards_removed":["Strike_G"],"damage_healed":0.0,"max_hp_gain":0.0,"max_hp_loss":0.0,"gold_gain":0.0,"event_name":"Bonfire Elementals","player_choice":"Offered Basic","floor":5.0,"gold_loss":0.0,"damage_taken":0.0},{"damage_healed":0.0,"max_hp_gain":0.0,"max_hp_loss":33.0,"gold_gain":0.0,"event_name":"Ghosts","player_choice":"Became a Ghost","floor":27.0,"gold_loss":0.0,"damage_taken":0.0,"cards_obtained":["Ghostly","Ghostly","Ghostly"]},{"damage_healed":0.0,"max_hp_gain":0.0,"max_hp_loss":0.0,"gold_gain":50.0,"event_name":"FaceTrader","player_choice":"Touch","floor":29.0,"gold_loss":0.0,"damage_taken":3.0},{"damage_healed":0.0,"max_hp_gain":0.0,"max_hp_loss":0.0,"gold_gain":0.0,"event_name":"SensoryStone","player_choice":"Memory 1","floor":37.0,"gold_loss":0.0,"damage_taken":0.0},{"damage_healed":0.0,"max_hp_gain":0.0,"max_hp_loss":0.0,"gold_gain":0.0,"event_name":"Accursed Blacksmith","player_choice":"Forge","floor":38.0,"gold_loss":0.0,"damage_taken":0.0,"cards_upgraded":["Apotheosis"]}],"is_beta":false,"boss_relics":[{"not_picked":["Ring of the Serpent","Tiny House"],"picked":"Pandora\u0027s Box"},{"not_picked":["Empty Cage","SacredBark"],"picked":"Cursed Key"}],"items_purged_floors":[19],"is_endless":false,"potions_floor_spawned":[11,12,16,21,24,25,33,45,47,48],"killed_by":"Time Eater","ascension_level":20}}