{"host":"aapp7ew3jk5k1bvd","time":1613051770,"event":{"mods":["AchievementEnabler","BaseMod","Colored Map","Custom Start","Keyboard Shortcuts","Minty Spire (QoL Compilation)","Permanent Neow","Quick Restart","StSLib","SuperFastMode"],"gold_per_floor":[114,132,145,70,70,70,99,99,150,177,74,106,106,125,125,230,230,243,255,121,172,13,38,137,172,172,172,186,186,199,199,199,304,304,317,92,92,12,12,12,22,22,46,46,46,46],"floor_reached":45,"language":"KOR","playtime":1295,"items_purged":["Strike_P","Strike_P","Defend_P","WreathOfFlame"],"score":767,"play_id":"1dacde3a-878d-431f-8494-f3e229bd2fbd","local_time":"20210211225610","is_ascension_mode":true,"campfire_choices":[{"data":"CarveReality","floor":6.0,"key":"SMITH"},{"data":"Halt","floor":13.0,"key":"SMITH"},{"data":"MentalFortress","floor":15.0,"key":"SMITH"},{"floor":27,"key":"REST"},{"floor":29,"key":"REST"},{"floor":32,"key":"REST"},{"data":"Adaptation","floor":40,"key":"SMITH"},{"floor":42,"key":"REST"}],"circlet_count":0,"master_deck":["Eruption+1","Vigilance","CarveReality+1","Halt+1","EmptyFist","Vengeance","MentalFortress+1","MasterReality","Crescendo","ClearTheMind","BattleHymn","MentalFortress","ConjureBlade","CarveReality","MentalFortress","Adaptation+1","Adaptation+1","EmptyBody+1"],"relics":["PureWater","Potion Belt","Akabeko","Odd Mushroom","Pear","VioletLotus","MealTicket","Shuriken","Oddly Smooth Stone","Dream Catcher","Pandora\u0027s Box","Centennial Puzzle"],"acts_visited":["Exordium","TheCity","TheBeyond"],"potions_floor_usage":[25,35,41],"damage_taken":[{"damage":4.0,"enemies":"2 Louse","floor":1.0,"turns":3.0},{"damage":0.0,"enemies":"Small Slimes","floor":2.0,"turns":3.0},{"damage":2.0,"enemies":"Jaw Worm","floor":3.0,"turns":5.0},{"damage":7.0,"enemies":"3 Sentries","floor":7.0,"turns":6.0},{"damage":6.0,"enemies":"The Mushroom Lair","floor":10.0,"turns":3.0},{"damage":0.0,"enemies":"Gremlin Nob","floor":12.0,"turns":2.0},{"damage":6.0,"enemies":"Lots of Slimes","floor":14.0,"turns":4.0},{"damage":0.0,"enemies":"Slime Boss","floor":16.0,"turns":6.0},{"damage":13.0,"enemies":"Spheric Guardian","floor":18.0,"turns":5.0},{"damage":0.0,"enemies":"Shell Parasite","floor":19.0,"turns":1.0},{"damage":51.0,"enemies":"Slavers","floor":23.0,"turns":5.0},{"damage":15,"enemies":"Gremlin Leader","floor":25,"turns":3},{"damage":20,"enemies":"Sentry and Sphere","floor":28,"turns":4},{"damage":0,"enemies":"Snecko","floor":30,"turns":3},{"damage":47,"enemies":"Champ","floor":33,"turns":10},{"damage":19,"enemies":"3 Shapes","floor":35,"turns":6},{"damage":27,"enemies":"Orb Walker","floor":41,"turns":3},{"damage":0,"enemies":"3 Darklings","floor":45,"turns":1}],"seed_played":"5399024754579640012","potions_obtained":[{"floor":1.0,"key":"StancePotion"},{"floor":12.0,"key":"FairyPotion"},{"floor":14.0,"key":"Swift Potion"},{"floor":16.0,"key":"FearPotion"},{"floor":19.0,"key":"GamblersBrew"},{"floor":33,"key":"SkillPotion"},{"floor":35,"key":"Fire Potion"}],"is_trial":false,"path_per_floor":["M","M","M","$","?","R","E","?","T","?","$","E","R","M","R","B",null,"M","M","$","T","$","E","?","E","T","R","M","R","M","?","R","B",null,"M","$","?","$","?","R","M","R","T","?","M"],"character_chosen":"WATCHER","items_purchased":["Halt","EmptyFist","BattleHymn","MentalFortress","MentalFortress","Adaptation"],"campfire_rested":4,"item_purchase_floors":[11,11,20,22,36,38],"current_hp_per_floor":[61,61,59,59,59,59,52,57,57,51,51,61,61,55,55,55,79,66,66,66,66,81,30,30,15,15,41,21,47,47,47,73,26,72,53,68,68,83,83,83,56,82,82,82,82,82],"gold":46,"neow_bonus":"REMOVE_CARD","is_daily":false,"chose_seed":false,"campfire_upgraded":4,"win_rate":0.0,"timestamp":1613051770,"path_taken":["M","M","M","$","?","R","E","?","T","?","?","E","R","M","R","BOSS","M","M","$","?","$","E","?","E","T","R","M","R","M","?","R","BOSS","M","$","?","$","?","R","M","R","T","?","?"],"items_purchased_type":["Card","Card","Card","Card","Card","Card"],"build_version":"2020-12-22","purchased_purges":4,"victory":false,"max_hp_per_floor":[72,72,72,72,72,72,72,77,77,77,77,87,87,87,87,87,87,87,87,87,87,87,87,87,87,87,87,87,87,87,87,87,87,87,87,87,87,87,87,87,87,87,87,87,87,87],"card_choices":[{"not_picked":["Pray","CutThroughFate","ClearTheMind"],"picked":"SKIP","floor":1.0},{"not_picked":["ClearTheMind","Evaluate","CrushJoints"],"picked":"SKIP","floor":2.0},{"not_picked":["ClearTheMind","Study"],"picked":"CarveReality","floor":3.0},{"not_picked":["Protect","Crescendo","SashWhip"],"picked":"SKIP","floor":7.0},{"not_picked":["CrushJoints","Swivel"],"picked":"Vengeance","floor":12.0},{"not_picked":["WaveOfTheHand","PathToVictory"],"picked":"MentalFortress","floor":14.0},{"not_picked":["Ragnarok","LessonLearned"],"picked":"MasterReality","floor":16.0},{"not_picked":["JustLucky","EmptyBody"],"picked":"Crescendo","floor":18.0},{"not_picked":["EmptyFist+1","FollowUp"],"picked":"ClearTheMind","floor":19.0},{"not_picked":["TalkToTheHand+1","WheelKick+1","Study"],"picked":"SKIP","floor":23.0},{"not_picked":["ClearTheMind","Wireheading","Crescendo"],"picked":"SKIP","floor":25},{"not_picked":["SandsOfTime","Perseverance+1","Weave"],"picked":"SKIP","floor":28},{"not_picked":["Crescendo","SpiritShield","ClearTheMind"],"picked":"SKIP","floor":30},{"not_picked":["Brilliance","SpiritShield"],"picked":"ConjureBlade","floor":33},{"not_picked":["BowlingBash+1","CrushJoints+1","Crescendo+1"],"picked":"SKIP","floor":35},{"not_picked":["JustLucky+1","ClearTheMind+1"],"picked":"Adaptation","floor":41},{"not_picked":["PathToVictory+1","EmptyFist+1"],"picked":"EmptyBody+1","floor":42}],"player_experience":1352745,"relics_obtained":[{"floor":7.0,"key":"Potion Belt"},{"floor":9.0,"key":"Akabeko"},{"floor":10.0,"key":"Odd Mushroom"},{"floor":12.0,"key":"Pear"},{"floor":21.0,"key":"MealTicket"},{"floor":23.0,"key":"Shuriken"},{"floor":25,"key":"Oddly Smooth Stone"},{"floor":26,"key":"Dream Catcher"},{"floor":43,"key":"Centennial Puzzle"}],"event_choices":[{"damage_healed":0.0,"max_hp_gain":0.0,"max_hp_loss":0.0,"gold_gain":0.0,"event_name":"Living Wall","player_choice":"Grow","floor":5.0,"gold_loss":0.0,"damage_taken":0.0,"cards_upgraded":["Eruption"]},{"damage_healed":0.0,"max_hp_gain":5.0,"max_hp_loss":0.0,"gold_gain":0.0,"event_name":"Big Fish","player_choice":"Donut","floor":8.0,"gold_loss":0.0,"damage_taken":0.0},{"damage_healed":0.0,"max_hp_gain":0.0,"max_hp_loss":0.0,"gold_gain":0.0,"event_name":"Mushrooms","player_choice":"Fought Mushrooms","floor":10.0,"gold_loss":0.0,"damage_taken":0.0},{"damage_healed":0.0,"max_hp_gain":0.0,"max_hp_loss":0.0,"gold_gain":99.0,"event_name":"Nest","player_choice":"Stole From Cult","floor":24.0,"gold_loss":0.0,"damage_taken":0.0},{"cards_removed":["Strike_P"],"damage_healed":0,"gold_gain":0,"player_choice":"Elegance","damage_taken":0,"max_hp_gain":0,"max_hp_loss":0,"event_name":"Back to Basics","floor":31,"gold_loss":0},{"damage_healed":0,"gold_gain":0,"player_choice":"Ignored","damage_taken":0,"max_hp_gain":0,"max_hp_loss":0,"event_name":"Mysterious Sphere","floor":37,"gold_loss":0},{"cards_removed":["WindmillStrike"],"damage_healed":0,"gold_gain":0,"player_choice":"Removed Attack","damage_taken":0,"max_hp_gain":0,"max_hp_loss":0,"event_name":"Falling","floor":39,"gold_loss":0},{"damage_healed":0,"gold_gain":0,"player_choice":"Upgraded","damage_taken":0,"max_hp_gain":0,"max_hp_loss":0,"event_name":"Upgrade Shrine","floor":44,"gold_loss":0,"cards_upgraded":["Adaptation"]}],"is_beta":false,"boss_relics":[{"not_picked":["Philosopher\u0027s Stone","Cursed Key"],"picked":"VioletLotus"},{"not_picked":["Black Star","Busted Crown"],"picked":"Pandora\u0027s Box"}],"items_purged_floors":[4,20,22,36],"is_endless":false,"potions_floor_spawned":[1,12,14,16,19,33,35],"killed_by":"3 Darklings","ascension_level":8}}