{"host":"mgjbkrm6zb65cm01","time":1613050033,"event":{"mods":["ATMod(°¢èªMod)","BaseMod","Conspire","Good Game Mod","Minty Spire (QoL Compilation)","Quick Restart","Relic Stats","Spicy Shops","StSLib","UnlockEverythingMod","noobMod"],"gold_per_floor":[109,124,144,158,158,186,186,220,244,319,319,4,4,20,20,120,120,140,65,65,65,65,65],"floor_reached":22,"language":"ZHS","playtime":1005,"items_purged":[],"score":217,"play_id":"54e894ba-4539-4507-a945-7df005981dfa","local_time":"20210211212713","is_ascension_mode":false,"campfire_choices":[{"data":"AT_KneejerkReflex","floor":7,"key":"SMITH"},{"data":"Eruption","floor":11,"key":"SMITH"},{"data":"ConjureBlade","floor":13,"key":"SMITH"},{"data":"TalkToTheHand","floor":15,"key":"SMITH"}],"circlet_count":0,"master_deck":["Strike_P","Strike_P","Defend_P","Defend_P","Defend_P","Defend_P","Eruption+1","Vigilance","ConjureBlade+1","AT_KneejerkReflex+1","Prostrate","EmptyFist","FlurryOfBlows","ClearTheMind","BowlingBash","TalkToTheHand+1","JustLucky","ThirdEye","EmptyFist","MasterReality","EmptyBody"],"relics":["PureWater","REME:ComplimentaryCards","ice","AT_ATBox","NeowsBlessing","Juzu Bracelet","PreservedInsect","Membership Card","Question Card","conspire:SlowCooker","Sundial"],"acts_visited":["Exordium","TheCity"],"potions_floor_usage":[8,14],"damage_taken":[{"damage":0,"enemies":"Jaw Worm","floor":1,"turns":1},{"damage":0,"enemies":"Cultist","floor":2,"turns":1},{"damage":0,"enemies":"Small Slimes","floor":3,"turns":1},{"damage":9,"enemies":"Blue Slaver","floor":4,"turns":3},{"damage":27,"enemies":"3 Sentries","floor":6,"turns":7},{"damage":35,"enemies":"Gremlin Nob","floor":8,"turns":6},{"damage":9,"enemies":"Gremlin Gang","floor":14,"turns":3},{"damage":35,"enemies":"Hexaghost","floor":16,"turns":5},{"damage":26,"enemies":"Chosen","floor":18,"turns":5},{"damage":0,"enemies":"conspire:FuzzyDice","floor":22,"turns":1}],"seed_played":"-423936837975032011","potions_obtained":[{"floor":3,"key":"PowerPotion"},{"floor":4,"key":"SteroidPotion"},{"floor":8,"key":"SteroidPotion"},{"floor":16,"key":"LiquidMemories"}],"is_trial":false,"path_per_floor":["M","M","M","M","?","E","R","E","T","?","R","$","R","M","R","B",null,"M","?","?","T","M"],"character_chosen":"WATCHER","items_purchased":["Membership Card","Question Card","JustLucky","ThirdEye"],"campfire_rested":0,"item_purchase_floors":[12,12,12,12],"current_hp_per_floor":[72,72,72,63,72,45,45,10,10,72,72,72,72,63,63,28,86,60,60,60,60,60,60],"gold":65,"neow_bonus":"THREE_ENEMY_KILL","is_daily":false,"chose_seed":false,"campfire_upgraded":4,"win_rate":0.0,"timestamp":1613050033,"path_taken":["M","M","M","M","?","E","R","E","T","?","R","$","R","M","R","BOSS","M","?","?","?","M"],"items_purchased_type":["Relic","Relic","Card","Card"],"build_version":"2020-12-22","purchased_purges":0,"victory":false,"max_hp_per_floor":[72,72,72,72,72,72,72,72,72,72,72,72,72,77,77,86,86,90,90,90,90,90,90],"relic_stats":{"counters":[10,33],"Sundial":[0],"PreservedInsect":0,"Juzu Bracelet":1,"Question Card":3,"obtain_stats":[{"REME:ComplimentaryCards":0,"AT_ATBox":0,"NeowsBlessing":0,"Sundial":21,"PreservedInsect":8,"conspire:SlowCooker":17,"ice":0,"Juzu Bracelet":6,"Membership Card":12,"PureWater":0,"Question Card":12},{"REME:ComplimentaryCards":0,"AT_ATBox":0,"NeowsBlessing":0,"Sundial":9,"PreservedInsect":6,"conspire:SlowCooker":8,"ice":0,"Juzu Bracelet":5,"Membership Card":6,"PureWater":0,"Question Card":6},{"REME:ComplimentaryCards":0,"AT_ATBox":0,"NeowsBlessing":0,"Sundial":32,"PreservedInsect":19,"conspire:SlowCooker":27,"ice":0,"Juzu Bracelet":13,"Membership Card":19,"PureWater":0,"Question Card":19}]},"card_choices":[{"not_picked":["SashWhip","WaveOfTheHand"],"picked":"Prostrate","floor":1},{"not_picked":["CrushJoints","ClearTheMind"],"picked":"EmptyFist","floor":2},{"not_picked":["FlyingSleeves","Weave"],"picked":"FlurryOfBlows","floor":3},{"not_picked":["SashWhip","EmptyFist"],"picked":"ClearTheMind","floor":4},{"not_picked":["SpiritShield","Sanctity"],"picked":"BowlingBash","floor":6},{"not_picked":["Nirvana","Halt"],"picked":"TalkToTheHand","floor":8},{"not_picked":["FollowUp","JustLucky","Protect"],"picked":"EmptyFist","floor":14},{"not_picked":["Brilliance","Blasphemy","Vault"],"picked":"MasterReality","floor":16},{"not_picked":["Crescendo","Adaptation","EmptyFist"],"picked":"EmptyBody","floor":18}],"player_experience":150046,"relics_obtained":[{"floor":6,"key":"Juzu Bracelet"},{"floor":8,"key":"PreservedInsect"},{"floor":21,"key":"Sundial"}],"event_choices":[{"damage_healed":9,"gold_gain":0,"player_choice":"Full Heal","damage_taken":0,"max_hp_gain":0,"max_hp_loss":0,"event_name":"Wheel of Change","floor":5,"gold_loss":0},{"damage_healed":0,"gold_gain":75,"player_choice":"Gather Gold","damage_taken":11,"max_hp_gain":0,"max_hp_loss":0,"event_name":"World of Goop","floor":10,"gold_loss":0},{"cards_removed":["Strike_P"],"damage_healed":0,"gold_gain":0,"player_choice":"Gave Gold","damage_taken":0,"max_hp_gain":0,"max_hp_loss":0,"event_name":"Beggar","floor":19,"gold_loss":75},{"cards_removed":["Strike_P"],"damage_healed":0,"gold_gain":0,"player_choice":"Elegance","damage_taken":0,"max_hp_gain":0,"max_hp_loss":0,"event_name":"Back to Basics","floor":20,"gold_loss":0}],"is_beta":false,"boss_relics":[{"not_picked":["Snecko Eye","Fusion Hammer"],"picked":"conspire:SlowCooker"}],"items_purged_floors":[],"is_endless":false,"potions_floor_spawned":[3,4,8,16],"killed_by":"conspire:FuzzyDice","ascension_level":0}}