{"host":"vex7walpoxzv48nx","time":1613060303,"event":{"mods":["AchievementEnabler","BaseMod","Highlight Path","Minty Spire (QoL Compilation)","Permanent Neow","Quick Restart","StSLib","UnlockEverythingMod"],"gold_per_floor":[116,131,2,2,21,21,21,59,86,86,102,102,117,155,155,155,155],"floor_reached":16,"language":"ENG","playtime":1169,"items_purged":["Strike_B"],"score":220,"play_id":"e79b65a4-3ea2-4852-a991-b2a5ea8b8579","local_time":"20210211171823","is_ascension_mode":true,"campfire_choices":[{"data":"Zap","floor":6.0,"key":"SMITH"},{"data":"Multi-Cast","floor":10.0,"key":"SMITH"},{"floor":12,"key":"REST"},{"data":"Glacier","floor":15,"key":"SMITH"}],"circlet_count":0,"master_deck":["AscendersBane","Strike_B","Strike_B","Strike_B","Defend_B","Defend_B","Defend_B","Defend_B","Zap+1","Dualcast","Capacitor","Sweeping Beam","Sweeping Beam","Multi-Cast+1","Ball Lightning","Glacier+1","Electrodynamics"],"relics":["Cracked Core","Juzu Bracelet","Golden Idol","Anchor","MealTicket","PreservedInsect"],"acts_visited":["Exordium"],"potions_floor_usage":[16],"damage_taken":[{"damage":9.0,"enemies":"Jaw Worm","floor":1.0,"turns":3.0},{"damage":7.0,"enemies":"Small Slimes","floor":2.0,"turns":3.0},{"damage":0.0,"enemies":"Cultist","floor":5.0,"turns":3.0},{"damage":40.0,"enemies":"Lagavulin","floor":8.0,"turns":8.0},{"damage":0,"enemies":"3 Louse","floor":11,"turns":2},{"damage":0,"enemies":"2 Fungi Beasts","floor":13,"turns":2},{"damage":8,"enemies":"Gremlin Nob","floor":14,"turns":3},{"damage":46,"enemies":"Hexaghost","floor":16,"turns":10}],"seed_played":"8127026293616635138","potions_obtained":[{"floor":11,"key":"Regen Potion"},{"floor":13,"key":"Ancient Potion"},{"floor":14,"key":"PowerPotion"}],"is_trial":false,"path_per_floor":["M","M","$","?","M","R","?","E","T","R","M","R","M","E","R","B"],"character_chosen":"DEFECT","items_purchased":["Sweeping Beam"],"campfire_rested":1,"item_purchase_floors":[3],"current_hp_per_floor":[55,48,48,48,48,48,64,24,24,24,24,43,43,35,35,4,4],"gold":155,"neow_bonus":"RANDOM_COMMON_RELIC","is_daily":false,"chose_seed":false,"campfire_upgraded":3,"win_rate":0.0,"timestamp":1613060303,"path_taken":["M","M","$","?","M","R","?","E","T","R","M","R","M","E","R","BOSS"],"items_purchased_type":["Card"],"build_version":"2020-12-22","purchased_purges":1,"victory":false,"max_hp_per_floor":[71,71,71,64,64,64,64,64,64,64,64,64,64,64,64,64,64],"card_choices":[{"not_picked":["Coolheaded","Turbo","Redo"],"picked":"SKIP","floor":1.0},{"not_picked":["Hologram","Aggregate"],"picked":"Capacitor","floor":2.0},{"not_picked":["Self Repair","Stack"],"picked":"Sweeping Beam","floor":5.0},{"not_picked":["Steam Power","Reboot"],"picked":"Multi-Cast","floor":8.0},{"not_picked":["Barrage","Tempest"],"picked":"Ball Lightning","floor":11},{"not_picked":["Aggregate","Recycle"],"picked":"Glacier","floor":13},{"not_picked":["Go for the Eyes","Undo"],"picked":"Electrodynamics","floor":14}],"player_experience":286481,"relics_obtained":[{"floor":8.0,"key":"Anchor"},{"floor":9.0,"key":"MealTicket"},{"floor":14,"key":"PreservedInsect"}],"event_choices":[{"damage_healed":0.0,"max_hp_gain":0.0,"max_hp_loss":7.0,"gold_gain":0.0,"event_name":"Golden Idol","player_choice":"Lose Max HP","floor":4.0,"gold_loss":0.0,"damage_taken":0.0,"relics_obtained":["Golden Idol"]},{"damage_healed":16.0,"max_hp_gain":0.0,"max_hp_loss":0.0,"gold_gain":0.0,"event_name":"Wheel of Change","player_choice":"Full Heal","floor":7.0,"gold_loss":0.0,"damage_taken":0.0}],"is_beta":false,"boss_relics":[],"items_purged_floors":[3],"is_endless":false,"potions_floor_spawned":[11,13,14],"killed_by":"Hexaghost","ascension_level":20}}