{"host":"kcvncuxxsb6xpuus","time":1613032894,"event":{"mods":["BaseMod","Minty Spire (QoL Compilation)","Replay The Spire","StSLib"],"gold_per_floor":[118,118,138,138,156,197,197,216,216,239,217,142,157,236,236,362,362,377,396,422,441,466,466,484,187,263,263,139,154,185,185,185,311,311,326,349,349,368,386,422,422,422,422,422,422],"floor_reached":44,"language":"ZHS","playtime":2627,"items_purged":["Defend_R","Strike_R"],"score":643,"play_id":"9d56db99-b99b-43f2-8982-7550e830a777","local_time":"20210211164134","is_ascension_mode":true,"campfire_choices":[{"floor":7.0,"key":"REST"},{"floor":15.0,"key":"REST"},{"data":"Juggernaut","floor":23.0,"key":"SMITH"},{"data":"Apotheosis","floor":27.0,"key":"SMITH"},{"floor":32.0,"key":"REST"},{"data":"Heavy Blade","floor":43.0,"key":"SMITH"}],"circlet_count":0,"master_deck":["Strike_R","Strike_R","Strike_R","Defend_R+1","Defend_R+1","Bash","Heavy Blade+1","Rupture+1","Metallicize","Juggernaut+1","Flex+1","Blood for Blood","Hemokinesis+1","Apotheosis+1","Flex+1","ReplayTheSpireMod:Muscle Training","Heavy Blade","Blood for Blood","Brutality"],"relics":["Black Blood","Happy Flower","Golden Idol","Orichalcum","Omamori","Bottled Tornado","Velvet Choker","Bag of Preparation","The Courier","Orrery","Blood Vial","War Paint"],"acts_visited":["Exordium","TheCity","TheBeyond"],"potions_floor_usage":[],"damage_taken":[{"damage":9.0,"enemies":"Small Slimes","floor":1.0,"turns":4.0},{"damage":9.0,"enemies":"2 Louse","floor":3.0,"turns":3.0},{"damage":6.0,"enemies":"Cultist","floor":5.0,"turns":3.0},{"damage":35.0,"enemies":"3 Sentries","floor":6.0,"turns":11.0},{"damage":23.0,"enemies":"Exordium Thugs","floor":8.0,"turns":4.0},{"damage":11.0,"enemies":"Red Slaver","floor":10.0,"turns":4.0},{"damage":15.0,"enemies":"2 Fungi Beasts","floor":13.0,"turns":4.0},{"damage":37.0,"enemies":"Hexaghost","floor":16.0,"turns":9.0},{"damage":13.0,"enemies":"Chosen","floor":18.0,"turns":5.0},{"damage":5.0,"enemies":"Shell Parasite","floor":19.0,"turns":4.0},{"damage":5.0,"enemies":"Chosen and Byrds","floor":21.0,"turns":4.0},{"damage":24.0,"enemies":"Centurion and Healer","floor":22.0,"turns":6.0},{"damage":14.0,"enemies":"3 Cultists","floor":24.0,"turns":5.0},{"damage":3.0,"enemies":"Chosen and Byrds","floor":29.0,"turns":3.0},{"damage":19.0,"enemies":"Replay:Snechameleon","floor":30.0,"turns":5.0},{"damage":37.0,"enemies":"Pondfish","floor":33.0,"turns":6.0},{"damage":39.0,"enemies":"3 Darklings","floor":35.0,"turns":4.0},{"damage":5.0,"enemies":"3 Shapes","floor":36.0,"turns":3.0},{"damage":3.0,"enemies":"Sphere and 2 Shapes","floor":38.0,"turns":5.0},{"damage":28.0,"enemies":"Writhing Mass","floor":39.0,"turns":4.0},{"damage":22.0,"enemies":"R_Hoarder","floor":40.0,"turns":5.0},{"damage":53,"enemies":"Nemesis","floor":44,"turns":5}],"seed_played":"4095554912463196314","potions_obtained":[{"floor":3.0,"key":"LiquidMemories"},{"floor":5.0,"key":"SpeedPotion"},{"floor":6.0,"key":"Toxic Potion"},{"floor":13.0,"key":"LiquidBronze"},{"floor":18.0,"key":"Explosive Potion"},{"floor":22.0,"key":"Block Potion"},{"floor":30.0,"key":"GamblersBrew"},{"floor":35.0,"key":"Swift Potion"},{"floor":38.0,"key":"ColorlessPotion"},{"floor":39.0,"key":"DistilledChaos"}],"is_trial":false,"path_per_floor":["M","?","M","?","M","E","R","M","T","M","?","$","M","T","R","B",null,"M","M","T","M","M","R","M","$","T","R","$","M","E","?","R","B",null,"M","M","?","M","M","E","PTL","PTL","R","E"],"character_chosen":"IRONCLAD","items_purchased":["Apotheosis","Orrery"],"campfire_rested":3,"item_purchase_floors":[25,28],"current_hp_per_floor":[77,57,54,54,54,25,49,32,32,27,27,27,18,18,42,11,80,73,74,74,75,57,57,49,49,49,49,49,52,39,39,63,34,80,53,62,62,73,59,51,51,51,51,0,0],"gold":422,"neow_bonus":"RANDOM_COMMON_RELIC","is_daily":false,"chose_seed":false,"campfire_upgraded":3,"win_rate":0.0,"timestamp":1613032894,"path_taken":["M","?","M","?","M","E","R","M","T","M","?","$","M","?","R","BOSS","M","M","?","M","?","R","M","?","T","R","$","M","E","?","R","BOSS","M","M","?","M","M","E","PTL","PTL","R","E"],"items_purchased_type":["Card","Relic"],"build_version":"2020-12-22","purchased_purges":2,"victory":false,"max_hp_per_floor":[80,80,80,80,80,80,80,80,80,80,80,80,80,80,80,80,80,80,80,80,80,80,80,80,80,80,80,80,80,80,80,80,80,80,80,80,80,80,80,80,80,80,80,80,80],"card_choices":[{"not_picked":["ReplayTheSpireMod:Strike From Hell","Warcry"],"picked":"Heavy Blade","floor":1.0},{"not_picked":["Run Through","Pommel Strike"],"picked":"Rupture","floor":3.0},{"not_picked":["Twin Strike","Havoc","Wild Strike"],"picked":"SKIP","floor":5.0},{"not_picked":["Whirlwind","Sever Soul","Warcry"],"picked":"SKIP","floor":6.0},{"not_picked":["Uppercut","Heavy Blade","Havoc"],"picked":"SKIP","floor":8.0},{"not_picked":["Power Through","Body Slam","Perfected Strike"],"picked":"SKIP","floor":10.0},{"not_picked":["Pummel","Thunderclap"],"picked":"Metallicize","floor":13.0},{"not_picked":["Feed","Offering"],"picked":"Juggernaut","floor":16.0},{"not_picked":["Pommel Strike","Flex","Replay:Undeath\u0027s Touch"],"picked":"SKIP","floor":18.0},{"not_picked":["Reckless Charge","Shrug It Off"],"picked":"Flex+1","floor":19.0},{"not_picked":["Havoc","Second Wind"],"picked":"Blood for Blood","floor":21.0},{"not_picked":["Body Slam","ReplayTheSpireMod:Corrosion Curse","Perfected Strike"],"picked":"SKIP","floor":22.0},{"not_picked":["Infernal Blade","Searing Blow"],"picked":"Hemokinesis+1","floor":24.0},{"not_picked":["Twin Strike","Demonic Infusion"],"picked":"Flex+1","floor":28.0},{"not_picked":["Wild Strike","Warcry"],"picked":"ReplayTheSpireMod:Muscle Training","floor":28.0},{"not_picked":["Seeing Red","Replay:Undeath\u0027s Touch"],"picked":"Heavy Blade","floor":28.0},{"not_picked":["Whirlwind","Massacre"],"picked":"Blood for Blood","floor":29.0},{"not_picked":["Rage+1","Clash","Shrug It Off"],"picked":"SKIP","floor":30.0},{"not_picked":["Feed","Replay:Many Hands"],"picked":"Brutality","floor":33.0},{"not_picked":["Sword Boomerang+1","Headbutt+1","Second Wind+1"],"picked":"SKIP","floor":35.0},{"not_picked":["Clash","Iron Wave","Sever Soul"],"picked":"SKIP","floor":36.0},{"not_picked":["Spot Weakness","Cleave+1","ReplayTheSpireMod:Strike From Hell+1"],"picked":"SKIP","floor":38.0},{"not_picked":["Armaments+1","Shockwave+1","Uppercut+1"],"picked":"SKIP","floor":39.0},{"not_picked":["Demonic Infusion","ReplayTheSpireMod:Muscle Training","Thunderclap+1"],"picked":"SKIP","floor":40.0}],"player_experience":86308,"relics_obtained":[{"floor":6.0,"key":"Orichalcum"},{"floor":9.0,"key":"Omamori"},{"floor":14.0,"key":"Bottled Tornado"},{"floor":20.0,"key":"Bag of Preparation"},{"floor":26.0,"key":"The Courier"},{"floor":30.0,"key":"Blood Vial"},{"floor":40.0,"key":"War Paint"}],"event_choices":[{"damage_healed":0.0,"max_hp_gain":0.0,"max_hp_loss":0.0,"gold_gain":0.0,"event_name":"Golden Idol","player_choice":"Take Damage","floor":2.0,"gold_loss":0.0,"damage_taken":20.0,"relics_obtained":["Golden Idol"]},{"damage_healed":0.0,"max_hp_gain":0.0,"max_hp_loss":0.0,"gold_gain":0.0,"event_name":"Living Wall","player_choice":"Grow","floor":4.0,"gold_loss":0.0,"damage_taken":0.0,"cards_upgraded":["Rupture"]},{"damage_healed":0.0,"max_hp_gain":0.0,"max_hp_loss":0.0,"gold_gain":0.0,"event_name":"World of Goop","player_choice":"Left Gold","floor":11.0,"gold_loss":22.0,"damage_taken":0.0},{"cards_removed":["Strike_R"],"damage_healed":0.0,"max_hp_gain":0.0,"max_hp_loss":0.0,"gold_gain":0.0,"event_name":"Back to Basics","player_choice":"Elegance","floor":31.0,"gold_loss":0.0,"damage_taken":0.0},{"cards_removed":["Defend_R"],"damage_healed":0.0,"max_hp_gain":0.0,"max_hp_loss":0.0,"gold_gain":0.0,"event_name":"Falling","player_choice":"Removed Skill","floor":37.0,"gold_loss":0.0,"damage_taken":0.0}],"is_beta":false,"boss_relics":[{"not_picked":["Cursed Key","SlaversCollar"],"picked":"Velvet Choker"},{"not_picked":["Busted Crown","Ring of Chaos"],"picked":"Black Blood"}],"items_purged_floors":[12,25],"is_endless":false,"potions_floor_spawned":[3,5,6,13,18,22,30,35,38,39],"killed_by":"Nemesis","ascension_level":1}}