{"host":"8zow35rkxv448q2r","time":1613054813,"event":{"mods":["AchievementEnabler","BaseMod","Colored Map","Colored Powertips","Minty Spire (QoL Compilation)","Relic Stats"],"gold_per_floor":[113,131,156,99167,99167,99167,99182,98463,98463,98463,98476,98494,97833,97863,97863,97963,97963,97981,97896,97911,97004,97004,97004,97036,96148,96148,96168,96168,96188,95172,95191,95191,95295,95295,95306,95266,95266,94342,94355,94382,94382,93355,93378,92476,92507,91714,91746,91763,91763,91763],"floor_reached":51,"language":"ENG","playtime":2584,"items_purged":["Poisoned Stab","Strike_G","Strike_G","Strike_G","Strike_G","Dagger Spray"],"score":1268,"play_id":"e1e058e3-bd7a-45e9-9bfc-bc76fe20b4c0","local_time":"20210211094653","is_ascension_mode":true,"campfire_choices":[{"data":"Accuracy","floor":6.0,"key":"SMITH"},{"data":"Blade Dance","floor":10.0,"key":"SMITH"},{"data":"Infinite Blades","floor":15.0,"key":"SMITH"},{"data":"Noxious Fumes","floor":23,"key":"SMITH"},{"floor":32,"key":"REST"},{"data":"1","floor":41,"key":"LIFT"},{"floor":49,"key":"REST"}],"circlet_count":0,"master_deck":["Defend_G","Defend_G","Defend_G","Defend_G","Defend_G","Survivor","Neutralize","Blade Dance+1","Accuracy+1","Blade Dance","Noxious Fumes+1","PiercingWail","Infinite Blades+1","Poisoned Stab+1","PanicButton","Accuracy+1","Apotheosis","Blade Dance","Cloak And Dagger","Accuracy+1"],"relics":["Runic Dome","Orichalcum","Medical Kit","Oddly Smooth Stone","Ninja Scroll","Sundial","Darkstone Periapt","TwistedFunnel","Mercury Hourglass","Gremlin Horn","Omamori","ClockworkSouvenir","Dream Catcher","Philosopher\u0027s Stone","Ancient Tea Set","Pocketwatch","Potion Belt","TheAbacus","Frozen Egg 2","Frozen Eye","Singing Bowl","Bag of Preparation","Shuriken","Girya","CeramicFish","Sling","Cursed Key","Question Card","Unceasing Top","Toolbox","Paper Crane","Chemical X","Ginger","Bottled Lightning","Snake Skull","Calipers","Centennial Puzzle","PrismaticShard","Pen Nib","Cauldron","Blood Vial","Lizard Tail","Anchor"],"acts_visited":["Exordium","TheCity","TheBeyond"],"potions_floor_usage":[21,24,27,27,30,33,33,33,33,37,40,40,44],"damage_taken":[{"damage":0.0,"enemies":"Cultist","floor":1.0,"turns":5.0},{"damage":0.0,"enemies":"2 Louse","floor":2.0,"turns":3.0},{"damage":0.0,"enemies":"Jaw Worm","floor":7.0,"turns":2.0},{"damage":3.0,"enemies":"Gremlin Gang","floor":11.0,"turns":2.0},{"damage":0.0,"enemies":"Exordium Thugs","floor":12.0,"turns":2.0},{"damage":0.0,"enemies":"Gremlin Nob","floor":14.0,"turns":2.0},{"damage":25.0,"enemies":"The Guardian","floor":16.0,"turns":5.0},{"damage":2,"enemies":"Spheric Guardian","floor":18,"turns":4},{"damage":2,"enemies":"Chosen","floor":20,"turns":2},{"damage":12,"enemies":"Book of Stabbing","floor":24,"turns":4},{"damage":0,"enemies":"Sentry and Sphere","floor":27,"turns":2},{"damage":9,"enemies":"Centurion and Healer","floor":29,"turns":2},{"damage":1,"enemies":"Shelled Parasite and Fungi","floor":31,"turns":3},{"damage":5,"enemies":"Champ","floor":33,"turns":5},{"damage":20,"enemies":"3 Shapes","floor":35,"turns":1},{"damage":0,"enemies":"Orb Walker","floor":37,"turns":1},{"damage":0,"enemies":"Sphere and 2 Shapes","floor":39,"turns":3},{"damage":0,"enemies":"Nemesis","floor":40,"turns":3},{"damage":7,"enemies":"Giant Head","floor":45,"turns":4},{"damage":3,"enemies":"Nemesis","floor":47,"turns":3},{"damage":10,"enemies":"Writhing Mass","floor":48,"turns":2},{"damage":0,"enemies":"Awakened One","floor":50,"turns":4}],"seed_played":"8153336652436219193","potions_obtained":[{"floor":16.0,"key":"Dexterity Potion"},{"floor":27,"key":"Swift Potion"},{"floor":33,"key":"FearPotion"},{"floor":36,"key":"Dexterity Potion"},{"floor":36,"key":"SmokeBomb"},{"floor":36,"key":"Swift Potion"},{"floor":46,"key":"DistilledChaos"},{"floor":46,"key":"PowerPotion"}],"is_trial":false,"path_per_floor":["M","M","T","$","?","R","M","$","T","R","M","M","$","E","R","B",null,"M","?","M","$","?","R","E","$","T","M","?","M","$","M","R","B",null,"M","?","M","$","M","E","R","$","T","$","E","$","E","M","R","B",null],"character_chosen":"THE_SILENT","items_purchased":["Poisoned Stab","Blade Dance","Accuracy","Medical Kit","Oddly Smooth Stone","Ninja Scroll","Poison Potion","Strength Potion","Ancient Potion","Sundial","Darkstone Periapt","TwistedFunnel","CunningPotion","Gremlin Horn","Omamori","ClockworkSouvenir","Dagger Spray","Infinite Blades","Pocketwatch","Potion Belt","TheAbacus","Fruit Juice","DuplicationPotion","SpeedPotion","Frozen Eye","Singing Bowl","Bag of Preparation","Accuracy+1","CunningPotion","DistilledChaos","Girya","CeramicFish","Fruit Juice","PowerPotion","Sling","Apotheosis","Question Card","Unceasing Top","Toolbox","Cloak And Dagger","Chemical X","Fire Potion","AttackPotion","PowerPotion","Ginger","Bottled Lightning","Fruit Juice","DuplicationPotion","Regen Potion","Calipers","Centennial Puzzle","PrismaticShard","Accuracy+1","Cauldron","Blood Vial","Lizard Tail"],"campfire_rested":2,"item_purchase_floors":[4,4,4,4,4,4,4,4,4,8,8,8,8,13,13,13,13,13,21,21,21,21,21,21,25,25,25,25,25,25,30,30,30,30,30,30,38,38,38,38,42,42,42,42,42,42,44,44,44,44,44,44,44,46,46,46],"current_hp_per_floor":[63,63,63,63,63,63,63,63,63,63,60,60,60,60,60,35,61,59,59,57,62,62,62,50,50,50,52,52,45,50,49,76,73,84,66,66,66,66,68,70,70,70,70,75,70,70,71,65,98,100],"gold":91763,"neow_bonus":"BOSS_RELIC","is_daily":false,"chose_seed":false,"campfire_upgraded":4,"win_rate":0.0,"timestamp":1613054813,"path_taken":["M","M","?","$","?","R","?","$","T","R","M","M","$","E","R","BOSS","M","?","M","$","?","R","E","$","T","?","?","?","?","?","R","BOSS","M","?","M","?","M","E","R","$","T","$","E","$","E","M","R","BOSS"],"items_purchased_type":["Card","Card","Card","Relic","Relic","Relic","Potion","Potion","Potion","Relic","Relic","Relic","Potion","Relic","Relic","Relic","Card","Card","Relic","Relic","Relic","Potion","Potion","Potion","Relic","Relic","Relic","Card","Potion","Potion","Relic","Relic","Potion","Potion","Relic","Card","Relic","Relic","Relic","Card","Relic","Potion","Potion","Potion","Relic","Relic","Potion","Potion","Potion","Relic","Relic","Relic","Card","Relic","Relic","Relic"],"build_version":"2020-12-22","purchased_purges":6,"victory":true,"max_hp_per_floor":[70,70,70,70,70,70,70,70,70,70,70,70,70,70,70,70,70,70,70,70,75,75,75,75,75,75,77,77,79,84,84,86,88,88,90,90,90,90,92,94,94,94,94,99,101,101,103,105,107,107],"relic_stats":{"Darkstone Periapt":0,"Gremlin Horn":[10,10],"Singing Bowl":22,"CeramicFish":36,"Snake Skull":[15],"Bag of Preparation":[18],"Ginger":[2],"Cursed Key":1,"Blood Vial":6,"Dream Catcher":2,"Centennial Puzzle":[9],"Lizard Tail":0,"TheAbacus":[24],"Sundial":[2],"Chemical X":[1],"counters":[22,64],"Pen Nib":[6],"Orichalcum":[24],"Medical Kit":[2],"Question Card":7,"Mercury Hourglass":[163],"Shuriken":[52],"obtain_stats":[{"Darkstone Periapt":8,"TwistedFunnel":8,"Calipers":44,"Gremlin Horn":13,"Singing Bowl":25,"CeramicFish":30,"Snake Skull":43,"Bag of Preparation":25,"Ginger":42,"Ancient Tea Set":19,"Sling":30,"Cursed Key":34,"PrismaticShard":44,"ClockworkSouvenir":13,"Blood Vial":46,"Frozen Eye":25,"Dream Catcher":14,"Centennial Puzzle":44,"Lizard Tail":46,"TheAbacus":21,"Ninja Scroll":4,"Sundial":8,"Toolbox":38,"Philosopher\u0027s Stone":17,"Chemical X":42,"Ring of the Snake":0,"Potion Belt":21,"Girya":30,"Oddly Smooth Stone":4,"Pen Nib":45,"Omamori":13,"Orichalcum":3,"Frozen Egg 2":24,"Paper Crane":40,"Medical Kit":4,"Question Card":38,"Mercury Hourglass":9,"Runic Dome":0,"Cauldron":46,"Anchor":47,"Shuriken":26,"Bottled Lightning":42,"Unceasing Top":38,"Pocketwatch":21},{"Darkstone Periapt":3,"TwistedFunnel":3,"Calipers":18,"Gremlin Horn":5,"Singing Bowl":10,"CeramicFish":12,"Snake Skull":18,"Bag of Preparation":10,"Ginger":18,"Ancient Tea Set":8,"Sling":12,"Cursed Key":14,"PrismaticShard":18,"ClockworkSouvenir":5,"Blood Vial":19,"Frozen Eye":10,"Dream Catcher":6,"Centennial Puzzle":18,"Lizard Tail":19,"TheAbacus":9,"Ninja Scroll":2,"Sundial":3,"Toolbox":16,"Philosopher\u0027s Stone":7,"Chemical X":18,"Ring of the Snake":0,"Potion Belt":9,"Girya":12,"Oddly Smooth Stone":2,"Pen Nib":19,"Omamori":5,"Orichalcum":2,"Frozen Egg 2":10,"Paper Crane":18,"Medical Kit":2,"Question Card":16,"Mercury Hourglass":3,"Runic Dome":0,"Cauldron":19,"Anchor":20,"Shuriken":10,"Bottled Lightning":18,"Unceasing Top":16,"Pocketwatch":9},{"Darkstone Periapt":10,"TwistedFunnel":10,"Calipers":51,"Gremlin Horn":14,"Singing Bowl":31,"CeramicFish":35,"Snake Skull":51,"Bag of Preparation":31,"Ginger":51,"Ancient Tea Set":25,"Sling":35,"Cursed Key":43,"PrismaticShard":51,"ClockworkSouvenir":14,"Blood Vial":55,"Frozen Eye":31,"Dream Catcher":16,"Centennial Puzzle":51,"Lizard Tail":55,"TheAbacus":27,"Ninja Scroll":8,"Sundial":10,"Toolbox":45,"Philosopher\u0027s Stone":21,"Chemical X":51,"Ring of the Snake":0,"Potion Belt":27,"Girya":35,"Oddly Smooth Stone":8,"Pen Nib":55,"Omamori":14,"Orichalcum":8,"Frozen Egg 2":31,"Paper Crane":51,"Medical Kit":8,"Question Card":45,"Mercury Hourglass":10,"Runic Dome":0,"Cauldron":55,"Anchor":58,"Shuriken":31,"Bottled Lightning":51,"Unceasing Top":45,"Pocketwatch":27}],"Unceasing Top":[12],"Pocketwatch":[0]},"card_choices":[{"not_picked":["Sucker Punch","Acrobatics","Underhanded Strike"],"picked":"SKIP","floor":1.0},{"not_picked":["Choke","Quick Slash","Concentrate"],"picked":"SKIP","floor":2.0},{"not_picked":["Heel Hook","Footwork"],"picked":"Blade Dance","floor":7.0},{"not_picked":["Outmaneuver","Underhanded Strike"],"picked":"Noxious Fumes","floor":11.0},{"not_picked":["Masterful Stab","Backflip"],"picked":"PiercingWail","floor":12.0},{"not_picked":["Leg Sweep","Dodge and Roll","Prepared"],"picked":"SKIP","floor":14.0},{"not_picked":["Well Laid Plans","Quick Slash","Distraction"],"picked":"SKIP","floor":18},{"not_picked":["Masterful Stab+1","Eviscerate"],"picked":"Poisoned Stab+1","floor":20},{"not_picked":["Dodge and Roll","Quick Slash","Flying Knee"],"picked":"SKIP","floor":24},{"not_picked":["Footwork+1","Backstab","Riddle With Holes"],"picked":"Singing Bowl","floor":27},{"not_picked":["Crippling Poison+1","Well Laid Plans+1","Slice"],"picked":"Singing Bowl","floor":29},{"not_picked":["Setup","Slice"],"picked":"Blade Dance","floor":31},{"not_picked":["Doppelganger","Distraction","Dodge and Roll"],"picked":"Singing Bowl","floor":32},{"not_picked":["Adrenaline","Night Terror","Malaise"],"picked":"Singing Bowl","floor":33},{"not_picked":["Expertise","Dagger Spray","Bane+1"],"picked":"Singing Bowl","floor":35},{"not_picked":["Outmaneuver","Dagger Spray","Dagger Throw+1","PiercingWail+1"],"picked":"Singing Bowl","floor":39},{"not_picked":["Eviscerate","Well Laid Plans+1","Catalyst+1","PiercingWail+1"],"picked":"Singing Bowl","floor":40},{"not_picked":["EmptyMind","Havoc","Panacea","Dodge and Roll"],"picked":"Singing Bowl","floor":45},{"not_picked":["ClearTheMind+1","True Grit","PanicButton+1","CrushJoints"],"picked":"Singing Bowl","floor":47},{"not_picked":["InnerPeace+1","Consecrate+1","Noxious Fumes+1","Bane+1"],"picked":"Singing Bowl","floor":48},{"not_picked":["Turbo+1","Scrawl","Clothesline","Stack"],"picked":"Singing Bowl","floor":49}],"player_experience":196758,"relics_obtained":[{"floor":3.0,"key":"Orichalcum"},{"floor":9.0,"key":"Mercury Hourglass"},{"floor":14.0,"key":"Dream Catcher"},{"floor":24,"key":"Frozen Egg 2"},{"floor":26,"key":"Shuriken"},{"floor":40,"key":"Paper Crane"},{"floor":43,"key":"Snake Skull"},{"floor":45,"key":"Pen Nib"},{"floor":47,"key":"Anchor"}],"event_choices":[{"damage_healed":0.0,"max_hp_gain":0.0,"max_hp_loss":0.0,"gold_gain":0.0,"event_name":"Lab","player_choice":"Got Potions","floor":5.0,"gold_loss":0.0,"damage_taken":0.0},{"damage_healed":0,"gold_gain":0,"player_choice":"Obtained Relic","damage_taken":0,"relics_obtained":["Ancient Tea Set"],"max_hp_gain":0,"max_hp_loss":0,"event_name":"Addict","floor":19,"gold_loss":85},{"damage_healed":0,"gold_gain":0,"player_choice":"1 cards matched","damage_taken":0,"max_hp_gain":0,"max_hp_loss":0,"event_name":"Match and Keep!","floor":22,"gold_loss":0,"cards_obtained":["PanicButton"]},{"cards_removed":["Strike_G"],"damage_healed":0,"gold_gain":0,"player_choice":"Offered Basic","damage_taken":0,"max_hp_gain":0,"max_hp_loss":0,"event_name":"Bonfire Elementals","floor":28,"gold_loss":0},{"damage_healed":0,"gold_gain":0,"player_choice":"Bought 3 Potions","damage_taken":0,"max_hp_gain":0,"max_hp_loss":0,"event_name":"The Woman in Blue","floor":36,"gold_loss":0}],"is_beta":false,"boss_relics":[{"not_picked":["Pandora\u0027s Box","Empty Cage"],"picked":"Philosopher\u0027s Stone"},{"not_picked":["Velvet Choker","Coffee Dripper"],"picked":"Cursed Key"}],"items_purged_floors":[21,25,30,38,42,46],"is_endless":false,"potions_floor_spawned":[7,11,12,16,27,33,47,48],"ascension_level":7}}