{"host":"pdq28s6637cpsst2","time":1613005869,"event":{"mods":["BaseMod","Colored Map","Highlight Path","Minty Spire (QoL Compilation)","Quick Restart"],"gold_per_floor":[362,373,52,65,76,101,101,120,146,157,171,191,191,207,207,302,302,319,62,81,91,291,291,302,302,328,341,341,341,372,388,388,388,388],"floor_reached":33,"language":"ENG","playtime":9432,"items_purged":["Strike_P"],"score":366,"play_id":"c2dd8719-fb98-4e60-86f6-0abeb6add276","local_time":"20210210201109","is_ascension_mode":true,"campfire_choices":[{"floor":7,"key":"REST"},{"data":"Scrawl","floor":13,"key":"SMITH"},{"data":"Scrawl","floor":15,"key":"SMITH"},{"data":"CrushJoints","floor":23,"key":"SMITH"},{"data":"Crescendo","floor":25,"key":"SMITH"},{"data":"EmptyMind","floor":29,"key":"SMITH"},{"data":"TalkToTheHand","floor":32,"key":"SMITH"}],"circlet_count":0,"master_deck":["Strike_P","Strike_P","Strike_P","Defend_P","Defend_P","Defend_P","Defend_P","Eruption","Vigilance","SashWhip","CrushJoints+1","LikeWater","Consecrate","Scrawl+1","EmptyMind+1","TalkToTheHand+1","FollowUp","ThirdEye","TalkToTheHand","Scrawl+1","DeusExMachina","Evaluate","Crescendo+1","CutThroughFate+1","DeusExMachina","FollowUp","RitualDagger"],"relics":["PureWater","Kunai","VioletLotus","Bottled Lightning","Oddly Smooth Stone","Damaru"],"acts_visited":["Exordium","TheCity"],"potions_floor_usage":[16,16,30,30,33],"damage_taken":[{"damage":4,"enemies":"Small Slimes","floor":1,"turns":5},{"damage":0,"enemies":"Cultist","floor":2,"turns":2},{"damage":4,"enemies":"2 Louse","floor":4,"turns":2},{"damage":9,"enemies":"Exordium Wildlife","floor":5,"turns":5},{"damage":39,"enemies":"3 Sentries","floor":6,"turns":12},{"damage":0,"enemies":"Looter","floor":8,"turns":3},{"damage":14,"enemies":"Large Slime","floor":10,"turns":6},{"damage":1,"enemies":"Blue Slaver","floor":11,"turns":4},{"damage":7,"enemies":"Exordium Thugs","floor":12,"turns":6},{"damage":0,"enemies":"3 Louse","floor":14,"turns":3},{"damage":0,"enemies":"The Guardian","floor":16,"turns":14},{"damage":0,"enemies":"Chosen","floor":18,"turns":5},{"damage":0,"enemies":"2 Thieves","floor":20,"turns":4},{"damage":21,"enemies":"Centurion and Healer","floor":21,"turns":5},{"damage":2,"enemies":"Snake Plant","floor":24,"turns":3},{"damage":0,"enemies":"Snecko","floor":27,"turns":5},{"damage":8,"enemies":"Gremlin Leader","floor":30,"turns":5},{"damage":10,"enemies":"Sentry and Sphere","floor":31,"turns":4},{"damage":26,"enemies":"Collector","floor":33,"turns":2}],"seed_played":"-2455103469556275846","potions_obtained":[{"floor":2,"key":"BlessingOfTheForge"},{"floor":6,"key":"GamblersBrew"},{"floor":8,"key":"Ancient Potion"},{"floor":10,"key":"FearPotion"},{"floor":14,"key":"DuplicationPotion"},{"floor":16,"key":"Fire Potion"},{"floor":24,"key":"AttackPotion"},{"floor":31,"key":"Regen Potion"}],"is_trial":false,"path_per_floor":["M","M","$","M","M","E","R","M","T","M","M","M","R","M","R","B",null,"M","$","M","M","?","R","M","R","T","M","?","R","E","M","R","B"],"character_chosen":"WATCHER","items_purchased":["LikeWater","Consecrate","Scrawl","Bottled Lightning"],"campfire_rested":1,"item_purchase_floors":[3,3,3,19],"current_hp_per_floor":[61,61,61,57,48,9,28,28,28,14,13,6,6,6,6,6,65,65,65,65,44,44,44,42,42,42,42,36,36,28,18,18,0,0],"gold":388,"neow_bonus":"TWO_FIFTY_GOLD","is_daily":false,"chose_seed":false,"campfire_upgraded":6,"win_rate":0.0,"timestamp":1613005869,"path_taken":["M","M","$","M","M","E","R","M","T","M","M","M","R","M","R","BOSS","M","$","M","M","?","R","M","R","T","?","?","R","E","M","R","BOSS"],"items_purchased_type":["Card","Card","Card","Relic"],"build_version":"2020-12-22","purchased_purges":1,"victory":false,"max_hp_per_floor":[65,65,65,65,65,65,65,65,65,65,65,65,65,65,65,65,65,65,65,65,65,65,65,65,65,65,65,65,65,65,65,65,65,65],"card_choices":[{"not_picked":["PathToVictory","BattleHymn"],"picked":"SashWhip","floor":1},{"not_picked":["BowlingBash","JustLucky"],"picked":"CrushJoints","floor":2},{"not_picked":["BattleHymn","DeceiveReality"],"picked":"EmptyMind","floor":4},{"not_picked":["FlyingSleeves","Worship","Halt"],"picked":"SKIP","floor":5},{"not_picked":["BowlingBash","MentalFortress"],"picked":"TalkToTheHand","floor":6},{"not_picked":["ThirdEye","EmptyBody"],"picked":"FollowUp","floor":8},{"not_picked":["Prostrate","Brilliance"],"picked":"ThirdEye","floor":10},{"not_picked":["EmptyBody","PathToVictory"],"picked":"TalkToTheHand","floor":11},{"not_picked":["Halt","FlyingSleeves","EmptyBody"],"picked":"SKIP","floor":12},{"not_picked":["FollowUp","EmptyBody"],"picked":"Scrawl","floor":14},{"not_picked":["Omniscience","ConjureBlade"],"picked":"DeusExMachina","floor":16},{"not_picked":["EmptyFist+1","BattleHymn+1"],"picked":"Evaluate","floor":18},{"not_picked":["SashWhip","EmptyFist"],"picked":"Crescendo","floor":20},{"not_picked":["Protect","FlyingSleeves"],"picked":"CutThroughFate+1","floor":21},{"not_picked":["Prostrate+1","Collect"],"picked":"DeusExMachina","floor":24},{"not_picked":["CrushJoints","Protect"],"picked":"FollowUp","floor":27},{"not_picked":["Fasting2","ThirdEye","Crescendo+1"],"picked":"SKIP","floor":30},{"not_picked":["Crescendo","CrushJoints+1","FollowUp"],"picked":"SKIP","floor":31}],"player_experience":100580,"relics_obtained":[{"floor":6,"key":"Kunai"},{"floor":26,"key":"Oddly Smooth Stone"},{"floor":30,"key":"Damaru"}],"event_choices":[{"damage_healed":0,"gold_gain":250,"player_choice":"Bet on Owner","damage_taken":0,"max_hp_gain":0,"max_hp_loss":0,"event_name":"The Joust","floor":22,"gold_loss":50},{"damage_healed":0,"gold_gain":0,"player_choice":"Joined the Cult","damage_taken":6,"max_hp_gain":0,"max_hp_loss":0,"event_name":"Nest","floor":28,"gold_loss":0,"cards_obtained":["RitualDagger"]}],"is_beta":false,"boss_relics":[{"not_picked":["Velvet Choker","Astrolabe"],"picked":"VioletLotus"}],"items_purged_floors":[3],"is_endless":false,"potions_floor_spawned":[2,6,8,10,14,16,24,31],"killed_by":"Collector","ascension_level":1}}