{"host":"gk5m6v7zec9neb0j","time":1613077786,"event":{"mods":["AchievementEnabler","AlwaysNeverKeys","BaseMod","BetterRewards","Block Reminder","Minty Spire (QoL Compilation)","Rare Cards Sparkle","Relic Stats","StSLib"],"gold_per_floor":[113,113,123,123,123,123,157,176,176,189,202,134,51,70,70,200,200,213,234,152,172,197,197,237,237,260,285,212,224,269,322,334,471,483,516,543,830,860,210,210,251,126,152,152,172,18,18,32,32,32,32,32,32,65,65,65],"floor_reached":55,"language":"ENG","playtime":2591,"items_purged":["Strike_R","Strike_R+1","Regret"],"score":962,"play_id":"214c5a98-7aa8-40cb-b6b4-ac4544e32869","local_time":"20210211160946","is_ascension_mode":false,"campfire_choices":[{"data":"Bash","floor":6.0,"key":"SMITH"},{"data":"Barricade","floor":15.0,"key":"SMITH"},{"data":"Body Slam","floor":23.0,"key":"SMITH"},{"data":"Impervious","floor":25.0,"key":"SMITH"},{"data":"Armaments","floor":32.0,"key":"SMITH"},{"data":"Metallicize","floor":40.0,"key":"SMITH"},{"data":"Dual Wield","floor":47,"key":"SMITH"},{"data":"Warcry","floor":49,"key":"SMITH"},{"data":"Shrug It Off","floor":52,"key":"SMITH"}],"circlet_count":0,"master_deck":["Defend_R+1","Defend_R+1","Defend_R+1","Defend_R+1","Bash+1","Rampage","Armaments+1","Barricade+1","Impervious+1","Shrug It Off+1","Dual Wield+1","Bandage Up","Body Slam+1","Double Tap+1","Whirlwind+1","Seeing Red+1","Metallicize+1","Metallicize+1","Shrug It Off+1","Warcry+1"],"relics":["Burning Blood","ClockworkSouvenir","Golden Idol","InkBottle","Meat on the Bone","Empty Cage","Lizard Tail","MawBank","PreservedInsect","Red Mask","Anchor","Runic Pyramid","Chemical X","War Paint","Singing Bowl","Bird Faced Urn","Regal Pillow","Oddly Smooth Stone","StrikeDummy"],"acts_visited":["Exordium","TheCity","TheBeyond","TheEnding"],"potions_floor_usage":[55,55],"damage_taken":[{"damage":5.0,"enemies":"Small Slimes","floor":1.0,"turns":3.0},{"damage":12.0,"enemies":"Cultist","floor":3.0,"turns":5.0},{"damage":15.0,"enemies":"Lagavulin","floor":7.0,"turns":8.0},{"damage":8.0,"enemies":"Jaw Worm","floor":8.0,"turns":4.0},{"damage":12.0,"enemies":"Blue Slaver","floor":10.0,"turns":5.0},{"damage":14.0,"enemies":"Gremlin Gang","floor":11.0,"turns":6.0},{"damage":3.0,"enemies":"Lots of Slimes","floor":14.0,"turns":7.0},{"damage":42.0,"enemies":"Hexaghost","floor":16.0,"turns":13.0},{"damage":2.0,"enemies":"Chosen","floor":18.0,"turns":8.0},{"damage":1.0,"enemies":"3 Byrds","floor":19.0,"turns":6.0},{"damage":11.0,"enemies":"Snake Plant","floor":21.0,"turns":5.0},{"damage":4.0,"enemies":"Sentry and Sphere","floor":22.0,"turns":10.0},{"damage":46.0,"enemies":"Slavers","floor":24.0,"turns":7.0},{"damage":18.0,"enemies":"Snecko","floor":27.0,"turns":5.0},{"damage":32.0,"enemies":"Masked Bandits","floor":30.0,"turns":6.0},{"damage":18.0,"enemies":"Book of Stabbing","floor":31.0,"turns":9.0},{"damage":46.0,"enemies":"Automaton","floor":33.0,"turns":14.0},{"damage":8.0,"enemies":"Orb Walker","floor":35.0,"turns":7.0},{"damage":0.0,"enemies":"3 Shapes","floor":36.0,"turns":9.0},{"damage":29.0,"enemies":"Writhing Mass","floor":38.0,"turns":8.0},{"damage":22.0,"enemies":"Nemesis","floor":41.0,"turns":10.0},{"damage":0.0,"enemies":"3 Darklings","floor":45.0,"turns":6.0},{"damage":0,"enemies":"Transient","floor":48,"turns":5},{"damage":15,"enemies":"Donu and Deca","floor":50,"turns":9},{"damage":44,"enemies":"Shield and Spear","floor":54,"turns":9},{"damage":183,"enemies":"The Heart","floor":55,"turns":14}],"seed_played":"-3005339854580945181","potions_obtained":[{"floor":3.0,"key":"BloodPotion"},{"floor":7.0,"key":"SkillPotion"},{"floor":11.0,"key":"AttackPotion"},{"floor":16.0,"key":"BloodPotion"},{"floor":19.0,"key":"Block Potion"},{"floor":35.0,"key":"SpeedPotion"},{"floor":41.0,"key":"FairyPotion"}],"is_trial":false,"path_per_floor":["M","?","M","?","?","R","E","M","T","M","M","$","$","M","R","B",null,"M","M","$","M","M","R","E","R","T","M","?","?","?","E","R","B",null,"M","M","?","M","$","R","E","$","T","?","M","$","R","M","R","B",null,"R","$","E","B"],"character_chosen":"IRONCLAD","items_purchased":["ClockworkSouvenir","Rampage","Armaments","Dual Wield","Bandage Up","Seeing Red","Chemical X","War Paint","Singing Bowl","Oddly Smooth Stone"],"campfire_rested":0,"item_purchase_floors":[0,0,0,12,13,20,39,39,39,46],"current_hp_per_floor":[69,69,63,63,63,63,54,52,52,46,50,50,50,57,57,37,74,74,74,74,69,74,74,50,50,50,54,54,54,44,48,48,24,74,72,74,74,51,51,51,53,53,53,53,71,71,71,80,80,80,80,80,80,52,0,0],"gold":65,"neow_bonus":"","is_daily":false,"chose_seed":false,"campfire_upgraded":9,"win_rate":0.0,"timestamp":1613077786,"path_taken":["M","?","?","?","?","R","E","?","T","M","M","?","$","M","R","BOSS","M","M","$","M","?","R","E","R","T","M","?","?","?","E","R","BOSS","M","M","?","?","$","R","E","?","T","?","M","$","R","?","R","BOSS","R","$","E","BOSS"],"items_purchased_type":["Relic","Card","Card","Card","Card","Card","Relic","Relic","Relic","Relic"],"build_version":"2020-12-22","purchased_purges":3,"victory":false,"max_hp_per_floor":[80,80,80,74,74,74,74,74,74,74,74,74,74,74,74,74,74,74,74,74,74,74,74,74,74,74,74,74,74,74,74,74,74,74,74,74,74,74,74,74,76,76,76,76,78,78,78,80,80,80,80,80,80,82,82,82],"relic_stats":{"Regal Pillow":0,"Singing Bowl":18,"counters":[207,1181],"Golden Idol":265,"PreservedInsect":156,"War Paint":["Double Tap","Seeing Red"],"MawBank":156,"Burning Blood":1319,"Lizard Tail":41,"Bird Faced Urn":[22],"Chemical X":[20],"obtain_stats":[{"Calipers":24,"Gremlin Horn":13,"CeramicFish":6,"Vajra":0,"Whetstone":43,"Bottled Tornado":31,"Blood Vial":20,"Lizard Tail":0,"Centennial Puzzle":4,"Sundial":11,"DollysMirror":0,"Strawberry":44,"MealTicket":9,"Prayer Wheel":0,"Kunai":10,"Toxic Egg 2":43,"Runic Cube":34,"Happy Flower":0,"Oddly Smooth Stone":0,"Velvet Choker":17,"Eternal Feather":26,"Pen Nib":9,"War Paint":6,"Question Card":26,"OrangePellets":12,"Shuriken":0,"Bronze Scales":9,"Bird Faced Urn":41,"Molten Egg 2":27,"CultistMask":27,"Black Star":17,"StrikeDummy":54,"Pocketwatch":17,"Meat on the Bone":13,"Darkstone Periapt":26,"Regal Pillow":41,"Singing Bowl":0,"SacredBark":34,"Black Blood":17,"Magic Flower":0,"StoneCalendar":22,"Juzu Bracelet":25,"Bag of Preparation":54,"PrismaticShard":19,"Empty Cage":34,"Ancient Tea Set":43,"Burning Blood":0,"ClockworkSouvenir":0,"Dream Catcher":17,"Nunchaku":23,"Shovel":0,"Matryoshka":23,"Mummified Hand":0,"Pantograph":9,"Toolbox":47,"Tiny Chest":24,"Red Mask":47,"Chemical X":4,"InkBottle":7,"Paper Frog":0,"Runic Pyramid":34,"Potion Belt":14,"Golden Idol":7,"PreservedInsect":28,"Frozen Egg 2":0,"Odd Mushroom":8,"Orichalcum":6,"MawBank":13,"Medical Kit":0,"White Beast Statue":22,"Mercury Hourglass":26,"Calling Bell":17,"Peace Pipe":7,"Anchor":31,"Busted Crown":17,"Ornamental Fan":17,"Orrery":0,"Turnip":14,"Bag of Marbles":12,"Champion Belt":0,"Bottled Lightning":26,"Membership Card":0,"Toy Ornithopter":30,"FossilizedHelix":0,"TungstenRod":23},{"Calipers":64,"Gremlin Horn":84,"CeramicFish":155,"Vajra":0,"Whetstone":20,"Bottled Tornado":15,"Blood Vial":145,"Lizard Tail":135,"Centennial Puzzle":137,"Sundial":45,"DollysMirror":77,"Strawberry":74,"MealTicket":3,"Prayer Wheel":39,"Kunai":45,"Toxic Egg 2":74,"Runic Cube":121,"Happy Flower":77,"Oddly Smooth Stone":0,"Velvet Choker":143,"Eternal Feather":179,"Pen Nib":139,"War Paint":57,"Question Card":116,"OrangePellets":111,"Shuriken":128,"Bronze Scales":156,"Bird Faced Urn":202,"Molten Egg 2":179,"CultistMask":65,"Black Star":47,"StrikeDummy":206,"Pocketwatch":31,"Meat on the Bone":171,"Darkstone Periapt":65,"Regal Pillow":73,"Singing Bowl":0,"SacredBark":93,"Black Blood":7,"Magic Flower":77,"StoneCalendar":50,"Juzu Bracelet":35,"Bag of Preparation":104,"PrismaticShard":32,"Empty Cage":69,"Ancient Tea Set":125,"Burning Blood":0,"ClockworkSouvenir":0,"Dream Catcher":31,"Nunchaku":90,"Shovel":0,"Matryoshka":178,"Mummified Hand":105,"Pantograph":28,"Toolbox":126,"Tiny Chest":90,"Red Mask":101,"Chemical X":153,"InkBottle":184,"Paper Frog":0,"Runic Pyramid":198,"Potion Belt":142,"Golden Idol":134,"PreservedInsect":195,"Frozen Egg 2":0,"Odd Mushroom":45,"Orichalcum":82,"MawBank":111,"Medical Kit":165,"White Beast Statue":63,"Mercury Hourglass":13,"Calling Bell":31,"Peace Pipe":110,"Anchor":197,"Busted Crown":86,"Ornamental Fan":31,"Orrery":129,"Turnip":60,"Bag of Marbles":5,"Champion Belt":0,"Bottled Lightning":35,"Membership Card":128,"Toy Ornithopter":92,"FossilizedHelix":105,"TungstenRod":148},{"Calipers":355,"Gremlin Horn":481,"CeramicFish":837,"Vajra":0,"Whetstone":116,"Bottled Tornado":78,"Blood Vial":788,"Lizard Tail":745,"Centennial Puzzle":752,"Sundial":234,"DollysMirror":452,"Strawberry":424,"MealTicket":13,"Prayer Wheel":208,"Kunai":234,"Toxic Egg 2":424,"Runic Cube":681,"Happy Flower":452,"Oddly Smooth Stone":0,"Velvet Choker":779,"Eternal Feather":969,"Pen Nib":759,"War Paint":318,"Question Card":651,"OrangePellets":617,"Shuriken":720,"Bronze Scales":842,"Bird Faced Urn":1138,"Molten Egg 2":969,"CultistMask":361,"Black Star":256,"StrikeDummy":1167,"Pocketwatch":170,"Meat on the Bone":923,"Darkstone Periapt":361,"Regal Pillow":419,"Singing Bowl":0,"SacredBark":524,"Black Blood":34,"Magic Flower":452,"StoneCalendar":278,"Juzu Bracelet":186,"Bag of Preparation":588,"PrismaticShard":173,"Empty Cage":387,"Ancient Tea Set":703,"Burning Blood":0,"ClockworkSouvenir":0,"Dream Catcher":170,"Nunchaku":508,"Shovel":0,"Matryoshka":962,"Mummified Hand":593,"Pantograph":155,"Toolbox":710,"Tiny Chest":508,"Red Mask":569,"Chemical X":823,"InkBottle":999,"Paper Frog":0,"Runic Pyramid":1104,"Potion Belt":771,"Golden Idol":744,"PreservedInsect":1075,"Frozen Egg 2":0,"Odd Mushroom":234,"Orichalcum":472,"MawBank":617,"Medical Kit":895,"White Beast Statue":347,"Mercury Hourglass":64,"Calling Bell":170,"Peace Pipe":614,"Anchor":1090,"Busted Crown":491,"Ornamental Fan":170,"Orrery":721,"Turnip":328,"Bag of Marbles":23,"Champion Belt":0,"Bottled Lightning":186,"Membership Card":720,"Toy Ornithopter":516,"FossilizedHelix":593,"TungstenRod":799}],"InkBottle":[59],"Meat on the Bone":168},"card_choices":[{"not_picked":["Pommel Strike","Dropkick","Anger"],"picked":"SKIP","floor":1.0},{"not_picked":["Perfected Strike","Twin Strike","Anger"],"picked":"SKIP","floor":3.0},{"not_picked":["Disarm","Body Slam"],"picked":"Impervious","floor":7.0},{"not_picked":["Thunderclap","Clothesline","Iron Wave"],"picked":"SKIP","floor":8.0},{"not_picked":["Thunderclap","Second Wind","Wild Strike"],"picked":"SKIP","floor":10.0},{"not_picked":["Infernal Blade","Anger"],"picked":"Shrug It Off","floor":11.0},{"not_picked":["Offering","Anger"],"picked":"Body Slam","floor":14.0},{"not_picked":["Brutality","Barricade"],"picked":"Double Tap","floor":16.0},{"not_picked":["Disarm+1","Clash"],"picked":"Whirlwind+1","floor":18.0},{"not_picked":["Second Wind","Anger","Havoc+1"],"picked":"SKIP","floor":19.0},{"not_picked":["Thunderclap","Body Slam+1"],"picked":"Metallicize","floor":21.0},{"not_picked":["Iron Wave","Rupture+1","Hemokinesis"],"picked":"SKIP","floor":22.0},{"not_picked":["Fire Breathing","Pommel Strike+1"],"picked":"Metallicize+1","floor":24.0},{"not_picked":["Cleave+1","Uppercut"],"picked":"Shrug It Off+1","floor":27.0},{"not_picked":["Rage","Twin Strike","Sentinel+1"],"picked":"SKIP","floor":31.0},{"not_picked":["Shrug It Off+1","Searing Blow+1","Inflame+1"],"picked":"SKIP","floor":35.0},{"not_picked":["Hemokinesis+1","Power Through+1","Armaments"],"picked":"SKIP","floor":36.0},{"not_picked":["Disarm","Heavy Blade"],"picked":"Warcry","floor":38.0},{"not_picked":["Sword Boomerang","Spot Weakness","Flex"],"picked":"Singing Bowl","floor":41.0},{"not_picked":["Warcry+1","Wild Strike+1","Clash+1"],"picked":"Singing Bowl","floor":45.0},{"not_picked":["Spot Weakness+1","Brutality","Havoc+1"],"picked":"Singing Bowl","floor":48},{"not_picked":["Perfected Strike","Limit Break","Heavy Blade+1"],"picked":"Singing Bowl","floor":54}],"player_experience":816352,"relics_obtained":[{"floor":7.0,"key":"InkBottle"},{"floor":9.0,"key":"Meat on the Bone"},{"floor":24.0,"key":"Lizard Tail"},{"floor":26.0,"key":"MawBank"},{"floor":30.0,"key":"Red Mask"},{"floor":31.0,"key":"Anchor"},{"floor":41.0,"key":"Bird Faced Urn"},{"floor":43.0,"key":"Regal Pillow"},{"floor":54,"key":"StrikeDummy"}],"event_choices":[{"damage_healed":0.0,"max_hp_gain":0.0,"max_hp_loss":0.0,"gold_gain":0.0,"event_name":"Match and Keep!","player_choice":"1 cards matched","floor":2.0,"gold_loss":0.0,"damage_taken":0.0,"cards_obtained":["Barricade"]},{"damage_healed":0.0,"max_hp_gain":0.0,"max_hp_loss":6.0,"gold_gain":0.0,"event_name":"Golden Idol","player_choice":"Lose Max HP","floor":4.0,"gold_loss":0.0,"damage_taken":0.0,"relics_obtained":["Golden Idol"]},{"cards_removed":["Strike_R"],"damage_healed":0.0,"max_hp_gain":0.0,"max_hp_loss":0.0,"gold_gain":0.0,"event_name":"Bonfire Elementals","player_choice":"Offered Basic","floor":5.0,"gold_loss":0.0,"damage_taken":0.0},{"damage_healed":0.0,"max_hp_gain":0.0,"max_hp_loss":0.0,"gold_gain":0.0,"event_name":"Addict","player_choice":"Obtained Relic","floor":28.0,"gold_loss":85.0,"damage_taken":0.0,"relics_obtained":["PreservedInsect"]},{"damage_healed":0.0,"max_hp_gain":0.0,"max_hp_loss":0.0,"gold_gain":0.0,"event_name":"Back to Basics","player_choice":"Simplicity","floor":29.0,"gold_loss":0.0,"damage_taken":0.0,"cards_upgraded":["Strike_R","Defend_R","Defend_R","Defend_R","Defend_R"]},{"damage_healed":0.0,"max_hp_gain":0.0,"max_hp_loss":0.0,"gold_gain":0.0,"event_name":"Masked Bandits","player_choice":"Fought Bandits","floor":30.0,"gold_loss":0.0,"damage_taken":0.0},{"damage_healed":0.0,"max_hp_gain":0.0,"max_hp_loss":0.0,"gold_gain":275.0,"event_name":"Golden Shrine","player_choice":"Desecrate","floor":37.0,"gold_loss":0.0,"damage_taken":0.0,"cards_obtained":["Regret"]},{"damage_healed":0.0,"max_hp_gain":0.0,"max_hp_loss":0.0,"gold_gain":0.0,"event_name":"SecretPortal","player_choice":"Ignored","floor":44.0,"gold_loss":0.0,"damage_taken":0.0}],"is_beta":false,"boss_relics":[{"not_picked":["SacredBark","SlaversCollar"],"picked":"Empty Cage"},{"not_picked":["Philosopher\u0027s Stone","Calling Bell"],"picked":"Runic Pyramid"}],"items_purged_floors":[0,39,42],"is_endless":false,"potions_floor_spawned":[3,7,11,16,18,19,21,27,35,38,41],"killed_by":"The Heart","ascension_level":0}}