{"host":"ttx8tv95o5vka1nm","time":1613053249,"event":{"mods":["AchievementEnabler","BaseMod","BetterRewards","Colored Map","Downfall","Evolution","Hermit","Hubris","Infinite Spire","Jorbs\u0027s Wanderer Trilogy","Minty Spire (QoL Compilation)","Relic Filter Mod","Reliquary","Replay The Spire","Robot Space Explorer","Shop Mod","Spicy Shops","StSLib","The Blue Laboratory","The Bug Knight","The Cursed","The Hayseed","The Necromancer","The Runesmith","TheBandit","TheVacant","Wandering Minibosses"],"gold_per_floor":[117,117,28,48,66,66,95,20,20,54,70,70,95,111,111,111,111],"floor_reached":16,"language":"ENG","playtime":614,"items_purged":["Strike_R"],"score":116,"play_id":"53b328d6-e2fa-45cf-a165-d4bd8a3fb619","local_time":"20210212002049","is_ascension_mode":true,"campfire_choices":[{"data":"Whirlwind","floor":6,"key":"SMITH"},{"data":"Bash","floor":12,"key":"SMITH"},{"floor":15,"key":"REST"}],"circlet_count":0,"master_deck":["Run Through","Strike_R","Strike_R","Defend_R","Defend_R","Defend_R","Defend_R","Bash+1","Twin Strike","Exhume","Feel No Pain+1","Whirlwind+1","Sword Boomerang","ReplayReversal","ReplayTheSpireMod:Strike From Hell"],"relics":["Burning Blood","EVO:Axolotl","Odd Mushroom","hubris:BottledRain","King of Hearts","reliquary:TridentHead"],"acts_visited":["Exordium"],"potions_floor_usage":[13,13,16],"damage_taken":[{"damage":1,"enemies":"Cultist","floor":1,"turns":3},{"damage":6,"enemies":"Jaw Worm","floor":4,"turns":4},{"damage":0,"enemies":"2 Louse","floor":5,"turns":1},{"damage":13,"enemies":"The Mushroom Lair","floor":7,"turns":3},{"damage":50,"enemies":"Lagavulin","floor":10,"turns":7},{"damage":3,"enemies":"Exordium Wildlife","floor":11,"turns":3},{"damage":22,"enemies":"3 Sentries","floor":13,"turns":4},{"damage":1,"enemies":"2 Fungi Beasts","floor":14,"turns":2},{"damage":72,"enemies":"The Guardian","floor":16,"turns":7}],"seed_played":"-957566991665407101","potions_obtained":[{"floor":4,"key":"champ:CounterPotion"},{"floor":5,"key":"sneckomod:MuddlingPotion"},{"floor":11,"key":"Explosive Potion"}],"is_trial":false,"path_per_floor":["M","?","$","M","M","R","?","$","T","E","M","R","E","M","R","B"],"character_chosen":"IRONCLAD","items_purchased":["Feel No Pain+1"],"campfire_rested":1,"item_purchase_floors":[3],"current_hp_per_floor":[88,88,88,88,88,88,81,81,81,37,40,40,24,29,55,0,0],"gold":111,"neow_bonus":"TEN_PERCENT_HP_BONUS","is_daily":false,"chose_seed":false,"campfire_upgraded":2,"win_rate":0.0,"timestamp":1613053249,"path_taken":["M","?","$","M","M","R","?","?","T","E","M","R","E","M","R","BOSS"],"items_purchased_type":["Card"],"build_version":"2020-12-22","purchased_purges":1,"victory":false,"max_hp_per_floor":[88,88,88,88,88,88,88,88,88,88,88,88,88,88,88,88,88],"card_choices":[{"not_picked":["Life Link","True Grit"],"picked":"Twin Strike","floor":1},{"not_picked":["Defy Death","Replay:Undeath\u0027s Touch"],"picked":"Whirlwind","floor":4},{"not_picked":["Metallicize","Perfected Strike","Warcry"],"picked":"SKIP","floor":5},{"not_picked":["Clothesline","Headbutt"],"picked":"Sword Boomerang","floor":7},{"not_picked":["Flex","Searing Blow","Heavy Blade"],"picked":"SKIP","floor":10},{"not_picked":["Twin Strike","Run Through"],"picked":"ReplayReversal","floor":11},{"not_picked":["Combust","Anger","Replay:Many Hands"],"picked":"SKIP","floor":13},{"not_picked":["Abandon","Sword Boomerang"],"picked":"ReplayTheSpireMod:Strike From Hell","floor":14}],"player_experience":1147121,"relics_obtained":[{"floor":7,"key":"Odd Mushroom"},{"floor":9,"key":"hubris:BottledRain"},{"floor":10,"key":"King of Hearts"},{"floor":13,"key":"reliquary:TridentHead"}],"event_choices":[{"damage_healed":0,"gold_gain":0,"cards_transformed":["Strike_R"],"player_choice":"Change","damage_taken":0,"max_hp_gain":0,"max_hp_loss":0,"event_name":"Living Wall","floor":2,"gold_loss":0,"cards_obtained":["Exhume"]},{"damage_healed":0,"gold_gain":0,"player_choice":"Fought Mushrooms","damage_taken":0,"max_hp_gain":0,"max_hp_loss":0,"event_name":"Mushrooms","floor":7,"gold_loss":0}],"is_beta":false,"boss_relics":[],"items_purged_floors":[8],"is_endless":false,"potions_floor_spawned":[4,5,11],"killed_by":"The Guardian","ascension_level":1}}