{"host":"tc1my4n9jof2q8vu","time":1613020262,"event":{"mods":["Act Like it!","BaseMod","Colored Powertips","Hubris","Minty Spire (QoL Compilation)","Replay The Spire","StSLib"],"gold_per_floor":[116,156,81,97,114,140,153,28,28,28,39,95,95,95,95,95,95],"floor_reached":16,"language":"ENG","playtime":604,"items_purged":["Strike_P","Strike_P"],"score":100,"play_id":"fc5bcf4f-3ad2-4fe5-b47b-5c8f44aed912","local_time":"20210211001102","is_ascension_mode":false,"campfire_choices":[{"floor":15,"key":"REST"}],"circlet_count":0,"master_deck":["Strike_P","Strike_P","Defend_P","Defend_P","Defend_P","Eruption","Vigilance","PathToVictory","PathToVictory","PathToVictory"],"relics":["Anchor","Molten Egg 2","Garlic","Replay:Mystery Machine","Golden Idol","Replay:M_StaffOfTheSnake"],"acts_visited":["Exordium"],"potions_floor_usage":[5,12,16,16,16],"damage_taken":[{"damage":0,"enemies":"2 Louse","floor":1,"turns":1},{"damage":0,"enemies":"Small Slimes","floor":4,"turns":2},{"damage":0,"enemies":"Jaw Worm","floor":5,"turns":1},{"damage":10,"enemies":"Replay:BlueRogue","floor":6,"turns":5},{"damage":7,"enemies":"Exordium Wildlife","floor":7,"turns":4},{"damage":0,"enemies":"Large Slime","floor":11,"turns":4},{"damage":0,"enemies":"Gremlin Nob","floor":12,"turns":3},{"damage":74,"enemies":"Fading Forest","floor":16,"turns":11}],"seed_played":"3177808531804801685","potions_obtained":[{"floor":2,"key":"Fire Potion"},{"floor":2,"key":"Ambrosia"},{"floor":2,"key":"Flashbang"},{"floor":6,"key":"Regen Potion"},{"floor":12,"key":"Adrenaline Potion"}],"is_trial":false,"path_per_floor":["M","?","$","M","M","E","M","$","T","?","M","?","?","?","R","B"],"character_chosen":"WATCHER","items_purchased":["PathToVictory"],"campfire_rested":1,"item_purchase_floors":[8],"current_hp_per_floor":[72,44,44,44,44,34,27,27,27,27,27,27,27,27,47,0,0],"gold":95,"neow_bonus":"RANDOM_COMMON_RELIC","is_daily":false,"chose_seed":false,"campfire_upgraded":0,"win_rate":0.0,"timestamp":1613020262,"path_taken":["M","?","$","M","M","E","M","$","T","?","?","?","?","?","R","BOSS"],"items_purchased_type":["Card"],"build_version":"2020-12-22","purchased_purges":2,"victory":false,"max_hp_per_floor":[72,72,72,72,72,72,72,72,72,72,72,72,67,67,67,67,67],"card_choices":[{"not_picked":["FollowUp","FearNoEvil"],"picked":"PathToVictory","floor":1},{"not_picked":["WheelKick","Tantrum","Replay:ManipulateFuture"],"picked":"SKIP","floor":4},{"not_picked":["Replay:Cycle","Replay:Vibes"],"picked":"PathToVictory","floor":5},{"not_picked":["EmptyBody","Replay:Vibes","FlyingSleeves+1"],"picked":"SKIP","floor":6},{"not_picked":["Collect","FlyingSleeves+1","Replay:ManipulateFuture"],"picked":"SKIP","floor":7},{"not_picked":["Protect","FlurryOfBlows+1","CutThroughFate+1"],"picked":"SKIP","floor":11}],"player_experience":198602,"relics_obtained":[{"floor":6,"key":"Molten Egg 2"},{"floor":9,"key":"Garlic"},{"floor":12,"key":"Replay:Mystery Machine"}],"event_choices":[{"damage_healed":0,"gold_gain":30,"player_choice":"Searched \u00273\u0027 times","damage_taken":0,"max_hp_gain":0,"max_hp_loss":0,"event_name":"Dead Adventurer","floor":12,"gold_loss":0},{"damage_healed":0,"gold_gain":0,"player_choice":"Lose Max HP","damage_taken":0,"relics_obtained":["Golden Idol"],"max_hp_gain":0,"max_hp_loss":5,"event_name":"Golden Idol","floor":13,"gold_loss":0}],"is_beta":false,"boss_relics":[],"items_purged_floors":[3,8],"is_endless":false,"potions_floor_spawned":[6,11,12],"killed_by":"Fading Forest","ascension_level":0}}