{"host":"x5w9zppki4gdwvc7","time":1613056132,"event":{"mods":["AchievementEnabler","BaseMod","Colored Powertips","DeckTracker","Minty Spire (QoL Compilation)","SuperFastMode"],"gold_per_floor":[110,125,144,94,94,126,126,143,188,206,226,237,237,237],"floor_reached":13,"language":"ENG","playtime":804,"items_purged":[],"score":89,"play_id":"48d1134e-15e5-4141-8354-1407378e3316","local_time":"20210211160852","is_ascension_mode":false,"campfire_choices":[{"data":"Neutralize","floor":7,"key":"SMITH"}],"circlet_count":0,"master_deck":["Strike_G","Strike_G","Strike_G","Defend_G","Defend_G","Defend_G","Defend_G","Defend_G","Survivor","Neutralize+1","Footwork","Dagger Throw","Riddle With Holes","Regret","Footwork","Well Laid Plans","Backflip","Leg Sweep"],"relics":["Ring of the Snake","Letter Opener","Akabeko","Art of War"],"acts_visited":["Exordium"],"potions_floor_usage":[10,10,13],"damage_taken":[{"damage":0,"enemies":"2 Louse","floor":1,"turns":5},{"damage":0,"enemies":"Small Slimes","floor":2,"turns":5},{"damage":0,"enemies":"Cultist","floor":3,"turns":5},{"damage":21,"enemies":"3 Sentries","floor":6,"turns":11},{"damage":10,"enemies":"Exordium Wildlife","floor":8,"turns":6},{"damage":8,"enemies":"Gremlin Gang","floor":10,"turns":7},{"damage":5,"enemies":"3 Louse","floor":11,"turns":5},{"damage":6,"enemies":"Lots of Slimes","floor":12,"turns":5},{"damage":26,"enemies":"Gremlin Nob","floor":13,"turns":6}],"seed_played":"-6159100911633817587","potions_obtained":[{"floor":2,"key":"Weak Potion"},{"floor":3,"key":"Ancient Potion"},{"floor":11,"key":"FearPotion"}],"is_trial":false,"path_per_floor":["M","M","M","?","?","E","R","M","T","M","M","M","E"],"character_chosen":"THE_SILENT","items_purchased":[],"campfire_rested":0,"item_purchase_floors":[],"current_hp_per_floor":[70,70,70,70,70,49,49,39,39,31,26,20,0,0],"gold":237,"neow_bonus":"REMOVE_CARD","is_daily":false,"chose_seed":false,"campfire_upgraded":1,"win_rate":0.0,"timestamp":1613056132,"path_taken":["M","M","M","?","?","E","R","M","T","M","M","M","E"],"items_purchased_type":[],"build_version":"2020-12-22","purchased_purges":0,"victory":false,"max_hp_per_floor":[70,70,70,70,70,70,70,70,70,70,70,70,70,70],"card_choices":[{"not_picked":["Deadly Poison","Dash"],"picked":"Footwork","floor":1},{"not_picked":["PiercingWail","Choke"],"picked":"Dagger Throw","floor":2},{"not_picked":["Poisoned Stab","Setup"],"picked":"Riddle With Holes","floor":3},{"not_picked":["Riddle With Holes","Slice"],"picked":"Footwork","floor":6},{"not_picked":["Outmaneuver","Prepared"],"picked":"Well Laid Plans","floor":8},{"not_picked":["Outmaneuver","Escape Plan"],"picked":"Backflip","floor":10},{"not_picked":["Tactician","Night Terror","Slice"],"picked":"SKIP","floor":11},{"not_picked":["Skewer","Reflex"],"picked":"Leg Sweep","floor":12}],"player_experience":607654,"relics_obtained":[{"floor":6,"key":"Akabeko"},{"floor":9,"key":"Art of War"}],"event_choices":[{"cards_removed":["Strike_G"],"damage_healed":0,"gold_gain":0,"player_choice":"Card Removal","damage_taken":0,"max_hp_gain":0,"max_hp_loss":0,"event_name":"The Cleric","floor":4,"gold_loss":50},{"damage_healed":0,"gold_gain":0,"player_choice":"Box","damage_taken":0,"relics_obtained":["Letter Opener"],"max_hp_gain":0,"max_hp_loss":0,"event_name":"Big Fish","floor":5,"gold_loss":0,"cards_obtained":["Regret"]}],"is_beta":false,"boss_relics":[],"items_purged_floors":[],"is_endless":false,"potions_floor_spawned":[2,3,11],"killed_by":"Gremlin Nob","ascension_level":0}}