{"host":"kfd0jpqqxt101ydt","time":1613055949,"event":{"mods":["BaseMod","Downfall","Googly Eyes","Highlight Path","Minty Spire (QoL Compilation)","StSLib"],"gold_per_floor":[99,113,113,123,143,156,156,66,66,66,99,115,143,171,189,294,294,294,305,325,425,71,71,149,149,57,57,84,84,84,115,127,222,222,222,235,249,249,268,318,343,343,368,368,75,87,138,163,63,63],"floor_reached":51,"language":"ENG","playtime":2333,"items_purged":["Regret","Slimebound:Strike_Slimebound","Slimebound:MinionMaster+1","Slimebound:Defend_Slimebound"],"score":1071,"play_id":"08e99a58-a1a3-434f-a8f6-3f9fc8bd4ff5","local_time":"20210211170549","is_ascension_mode":true,"campfire_choices":[{"data":"Slimebound:Split","floor":1,"key":"SMITH"},{"data":"Slimebound:Nibble","floor":9,"key":"SMITH"},{"data":"Slimebound:PrepareCrush","floor":18,"key":"SMITH"},{"data":"Slimebound:Nibble","floor":23,"key":"SMITH"},{"data":"Slimebound:Schlurp","floor":25,"key":"SMITH"},{"data":"Slimebound:HauntingLick","floor":27,"key":"SMITH"},{"data":"Slimebound:SlimeTap","floor":30,"key":"SMITH"},{"data":"Slimebound:OozeBath","floor":35,"key":"SMITH"},{"data":"Slimebound:Equalize","floor":44,"key":"SMITH"},{"data":"Slimebound:Tackle","floor":49,"key":"PURGE"}],"circlet_count":0,"master_deck":["Slimebound:Strike_Slimebound","Slimebound:Strike_Slimebound","Slimebound:Defend_Slimebound","Slimebound:Defend_Slimebound","Slimebound:Defend_Slimebound","Slimebound:Split+1","Slimebound:CorrosiveSpit","Slimebound:Nibble+1","Slimebound:HauntingLick+1","Slimebound:Equalize+1","Slimebound:SlimeTap+1","Slimebound:Schlurp+1","Slimebound:Nibble+1","Slimebound:PrepareCrush+1","Slimebound:Recollect","Slimebound:OozeBath+1","Slimebound:Grow+1","Slimebound:Nibble+1"],"relics":["Slimebound:AbsorbEndCombat","Nunchaku","Juzu Bracelet","Frozen Egg 2","downfall:ShatteredFragment","PreservedInsect","Slimebound:MaxSlimesRelic","Odd Mushroom","Slimebound:TarBlob","Incense Burner","Sundial","Letter Opener","InkBottle","Bag of Marbles","Bronze Scales","Ice Cream","Ornamental Fan","Busted Crown","TungstenRod","Vajra","Regal Pillow","Slimebound:AggressiveSlimeRelic","Peace Pipe","Potion Belt","downfall:HeartBlessingGreen"],"acts_visited":["Exordium","TheCity","TheBeyond"],"potions_floor_usage":[13,14,16,21,21,22,22,22,22,50,50,50,50,50,50],"damage_taken":[{"damage":3,"enemies":"Jaw Worm","floor":2,"turns":4},{"damage":3,"enemies":"2 Louse","floor":4,"turns":3},{"damage":5,"enemies":"Cultist","floor":5,"turns":3},{"damage":5,"enemies":"Large Slime","floor":6,"turns":4},{"damage":11,"enemies":"downfall:FleeingMerchant","floor":8,"turns":4},{"damage":24,"enemies":"Gremlin Nob","floor":11,"turns":3},{"damage":5,"enemies":"Exordium Thugs","floor":12,"turns":3},{"damage":4,"enemies":"Lagavulin","floor":13,"turns":3},{"damage":1,"enemies":"The Mushroom Lair","floor":14,"turns":3},{"damage":11,"enemies":"Lots of Slimes","floor":15,"turns":3},{"damage":4,"enemies":"WA_ARCHETYPE_RETAIN","floor":16,"turns":4},{"damage":5,"enemies":"3 Byrds","floor":19,"turns":4},{"damage":2,"enemies":"Chosen","floor":20,"turns":3},{"damage":27,"enemies":"Colosseum Nobs","floor":21,"turns":4},{"damage":0,"enemies":"downfall:FleeingMerchant","floor":22,"turns":4},{"damage":0,"enemies":"downfall:FleeingMerchant","floor":26,"turns":3},{"damage":2,"enemies":"Book of Stabbing","floor":28,"turns":2},{"damage":0,"enemies":"Gremlin Leader","floor":31,"turns":2},{"damage":0,"enemies":"3 Cultists","floor":32,"turns":2},{"damage":0,"enemies":"IC_MUSHROOM_ARCHETYPE","floor":33,"turns":2},{"damage":0,"enemies":"3 Darklings","floor":36,"turns":3},{"damage":0,"enemies":"Orb Walker","floor":37,"turns":1},{"damage":0,"enemies":"3 Darklings","floor":39,"turns":2},{"damage":0,"enemies":"3 Darklings","floor":40,"turns":3},{"damage":0,"enemies":"3 Darklings","floor":42,"turns":3},{"damage":0,"enemies":"Nemesis","floor":43,"turns":4},{"damage":0,"enemies":"Transient","floor":46,"turns":5},{"damage":21,"enemies":"2 Orb Walkers","floor":47,"turns":2},{"damage":0,"enemies":"Giant Head","floor":48,"turns":2},{"damage":3,"enemies":"SI_POISON_ARCHETYPE","floor":50,"turns":3}],"seed_played":"-4237087659264237101","potions_obtained":[{"floor":2,"key":"Block Potion"},{"floor":4,"key":"Dexterity Potion"},{"floor":6,"key":"Fire Potion"},{"floor":13,"key":"EntropicBrew"},{"floor":14,"key":"Energy Potion"},{"floor":31,"key":"DuplicationPotion"},{"floor":47,"key":"EntropicBrew"}],"is_trial":false,"path_per_floor":["R","M","?","M","M","M","T","$","R","?","E","M","E","?","M","B",null,"R","M","M","?","$","R","T","R","$","R","E","$","R","E","M","B",null,"R","M","M","?","M","?","T","?","E","R","$","M","?","E","R","B",null],"character_chosen":"SLIMEBOUND","items_purchased":["Letter Opener","Bag of Marbles","Bronze Scales","Slimebound:AggressiveSlimeRelic"],"campfire_rested":0,"item_purchase_floors":[22,26,26,45],"current_hp_per_floor":[65,64,64,63,64,64,64,63,63,45,29,36,40,47,48,58,65,65,65,65,42,46,46,46,46,62,62,65,65,65,65,65,65,65,65,65,65,65,65,65,65,65,65,65,65,65,54,65,65,62],"gold":63,"neow_bonus":"RANDOM_COMMON_RELIC","is_daily":false,"chose_seed":false,"campfire_upgraded":9,"win_rate":0.0,"timestamp":1613055949,"path_taken":["R","M","?","M","M","M","T","$","R","?","E","M","E","?","M","BOSS","R","M","M","?","?","R","T","R","$","R","E","$","R","E","M","BOSS","R","M","M","?","M","?","T","?","E","R","$","M","?","E","R","BOSS"],"items_purchased_type":["Relic","Relic","Relic","Relic"],"build_version":"2020-12-22","purchased_purges":4,"victory":true,"max_hp_per_floor":[65,65,65,65,65,65,65,65,65,65,65,65,65,65,65,65,65,65,65,65,65,65,65,65,65,65,65,65,65,65,65,65,65,65,65,65,65,65,65,65,65,65,65,65,65,65,65,65,65,65],"card_choices":[{"not_picked":["Slimebound:Prepare","Slimebound:SplitMire"],"picked":"Slimebound:Nibble","floor":2},{"not_picked":["Slimebound:LevelUp","Slimebound:Chomp"],"picked":"Slimebound:HauntingLick","floor":4},{"not_picked":["Slimebound:LeechingTouch","Slimebound:SplitBruiser"],"picked":"Slimebound:Equalize","floor":5},{"not_picked":["Slimebound:SlimeSpikes","Slimebound:SplitMire"],"picked":"Slimebound:SlimeTap","floor":6},{"not_picked":["Slimebound:LeechingTouch","Slimebound:GoopSpray"],"picked":"Slimebound:MinionMaster+1","floor":8},{"not_picked":["Slimebound:SplitMire","Slimebound:DisruptingSlam"],"picked":"Slimebound:Schlurp","floor":11},{"not_picked":["Slimebound:LeechingTouch","Slimebound:FinishingTackle","Slimebound:TongueLash"],"picked":"SKIP","floor":12},{"not_picked":["Slimebound:SpikyOuterGoop+1","Slimebound:ComboTackle","Slimebound:DouseInSlime"],"picked":"SKIP","floor":13},{"not_picked":["Slimebound:DivideAndConquer","Slimebound:Chomp"],"picked":"Slimebound:Nibble","floor":15},{"not_picked":["Slimebound:CheckThePlaybook","Slimebound:Darklings"],"picked":"Slimebound:PrepareCrush","floor":16},{"not_picked":["Slimebound:RollThrough","Slimebound:Chomp","Slimebound:SplitLeeching"],"picked":"SKIP","floor":19},{"not_picked":["Slimebound:PressTheAttack","Slimebound:LevelUp+1","Slimebound:SplitMire+1"],"picked":"SKIP","floor":20},{"not_picked":["Slimebound:Prepare","Slimebound:ServeAndProtect+1","Slimebound:HauntingLick"],"picked":"SKIP","floor":22},{"not_picked":["Slimebound:Repurpose","Slimebound:LeechLife"],"picked":"Slimebound:Recollect","floor":26},{"not_picked":["Slimebound:GoopTackle+1","Slimebound:LivingWall","Slimebound:FinishingTackle"],"picked":"SKIP","floor":28},{"not_picked":["Slimebound:FirmFortitude","Slimebound:DivideAndConquer","Slimebound:SelfFormingGoo+1"],"picked":"SKIP","floor":31},{"not_picked":["Slimebound:RejuvenatingLick","Slimebound:LeechingTouch","Slimebound:SlimeSpikes"],"picked":"SKIP","floor":32},{"not_picked":["Slimebound:Teamwork","Slimebound:RallyTheTroops"],"picked":"Slimebound:OozeBath","floor":33},{"not_picked":["Slimebound:Prepare"],"picked":"SKIP","floor":36},{"not_picked":["Slimebound:SlimeBrawl"],"picked":"SKIP","floor":37},{"not_picked":["Slimebound:RollThrough"],"picked":"SKIP","floor":39},{"not_picked":["Slimebound:SplitLeeching"],"picked":"SKIP","floor":43},{"not_picked":[],"picked":"Slimebound:Grow+1","floor":46},{"not_picked":[],"picked":"Slimebound:Nibble+1","floor":47},{"not_picked":["Slimebound:SlimeBarrage+1"],"picked":"SKIP","floor":48}],"player_experience":27223,"relics_obtained":[{"floor":7,"key":"Frozen Egg 2"},{"floor":11,"key":"PreservedInsect"},{"floor":13,"key":"Slimebound:MaxSlimesRelic"},{"floor":14,"key":"Odd Mushroom"},{"floor":21,"key":"Incense Burner"},{"floor":21,"key":"Sundial"},{"floor":24,"key":"InkBottle"},{"floor":28,"key":"Ice Cream"},{"floor":31,"key":"Ornamental Fan"},{"floor":40,"key":"TungstenRod"},{"floor":41,"key":"Vajra"},{"floor":43,"key":"Regal Pillow"},{"floor":47,"key":"Peace Pipe"},{"floor":48,"key":"Potion Belt"}],"event_choices":[{"damage_healed":0,"gold_gain":0,"player_choice":"Box","damage_taken":0,"relics_obtained":["Juzu Bracelet"],"max_hp_gain":0,"max_hp_loss":0,"event_name":"Big Fish","floor":3,"gold_loss":0,"cards_obtained":["Regret"]},{"damage_healed":0,"gold_gain":0,"player_choice":"Fought Mushrooms","damage_taken":0,"max_hp_gain":0,"max_hp_loss":0,"event_name":"Mushrooms","floor":14,"gold_loss":0},{"damage_healed":0,"gold_gain":0,"player_choice":"Fight","damage_taken":0,"max_hp_gain":0,"max_hp_loss":0,"event_name":"Mysterious Sphere","floor":47,"gold_loss":0}],"is_beta":false,"boss_relics":[{"not_picked":["Philosopher\u0027s Stone","Tiny House"],"picked":"Slimebound:TarBlob"},{"not_picked":["Calling Bell","Cursed Key"],"picked":"Busted Crown"}],"items_purged_floors":[8,22,26,45],"is_endless":false,"potions_floor_spawned":[2,4,6,13,14,21,31,32,33,37,43,46,47],"ascension_level":1}}