{"host":"ydh61a5ftgdajrbo","time":1613032837,"event":{"mods":["BaseMod","Colored Map","Colored Powertips","DeckTracker","Downfall","Hermit","Hubris","Koishi","Minty Spire (QoL Compilation)","Prisma Mod","Relic Stats","Spire Arcade","StSLib","SuperFastMode","The Cursed","The Jungle","The Mystic","The Runesmith","The Senshi","The Servant 0.9.4","WarShipGirlsR/??¤Ö¤kR mod"],"gold_per_floor":[117,132,132,132,146,146,156,11,79,98,110,135,153,30,30,134,134,153,170,269,269,269,299,299,316,340,350,290,230,242,275,275,375,375,388,298,318,332,344,344,362,39,39,68,88,115,115,128,128,128],"floor_reached":51,"language":"ZHS","playtime":2977,"items_purged":["Koishi:BasicStrike","Decay"],"score":778,"play_id":"10dffe04-85f5-4318-b385-3f6932f74a4b","local_time":"20210211164037","is_ascension_mode":false,"campfire_choices":[{"data":"Koishi:RacingHeart","floor":6.0,"key":"SMITH"},{"data":"Koishi:StingingMind","floor":15.0,"key":"SMITH"},{"floor":24.0,"key":"REST"},{"data":"Koishi:BramblyRoseGarden","floor":32.0,"key":"SMITH"},{"data":"Koishi:MindNumbingTerror","floor":40.0,"key":"SMITH"},{"data":"hubris:DuctTapeCard","floor":47,"key":"SMITH"},{"data":"Koishi:JumpScare","floor":49,"key":"SMITH"}],"circlet_count":0,"master_deck":["Koishi:BasicStrike","Koishi:BasicStrike","Koishi:BasicStrike","Koishi:BasicDefend","Koishi:BasicDefend","Koishi:BasicDefend","Koishi:Provoke","Koishi:HauntingSlash","Koishi:SubterraneanRose","Koishi:Whimsy","Koishi:RacingHeart+1","Koishi:PhantomStrike","Koishi:StingingMind+1","Koishi:JumpScare+1","Koishi:SprinkleStarAndHeart","Koishi:ImGoingToCallYouNow","Koishi:RacingHeart+1","Koishi:StrangeCloudFist","Koishi:YoukaiPolygraph","Koishi:LastRemote+1","Koishi:BramblyRoseGarden+1","CurseOfTheBell","Koishi:LastRemote","Koishi:DreadfulBlow+1","Koishi:BloodcurdlingScream+1","Parasite","Koishi:ParalyzingFear+1","hubris:DuctTapeCard+2","Koishi:ParalyzingFear+1"],"relics":["Koishi:ImaginaryFriend","Pantograph","Koishi:BloodstainedWhiteRose","The Courier","Anchor","Busted Crown","Kunai","hubris:TenFootPole","Bird Faced Urn","Calling Bell","hexamod:BolsterEngine","Blue Candle","hexamod:Sixitude","Guardian:PocketSentry","Pen Nib","hubris:DuctTape","bronze:DecasWashers","bronze:BronzeIdol"],"acts_visited":["Exordium","TheCity","TheBeyond"],"potions_floor_usage":[50],"damage_taken":[{"damage":0.0,"enemies":"Cultist","floor":1.0,"turns":4.0},{"damage":0.0,"enemies":"2 Louse","floor":2.0,"turns":3.0},{"damage":4.0,"enemies":"Small Slimes","floor":5.0,"turns":5.0},{"damage":4.0,"enemies":"2 Fungi Beasts","floor":7.0,"turns":5.0},{"damage":20.0,"enemies":"Gremlin Gang","floor":10.0,"turns":6.0},{"damage":5.0,"enemies":"Exordium Thugs","floor":11.0,"turns":5.0},{"damage":8.0,"enemies":"Gremlin Nob","floor":12.0,"turns":5.0},{"damage":13.0,"enemies":"Large Slime","floor":13.0,"turns":8.0},{"damage":31.0,"enemies":"The Guardian","floor":16.0,"turns":13.0},{"damage":0.0,"enemies":"Chosen","floor":18.0,"turns":5.0},{"damage":7.0,"enemies":"Spheric Guardian","floor":19.0,"turns":4.0},{"damage":53.0,"enemies":"Slavers","floor":23.0,"turns":8.0},{"damage":3.0,"enemies":"Snake Plant","floor":25.0,"turns":4.0},{"damage":18.0,"enemies":"Chosen and Byrds","floor":27.0,"turns":6.0},{"damage":9.0,"enemies":"3 Cultists","floor":30.0,"turns":5.0},{"damage":15.0,"enemies":"Book of Stabbing","floor":31.0,"turns":6.0},{"damage":73.0,"enemies":"Collector","floor":33.0,"turns":11.0},{"damage":30.0,"enemies":"3 Darklings","floor":35.0,"turns":8.0},{"damage":8.0,"enemies":"3 Shapes","floor":37.0,"turns":4.0},{"damage":39.0,"enemies":"Jaw Worm Horde","floor":38.0,"turns":4.0},{"damage":17.0,"enemies":"Maw","floor":39.0,"turns":8.0},{"damage":19.0,"enemies":"Writhing Mass","floor":41.0,"turns":4.0},{"damage":39.0,"enemies":"Giant Head","floor":44.0,"turns":7.0},{"damage":9,"enemies":"Jaw Worm Horde","floor":45,"turns":3},{"damage":1,"enemies":"Nemesis","floor":46,"turns":5},{"damage":13,"enemies":"3 Darklings","floor":48,"turns":4},{"damage":81,"enemies":"Awakened One","floor":50,"turns":11}],"seed_played":"6832390574411388654","potions_obtained":[{"floor":5.0,"key":"Fruit Juice"},{"floor":7.0,"key":"EssenceOfSteel"},{"floor":10.0,"key":"LiquidMemories"},{"floor":12.0,"key":"Explosive Potion"},{"floor":18.0,"key":"Fire Potion"},{"floor":22.0,"key":"FairyPotion"},{"floor":37.0,"key":"FearPotion"},{"floor":44.0,"key":"EntropicBrew"}],"is_trial":false,"path_per_floor":["M","M","T","?","M","R","M","$","T","M","M","E","M","$","R","B",null,"M","M","?","?","?","E","R","M","T","M","$","$","M","E","R","B",null,"M","?","M","M","M","R","M","$","T","E","M","E","R","M","R","B",null],"character_chosen":"KOISHI","items_purchased":["Koishi:BloodstainedWhiteRose","Anchor","Koishi:LastRemote","Guardian:PocketSentry","Pen Nib"],"campfire_rested":1,"item_purchase_floors":[8,14,28,42,42],"current_hp_per_floor":[66,66,66,66,64,64,62,67,67,51,57,60,52,52,52,71,71,71,71,71,58,58,25,47,76,76,76,76,76,76,76,76,61,76,65,65,69,39,73,73,72,72,72,60,61,73,73,66,66,27],"gold":128,"neow_bonus":"TEN_PERCENT_HP_BONUS","is_daily":false,"chose_seed":false,"campfire_upgraded":6,"win_rate":0.0,"timestamp":1613032837,"path_taken":["M","M","?","?","M","R","M","$","T","M","M","E","?","?","R","BOSS","M","M","?","?","?","E","R","M","T","?","?","$","M","E","R","BOSS","M","?","M","M","?","R","M","$","T","E","M","E","R","M","R","BOSS"],"items_purchased_type":["Relic","Relic","Card","Relic","Relic"],"build_version":"2020-12-22","purchased_purges":2,"victory":true,"max_hp_per_floor":[66,66,66,66,66,66,66,71,71,71,71,71,71,71,71,71,71,71,71,71,76,76,76,76,76,76,76,76,76,76,76,76,76,76,76,76,76,76,76,76,76,76,76,76,76,76,76,76,76,76],"relic_stats":{"Busted Crown":36,"counters":[27,161],"Pantograph":29,"Bird Faced Urn":[15],"Blue Candle":[12],"Pen Nib":[7],"Kunai":[41],"obtain_stats":[{"hubris:DuctTape":43,"Blue Candle":34,"bronze:DecasWashers":44,"hexamod:Sixitude":34,"The Courier":9,"Pen Nib":42,"Guardian:PocketSentry":42,"bronze:BronzeIdol":46,"Calling Bell":34,"Anchor":14,"Busted Crown":17,"Pantograph":3,"Bird Faced Urn":31,"hubris:TenFootPole":26,"Kunai":23,"hexamod:BolsterEngine":34,"Koishi:BloodstainedWhiteRose":8,"Koishi:ImaginaryFriend":0},{"hubris:DuctTape":22,"Blue Candle":17,"bronze:DecasWashers":23,"hexamod:Sixitude":17,"The Courier":4,"Pen Nib":22,"Guardian:PocketSentry":22,"bronze:BronzeIdol":25,"Calling Bell":17,"Anchor":8,"Busted Crown":9,"Pantograph":2,"Bird Faced Urn":16,"hubris:TenFootPole":13,"Kunai":12,"hexamod:BolsterEngine":17,"Koishi:BloodstainedWhiteRose":4,"Koishi:ImaginaryFriend":0},{"hubris:DuctTape":131,"Blue Candle":103,"bronze:DecasWashers":138,"hexamod:Sixitude":103,"The Courier":17,"Pen Nib":131,"Guardian:PocketSentry":131,"bronze:BronzeIdol":146,"Calling Bell":103,"Anchor":41,"Busted Crown":54,"Pantograph":7,"Bird Faced Urn":92,"hubris:TenFootPole":75,"Kunai":71,"hexamod:BolsterEngine":103,"Koishi:BloodstainedWhiteRose":17,"Koishi:ImaginaryFriend":0}]},"card_choices":[{"not_picked":["Koishi:DNAsFlaw","Koishi:ApparitionsStalkTheNight"],"picked":"Koishi:SubterraneanRose","floor":1.0},{"not_picked":["Koishi:CatchAndRose","Koishi:FidgetySnatcher"],"picked":"Koishi:Whimsy","floor":2.0},{"not_picked":["Koishi:UnseenTerror","Koishi:HeartfeltFancy"],"picked":"Koishi:RacingHeart","floor":5.0},{"not_picked":["Koishi:Jaunt","Koishi:Possession"],"picked":"Koishi:PhantomStrike","floor":7.0},{"not_picked":["Koishi:TraumaticStroke","Koishi:CatchAndRose"],"picked":"Koishi:StingingMind","floor":10.0},{"not_picked":["Koishi:MindNumbingTerror","Koishi:SpiritedAway"],"picked":"Koishi:TremblingHands","floor":11.0},{"not_picked":["Koishi:FadingMemory","Koishi:Whimsy"],"picked":"Koishi:JumpScare","floor":12.0},{"not_picked":["Koishi:TraumaticStroke","Koishi:UnansweredLove"],"picked":"Koishi:SprinkleStarAndHeart","floor":13.0},{"not_picked":["Koishi:RoseHell","Koishi:FadingMemory"],"picked":"Koishi:ImGoingToCallYouNow","floor":16.0},{"not_picked":[],"picked":"Koishi:RacingHeart+1","floor":18.0},{"not_picked":[],"picked":"Koishi:StrangeCloudFist","floor":19.0},{"not_picked":[],"picked":"Koishi:YoukaiPolygraph","floor":23.0},{"not_picked":[],"picked":"Koishi:MindNumbingTerror","floor":25.0},{"not_picked":["Koishi:SpiritedAway"],"picked":"SKIP","floor":27.0},{"not_picked":["Koishi:SprinkleStarAndHeart"],"picked":"SKIP","floor":30.0},{"not_picked":[],"picked":"Koishi:BramblyRoseGarden","floor":31.0},{"not_picked":[],"picked":"Koishi:LastRemote","floor":35.0},{"not_picked":[],"picked":"Koishi:DreadfulBlow+1","floor":37.0},{"not_picked":["Koishi:MassHysteria+1"],"picked":"SKIP","floor":38.0},{"not_picked":[],"picked":"Koishi:BloodcurdlingScream+1","floor":39.0},{"not_picked":[],"picked":"Koishi:ParalyzingFear+1","floor":41.0},{"not_picked":["Koishi:ParalyzingFear+1"],"picked":"SKIP","floor":44.0},{"not_picked":["Koishi:FleetingPhantom+1"],"picked":"SKIP","floor":45},{"not_picked":[],"picked":"Koishi:ParalyzingFear+1","floor":46},{"not_picked":["Koishi:LastRemote"],"picked":"SKIP","floor":48}],"player_experience":390833,"relics_obtained":[{"floor":3.0,"key":"Pantograph"},{"floor":9.0,"key":"The Courier"},{"floor":23.0,"key":"Kunai"},{"floor":26.0,"key":"hubris:TenFootPole"},{"floor":31.0,"key":"Bird Faced Urn"},{"floor":34.0,"key":"hexamod:BolsterEngine"},{"floor":34.0,"key":"Blue Candle"},{"floor":34.0,"key":"hexamod:Sixitude"},{"floor":43.0,"key":"hubris:DuctTape"},{"floor":44.0,"key":"bronze:DecasWashers"},{"floor":46,"key":"bronze:BronzeIdol"}],"event_choices":[{"damage_healed":0.0,"max_hp_gain":0.0,"max_hp_loss":0.0,"gold_gain":0.0,"event_name":"Wheel of Change","player_choice":"Cursed","floor":4.0,"gold_loss":0.0,"damage_taken":0.0,"cards_obtained":["Decay"]},{"damage_healed":0.0,"max_hp_gain":0.0,"max_hp_loss":0.0,"gold_gain":99.0,"event_name":"Nest","player_choice":"Stole From Cult","floor":20.0,"gold_loss":0.0,"damage_taken":0.0},{"damage_healed":0.0,"max_hp_gain":5.0,"max_hp_loss":0.0,"gold_gain":0.0,"event_name":"Forgotten Altar","player_choice":"Shed Blood","floor":21.0,"gold_loss":0.0,"damage_taken":18.0},{"damage_healed":0.0,"max_hp_gain":0.0,"max_hp_loss":0.0,"gold_gain":0.0,"event_name":"Lab","player_choice":"Got Potions","floor":22.0,"gold_loss":0.0,"damage_taken":0.0},{"cards_removed":["Koishi:BasicDefend"],"damage_healed":0.0,"max_hp_gain":0.0,"max_hp_loss":0.0,"gold_gain":0.0,"event_name":"Designer","player_choice":"Upgrade and Remove","floor":36.0,"gold_loss":90.0,"damage_taken":0.0,"cards_upgraded":["Koishi:LastRemote"]}],"is_beta":false,"boss_relics":[{"not_picked":["Sozu","Pandora\u0027s Box"],"picked":"Busted Crown"},{"not_picked":["Cursed Key","Snecko Eye"],"picked":"Calling Bell"}],"items_purged_floors":[29,42],"is_endless":false,"potions_floor_spawned":[5,7,10,12,18,23,27,31,37,38,41,44,46],"ascension_level":0}}