{"host":"og21o26alpnbwmz8","time":1613071460,"event":{"mods":["Act Like it!","Aspiration","BaseMod","Conspire","Downfall","Gensokyo","Halation","Hubris","Jedi Mod","Mimic Mod","Minty Spire (QoL Compilation)","Pale of the Ancients","Reliquary","Replay The Spire","Shop Mod","Spikes Relics","StSLib","The Alterego","The Blue Laboratory","The Poker Player","Waifu the Spire","Yuri Mod"],"gold_per_floor":[119,129,129,144,144,144,144,144,144,158,6,41,41,66,66,171,171,187,187,187,187,203,238,254,266,302,332,345,357,370,382,382,382,382],"floor_reached":33,"language":"ENG","playtime":1432,"items_purged":["yuri:yuriStrike"],"score":399,"play_id":"2f55d902-e963-45e6-a91a-dc87b8b7d5b6","local_time":"20210211142420","is_ascension_mode":false,"campfire_choices":[{"data":"yuri:WickedSlash","floor":6,"key":"SMITH"},{"data":"Glass Knife","floor":8,"key":"SMITH"},{"data":"yuri:HoldBack","floor":15,"key":"SMITH"}],"circlet_count":0,"master_deck":["yuri:yuriDefend","yuri:yuriDefend","yuri:yuriDefend","yuri:yuriDefend","yuri:Oolong","yuri:WickedSlash+1","yuri:ArmBrace+1","Glass Knife","Glass Knife+1","yuri:ReactiveMadness","yuri:HoldBack+1","yuri:Virus","Dash","yuri:Stare+1","yuri:HoldBack","yuri:SturdyUniform"],"relics":["yuri:yuriKnife","PreservedInsect","Omamori","Gensokyo:Mercy","hubris:RunicObelisk","halation:EternalFortune","Replay:WaspNest","Shuriken","Eternal Feather"],"acts_visited":["Exordium","Gensokyo:Gensokyo"],"potions_floor_usage":[],"damage_taken":[{"damage":1,"enemies":"Gensokyo:3_Fairies","floor":1,"turns":3},{"damage":4,"enemies":"Gensokyo:2_Kodama","floor":2,"turns":5},{"damage":6,"enemies":"Gensokyo:Gryphon","floor":4,"turns":3},{"damage":1,"enemies":"Gensokyo:LivingMonolith","floor":10,"turns":3},{"damage":0,"enemies":"Gensokyo:Cirno","floor":12,"turns":5},{"damage":11,"enemies":"Gensokyo:Mamizou","floor":14,"turns":5},{"damage":5,"enemies":"Gensokyo:Yukari","floor":16,"turns":11},{"damage":2,"enemies":"Gensokyo:3_Dogs","floor":18,"turns":5},{"damage":0,"enemies":"Gensokyo:2_Gloops","floor":22,"turns":4},{"damage":12,"enemies":"Gensokyo:Koishi","floor":23,"turns":6},{"damage":7,"enemies":"Gensokyo:Slime_Group","floor":24,"turns":4},{"damage":4,"enemies":"Gensokyo:Wraith","floor":25,"turns":3},{"damage":0,"enemies":"Gensokyo:Mirror_and_Dog","floor":26,"turns":4},{"damage":7,"enemies":"Gensokyo:Tenshi","floor":27,"turns":2},{"damage":9,"enemies":"Gensokyo:Mirror_and_Dog","floor":28,"turns":4},{"damage":16,"enemies":"Gensokyo:Slime_Group","floor":29,"turns":4},{"damage":0,"enemies":"Gensokyo:Monolith_and_Dog","floor":30,"turns":8},{"damage":1,"enemies":"Gensokyo:Chomper_and_Gloop","floor":31,"turns":7},{"damage":109,"enemies":"Gensokyo:Eternal_Rivals","floor":33,"turns":9}],"seed_played":"-6700012648403271429","potions_obtained":[{"floor":2,"key":"Venom Potion"},{"floor":10,"key":"blueLaboratory:BubblePotion"},{"floor":12,"key":"blueLaboratory:FrostheartPotion"},{"floor":22,"key":"blueLaboratory:StoneskinPotion"}],"is_trial":false,"path_per_floor":["M","M","?","M","?","R","?","R","T","M","$","E","?","E","R","B",null,"M","?","?","?","M","E","M","M","MIM","E","M","M","M","M","R","B"],"character_chosen":"YURI","items_purchased":["yuri:HoldBack"],"campfire_rested":0,"item_purchase_floors":[11],"current_hp_per_floor":[80,76,84,82,82,82,82,82,82,85,85,88,88,79,79,78,88,88,88,88,91,91,82,79,79,86,79,74,62,66,69,97,0,0],"gold":382,"neow_bonus":"REMOVE_CARD","is_daily":false,"chose_seed":false,"campfire_upgraded":3,"win_rate":0.0,"timestamp":1613071460,"path_taken":["M","M","?","M","?","R","?","R","T","?","$","E","?","E","R","BOSS","M","?","?","?","?","E","M","M","MIM","E","M","M","M","?","R","BOSS"],"items_purchased_type":["Card"],"build_version":"2020-12-22","purchased_purges":1,"victory":false,"max_hp_per_floor":[80,80,88,88,88,88,88,88,88,88,88,88,88,88,88,88,88,88,88,88,91,91,94,94,94,97,97,97,97,97,97,97,97,97],"card_choices":[{"not_picked":["yuri:DebugCard","yuri:TPose","yuri:MPose"],"picked":"SKIP","floor":1},{"not_picked":["yuri:DejaVu","yuri:Skip"],"picked":"yuri:WickedSlash","floor":2},{"not_picked":["yuri:BookRed","yuri:StealPen"],"picked":"yuri:ArmBrace","floor":4},{"not_picked":["yuri:InsanityDefense","yuri:TeaSet"],"picked":"yuri:ReactiveMadness","floor":10},{"not_picked":["yuri:yuriHeavyStrike","yuri:SeeingDouble","yuri:CalmingAura"],"picked":"SKIP","floor":12},{"not_picked":["yuri:WickedSlash","yuri:Stalk","yuri:TPose"],"picked":"SKIP","floor":14},{"not_picked":["yuri:BlackTea","yuri:RelentlessStrikes"],"picked":"yuri:Virus","floor":16},{"not_picked":["yuri:MPose+1","yuri:ThrowBook","yuri:DebugCard"],"picked":"SKIP","floor":18},{"not_picked":["yuri:ThrowBook","yuri:SeeingDouble","yuri:MPose"],"picked":"SKIP","floor":22},{"not_picked":["yuri:RepairCode+1","yuri:MPose+1","yuri:Skip"],"picked":"SKIP","floor":23},{"not_picked":["yuri:ReloadGame","yuri:MPose"],"picked":"yuri:Stare","floor":24},{"not_picked":["yuri:TeaSet","yuri:Spin"],"picked":"yuri:HoldBack","floor":25},{"not_picked":["yuri:HeavierStrike","yuri:ThrowingKnives","yuri:AdaptiveAI"],"picked":"SKIP","floor":27},{"not_picked":["yuri:yuriHeavyStrike","yuri:ExploitStrike","yuri:Spin"],"picked":"SKIP","floor":28},{"not_picked":["yuri:CalmingAura","yuri:StealPen"],"picked":"yuri:SturdyUniform","floor":29},{"not_picked":["yuri:Stare","yuri:HeavierStrike","yuri:WickedSlash"],"picked":"SKIP","floor":30},{"not_picked":["yuri:CalmingAura+1","yuri:MPose","yuri:ThornRemove"],"picked":"SKIP","floor":31}],"player_experience":250058,"relics_obtained":[{"floor":9,"key":"PreservedInsect"},{"floor":12,"key":"Omamori"},{"floor":14,"key":"reliquary:SilkGlove"},{"floor":23,"key":"halation:EternalFortune"},{"floor":23,"key":"Replay:WaspNest"},{"floor":26,"key":"Shuriken"},{"floor":26,"key":"halation:EternalFortune"},{"floor":27,"key":"Eternal Feather"}],"event_choices":[],"is_beta":false,"boss_relics":[{"not_picked":["Honey Jar","halation:CatFaceCupcake"],"picked":"hubris:RunicObelisk"}],"items_purged_floors":[11],"is_endless":false,"potions_floor_spawned":[2,10,12,18,22,23,29,30],"killed_by":"Gensokyo:Eternal_Rivals","ascension_level":0}}