{"host":"126yiuos2nq86se7","time":1613006493,"event":{"mods":["AchievementEnabler","Act Like it!","BaseMod","BetterRewards","Colored Map","Colored Powertips","Friendly Minions","Highlight Path","Hubris","Minty Spire (QoL Compilation)","Reimu??????","Remilia??????","StSLib","SuperFastMode","Td1madao Mod","The Animator","The Mystic"],"gold_per_floor":[109,120,20,36,51,51,81,81,81,81,91,91,91,111,111,313,313,333,333,306,356,406,406,48,48,48,46,60,60,60],"floor_reached":29,"language":"ENG","playtime":848,"items_purged":["Zap","Strike_B","hubris:PowerSurge"],"score":380,"play_id":"84d99ec7-874f-4a7e-b0fa-709d16eac611","local_time":"20210211122133","is_ascension_mode":true,"campfire_choices":[{"floor":6,"key":"REST"},{"floor":8,"key":"REST"},{"data":"Echo Form","floor":13,"key":"SMITH"},{"data":"Dualcast","floor":15,"key":"SMITH"},{"data":"Self Repair","floor":23,"key":"SMITH"},{"data":"Redo","floor":25,"key":"SMITH"}],"circlet_count":0,"master_deck":["Strike_B","Strike_B","Strike_B","Defend_B","Defend_B","Defend_B","Defend_B","Dualcast+1","Self Repair+1","Redo+1","Leap","Recycle","Echo Form+1","Cold Snap","Redo","Seek","White Noise","Self Repair","Conserve Battery","Capacitor"],"relics":["Cracked Core","Lee\u0027s Waffle","Pear","StrikeDummy","hubris:Icosahedron","Cursed Key","SsserpentHead","MutagenicStrength","Bag of Marbles"],"acts_visited":["Exordium","TheCity"],"potions_floor_usage":[7,16],"damage_taken":[{"damage":3,"enemies":"Small Slimes","floor":1,"turns":3},{"damage":1,"enemies":"Cultist","floor":2,"turns":3},{"damage":12,"enemies":"Jaw Worm","floor":4,"turns":5},{"damage":45,"enemies":"Lots of Slimes","floor":5,"turns":4},{"damage":39,"enemies":"Gremlin Nob","floor":7,"turns":6},{"damage":17,"enemies":"2 Fungi Beasts","floor":11,"turns":5},{"damage":26,"enemies":"Exordium Wildlife","floor":14,"turns":5},{"damage":62,"enemies":"The Guardian","floor":16,"turns":17},{"damage":14,"enemies":"Shell Parasite","floor":18,"turns":10},{"damage":24,"enemies":"2 Thieves","floor":20,"turns":5},{"damage":9,"enemies":"Shelled Parasite and Fungi","floor":28,"turns":10},{"damage":100,"enemies":"Cultist and Chosen","floor":29,"turns":9}],"seed_played":"-5410243368993250422","potions_obtained":[{"floor":4,"key":"Regen Potion"},{"floor":11,"key":"ColorlessPotion"},{"floor":28,"key":"Block Potion"}],"is_trial":false,"path_per_floor":["M","M","$","M","M","R","E","R","T","?","M","?","R","M","R","B",null,"M","?","M","?","?","R","$","R","T","$","M","M"],"character_chosen":"DEFECT","items_purchased":["Self Repair","Redo","Leap","Lee\u0027s Waffle","Bag of Marbles","Self Repair","Conserve Battery"],"campfire_rested":2,"item_purchase_floors":[0,0,0,0,24,24,27],"current_hp_per_floor":[82,82,82,82,44,68,61,88,88,88,89,92,92,73,73,18,92,92,92,75,75,75,75,75,75,75,75,83,0,0],"gold":60,"neow_bonus":"","is_daily":false,"chose_seed":false,"campfire_upgraded":4,"win_rate":0.0,"timestamp":1613006493,"path_taken":["M","M","$","M","M","R","E","R","T","?","M","?","R","?","R","BOSS","M","?","?","?","?","R","$","R","T","?","M","M"],"items_purchased_type":["Card","Card","Card","Relic","Relic","Card","Card"],"build_version":"2020-12-22","purchased_purges":3,"victory":false,"max_hp_per_floor":[82,82,82,82,82,82,92,92,92,92,92,92,92,92,92,92,92,92,92,92,92,92,92,92,92,92,92,92,92,92],"card_choices":[{"not_picked":["Conserve Battery","Coolheaded"],"picked":"Recycle","floor":1},{"not_picked":["Redo","BootSequence"],"picked":"Echo Form","floor":2},{"not_picked":["Beam Cell","Lockon"],"picked":"Cold Snap","floor":4},{"not_picked":["Streamline","Ball Lightning","Heatsinks"],"picked":"SKIP","floor":5},{"not_picked":["Chaos","Hologram"],"picked":"Redo","floor":7},{"not_picked":["Skim","Turbo"],"picked":"Undo","floor":11},{"not_picked":["Reinforced Body","Chill"],"picked":"hubris:PowerSurge","floor":14},{"not_picked":["Electrodynamics","hubris:Prefetch"],"picked":"Seek","floor":16},{"not_picked":["Sweeping Beam","Streamline","Redo"],"picked":"SKIP","floor":18},{"not_picked":["Sunder","Leap"],"picked":"White Noise","floor":20},{"not_picked":["Go for the Eyes","Cold Snap"],"picked":"Capacitor","floor":28}],"player_experience":1702597,"relics_obtained":[{"floor":7,"key":"Pear"},{"floor":9,"key":"StrikeDummy"}],"event_choices":[{"cards_removed":["Undo"],"damage_healed":3,"gold_gain":0,"player_choice":"Offered Uncommon","damage_taken":0,"max_hp_gain":0,"max_hp_loss":0,"event_name":"Bonfire Elementals","floor":12,"gold_loss":0},{"damage_healed":0,"gold_gain":0,"player_choice":"Trade","damage_taken":0,"relics_obtained":["SsserpentHead"],"max_hp_gain":0,"max_hp_loss":0,"event_name":"FaceTrader","floor":19,"gold_loss":0},{"damage_healed":0,"gold_gain":0,"player_choice":"Ignored","damage_taken":0,"max_hp_gain":0,"max_hp_loss":0,"event_name":"Ghosts","floor":21,"gold_loss":0},{"damage_healed":0,"gold_gain":0,"player_choice":"Inject Mutagens","damage_taken":0,"relics_obtained":["MutagenicStrength"],"max_hp_gain":0,"max_hp_loss":0,"event_name":"Drug Dealer","floor":22,"gold_loss":0}],"is_beta":false,"boss_relics":[{"not_picked":["Snecko Eye","Coffee Dripper"],"picked":"Cursed Key"}],"items_purged_floors":[0,3,24],"is_endless":false,"potions_floor_spawned":[4,11,28],"killed_by":"Cultist and Chosen","ascension_level":2}}