{"host":"qxeepl7ydvsgmfdb","time":1613048824,"event":{"mods":["AchievementEnabler","BaseMod","Colored Powertips","Minty Spire (QoL Compilation)","Quick Restart","slay the spire mod where everything is the same but ironclad has a cowboy hat"],"gold_per_floor":[119,129,143,143,156,156,156,156,156,156,156,121,121,145,145,238,238,256,287,287,287,287,321,321,337,337,352,372,372,19,60,60,155,155,173,395,395,395,395,395,170,170,170,170,470,470,14,52,52,52,52],"floor_reached":50,"language":"ENG","playtime":1256,"items_purged":[],"score":883,"play_id":"9db0b747-913d-4074-b9c9-5a625f55e1e5","local_time":"20210211080704","is_ascension_mode":true,"campfire_choices":[{"data":"Blade Dance","floor":6.0,"key":"SMITH"},{"floor":8.0,"key":"REST"},{"data":"Slice","floor":10.0,"key":"SMITH"},{"floor":15.0,"key":"REST"},{"floor":29.0,"key":"REST"},{"floor":32.0,"key":"REST"},{"data":"Terror","floor":40.0,"key":"SMITH"},{"data":"Blind","floor":42.0,"key":"SMITH"},{"data":"Die Die Die","floor":44.0,"key":"SMITH"},{"data":"1","floor":49.0,"key":"LIFT"}],"circlet_count":0,"master_deck":["AscendersBane","Strike_G","Strike_G","Strike_G","Defend_G+1","Defend_G","Defend_G+1","Defend_G","Survivor","Slice+1","Blade Dance+1","Blade Dance","Die Die Die+1","Blade Dance+1","Finisher+1","Cloak And Dagger","All Out Attack","Die Die Die+1","Terror+1","Blind+1","Noxious Fumes+1"],"relics":["Ring of the Snake","NeowsBlessing","Question Card","Golden Idol","Ornamental Fan","Empty Cage","Red Mask","Enchiridion","Tiny Chest","Paper Crane","Lee\u0027s Waffle","Potion Belt","Toy Ornithopter","MealTicket","Vajra","InkBottle","Girya","Pantograph","Strawberry","Blue Candle"],"acts_visited":["Exordium","TheCity","TheBeyond"],"potions_floor_usage":[50,50,50],"damage_taken":[{"damage":0.0,"enemies":"Cultist","floor":1.0,"turns":1.0},{"damage":0.0,"enemies":"2 Louse","floor":2.0,"turns":1.0},{"damage":0.0,"enemies":"Small Slimes","floor":3.0,"turns":1.0},{"damage":11.0,"enemies":"3 Louse","floor":5.0,"turns":3.0},{"damage":6.0,"enemies":"2 Fungi Beasts","floor":14.0,"turns":3.0},{"damage":49.0,"enemies":"Slime Boss","floor":16.0,"turns":14.0},{"damage":0.0,"enemies":"Chosen","floor":18.0,"turns":4.0},{"damage":0.0,"enemies":"Masked Bandits","floor":19.0,"turns":3.0},{"damage":35.0,"enemies":"Book of Stabbing","floor":23.0,"turns":6.0},{"damage":0.0,"enemies":"Spheric Guardian","floor":25.0,"turns":1.0},{"damage":0.0,"enemies":"Centurion and Healer","floor":27.0,"turns":2.0},{"damage":14.0,"enemies":"Snake Plant","floor":28.0,"turns":4.0},{"damage":13.0,"enemies":"Slavers","floor":31.0,"turns":5.0},{"damage":84.0,"enemies":"Champ","floor":33.0,"turns":10.0},{"damage":1.0,"enemies":"3 Darklings","floor":35.0,"turns":3.0},{"damage":4.0,"enemies":"Nemesis","floor":48.0,"turns":5.0},{"damage":98,"enemies":"Time Eater","floor":50,"turns":8}],"seed_played":"1193237685787042923","potions_obtained":[{"floor":1.0,"key":"LiquidMemories"},{"floor":5.0,"key":"Weak Potion"},{"floor":19.0,"key":"Dexterity Potion"},{"floor":23.0,"key":"LiquidMemories"},{"floor":25.0,"key":"Regen Potion"},{"floor":31.0,"key":"AttackPotion"},{"floor":35.0,"key":"SkillPotion"}],"is_trial":false,"path_per_floor":["M","M","M","T","M","R","?","R","T","R","?","?","?","M","R","B",null,"M","?","?","?","?","E","$","M","T","M","M","R","$","E","R","B",null,"M","?","T","?","?","R","$","R","T","R","?","T","$","E","R","B"],"character_chosen":"THE_SILENT","items_purchased":["Lee\u0027s Waffle","Potion Belt","SteroidPotion","Vajra","Regen Potion","Pantograph","Strawberry","Poison Potion"],"campfire_rested":4,"item_purchase_floors":[30,30,30,41,41,47,47,47],"current_hp_per_floor":[59,59,59,59,48,48,32,51,51,51,38,54,47,41,60,11,52,52,52,36,58,58,23,23,23,23,23,9,28,73,60,73,9,57,56,56,56,56,56,56,71,71,71,71,71,71,80,76,76,0,0],"gold":52,"neow_bonus":"THREE_ENEMY_KILL","is_daily":false,"chose_seed":false,"campfire_upgraded":5,"win_rate":0.0,"timestamp":1613048824,"path_taken":["M","?","M","?","?","R","?","R","T","R","?","?","?","?","R","BOSS","M","?","?","?","?","E","$","?","T","M","M","R","?","E","R","BOSS","M","?","?","?","?","R","$","R","T","R","?","?","?","E","R","BOSS"],"items_purchased_type":["Relic","Relic","Potion","Relic","Potion","Relic","Relic","Potion"],"build_version":"2020-12-22","purchased_purges":0,"victory":false,"max_hp_per_floor":[66,66,66,66,66,66,66,66,66,66,66,66,66,66,66,66,66,66,66,66,66,66,66,66,66,66,66,66,66,73,73,73,73,73,73,73,73,73,73,73,73,73,73,73,73,73,80,80,80,80,80],"card_choices":[{"not_picked":["Crippling Poison","Dodge and Roll"],"picked":"Slice","floor":1.0},{"not_picked":["Escape Plan","Dodge and Roll","Bouncing Flask"],"picked":"SKIP","floor":2.0},{"not_picked":["Bouncing Flask","Terror"],"picked":"Blade Dance","floor":3.0},{"not_picked":["Flying Knee","Calculated Gamble","Crippling Poison","Outmaneuver"],"picked":"SKIP","floor":5.0},{"not_picked":["Envenom","Bane","Sucker Punch"],"picked":"Blade Dance","floor":14.0},{"not_picked":["Doppelganger","Venomology","Grand Finale"],"picked":"Die Die Die","floor":16.0},{"not_picked":["Bane","Outmaneuver+1","Flechettes"],"picked":"Blade Dance+1","floor":18.0},{"not_picked":["Skewer","A Thousand Cuts","Reflex"],"picked":"Finisher+1","floor":23.0},{"not_picked":["Concentrate","Blade Dance","Dash","Quick Slash"],"picked":"SKIP","floor":25.0},{"not_picked":["Heel Hook+1","Well Laid Plans","Predator"],"picked":"Cloak And Dagger","floor":27.0},{"not_picked":["Quick Slash","Bane","Malaise","Concentrate"],"picked":"SKIP","floor":28.0},{"not_picked":["Flechettes","Quick Slash","Concentrate"],"picked":"All Out Attack","floor":31.0},{"not_picked":["Tools of the Trade","Malaise","Night Terror"],"picked":"Die Die Die","floor":33.0},{"not_picked":["Dagger Spray","Deadly Poison","Sucker Punch"],"picked":"Terror","floor":35.0},{"not_picked":["Madness","Jack Of All Trades","Forethought"],"picked":"Blind","floor":38.0},{"not_picked":["Distraction","Deadly Poison","Bane"],"picked":"Noxious Fumes+1","floor":48.0}],"player_experience":148378,"relics_obtained":[{"floor":4.0,"key":"Question Card"},{"floor":9.0,"key":"Ornamental Fan"},{"floor":19.0,"key":"Red Mask"},{"floor":20.0,"key":"Enchiridion"},{"floor":23.0,"key":"Tiny Chest"},{"floor":26.0,"key":"Paper Crane"},{"floor":31.0,"key":"Toy Ornithopter"},{"floor":37.0,"key":"MealTicket"},{"floor":43.0,"key":"InkBottle"},{"floor":46.0,"key":"Girya"},{"floor":48.0,"key":"Blue Candle"}],"event_choices":[{"damage_healed":0.0,"max_hp_gain":0.0,"max_hp_loss":0.0,"gold_gain":0.0,"event_name":"Golden Idol","player_choice":"Take Damage","floor":7.0,"gold_loss":0.0,"damage_taken":16.0,"relics_obtained":["Golden Idol"]},{"damage_healed":0.0,"max_hp_gain":0.0,"max_hp_loss":0.0,"gold_gain":0.0,"event_name":"Shining Light","player_choice":"Entered Light","floor":11.0,"gold_loss":0.0,"damage_taken":13.0,"cards_upgraded":["Defend_G","Defend_G"]},{"damage_healed":16.0,"max_hp_gain":0.0,"max_hp_loss":0.0,"gold_gain":0.0,"event_name":"The Cleric","player_choice":"Healed","floor":12.0,"gold_loss":35.0,"damage_taken":0.0},{"cards_removed":["Strike_G"],"damage_healed":0.0,"max_hp_gain":0.0,"max_hp_loss":0.0,"gold_gain":0.0,"event_name":"Golden Wing","player_choice":"Card Removal","floor":13.0,"gold_loss":0.0,"damage_taken":7.0},{"damage_healed":0.0,"max_hp_gain":0.0,"max_hp_loss":0.0,"gold_gain":0.0,"event_name":"Masked Bandits","player_choice":"Fought Bandits","floor":19.0,"gold_loss":0.0,"damage_taken":0.0},{"damage_healed":0.0,"max_hp_gain":0.0,"max_hp_loss":0.0,"gold_gain":0.0,"event_name":"Cursed Tome","player_choice":"Obtained Book","floor":20.0,"gold_loss":0.0,"damage_taken":16.0},{"damage_healed":22.0,"max_hp_gain":0.0,"max_hp_loss":0.0,"gold_gain":0.0,"event_name":"The Library","player_choice":"Heal","floor":21.0,"gold_loss":0.0,"damage_taken":0.0},{"damage_healed":0.0,"max_hp_gain":0.0,"max_hp_loss":0.0,"gold_gain":0.0,"event_name":"Accursed Blacksmith","player_choice":"Forge","floor":22.0,"gold_loss":0.0,"damage_taken":0.0,"cards_upgraded":["Die Die Die"]},{"damage_healed":0.0,"max_hp_gain":0.0,"max_hp_loss":0.0,"gold_gain":222.0,"event_name":"Tomb of Lord Red Mask","player_choice":"Wore Mask","floor":36.0,"gold_loss":0.0,"damage_taken":0.0},{"damage_healed":0.0,"max_hp_gain":0.0,"max_hp_loss":0.0,"gold_gain":0.0,"event_name":"SensoryStone","player_choice":"Memory 1","floor":38.0,"gold_loss":0.0,"damage_taken":0.0},{"cards_removed":["Neutralize"],"damage_healed":0.0,"max_hp_gain":0.0,"max_hp_loss":0.0,"gold_gain":0.0,"event_name":"Falling","player_choice":"Removed Attack","floor":39.0,"gold_loss":0.0,"damage_taken":0.0},{"damage_healed":0.0,"max_hp_gain":0.0,"max_hp_loss":0.0,"gold_gain":300.0,"event_name":"Wheel of Change","player_choice":"Gold","floor":45.0,"gold_loss":0.0,"damage_taken":0.0}],"is_beta":false,"boss_relics":[{"not_picked":["Busted Crown","Sozu"],"picked":"Empty Cage"},{"not_picked":["Cursed Key","Velvet Choker","Pandora\u0027s Box"]}],"items_purged_floors":[],"is_endless":false,"potions_floor_spawned":[1,5,14,19,23,25,31,35],"killed_by":"Time Eater","ascension_level":14}}