{"host":"0cm5wy4nhuju7tij","time":1613076719,"event":{"mods":["100% Spire Juice","2.2 Compatiblity","AchievementEnabler","Aspiration","BaseMod","Better Third Choice","BetterRewards","CCEM2","CapriCore","Colored Powertips","Curses Come First","Displayed Cursed Tome","Downfall","Energized Spire","Evolution","Filter the Spire","Highlight Path","Jess\u0027s Bottle","Minty Spire (QoL Compilation)","Permanent Neow","Poor People Problems","Relic Filter Mod","Relic Stats","Shop Mod","Spicy Shops","StSLib","The Cursed","TheSurvivalist","TheVacant","Weighted Paths"],"gold_per_floor":[119,133,103,117,136,146,146,173,196,222,241,12,46,64,64,160,160,173,173,173,19,35,35,69,69,69,96,96,124,139,158,158,262,262,279,296,83,0,0,33,33,107,134,167,186,186,186,206,206,206,206,206,5,35,35,35],"floor_reached":55,"language":"ENG","playtime":4447,"items_purged":[],"score":1220,"play_id":"8f9b69c5-a0c6-4b2d-a9bb-31d34eab4cc3","local_time":"20210211155159","is_ascension_mode":true,"campfire_choices":[{"data":"TheCursedMod:NeowsMight","floor":7.0,"key":"SMITH"},{"floor":15,"key":"REST"},{"floor":23,"key":"REST"},{"floor":25,"key":"REST"},{"floor":28,"key":"REST"},{"floor":32,"key":"REST"},{"floor":41,"key":"RECALL"},{"data":"TheCursedMod:VoidForm","floor":46,"key":"SMITH"},{"data":"TheCursedMod:CursedRelics","floor":49,"key":"SMITH"},{"data":"TheCursedMod:ParallelWorld","floor":52,"key":"SMITH"}],"circlet_count":0,"master_deck":["TheCursedMod:CleanUpWorkshop","TheCursedMod:CursedAmulet","TheCursedMod:HellfireBreathing","TheCursedMod:HellfireBreathing","TheCursedMod:SpitefulPlan","TheCursedMod:CursedSpellbook","TheCursedMod:NeowsMight+1","TheCursedMod:ParallelWorld+1","TheCursedMod:CircleOfAmplification","TheCursedMod:BloodBarrier","TheCursedMod:RapidMovement","TheCursedMod:TroublousMinions","TheCursedMod:CursedShiv","TheCursedMod:RapidMovement","TheCursedMod:DoubleShield","TheCursedMod:ReleasedStrength","TheCursedMod:ReleasedStrength","TheCursedMod:CursedStaff","TheCursedMod:Hemoplague","TheCursedMod:ReleasedStrength","TheCursedMod:Obscuration","TheCursedMod:DemonSword+1","TheCursedMod:DemonicPact","TheCursedMod:SpitefulStrike+1","Shame","Decay","TheCursedMod:CursedBlade","TheCursedMod:ShockAndAwe","TheCursedMod:SurpriseAttack+1","TheCursedMod:CursedBlade","TheCursedMod:CircleOfBlood","TheCursedMod:StingEye+1","TheCursedMod:CursedRelics+1","TheCursedMod:CircleOfBlood+1","TheCursedMod:LuckyCharm","TheCursedMod:CursedShiv","TheCursedMod:SpitefulStrike+1","TheCursedMod:ReleasedStrength+1","TheCursedMod:VoidForm+1","Writhe","TheCursedMod:Mangle","TheCursedMod:CursedArmor","Doubt","TheCursedMod:CursedBoomerang","TheCursedMod:LuckyCharm+1"],"relics":["TheCursedMod:BlackMagicAdvanced","EVO:Axolotl","CCEMRelics:PocketTank","CCEMRelics:PorcelainBowl","Pantograph","Sling","PreservedInsect","TheCursedMod:FourLeafCloverCharm","Tiny Chest","OrangePellets","Anchor","aspiration:Stabinomicon","Shovel","Snecko Eye","Membership Card","Regal Pillow","Red Mask","Whetstone","Pear","aspiration:FetidBarrel","CCEMRelics:PowerPill","CCEMRelics:BundleOfChain","Medical Kit","Oddly Smooth Stone"],"acts_visited":["Exordium","TheCity","TheBeyond","TheEnding"],"potions_floor_usage":[33,33,54,55],"damage_taken":[{"damage":0.0,"enemies":"2 Louse","floor":1.0,"turns":2.0},{"damage":0.0,"enemies":"Cultist","floor":2.0,"turns":2.0},{"damage":18.0,"enemies":"Small Slimes","floor":4.0,"turns":3.0},{"damage":0.0,"enemies":"Blue Slaver","floor":5.0,"turns":3.0},{"damage":0.0,"enemies":"3 Louse","floor":6.0,"turns":2.0},{"damage":10.0,"enemies":"3 Sentries","floor":8.0,"turns":4.0},{"damage":14.0,"enemies":"Lagavulin","floor":10.0,"turns":8.0},{"damage":0,"enemies":"2 Fungi Beasts","floor":11,"turns":3},{"damage":17,"enemies":"3 Sentries","floor":13,"turns":7},{"damage":0,"enemies":"Exordium Wildlife","floor":14,"turns":3},{"damage":36,"enemies":"The Guardian","floor":16,"turns":8},{"damage":38,"enemies":"Chosen","floor":18,"turns":7},{"damage":0,"enemies":"Spheric Guardian","floor":22,"turns":2},{"damage":22,"enemies":"Gremlin Leader","floor":24,"turns":6},{"damage":22,"enemies":"Book of Stabbing","floor":27,"turns":3},{"damage":0,"enemies":"Slavers","floor":29,"turns":3},{"damage":17,"enemies":"Shelled Parasite and Fungi","floor":30,"turns":5},{"damage":2,"enemies":"Cultist and Chosen","floor":31,"turns":4},{"damage":22,"enemies":"Champ","floor":33,"turns":8},{"damage":15,"enemies":"3 Shapes","floor":35,"turns":6},{"damage":25,"enemies":"3 Darklings","floor":36,"turns":4},{"damage":7,"enemies":"Nemesis","floor":40,"turns":5},{"damage":42,"enemies":"Reptomancer","floor":44,"turns":4},{"damage":21,"enemies":"Jaw Worm Horde","floor":45,"turns":4},{"damage":0,"enemies":"Transient","floor":48,"turns":5},{"damage":23,"enemies":"Donu and Deca","floor":50,"turns":4},{"damage":83,"enemies":"Shield and Spear","floor":54,"turns":5},{"damage":66,"enemies":"The Heart","floor":55,"turns":3}],"seed_played":"124135947098896430","potions_obtained":[{"floor":2.0,"key":"Weak Potion"},{"floor":3.0,"key":"Fire Potion"},{"floor":3.0,"key":"Block Potion"},{"floor":44,"key":"BlessingOfTheForge"},{"floor":48,"key":"LiquidMemories"}],"is_trial":false,"path_per_floor":["M","M","?","M","M","M","R","E","T","E","M","$","E","M","R","B",null,"M","?","?","$","M","R","E","R","T","E","R","E","M","M","R","B",null,"M","M","$","?","?","E","R","T","T","E","M","R","?","M","R","B",null,"R","$","E","B"],"character_chosen":"THE_CURSED","items_purchased":["TheCursedMod:Hemoplague","Sling","TheCursedMod:ReleasedStrength","OrangePellets","Membership Card","Regal Pillow","TheCursedMod:CursedShiv","CCEMRelics:PowerPill","TheCursedMod:CursedArmor","CCEMRelics:BundleOfChain","TheCursedMod:CursedBoomerang","Medical Kit"],"campfire_rested":5,"item_purchase_floors":[12,12,12,21,37,37,37,53,53,53,53,53],"current_hp_per_floor":[68,68,68,50,50,50,50,40,40,26,26,26,9,9,31,20,61,23,23,23,23,23,45,23,45,45,23,45,45,28,30,52,53,70,55,52,52,52,52,63,63,73,73,45,36,36,57,67,67,65,80,80,80,9,0,0],"gold":35,"neow_bonus":"THREE_CARDS","is_daily":false,"chose_seed":false,"campfire_upgraded":4,"win_rate":0.0,"timestamp":1613076719,"path_taken":["M","M","?","M","M","M","R","E","T","E","M","$","E","M","R","BOSS","M","?","?","$","M","R","E","R","T","E","R","E","M","M","R","BOSS","M","M","$","?","?","E","R","?","T","E","M","R","?","M","R","BOSS","R","$","E","BOSS"],"items_purchased_type":["Card","Relic","Card","Relic","Relic","Relic","Card","Relic","Card","Relic","Card","Relic"],"build_version":"2020-12-22","purchased_purges":0,"victory":false,"max_hp_per_floor":[75,75,75,75,75,75,75,75,75,75,75,75,75,75,75,75,75,75,75,75,75,75,75,75,75,75,75,75,75,75,75,75,75,75,75,75,75,75,75,75,75,85,85,85,85,85,85,85,85,85,85,85,85,85,85,85],"relic_stats":{"OrangePellets":[16],"Regal Pillow":0,"Shovel":0,"counters":[28,114],"Pantograph":91,"Snecko Eye":[45,32,44,42],"Tiny Chest":1,"PreservedInsect":319,"Whetstone":["TheCursedMod:SurpriseAttack","TheCursedMod:DemonSword"],"Medical Kit":[0],"obtain_stats":[{"CCEMRelics:PorcelainBowl":9,"TheCursedMod:FourLeafCloverCharm":17,"Regal Pillow":37,"Pear":42,"TheCursedMod:BlackMagicAdvanced":0,"aspiration:FetidBarrel":44,"Oddly Smooth Stone":54,"PreservedInsect":13,"aspiration:Stabinomicon":27,"EVO:Axolotl":0,"Whetstone":40,"Sling":12,"Medical Kit":53,"OrangePellets":21,"Anchor":26,"Shovel":29,"CCEMRelics:PowerPill":53,"Pantograph":10,"Snecko Eye":34,"CCEMRelics:PocketTank":8,"Tiny Chest":19,"CCEMRelics:BundleOfChain":53,"Red Mask":38,"Membership Card":37},{"CCEMRelics:PorcelainBowl":6,"TheCursedMod:FourLeafCloverCharm":11,"Regal Pillow":21,"Pear":22,"TheCursedMod:BlackMagicAdvanced":0,"aspiration:FetidBarrel":23,"Oddly Smooth Stone":27,"PreservedInsect":9,"aspiration:Stabinomicon":15,"EVO:Axolotl":0,"Whetstone":22,"Sling":8,"Medical Kit":26,"OrangePellets":12,"Anchor":14,"Shovel":16,"CCEMRelics:PowerPill":26,"Pantograph":7,"Snecko Eye":19,"CCEMRelics:PocketTank":6,"Tiny Chest":12,"CCEMRelics:BundleOfChain":26,"Red Mask":21,"Membership Card":21},{"CCEMRelics:PorcelainBowl":13,"TheCursedMod:FourLeafCloverCharm":41,"Regal Pillow":85,"Pear":90,"TheCursedMod:BlackMagicAdvanced":0,"aspiration:FetidBarrel":94,"Oddly Smooth Stone":111,"PreservedInsect":30,"aspiration:Stabinomicon":57,"EVO:Axolotl":0,"Whetstone":90,"Sling":24,"Medical Kit":106,"OrangePellets":47,"Anchor":54,"Shovel":60,"CCEMRelics:PowerPill":106,"Pantograph":21,"Snecko Eye":76,"CCEMRelics:PocketTank":13,"Tiny Chest":47,"CCEMRelics:BundleOfChain":106,"Red Mask":85,"Membership Card":85}]},"card_choices":[{"not_picked":["TheCursedMod:VitalStrike","TheCursedMod:RapidMovement"],"picked":"TheCursedMod:BloodBarrier","floor":0.0},{"not_picked":["TheCursedMod:VitalStrike","TheCursedMod:BloodBarrier"],"picked":"TheCursedMod:RapidMovement","floor":1.0},{"not_picked":["TheCursedMod:SmokeScreen","TheCursedMod:WearCloak"],"picked":"TheCursedMod:TroublousMinions","floor":2.0},{"not_picked":["TheCursedMod:CircleOfFlame","TheCursedMod:StingEye"],"picked":"TheCursedMod:CursedShiv","floor":4.0},{"not_picked":["TheCursedMod:VitalStrike","TheCursedMod:BloodBarrier"],"picked":"TheCursedMod:RapidMovement","floor":5.0},{"not_picked":["TheCursedMod:CircleOfCorruption","TheCursedMod:VitalStrike"],"picked":"TheCursedMod:DoubleShield","floor":6.0},{"not_picked":["TheCursedMod:PrepareRite","TheCursedMod:VitalStrike"],"picked":"TheCursedMod:ReleasedStrength","floor":8.0},{"not_picked":["TheCursedMod:CircleOfFlame","TheCursedMod:Neurasthenia"],"picked":"TheCursedMod:ReleasedStrength","floor":10},{"not_picked":["TheCursedMod:Wield","TheCursedMod:TacticalStrike"],"picked":"TheCursedMod:CursedStaff","floor":11},{"not_picked":["TheCursedMod:CircleOfFlame","TheCursedMod:RapidMovement"],"picked":"TheCursedMod:Obscuration","floor":13},{"not_picked":["TheCursedMod:Stretching","TheCursedMod:SaltUponWound"],"picked":"TheCursedMod:DemonSword","floor":14},{"not_picked":["TheCursedMod:CircleOfAbyss","TheCursedMod:ForbiddenAlchemy"],"picked":"TheCursedMod:DemonicPact","floor":16},{"not_picked":["TheCursedMod:CircleOfFocus","TheCursedMod:FleshFromBone"],"picked":"TheCursedMod:SpitefulStrike+1","floor":18},{"not_picked":["TheCursedMod:VitalStrike","TheCursedMod:Stretching+1"],"picked":"TheCursedMod:CursedBlade","floor":22},{"not_picked":["TheCursedMod:WearCloak","TheCursedMod:DoubleShield+1"],"picked":"TheCursedMod:ShockAndAwe","floor":24},{"not_picked":["TheCursedMod:TacticalStrike","TheCursedMod:SpreadPlague"],"picked":"TheCursedMod:SurpriseAttack","floor":27},{"not_picked":["TheCursedMod:VitalStrike","TheCursedMod:CircleOfFocus+1"],"picked":"TheCursedMod:CursedBlade","floor":29},{"not_picked":["TheCursedMod:Hemoplague","TheCursedMod:Obscuration"],"picked":"TheCursedMod:CircleOfBlood","floor":30},{"not_picked":["TheCursedMod:CursedBlade","TheCursedMod:AshesToAshes"],"picked":"TheCursedMod:StingEye+1","floor":31},{"not_picked":["TheCursedMod:DemonSword","TheCursedMod:ForbiddenAlchemy"],"picked":"TheCursedMod:CursedRelics","floor":33},{"not_picked":["TheCursedMod:RavingStaff+1","TheCursedMod:AbyssShockwave"],"picked":"TheCursedMod:CircleOfBlood+1","floor":35},{"not_picked":["TheCursedMod:SmokeScreen","TheCursedMod:EmpowerCircles+1"],"picked":"TheCursedMod:LuckyCharm","floor":36},{"not_picked":["TheCursedMod:Wield+1","TheCursedMod:TacticalStrike"],"picked":"TheCursedMod:SpitefulStrike+1","floor":40},{"not_picked":["TheCursedMod:RapidMovement+1","TheCursedMod:SpitefulPlan+1"],"picked":"TheCursedMod:ReleasedStrength+1","floor":44},{"not_picked":["TheCursedMod:CursedBlade","TheCursedMod:CircleOfCorruption+1"],"picked":"TheCursedMod:VoidForm","floor":45},{"not_picked":["TheCursedMod:RapidMovement+1","TheCursedMod:SpitefulStrike"],"picked":"TheCursedMod:Mangle","floor":48},{"not_picked":["TheCursedMod:Torture+1","TheCursedMod:FleshFromBone"],"picked":"TheCursedMod:LuckyCharm+1","floor":54}],"player_experience":319476,"relics_obtained":[{"floor":8.0,"key":"CCEMRelics:PocketTank"},{"floor":9.0,"key":"CCEMRelics:PorcelainBowl"},{"floor":10,"key":"Pantograph"},{"floor":13,"key":"PreservedInsect"},{"floor":26,"key":"Anchor"},{"floor":27,"key":"aspiration:Stabinomicon"},{"floor":29,"key":"Shovel"},{"floor":40,"key":"Whetstone"},{"floor":42,"key":"Pear"},{"floor":44,"key":"aspiration:FetidBarrel"},{"floor":54,"key":"Oddly Smooth Stone"}],"event_choices":[{"damage_healed":0.0,"max_hp_gain":0.0,"max_hp_loss":0.0,"gold_gain":0.0,"event_name":"The Woman in Blue","player_choice":"Bought 2 Potions","floor":3.0,"gold_loss":0.0,"damage_taken":0.0},{"damage_healed":0,"gold_gain":0,"player_choice":"Stole Relic","damage_taken":0,"relics_obtained":["Tiny Chest"],"max_hp_gain":0,"max_hp_loss":0,"event_name":"Addict","floor":19,"gold_loss":0,"cards_obtained":["Shame"]},{"damage_healed":0,"gold_gain":0,"player_choice":"Smashed Altar","damage_taken":0,"max_hp_gain":0,"max_hp_loss":0,"event_name":"Forgotten Altar","floor":20,"gold_loss":0,"cards_obtained":["Decay"]},{"damage_healed":0,"gold_gain":0,"player_choice":"Paid","damage_taken":0,"relics_obtained":["Red Mask"],"max_hp_gain":0,"max_hp_loss":0,"event_name":"Tomb of Lord Red Mask","floor":38,"gold_loss":83},{"cards_removed":["TheCursedMod:LuckyCharm"],"damage_healed":0,"gold_gain":0,"player_choice":"Removed Power","damage_taken":0,"max_hp_gain":0,"max_hp_loss":0,"event_name":"Falling","floor":39,"gold_loss":0},{"damage_healed":21,"gold_gain":0,"player_choice":"Writhe","damage_taken":0,"max_hp_gain":0,"max_hp_loss":0,"event_name":"Winding Halls","floor":47,"gold_loss":0,"cards_obtained":["Writhe"]}],"is_beta":false,"boss_relics":[{"not_picked":["Empty Cage","bronze:MakeshiftBattery"],"picked":"TheCursedMod:FourLeafCloverCharm"},{"not_picked":["Tiny House","jessBottle:WaterBottleRelic"],"picked":"Snecko Eye"}],"items_purged_floors":[],"is_endless":false,"potions_floor_spawned":[2,4,6,8,10,16,27,29,31,44,48],"killed_by":"The Heart","ascension_level":10}}