{"host":"rw1trt79hfpl7pom","time":1613049748,"event":{"mods":["BaseMod","Bestiary","Colored Map","Minty Spire (QoL Compilation)","Relic Stats","StSLib","SuperFastMode"],"gold_per_floor":[116,132,132,148,148,178,207,219,256,306,337,25,25,61,61,157,157,172,186,111,124,138,169,208,244,270,270,270,310,27,27,27,103,103,123,123,137,149,168,200,200,234,261,261,280,310,343,343,343,343,343,343,343,18,45,45],"floor_reached":57,"language":"ENG","playtime":3675,"items_purged":["Strike_B","Strike_B"],"score":3511,"play_id":"5da3c3a7-4fa1-4cee-982f-8aa4ae5907f2","local_time":"20210211052228","is_ascension_mode":true,"campfire_choices":[{"floor":13.0,"key":"REST"},{"data":"Sunder","floor":15.0,"key":"SMITH"},{"floor":27.0,"key":"REST"},{"floor":32.0,"key":"REST"},{"data":"Fission","floor":41.0,"key":"SMITH"},{"floor":49.0,"key":"RECALL"},{"data":"Consume","floor":53.0,"key":"SMITH"}],"circlet_count":0,"master_deck":["AscendersBane","Strike_B","Defend_B+1","Defend_B","Defend_B","Zap","Dualcast","Glacier","Conserve Battery","Beam Cell","Sunder+1","Machine Learning","Ball Lightning","Undo","Echo Form","Biased Cognition","Genetic Algorithm","Compile Driver","Undo+1","Creative AI","Capacitor+1","Heatsinks+1","Fission+1","Consume+1","Self Repair+1","Consume+1","Conserve Battery+1","Coolheaded+1","Cold Snap+1","Electrodynamics+1","Master of Strategy","Finesse","Dark Shackles","Hologram","Force Field+1"],"relics":["Black Star","Anchor","MawBank","Calipers","Bloody Idol","Bronze Scales","HornCleat","Singing Bowl","Frozen Eye","WingedGreaves","Oddly Smooth Stone","Sozu","Tiny Chest","Smiling Mask","The Courier","War Paint","Dead Branch","Mummified Hand","Nunchaku","Boot","Blood Vial","Frozen Egg 2","Inserter","Happy Flower","InkBottle","Dream Catcher","TungstenRod","Omamori","Bag of Marbles","Orichalcum","Gremlin Horn","Torii","Ornamental Fan","Centennial Puzzle","Vajra"],"acts_visited":["Exordium","TheCity","TheBeyond","TheEnding"],"potions_floor_usage":[56],"damage_taken":[{"damage":4.0,"enemies":"2 Louse","floor":1.0,"turns":3.0},{"damage":0.0,"enemies":"Cultist","floor":2.0,"turns":4.0},{"damage":8.0,"enemies":"Small Slimes","floor":4.0,"turns":4.0},{"damage":3.0,"enemies":"3 Sentries","floor":6.0,"turns":4.0},{"damage":0.0,"enemies":"Blue Slaver","floor":7.0,"turns":5.0},{"damage":17.0,"enemies":"Lagavulin","floor":10.0,"turns":8.0},{"damage":0.0,"enemies":"Large Slime","floor":11.0,"turns":4.0},{"damage":21.0,"enemies":"Gremlin Nob","floor":14.0,"turns":4.0},{"damage":0.0,"enemies":"The Guardian","floor":16.0,"turns":11.0},{"damage":11.0,"enemies":"Spheric Guardian","floor":18.0,"turns":4.0},{"damage":0.0,"enemies":"3 Byrds","floor":19.0,"turns":2.0},{"damage":0.0,"enemies":"Sentry and Sphere","floor":21.0,"turns":4.0},{"damage":0.0,"enemies":"Snake Plant","floor":22.0,"turns":5.0},{"damage":12.0,"enemies":"Slavers","floor":23.0,"turns":5.0},{"damage":1.0,"enemies":"Book of Stabbing","floor":24.0,"turns":5.0},{"damage":33.0,"enemies":"Slavers","floor":25.0,"turns":6.0},{"damage":19.0,"enemies":"Gremlin Leader","floor":29.0,"turns":5.0},{"damage":6.0,"enemies":"Champ","floor":33.0,"turns":11.0},{"damage":0.0,"enemies":"3 Shapes","floor":35.0,"turns":7.0},{"damage":0.0,"enemies":"Orb Walker","floor":37.0,"turns":4.0},{"damage":0.0,"enemies":"Jaw Worm Horde","floor":38.0,"turns":4.0},{"damage":2.0,"enemies":"Spire Growth","floor":39.0,"turns":7.0},{"damage":0.0,"enemies":"Giant Head","floor":40.0,"turns":11.0},{"damage":52.0,"enemies":"Nemesis","floor":42.0,"turns":7.0},{"damage":2.0,"enemies":"Writhing Mass","floor":45.0,"turns":5.0},{"damage":0.0,"enemies":"Giant Head","floor":46.0,"turns":7.0},{"damage":0.0,"enemies":"Nemesis","floor":47.0,"turns":11.0},{"damage":0.0,"enemies":"Donu and Deca","floor":50.0,"turns":5.0},{"damage":0.0,"enemies":"Time Eater","floor":51.0,"turns":11.0},{"damage":26,"enemies":"Shield and Spear","floor":55,"turns":6},{"damage":11,"enemies":"The Heart","floor":56,"turns":10}],"seed_played":"-8857137657439023143","potions_obtained":[{"floor":1.0,"key":"EssenceOfDarkness"},{"floor":11.0,"key":"FocusPotion"},{"floor":14.0,"key":"Block Potion"}],"is_trial":false,"path_per_floor":["M","M","?","M","?","E","M","?","T","E","M","$","R","E","R","B",null,"M","M","?","M","M","E","E","E","T","R","?","E","$","?","R","B",null,"M","?","M","M","M","E","R","E","T","T","M","E","E","?","R","B","B",null,"R","$","E","B",null],"character_chosen":"DEFECT","items_purchased":["Frozen Eye","Undo","Frozen Egg 2","Heatsinks+1","Hologram","Ornamental Fan"],"campfire_rested":3,"item_purchase_floors":[12,12,30,30,54,54],"current_hp_per_floor":[60,60,60,52,34,31,31,31,31,16,18,18,38,17,17,17,55,46,48,48,48,48,36,37,4,4,26,26,7,7,7,29,30,63,70,70,70,70,72,72,72,35,40,40,65,74,74,65,65,74,74,74,74,74,63,64],"gold":45,"neow_bonus":"BOSS_RELIC","is_daily":false,"chose_seed":false,"campfire_upgraded":3,"win_rate":0.0,"timestamp":1613049748,"path_taken":["M","M","?","?","?","E","M","?","T","E","M","$","R","E","R","BOSS","M","M","?","M","M","E","E","E","T","R","?","E","$","?","R","BOSS","M","?","M","M","M","E","R","E","T","?","M","E","E","?","R","BOSS","BOSS","R","$","E","BOSS"],"items_purchased_type":["Relic","Card","Relic","Card","Card","Relic"],"build_version":"2020-12-22","purchased_purges":2,"victory":true,"max_hp_per_floor":[71,71,71,71,71,71,71,64,64,66,68,68,68,68,68,68,68,70,72,72,72,72,72,74,74,74,74,74,74,74,74,74,74,74,74,70,70,70,72,72,72,72,72,72,72,74,74,74,74,74,74,74,74,74,74,74],"relic_stats":{"Singing Bowl":14,"Gremlin Horn":[1,2],"Torii":16,"Smiling Mask":30,"Boot":[144],"Sozu":12,"Blood Vial":12,"Nunchaku":[17],"Dream Catcher":0,"Centennial Puzzle":[3],"Mummified Hand":[352],"Tiny Chest":1,"InkBottle":[39],"Inserter":[46],"Happy Flower":[20],"counters":[31,188],"Dead Branch":[59],"War Paint":["Defend_B","Undo"],"Orichalcum":[6],"MawBank":72,"Ornamental Fan":[16],"Bloody Idol":30,"Bronze Scales":[713],"Black Star":12,"obtain_stats":[{"Calipers":6,"Singing Bowl":10,"Gremlin Horn":47,"Torii":47,"Vajra":55,"Smiling Mask":23,"Boot":29,"Sozu":17,"Blood Vial":29,"Frozen Eye":12,"Nunchaku":26,"Dream Catcher":42,"Centennial Puzzle":55,"HornCleat":10,"Mummified Hand":25,"Tiny Chest":23,"WingedGreaves":14,"Cracked Core":0,"InkBottle":40,"Inserter":34,"Happy Flower":40,"Golden Idol":8,"Dead Branch":25,"Oddly Smooth Stone":14,"The Courier":24,"Omamori":44,"War Paint":24,"Frozen Egg 2":30,"Orichalcum":46,"MawBank":6,"Anchor":5,"Ornamental Fan":54,"Bronze Scales":9,"Bloody Idol":31,"Black Star":0,"Bag of Marbles":46,"TungstenRod":42},{"Calipers":4,"Singing Bowl":6,"Gremlin Horn":27,"Torii":27,"Vajra":30,"Smiling Mask":14,"Boot":17,"Sozu":9,"Blood Vial":17,"Frozen Eye":7,"Nunchaku":16,"Dream Catcher":24,"Centennial Puzzle":30,"HornCleat":6,"Mummified Hand":16,"Tiny Chest":14,"WingedGreaves":8,"Cracked Core":0,"InkBottle":23,"Inserter":18,"Happy Flower":23,"Golden Idol":5,"Dead Branch":16,"Oddly Smooth Stone":8,"The Courier":15,"Omamori":24,"War Paint":15,"Frozen Egg 2":17,"Orichalcum":26,"MawBank":4,"Anchor":3,"Ornamental Fan":29,"Bronze Scales":5,"Bloody Idol":17,"Black Star":0,"Bag of Marbles":26,"TungstenRod":24},{"Calipers":15,"Singing Bowl":28,"Gremlin Horn":156,"Torii":156,"Vajra":178,"Smiling Mask":67,"Boot":83,"Sozu":47,"Blood Vial":83,"Frozen Eye":32,"Nunchaku":78,"Dream Catcher":134,"Centennial Puzzle":178,"HornCleat":28,"Mummified Hand":78,"Tiny Chest":67,"WingedGreaves":36,"Cracked Core":0,"InkBottle":127,"Inserter":94,"Happy Flower":127,"Golden Idol":20,"Dead Branch":78,"Oddly Smooth Stone":36,"The Courier":72,"Omamori":134,"War Paint":72,"Frozen Egg 2":83,"Orichalcum":146,"MawBank":15,"Anchor":11,"Ornamental Fan":172,"Bronze Scales":20,"Bloody Idol":83,"Black Star":0,"Bag of Marbles":146,"TungstenRod":134}],"TungstenRod":20},"card_choices":[{"not_picked":["Force Field","Chill"],"picked":"Glacier","floor":1.0},{"not_picked":["Steam","Turbo"],"picked":"Conserve Battery","floor":2.0},{"not_picked":["Reinforced Body","Steam"],"picked":"Sunder","floor":4.0},{"not_picked":["Turbo","Leap"],"picked":"Machine Learning","floor":6.0},{"not_picked":["Streamline","Gash"],"picked":"Ball Lightning","floor":7.0},{"not_picked":["Leap","Melter","Stack"],"picked":"Singing Bowl","floor":10.0},{"not_picked":["Conserve Battery","Go for the Eyes","Redo"],"picked":"Singing Bowl","floor":11.0},{"not_picked":["Storm","Compile Driver"],"picked":"Echo Form","floor":14.0},{"not_picked":["Seek","Reboot"],"picked":"Biased Cognition","floor":16.0},{"not_picked":["Rebound","Beam Cell","Redo"],"picked":"Singing Bowl","floor":18.0},{"not_picked":["Conserve Battery","Barrage","Steam"],"picked":"Singing Bowl","floor":19.0},{"not_picked":["Beam Cell","Undo"],"picked":"Genetic Algorithm","floor":21.0},{"not_picked":["Storm","Fusion"],"picked":"Compile Driver","floor":22.0},{"not_picked":["Chaos","Sweeping Beam"],"picked":"Undo","floor":23.0},{"not_picked":["Fusion","Go for the Eyes","Recycle"],"picked":"Singing Bowl","floor":24.0},{"not_picked":["Scrape","Barrage"],"picked":"Creative AI","floor":25.0},{"not_picked":["White Noise","Hologram"],"picked":"Capacitor+1","floor":29.0},{"not_picked":["Rainbow","Amplify"],"picked":"Fission","floor":33.0},{"not_picked":["White Noise","Stack"],"picked":"Consume+1","floor":35.0},{"not_picked":["Tempest","Compile Driver"],"picked":"Self Repair+1","floor":37.0},{"not_picked":["Leap","Gash"],"picked":"Consume","floor":38.0},{"not_picked":["Ball Lightning","Sunder","Beam Cell+1"],"picked":"Singing Bowl","floor":39.0},{"not_picked":["Rebound","Ball Lightning"],"picked":"Conserve Battery+1","floor":40.0},{"not_picked":["Scrape+1","Steam"],"picked":"Coolheaded+1","floor":42.0},{"not_picked":["Skim","Turbo"],"picked":"Cold Snap+1","floor":45.0},{"not_picked":["Beam Cell+1","Conserve Battery","Sweeping Beam"],"picked":"Singing Bowl","floor":46.0},{"not_picked":["Fusion+1","FTL"],"picked":"Electrodynamics+1","floor":47.0},{"not_picked":["Impatience","Finesse"],"picked":"Master of Strategy","floor":48.0},{"not_picked":["Impatience","Purity"],"picked":"Finesse","floor":48.0},{"not_picked":["Trip","Deep Breath"],"picked":"Dark Shackles","floor":48.0},{"not_picked":["Stack","Multi-Cast"],"picked":"Force Field+1","floor":55}],"player_experience":2688284,"relics_obtained":[{"floor":6.0,"key":"MawBank"},{"floor":6.0,"key":"Calipers"},{"floor":9.0,"key":"Bronze Scales"},{"floor":10.0,"key":"HornCleat"},{"floor":10.0,"key":"Singing Bowl"},{"floor":14.0,"key":"WingedGreaves"},{"floor":14.0,"key":"Oddly Smooth Stone"},{"floor":23.0,"key":"Tiny Chest"},{"floor":23.0,"key":"Smiling Mask"},{"floor":24.0,"key":"The Courier"},{"floor":24.0,"key":"War Paint"},{"floor":25.0,"key":"Dead Branch"},{"floor":25.0,"key":"Mummified Hand"},{"floor":26.0,"key":"Nunchaku"},{"floor":29.0,"key":"Boot"},{"floor":29.0,"key":"Blood Vial"},{"floor":40.0,"key":"Happy Flower"},{"floor":40.0,"key":"InkBottle"},{"floor":42.0,"key":"Dream Catcher"},{"floor":42.0,"key":"TungstenRod"},{"floor":44.0,"key":"Omamori"},{"floor":46.0,"key":"Bag of Marbles"},{"floor":46.0,"key":"Orichalcum"},{"floor":47.0,"key":"Gremlin Horn"},{"floor":47.0,"key":"Torii"},{"floor":55,"key":"Centennial Puzzle"},{"floor":55,"key":"Vajra"}],"event_choices":[{"damage_healed":0.0,"max_hp_gain":0.0,"max_hp_loss":0.0,"gold_gain":0.0,"cards_transformed":["Defend_B"],"event_name":"Transmorgrifier","player_choice":"Transformed","floor":3.0,"gold_loss":0.0,"damage_taken":0.0,"cards_obtained":["Beam Cell"]},{"damage_healed":0.0,"max_hp_gain":0.0,"max_hp_loss":0.0,"gold_gain":0.0,"event_name":"Scrap Ooze","player_choice":"Success","floor":5.0,"gold_loss":0.0,"damage_taken":18.0,"relics_obtained":["Anchor"]},{"damage_healed":0.0,"max_hp_gain":0.0,"max_hp_loss":7.0,"gold_gain":0.0,"event_name":"Golden Idol","player_choice":"Lose Max HP","floor":8.0,"gold_loss":0.0,"damage_taken":0.0,"relics_obtained":["Golden Idol"]},{"cards_removed":["Strike_B"],"damage_healed":0.0,"max_hp_gain":0.0,"max_hp_loss":0.0,"gold_gain":0.0,"event_name":"Beggar","player_choice":"Gave Gold","floor":20.0,"gold_loss":75.0,"damage_taken":0.0},{"damage_healed":0.0,"max_hp_gain":0.0,"max_hp_loss":0.0,"gold_gain":0.0,"event_name":"The Mausoleum","player_choice":"Ignored","floor":28.0,"gold_loss":0.0,"damage_taken":0.0},{"damage_healed":0.0,"max_hp_gain":0.0,"max_hp_loss":0.0,"gold_gain":0.0,"event_name":"Forgotten Altar","player_choice":"Gave Idol","floor":31.0,"relics_lost":["Golden Idol"],"gold_loss":0.0,"damage_taken":0.0,"relics_obtained":["Bloody Idol"]},{"damage_healed":0.0,"max_hp_gain":0.0,"max_hp_loss":4.0,"gold_gain":0.0,"event_name":"Winding Halls","player_choice":"Max HP","floor":36.0,"gold_loss":0.0,"damage_taken":0.0},{"damage_healed":0.0,"max_hp_gain":0.0,"max_hp_loss":0.0,"gold_gain":0.0,"event_name":"SensoryStone","player_choice":"Memory 3","floor":48.0,"gold_loss":0.0,"damage_taken":10.0}],"is_beta":false,"boss_relics":[{"not_picked":["SacredBark","Tiny House"],"picked":"Sozu"},{"not_picked":["Astrolabe","Calling Bell"],"picked":"Inserter"}],"items_purged_floors":[12,54],"is_endless":false,"potions_floor_spawned":[1,11,14,21,23,25,29,33,35,37,39,40,45,47,55],"ascension_level":20}}