{"host":"prxrhpgaxnj4om9r","time":1613046323,"event":{"mods":["AchievementEnabler","BaseMod","DeckTracker","Keyboard Shortcuts","Minty Spire (QoL Compilation)"],"gold_per_floor":[118,118,131,206,225,257,257,276,300,337,363,386,453,493,505,612,624,652,674,686,698,785,797,797],"floor_reached":23,"language":"KOR","playtime":1282,"items_purged":[],"score":211,"play_id":"97aedc37-eae1-4d18-9474-f93ffdda94f0","local_time":"20210211212523","is_ascension_mode":false,"campfire_choices":[{"floor":7,"key":"REST"},{"floor":15,"key":"REST"}],"circlet_count":0,"master_deck":["Strike_B","Strike_B","Strike_B","Strike_B","Defend_B+1","Defend_B","Defend_B","Defend_B","Zap+1","Dualcast","Beam Cell","Self Repair","Streamline","Go for the Eyes","Conserve Battery","Steam","Rebound","Barrage","Conserve Battery","Electrodynamics","Ball Lightning+1","Sweeping Beam+1","Coolheaded"],"relics":["Cracked Core","Centennial Puzzle","Regal Pillow","MawBank","Boot","War Paint","Juzu Bracelet","Inserter","Enchiridion"],"acts_visited":["Exordium","TheCity"],"potions_floor_usage":[6,6,10,16,19],"damage_taken":[{"damage":0,"enemies":"2 Louse","floor":1,"turns":2},{"damage":0,"enemies":"Small Slimes","floor":3,"turns":3},{"damage":1,"enemies":"Jaw Worm","floor":5,"turns":2},{"damage":34,"enemies":"3 Sentries","floor":6,"turns":8},{"damage":12,"enemies":"Gremlin Gang","floor":8,"turns":4},{"damage":44,"enemies":"Lagavulin","floor":10,"turns":6},{"damage":3,"enemies":"Looter","floor":11,"turns":2},{"damage":0,"enemies":"Large Slime","floor":12,"turns":3},{"damage":26,"enemies":"3 Sentries","floor":13,"turns":7},{"damage":16,"enemies":"3 Sentries","floor":14,"turns":7},{"damage":39,"enemies":"Hexaghost","floor":16,"turns":11},{"damage":10,"enemies":"Shell Parasite","floor":18,"turns":7},{"damage":16,"enemies":"3 Byrds","floor":19,"turns":4},{"damage":41,"enemies":"Book of Stabbing","floor":23,"turns":5}],"seed_played":"6023003991030362042","potions_obtained":[{"floor":3,"key":"Ancient Potion"},{"floor":5,"key":"Swift Potion"},{"floor":6,"key":"Block Potion"},{"floor":13,"key":"SpeedPotion"},{"floor":14,"key":"DuplicationPotion"}],"is_trial":false,"path_per_floor":["M","?","M","?","M","E","R","M","T","E","M","M","?","E","R","B",null,"M","M","?","?","?","E"],"character_chosen":"DEFECT","items_purchased":[],"campfire_rested":2,"item_purchase_floors":[],"current_hp_per_floor":[75,75,75,64,63,36,73,68,68,31,35,42,23,14,51,19,75,72,63,63,47,40,0,0],"gold":797,"neow_bonus":"RANDOM_COMMON_RELIC","is_daily":false,"chose_seed":false,"campfire_upgraded":0,"win_rate":0.0,"timestamp":1613046323,"path_taken":["M","?","M","?","?","E","R","M","T","E","?","M","?","E","R","BOSS","M","M","?","?","?","E"],"items_purchased_type":[],"build_version":"2020-12-22","purchased_purges":0,"victory":false,"max_hp_per_floor":[75,75,75,75,75,75,75,75,75,75,75,75,75,75,75,75,75,75,75,75,75,75,75,75],"card_choices":[{"not_picked":["Steam","Force Field"],"picked":"Beam Cell","floor":1},{"not_picked":["Turbo","Streamline"],"picked":"Capacitor","floor":3},{"not_picked":["Barrage","Core Surge"],"picked":"Self Repair","floor":5},{"not_picked":["Turbo","Steam"],"picked":"Streamline","floor":6},{"not_picked":["Storm","Coolheaded"],"picked":"Go for the Eyes","floor":8},{"not_picked":["Coolheaded","Capacitor"],"picked":"Conserve Battery","floor":10},{"not_picked":["Barrage","Coolheaded"],"picked":"Steam","floor":11},{"not_picked":["Barrage","Heatsinks"],"picked":"Rebound","floor":12},{"not_picked":["Rebound","Steam"],"picked":"Barrage","floor":13},{"not_picked":["Buffer","Reinforced Body"],"picked":"Conserve Battery","floor":14},{"not_picked":["Rainbow","Biased Cognition"],"picked":"Electrodynamics","floor":16},{"not_picked":["Leap+1","Redo"],"picked":"Ball Lightning+1","floor":18},{"not_picked":["Conserve Battery","Glacier"],"picked":"Sweeping Beam+1","floor":19}],"player_experience":383505,"relics_obtained":[{"floor":6,"key":"Regal Pillow"},{"floor":9,"key":"MawBank"},{"floor":10,"key":"Boot"},{"floor":13,"key":"War Paint"},{"floor":14,"key":"Juzu Bracelet"},{"floor":21,"key":"Enchiridion"}],"event_choices":[{"damage_healed":0,"gold_gain":0,"player_choice":"Leave","damage_taken":0,"max_hp_gain":0,"max_hp_loss":0,"event_name":"The Cleric","floor":2,"gold_loss":0},{"damage_healed":0,"gold_gain":75,"player_choice":"Gather Gold","damage_taken":11,"max_hp_gain":0,"max_hp_loss":0,"event_name":"World of Goop","floor":4,"gold_loss":0},{"damage_healed":0,"gold_gain":0,"player_choice":"Searched \u00272\u0027 times","damage_taken":0,"max_hp_gain":0,"max_hp_loss":0,"event_name":"Dead Adventurer","floor":13,"gold_loss":0},{"damage_healed":0,"gold_gain":0,"cards_transformed":["Capacitor"],"player_choice":"Transformed","damage_taken":0,"max_hp_gain":0,"max_hp_loss":0,"event_name":"Transmorgrifier","floor":20,"gold_loss":0,"cards_obtained":["Coolheaded"]},{"damage_healed":0,"gold_gain":0,"player_choice":"Obtained Book","damage_taken":16,"max_hp_gain":0,"max_hp_loss":0,"event_name":"Cursed Tome","floor":21,"gold_loss":0},{"damage_healed":0,"gold_gain":75,"player_choice":"Touch","damage_taken":7,"max_hp_gain":0,"max_hp_loss":0,"event_name":"FaceTrader","floor":22,"gold_loss":0}],"is_beta":false,"boss_relics":[{"not_picked":["Sozu","Cursed Key"],"picked":"Inserter"}],"items_purged_floors":[],"is_endless":false,"potions_floor_spawned":[3,5,6,13,14],"killed_by":"Book of Stabbing","ascension_level":0}}