{"host":"qj2ynjh122p6ybyd","time":1613043389,"event":{"mods":["AchievementEnabler","Aspiration","BaseMod","Better Match","Better Note","Highlight Path","Infinite Spire","Minty Spire (QoL Compilation)","Quick Restart","Relic Stats","Reliquary","Replay The Spire","StSLib","SuperFastMode","The Blackbeard","The Gatherer"],"gold_per_floor":[115,115,115,3,3,44,68,68,68,68,87,126,126,166,166,291,291,309,224,224,295,316,316,316],"floor_reached":23,"language":"RUS","playtime":457,"items_purged":["Regret"],"score":368,"play_id":"fc5f1dec-3149-44f4-a8d0-04bc69a66318","local_time":"20210211133629","is_ascension_mode":true,"campfire_choices":[{"data":"Loop","floor":8,"key":"SMITH"},{"data":"Zap","floor":10,"key":"SMITH"},{"data":"Leap","floor":13,"key":"SMITH"},{"floor":15,"key":"REST"}],"circlet_count":0,"master_deck":["AscendersBane","Strike_B+1","Strike_B+1","Strike_B","Strike_B","Defend_B","Defend_B","Defend_B","Defend_B","Zap+1","Dualcast","Loop+1","Core Surge","Beam Cell","Leap+1","Echo Form","Chaos+1","ReplayTheSpireMod:Splinters","Ball Lightning","Genetic Algorithm"],"relics":["Cracked Core","NeowsBlessing","Golden Idol","infinitespire:SolderingIron","Whetstone","Lizard Tail","Bird Faced Urn","Potion Belt","SacredBark","Girya","reliquary:JackalopeAntler","Eternal Feather"],"acts_visited":["Exordium","TheCity"],"potions_floor_usage":[12,12,16,22,23,23],"damage_taken":[{"damage":0,"enemies":"Small Slimes","floor":1,"turns":1},{"damage":0,"enemies":"Lagavulin","floor":6,"turns":1},{"damage":0,"enemies":"Jaw Worm","floor":7,"turns":1},{"damage":3,"enemies":"2 Louse","floor":11,"turns":2},{"damage":4,"enemies":"Replay:BlueRogue","floor":12,"turns":4},{"damage":18,"enemies":"Lagavulin","floor":14,"turns":5},{"damage":41,"enemies":"The Guardian","floor":16,"turns":12},{"damage":40,"enemies":"3 Byrds","floor":18,"turns":5},{"damage":9,"enemies":"Chosen","floor":22,"turns":4},{"damage":72,"enemies":"Slavers","floor":23,"turns":4}],"seed_played":"6036116772186949240","potions_obtained":[{"floor":6,"key":"Venom Potion"},{"floor":11,"key":"Dexterity Potion"},{"floor":12,"key":"BlessingOfTheForge"},{"floor":14,"key":"Dexterity Potion"},{"floor":16,"key":"Cursed Concoction"},{"floor":21,"key":"Strength Potion"}],"is_trial":false,"path_per_floor":["M","?","?","$","?","E","M","R","T","R","M","E","R","E","R","B",null,"M","?","T","?","M","E"],"character_chosen":"DEFECT","items_purchased":["Loop"],"campfire_rested":1,"item_purchase_floors":[4],"current_hp_per_floor":[68,50,50,50,58,58,58,58,58,58,55,51,51,35,57,18,61,25,25,25,25,20,0,0],"gold":316,"neow_bonus":"THREE_ENEMY_KILL","is_daily":false,"chose_seed":false,"campfire_upgraded":3,"win_rate":0.0,"timestamp":1613043389,"path_taken":["M","?","?","?","?","E","M","R","T","R","?","E","R","E","R","BOSS","M","?","?","?","?","E"],"items_purchased_type":["Card"],"build_version":"2020-12-22","purchased_purges":1,"victory":false,"max_hp_per_floor":[75,75,75,75,75,75,75,75,75,75,75,75,75,75,75,75,75,75,75,75,75,75,75,75],"relic_stats":{"Lizard Tail":37,"counters":[10,38],"Golden Idol":80,"Bird Faced Urn":[12],"Eternal Feather":0,"Whetstone":["Strike_B","Strike_B"],"obtain_stats":[{"Potion Belt":14,"reliquary:JackalopeAntler":20,"Girya":19,"Lizard Tail":9,"infinitespire:SolderingIron":3,"NeowsBlessing":0,"Golden Idol":2,"Bird Faced Urn":12,"SacredBark":17,"Eternal Feather":21,"Whetstone":6,"Cracked Core":0},{"Potion Belt":6,"reliquary:JackalopeAntler":8,"Girya":8,"Lizard Tail":3,"infinitespire:SolderingIron":1,"NeowsBlessing":0,"Golden Idol":1,"Bird Faced Urn":5,"SacredBark":7,"Eternal Feather":8,"Whetstone":2,"Cracked Core":0},{"Potion Belt":14,"reliquary:JackalopeAntler":30,"Girya":30,"Lizard Tail":3,"infinitespire:SolderingIron":1,"NeowsBlessing":0,"Golden Idol":1,"Bird Faced Urn":9,"SacredBark":25,"Eternal Feather":30,"Whetstone":2,"Cracked Core":0}]},"card_choices":[{"not_picked":["Steam","BasicCrystalCard","Rebound"],"picked":"SKIP","floor":1},{"not_picked":["Sunder","Compile Driver"],"picked":"Core Surge","floor":6},{"not_picked":["Leap","Compile Driver"],"picked":"Beam Cell","floor":7},{"not_picked":["Double Energy","Doom and Gloom"],"picked":"Leap","floor":11},{"not_picked":["Compile Driver","Sweeping Beam","Beam Cell"],"picked":"SKIP","floor":12},{"not_picked":["ReplayTheSpireMod:Calculation Training","Gash","BasicCrystalCard"],"picked":"SKIP","floor":14},{"not_picked":["Creative AI","All For One"],"picked":"Echo Form","floor":16},{"not_picked":["Compile Driver","Sweeping Beam"],"picked":"Chaos+1","floor":18},{"not_picked":["Hologram","Consume"],"picked":"Ball Lightning","floor":21},{"not_picked":["Barrage+1","Turbo"],"picked":"Genetic Algorithm","floor":22}],"player_experience":369347,"relics_obtained":[{"floor":6,"key":"Whetstone"},{"floor":9,"key":"Lizard Tail"},{"floor":12,"key":"Bird Faced Urn"},{"floor":14,"key":"Potion Belt"},{"floor":20,"key":"reliquary:JackalopeAntler"},{"floor":21,"key":"Eternal Feather"}],"event_choices":[{"damage_healed":0,"gold_gain":0,"player_choice":"Take Damage","damage_taken":18,"relics_obtained":["Golden Idol"],"max_hp_gain":0,"max_hp_loss":0,"event_name":"Golden Idol","floor":2,"gold_loss":0},{"damage_healed":0,"gold_gain":0,"player_choice":"Box","damage_taken":0,"relics_obtained":["infinitespire:SolderingIron"],"max_hp_gain":0,"max_hp_loss":0,"event_name":"Big Fish","floor":3,"gold_loss":0,"cards_obtained":["Regret"]},{"damage_healed":0,"gold_gain":0,"player_choice":"Obtained Relic","damage_taken":0,"relics_obtained":["Girya"],"max_hp_gain":0,"max_hp_loss":0,"event_name":"Addict","floor":19,"gold_loss":85}],"is_beta":false,"boss_relics":[{"not_picked":["infinitespire:Cupcake","ReplayTheSpireMod:DimensionalGlitch"],"picked":"SacredBark"}],"items_purged_floors":[4],"is_endless":false,"potions_floor_spawned":[6,11,12,14,16],"killed_by":"Slavers","ascension_level":12}}