{"host":"cijwx898anu8dehj","time":1613055143,"event":{"mods":["AchievementEnabler","AlwaysNeverKeys","BaseMod","Colored Map","Colored Powertips","Highlight Path","Minty Spire (QoL Compilation)","Rare Cards Sparkle","Relic Stats","Slay-I"],"gold_per_floor":[114,189,204,219,234,234,264,77,77,92,92,107,122,50,50,150,150,165,215,242,269,296,338,350,362,374,401,413,455,567,579,591,703,715,742,769,796,809,871,913,525,540,565,580,595,170,195,210,210,210],"floor_reached":51,"language":"ENG","playtime":3830,"items_purged":["Strike_P","Sadistic Nature","Parasite"],"score":973,"play_id":"40a17710-910c-462c-b763-1cf66542d326","local_time":"20210211125223","daily_mods":["Allstar","Vintage","Binary"],"is_ascension_mode":false,"campfire_choices":[{"data":"Eruption","floor":6.0,"key":"SMITH"},{"floor":15,"key":"REST"},{"data":"Conclude","floor":24,"key":"SMITH"},{"data":"Panacea","floor":28,"key":"SMITH"},{"data":"SandsOfTime","floor":32,"key":"SMITH"},{"floor":49,"key":"REST"}],"circlet_count":0,"master_deck":["Strike_P+1","Strike_P+1","Strike_P+1","Defend_P+1","Defend_P+1","Defend_P+1","Defend_P+1","Eruption+1","Vigilance","Swift Strike","Dark Shackles","Master of Strategy","Panacea+1","SandsOfTime+1","Conclude+1","Worship","TalkToTheHand","Brilliance+1","EmptyFist+1","SashWhip+1","Vault","Prostrate+1","Vengeance"],"relics":["PureWater","Frozen Egg 2","Anchor","Art of War","Toy Ornithopter","Boot","Matryoshka","Akabeko","Kunai","Oddly Smooth Stone","SlaversCollar","Prayer Wheel","MawBank","PreservedInsect","Regal Pillow","Meat on the Bone","TeardropLocket","Bronze Scales","Question Card","InkBottle","Happy Flower","Torii","CloakClasp","Ornamental Fan","MutagenicStrength","Busted Crown","Pear","Yang","Damaru","Girya","Ginger","Nunchaku","Dead Branch","Whetstone","Blood Vial","Bottled Flame","Dream Catcher","Incense Burner","Potion Belt","Thread and Needle"],"acts_visited":["Exordium","TheCity","TheBeyond"],"potions_floor_usage":[7,7,22,23,29,44],"damage_taken":[{"damage":0.0,"enemies":"2 Louse","floor":1.0,"turns":3.0},{"damage":0.0,"enemies":"Jaw Worm","floor":3.0,"turns":2.0},{"damage":0.0,"enemies":"Cultist","floor":4.0,"turns":2.0},{"damage":6.0,"enemies":"Exordium Wildlife","floor":5.0,"turns":3.0},{"damage":23,"enemies":"3 Sentries","floor":7,"turns":11},{"damage":0,"enemies":"Looter","floor":10,"turns":3},{"damage":0,"enemies":"Large Slime","floor":12,"turns":2},{"damage":0,"enemies":"Exordium Thugs","floor":13,"turns":3},{"damage":16,"enemies":"Hexaghost","floor":16,"turns":10},{"damage":0,"enemies":"2 Thieves","floor":18,"turns":3},{"damage":10,"enemies":"Spheric Guardian","floor":20,"turns":5},{"damage":5,"enemies":"Centurion and Healer","floor":21,"turns":4},{"damage":0,"enemies":"Cultist and Chosen","floor":22,"turns":4},{"damage":0,"enemies":"Gremlin Leader","floor":23,"turns":4},{"damage":0,"enemies":"Shelled Parasite and Fungi","floor":27,"turns":3},{"damage":0,"enemies":"Book of Stabbing","floor":29,"turns":2},{"damage":0,"enemies":"Colosseum Slavers","floor":30,"turns":3},{"damage":16,"enemies":"Colosseum Nobs","floor":30,"turns":4},{"damage":1,"enemies":"Collector","floor":33,"turns":9},{"damage":0,"enemies":"3 Shapes","floor":35,"turns":1},{"damage":1,"enemies":"3 Darklings","floor":36,"turns":5},{"damage":0,"enemies":"Sphere and 2 Shapes","floor":37,"turns":4},{"damage":0,"enemies":"2 Orb Walkers","floor":38,"turns":5},{"damage":0,"enemies":"Mind Bloom Boss Battle","floor":39,"turns":4},{"damage":22,"enemies":"Reptomancer","floor":40,"turns":5},{"damage":0,"enemies":"Spire Growth","floor":42,"turns":4},{"damage":0,"enemies":"3 Darklings","floor":44,"turns":2},{"damage":7,"enemies":"Writhing Mass","floor":45,"turns":5},{"damage":0,"enemies":"Jaw Worm Horde","floor":48,"turns":4},{"damage":0,"enemies":"Awakened One","floor":50,"turns":10}],"seed_played":"-587577638262706789","potions_obtained":[{"floor":1.0,"key":"Fruit Juice"},{"floor":3.0,"key":"Weak Potion"},{"floor":4.0,"key":"Block Potion"},{"floor":12,"key":"Energy Potion"},{"floor":16,"key":"FearPotion"},{"floor":21,"key":"PowerPotion"},{"floor":22,"key":"Explosive Potion"},{"floor":27,"key":"Ambrosia"},{"floor":29,"key":"LiquidBronze"},{"floor":33,"key":"Dexterity Potion"},{"floor":35,"key":"StancePotion"}],"is_trial":false,"path_per_floor":["M","?","M","M","M","R","E","$","T","M","?","M","M","$","R","B",null,"M","T","M","M","M","E","R","?","T","M","R","E","?","?","R","B",null,"M","M","M","?","?","E","$","M","T","M","M","$","T","M","R","B",null],"character_chosen":"WATCHER","items_purchased":["Conclude","Worship","TalkToTheHand","Dead Branch","Incense Burner"],"campfire_rested":2,"item_purchase_floors":[8,8,14,41,46],"current_hp_per_floor":[72,66,66,66,60,60,47,47,47,47,32,32,32,32,55,39,77,77,77,67,62,67,72,72,72,72,72,72,77,61,61,61,60,77,87,86,86,86,86,64,64,64,64,71,66,66,66,68,84,84],"gold":210,"neow_bonus":"","is_daily":true,"chose_seed":false,"campfire_upgraded":4,"win_rate":0.0,"timestamp":1613055143,"path_taken":["M","?","M","M","M","R","E","$","T","M","?","M","M","?","R","BOSS","M","?","M","M","M","E","R","?","T","M","R","E","?","?","R","BOSS","M","M","M","?","?","E","$","M","T","?","M","$","?","M","R","BOSS"],"items_purchased_type":["Card","Card","Card","Relic","Relic"],"build_version":"2020-12-22","purchased_purges":3,"victory":true,"max_hp_per_floor":[72,77,77,77,77,77,77,77,77,77,77,77,77,77,77,77,77,77,77,77,77,77,77,77,77,77,77,77,77,77,77,77,77,77,87,87,87,87,87,87,87,87,87,87,87,84,84,84,84,84],"relic_stats":{"Regal Pillow":0,"Torii":5,"Yang":[116],"CloakClasp":[132],"Ginger":[1],"Whetstone":["Brilliance","EmptyFist"],"Boot":[14],"Blood Vial":6,"Nunchaku":[7],"Dream Catcher":1,"Prayer Wheel":0,"Kunai":[49],"InkBottle":[28],"Happy Flower":[22],"counters":[30,129],"Dead Branch":[22],"PreservedInsect":180,"MawBank":264,"Question Card":7,"Busted Crown":8,"Ornamental Fan":[128],"Bronze Scales":[138],"Art of War":[5],"obtain_stats":[{"Regal Pillow":20,"Torii":29,"Yang":36,"CloakClasp":30,"Incense Burner":46,"TeardropLocket":22,"Ginger":39,"Whetstone":42,"Boot":7,"Blood Vial":43,"Nunchaku":40,"Dream Catcher":45,"Matryoshka":9,"Prayer Wheel":18,"Kunai":12,"InkBottle":26,"Potion Belt":47,"Girya":38,"Pear":35,"Happy Flower":27,"Dead Branch":41,"Oddly Smooth Stone":13,"Damaru":37,"Thread and Needle":48,"PreservedInsect":19,"Frozen Egg 2":1,"MawBank":19,"Question Card":26,"Akabeko":10,"SlaversCollar":17,"Anchor":3,"Bottled Flame":44,"Busted Crown":34,"Ornamental Fan":30,"Bronze Scales":23,"MutagenicStrength":31,"Art of War":4,"PureWater":0,"Toy Ornithopter":5,"Meat on the Bone":21},{"Regal Pillow":11,"Torii":16,"Yang":21,"CloakClasp":18,"Incense Burner":28,"TeardropLocket":13,"Ginger":24,"Whetstone":26,"Boot":5,"Blood Vial":26,"Nunchaku":25,"Dream Catcher":28,"Matryoshka":5,"Prayer Wheel":10,"Kunai":7,"InkBottle":14,"Potion Belt":28,"Girya":23,"Pear":20,"Happy Flower":15,"Dead Branch":25,"Oddly Smooth Stone":8,"Damaru":22,"Thread and Needle":29,"PreservedInsect":10,"Frozen Egg 2":1,"MawBank":10,"Question Card":14,"Akabeko":6,"SlaversCollar":9,"Anchor":2,"Bottled Flame":27,"Busted Crown":19,"Ornamental Fan":18,"Bronze Scales":14,"MutagenicStrength":18,"Art of War":3,"PureWater":0,"Toy Ornithopter":4,"Meat on the Bone":12},{"Regal Pillow":47,"Torii":64,"Yang":86,"CloakClasp":71,"Incense Burner":115,"TeardropLocket":55,"Ginger":99,"Whetstone":108,"Boot":21,"Blood Vial":108,"Nunchaku":104,"Dream Catcher":115,"Matryoshka":21,"Prayer Wheel":42,"Kunai":26,"InkBottle":59,"Potion Belt":115,"Girya":95,"Pear":81,"Happy Flower":62,"Dead Branch":104,"Oddly Smooth Stone":29,"Damaru":90,"Thread and Needle":119,"PreservedInsect":42,"Frozen Egg 2":3,"MawBank":42,"Question Card":59,"Akabeko":24,"SlaversCollar":39,"Anchor":5,"Bottled Flame":110,"Busted Crown":80,"Ornamental Fan":71,"Bronze Scales":59,"MutagenicStrength":71,"Art of War":7,"PureWater":0,"Toy Ornithopter":10,"Meat on the Bone":51}],"Toy Ornithopter":30,"Meat on the Bone":0},"card_choices":[{"not_picked":["Consecrate"],"picked":"SandsOfTime","floor":7},{"not_picked":["Vault"],"picked":"Brilliance","floor":16},{"not_picked":["WreathOfFlame"],"picked":"EmptyFist","floor":23},{"not_picked":["ThirdEye","Alpha"],"picked":"SashWhip+1","floor":29},{"not_picked":["Alpha","LessonLearned"],"picked":"Vault","floor":33},{"not_picked":[],"picked":"Prostrate+1","floor":39},{"not_picked":[],"picked":"Vengeance","floor":40}],"player_experience":1118789,"relics_obtained":[{"floor":1.0,"key":"Frozen Egg 2"},{"floor":3.0,"key":"Anchor"},{"floor":4.0,"key":"Art of War"},{"floor":5.0,"key":"Toy Ornithopter"},{"floor":7,"key":"Boot"},{"floor":9,"key":"Matryoshka"},{"floor":10,"key":"Akabeko"},{"floor":12,"key":"Kunai"},{"floor":13,"key":"Oddly Smooth Stone"},{"floor":18,"key":"Prayer Wheel"},{"floor":19,"key":"MawBank"},{"floor":19,"key":"PreservedInsect"},{"floor":20,"key":"Regal Pillow"},{"floor":21,"key":"Meat on the Bone"},{"floor":22,"key":"TeardropLocket"},{"floor":23,"key":"Bronze Scales"},{"floor":26,"key":"Question Card"},{"floor":26,"key":"InkBottle"},{"floor":27,"key":"Happy Flower"},{"floor":29,"key":"Torii"},{"floor":30,"key":"CloakClasp"},{"floor":30,"key":"Ornamental Fan"},{"floor":35,"key":"Pear"},{"floor":36,"key":"Yang"},{"floor":37,"key":"Damaru"},{"floor":38,"key":"Girya"},{"floor":39,"key":"Ginger"},{"floor":40,"key":"Nunchaku"},{"floor":42,"key":"Whetstone"},{"floor":43,"key":"Blood Vial"},{"floor":44,"key":"Bottled Flame"},{"floor":45,"key":"Dream Catcher"},{"floor":47,"key":"Potion Belt"},{"floor":48,"key":"Thread and Needle"}],"event_choices":[{"damage_healed":0.0,"max_hp_gain":0.0,"max_hp_loss":0.0,"gold_gain":75.0,"event_name":"World of Goop","player_choice":"Gather Gold","floor":2.0,"gold_loss":0.0,"damage_taken":11.0},{"damage_healed":0,"gold_gain":0,"player_choice":"Entered Light","damage_taken":15,"max_hp_gain":0,"max_hp_loss":0,"event_name":"Shining Light","floor":11,"gold_loss":0,"cards_upgraded":["Defend_P","Defend_P"]},{"damage_healed":0,"gold_gain":0,"player_choice":"Simplicity","damage_taken":0,"max_hp_gain":0,"max_hp_loss":0,"event_name":"Back to Basics","floor":25,"gold_loss":0,"cards_upgraded":["Strike_P","Strike_P","Strike_P","Defend_P","Defend_P"]},{"damage_healed":0,"gold_gain":0,"player_choice":"Fight","damage_taken":0,"max_hp_gain":0,"max_hp_loss":0,"event_name":"Colosseum","floor":30,"gold_loss":0},{"damage_healed":0,"gold_gain":0,"player_choice":"Fought Nobs","damage_taken":0,"max_hp_gain":0,"max_hp_loss":0,"event_name":"Colosseum","floor":30,"gold_loss":0},{"damage_healed":0,"gold_gain":0,"player_choice":"Inject Mutagens","damage_taken":0,"relics_obtained":["MutagenicStrength"],"max_hp_gain":0,"max_hp_loss":0,"event_name":"Drug Dealer","floor":31,"gold_loss":0},{"damage_healed":0,"gold_gain":0,"player_choice":"Fight","damage_taken":0,"max_hp_gain":0,"max_hp_loss":0,"event_name":"Mysterious Sphere","floor":38,"gold_loss":0},{"damage_healed":0,"gold_gain":0,"player_choice":"Fight","damage_taken":0,"max_hp_gain":0,"max_hp_loss":0,"event_name":"MindBloom","floor":39,"gold_loss":0}],"is_beta":false,"boss_relics":[{"not_picked":["Cursed Key","SacredBark"],"picked":"SlaversCollar"},{"not_picked":["Coffee Dripper","Runic Dome"],"picked":"Busted Crown"}],"items_purged_floors":[8,41,46],"is_endless":false,"potions_floor_spawned":[1,3,4,12,16,21,22,27,29,30,33,35,40,42],"ascension_level":0}}