{"host":"29uuqgkzqd703i93","time":1613075733,"event":{"mods":["BaseMod","Minty Spire (QoL Compilation)"],"gold_per_floor":[112,124,104,115,36,50,80,60,111,111,76,76,76,24,24,121,121,136,1,1,19,19,19,19,19],"floor_reached":24,"language":"ENG","playtime":753,"items_purged":[],"score":192,"play_id":"4ef4cf9f-9a1b-4361-a332-00869bb14395","local_time":"20210211213533","is_ascension_mode":false,"campfire_choices":[{"floor":10,"key":"REST"},{"floor":13,"key":"REST"},{"data":"Noxious Fumes","floor":15,"key":"SMITH"},{"floor":23,"key":"REST"}],"circlet_count":0,"master_deck":["Strike_G","Strike_G","Strike_G","Strike_G","Strike_G","Defend_G","Defend_G","Defend_G","Defend_G","Defend_G","Survivor","Neutralize","Catalyst","Caltrops+1","Dagger Spray+1","Noxious Fumes+1","Deflect","Deadly Poison","Sucker Punch+1","Night Terror","Blur","Noxious Fumes","Outmaneuver","Deflect","Leg Sweep","Shame"],"relics":["Ring of the Snake","NeowsBlessing","Molten Egg 2","Potion Belt","HoveringKite","Centennial Puzzle"],"acts_visited":["Exordium","TheCity"],"potions_floor_usage":[21,24,24,24],"damage_taken":[{"damage":0,"enemies":"Jaw Worm","floor":1,"turns":1},{"damage":0,"enemies":"Cultist","floor":2,"turns":1},{"damage":0,"enemies":"Small Slimes","floor":4,"turns":1},{"damage":12,"enemies":"3 Louse","floor":6,"turns":2},{"damage":47,"enemies":"Gremlin Nob","floor":7,"turns":6},{"damage":25,"enemies":"Hexaghost","floor":16,"turns":8},{"damage":15,"enemies":"Chosen","floor":18,"turns":5},{"damage":16,"enemies":"2 Thieves","floor":21,"turns":4},{"damage":64,"enemies":"Slavers","floor":24,"turns":4}],"seed_played":"-3712410624782784067","potions_obtained":[{"floor":1,"key":"CunningPotion"},{"floor":2,"key":"Strength Potion"},{"floor":3,"key":"LiquidMemories"},{"floor":16,"key":"EntropicBrew"},{"floor":21,"key":"AttackPotion"}],"is_trial":false,"path_per_floor":["M","M","?","M","$","M","E","?","T","R","?","?","R","$","R","B",null,"M","$","?","M","?","R","E"],"character_chosen":"THE_SILENT","items_purchased":["Noxious Fumes","Sucker Punch+1","Noxious Fumes","Outmaneuver","Deflect"],"campfire_rested":3,"item_purchase_floors":[5,14,19,19,19],"current_hp_per_floor":[70,70,70,70,70,58,11,11,11,32,49,35,56,56,56,31,70,55,55,55,39,39,60,0,0],"gold":19,"neow_bonus":"THREE_ENEMY_KILL","is_daily":false,"chose_seed":false,"campfire_upgraded":1,"win_rate":0.0,"timestamp":1613075733,"path_taken":["M","M","?","?","$","M","E","?","T","R","?","?","R","?","R","BOSS","M","$","?","M","?","R","E"],"items_purchased_type":["Card","Card","Card","Card","Card"],"build_version":"2020-12-22","purchased_purges":0,"victory":false,"max_hp_per_floor":[70,70,70,70,70,70,70,70,70,70,70,70,70,70,70,70,70,70,70,70,70,70,70,70,70],"card_choices":[{"not_picked":["Escape Plan","Dagger Spray"],"picked":"Catalyst","floor":1},{"not_picked":["Reflex","Deflect"],"picked":"Caltrops","floor":2},{"not_picked":["Caltrops","Heel Hook"],"picked":"Dagger Spray","floor":4},{"not_picked":["Slice","Eviscerate"],"picked":"Deflect","floor":6},{"not_picked":["Footwork","Heel Hook+1"],"picked":"Deadly Poison","floor":7},{"not_picked":["Wraith Form v2","Phantasmal Killer"],"picked":"Night Terror","floor":16},{"not_picked":["Masterful Stab+1","Dagger Throw+1"],"picked":"Blur","floor":18},{"not_picked":["Outmaneuver","Expertise"],"picked":"Leg Sweep","floor":21}],"player_experience":85026,"relics_obtained":[{"floor":7,"key":"Molten Egg 2"},{"floor":9,"key":"Potion Belt"}],"event_choices":[{"damage_healed":0,"gold_gain":0,"player_choice":"Bought 1 Potion","damage_taken":0,"max_hp_gain":0,"max_hp_loss":0,"event_name":"The Woman in Blue","floor":3,"gold_loss":0},{"damage_healed":0,"gold_gain":0,"player_choice":"Left Gold","damage_taken":0,"max_hp_gain":0,"max_hp_loss":0,"event_name":"World of Goop","floor":8,"gold_loss":20},{"damage_healed":17,"gold_gain":0,"player_choice":"Healed","damage_taken":0,"max_hp_gain":0,"max_hp_loss":0,"event_name":"The Cleric","floor":11,"gold_loss":35},{"damage_healed":0,"gold_gain":0,"player_choice":"Entered Light","damage_taken":14,"max_hp_gain":0,"max_hp_loss":0,"event_name":"Shining Light","floor":12,"gold_loss":0,"cards_upgraded":["Caltrops","Dagger Spray"]},{"damage_healed":0,"gold_gain":0,"player_choice":"Ignored","damage_taken":0,"max_hp_gain":0,"max_hp_loss":0,"event_name":"Ghosts","floor":20,"gold_loss":0},{"damage_healed":0,"gold_gain":0,"player_choice":"Stole Relic","damage_taken":0,"relics_obtained":["Centennial Puzzle"],"max_hp_gain":0,"max_hp_loss":0,"event_name":"Addict","floor":22,"gold_loss":0,"cards_obtained":["Shame"]}],"is_beta":false,"boss_relics":[{"not_picked":["Runic Pyramid","Busted Crown"],"picked":"HoveringKite"}],"items_purged_floors":[],"is_endless":false,"potions_floor_spawned":[1,2,6,16,21],"killed_by":"Slavers","ascension_level":0}}