{"host":"3d7yvplr5ovcyppx","time":1613046390,"event":{"mods":["AchievementEnabler","BaseMod","Hermit","Jorbs\u0027s Wanderer Trilogy","Minty Spire (QoL Compilation)","Quick Restart","Somnambulant","StSLib","The Cursed","The Disciple","The Servant 0.9.4"],"gold_per_floor":[137,168,168,168,207,233,233,233,233],"floor_reached":8,"language":"ENG","playtime":389,"items_purged":[],"score":59,"play_id":"30edddc0-cea3-4bcb-886c-036af7e081e5","local_time":"20210211175630","is_ascension_mode":true,"campfire_choices":[{"floor":7,"key":"REST"}],"circlet_count":0,"master_deck":["Strike_B","Strike_B","Strike_B","Strike_B","Defend_B","Defend_B","Defend_B","Defend_B","Zap","Dualcast","HandOfGreed+1","Gash","Double Energy","Regret","Chill","Doom and Gloom"],"relics":["Cracked Core","Sundial","CaptainsWheel"],"acts_visited":["Exordium"],"potions_floor_usage":[6,6],"damage_taken":[{"damage":0,"enemies":"Small Slimes","floor":1,"turns":3},{"damage":3,"enemies":"Jaw Worm","floor":2,"turns":4},{"damage":11,"enemies":"Cultist","floor":5,"turns":5},{"damage":36,"enemies":"Gremlin Nob","floor":6,"turns":5},{"damage":26,"enemies":"Lagavulin","floor":8,"turns":5}],"seed_played":"-5142177382669601751","potions_obtained":[{"floor":2,"key":"EssenceOfSteel"},{"floor":5,"key":"GamblersBrew"}],"is_trial":false,"path_per_floor":["M","M","?","?","M","E","R","E"],"character_chosen":"DEFECT","items_purchased":[],"campfire_rested":1,"item_purchase_floors":[],"current_hp_per_floor":[54,51,51,51,40,4,26,0,0],"gold":233,"neow_bonus":"RANDOM_COLORLESS_2","is_daily":false,"chose_seed":false,"campfire_upgraded":0,"win_rate":0.0,"timestamp":1613046390,"path_taken":["M","M","?","?","M","E","R","E"],"items_purchased_type":[],"build_version":"2020-12-22","purchased_purges":0,"victory":false,"max_hp_per_floor":[75,75,75,75,75,75,75,75,75],"card_choices":[{"not_picked":["Magnetism","Thinking Ahead"],"picked":"HandOfGreed","floor":0},{"not_picked":["Blizzard","Coolheaded"],"picked":"Gash","floor":1},{"not_picked":["Skim","Go for the Eyes"],"picked":"Double Energy","floor":2},{"not_picked":["Hologram","Rebound"],"picked":"Chill","floor":5},{"not_picked":["Double Energy","Cold Snap"],"picked":"Doom and Gloom","floor":6}],"player_experience":12422,"relics_obtained":[{"floor":6,"key":"CaptainsWheel"}],"event_choices":[{"damage_healed":0,"gold_gain":0,"player_choice":"Box","damage_taken":0,"relics_obtained":["Sundial"],"max_hp_gain":0,"max_hp_loss":0,"event_name":"Big Fish","floor":3,"gold_loss":0,"cards_obtained":["Regret"]},{"damage_healed":0,"gold_gain":0,"player_choice":"Grow","damage_taken":0,"max_hp_gain":0,"max_hp_loss":0,"event_name":"Living Wall","floor":4,"gold_loss":0,"cards_upgraded":["HandOfGreed"]}],"is_beta":false,"boss_relics":[],"items_purged_floors":[],"is_endless":false,"potions_floor_spawned":[2,5],"killed_by":"Lagavulin","ascension_level":1}}