{"host":"ihsge0lre3slh6sc","time":1613039214,"event":{"mods":["Act Like it!","Arknights","BaseMod","CapriCore","Highlight Path","Lobotomy","LobotomyExtend","Minty Spire (QoL Compilation)","MostiFishMod","Quick Restart","Shop Mod","StSLib","TestMod","The Alterego","The Immortal","Waifu the Spire","WarShipGirlsR/战舰少女R mod","[IsaacMod]以撒尖塔","【遗物卡牌】REMEMod","篝火指南"],"gold_per_floor":[-1281,-1231,-1231,-1212,-1197,-1165,-1165,-1139,-1139,-1139,-1139,-1139,-1109,-1091,-1091,-987,-987,-987],"floor_reached":17,"language":"ZHS","playtime":2177,"items_purged":[],"score":163,"play_id":"b989fdb5-7798-4ca2-9fde-fa22b948443c","local_time":"20210211182654","is_ascension_mode":false,"campfire_choices":[{"data":"alterego_mod:Impale","floor":7.0,"key":"SMITH"},{"data":"alterego_mod:BrynhildrsRune","floor":12.0,"key":"SMITH"},{"data":"alterego_mod:BigMeatyClaws","floor":15.0,"key":"SMITH"}],"circlet_count":0,"master_deck":["alterego_mod:Strike","alterego_mod:Strike+1","alterego_mod:Strike+1","alterego_mod:Defend","alterego_mod:Defend+1","alterego_mod:Defend","alterego_mod:Defend","alterego_mod:Impale+1","alterego_mod:BigMeatyClaws+1","alterego_mod:BrynhildrsRune+1","MostiFishMod:Nova","alterego_mod:Weigh","alterego_mod:1TonWallop","alterego_mod:SideboobHour","alterego_mod:Venus"],"relics":["alterego_mod:MasochisticConstitution","HushsDoor","DaveBox","REME_ComplimentaryCards","testmod-RainbowHikingShoes","Void","SynthV:MejaisSoulstealer","SynthV:TestCard","StrikeDummy","Odd Mushroom","Runic Dome"],"acts_visited":["Exordium","TheCity"],"potions_floor_usage":[],"damage_taken":[{"damage":9.0,"enemies":"Jaw Worm","floor":1.0,"turns":5.0},{"damage":4.0,"enemies":"ats:Genji","floor":4.0,"turns":3.0},{"damage":4.0,"enemies":"Small Slimes","floor":5.0,"turns":1.0},{"damage":4.0,"enemies":"Lagavulin","floor":6.0,"turns":4.0},{"damage":4.0,"enemies":"Gremlin Nob","floor":8.0,"turns":2.0},{"damage":0.0,"enemies":"The Mushroom Lair","floor":13.0,"turns":2.0},{"damage":0.0,"enemies":"Exordium Wildlife","floor":14.0,"turns":3.0},{"damage":16,"enemies":"The Guardian","floor":16,"turns":5}],"seed_played":"-5731081917224122049","potions_obtained":[{"floor":1.0,"key":"SkillPotion"},{"floor":2.0,"key":"Weak Potion"},{"floor":6.0,"key":"Block Potion"},{"floor":8.0,"key":"REME_GoldPotion"}],"is_trial":false,"path_per_floor":["M","?","?","M","M","E","R","E","T","$","?","R","?","M","R","B",null],"character_chosen":"The_Alterego","items_purchased":[],"campfire_rested":0,"item_purchase_floors":[],"current_hp_per_floor":[69,74,76,73,70,67,67,64,64,64,48,48,62,62,62,47,81,81],"gold":-987,"neow_bonus":"TRANSFORM_CARD","is_daily":false,"chose_seed":false,"campfire_upgraded":3,"win_rate":0.0,"timestamp":1613039214,"path_taken":["M","?","?","M","M","E","R","E","T","$","?","R","?","M","R","BOSS"],"items_purchased_type":[],"build_version":"2020-12-22","purchased_purges":0,"victory":false,"max_hp_per_floor":[71,76,76,77,78,79,79,80,80,80,80,80,80,80,80,81,81,81],"card_choices":[{"not_picked":["alterego_mod:Bounce","alterego_mod:GoddessCore"],"picked":"alterego_mod:1TonWallop","floor":1.0},{"not_picked":["alterego_mod:SakuraFive","alterego_mod:Jiggle","alterego_mod:Cycle","alterego_mod:Mirror"],"picked":"alterego_mod:SideboobHour","floor":4.0},{"not_picked":["alterego_mod:Bunnysuit","alterego_mod:Bounce","alterego_mod:DeftHands","alterego_mod:Stockings","alterego_mod:GoddessCore"],"picked":"SKIP","floor":5.0},{"not_picked":["alterego_mod:TrickOrTreatment","alterego_mod:SakuraLabyrinth","alterego_mod:GoddessCore","alterego_mod:BoobPocket","alterego_mod:Nekomimi"],"picked":"SKIP","floor":6.0},{"not_picked":["alterego_mod:Complex","alterego_mod:Skirt","alterego_mod:BiFurious","alterego_mod:PerceptionDisorder","alterego_mod:Jiggle"],"picked":"SKIP","floor":8.0},{"not_picked":["alterego_mod:DeftHands","alterego_mod:BustOut","alterego_mod:Cooking","alterego_mod:Smother","alterego_mod:DiscoLights"],"picked":"SKIP","floor":14.0},{"not_picked":["alterego_mod:STier","alterego_mod:RingBreak","alterego_mod:Vow","alterego_mod:ClassAdvantage"],"picked":"alterego_mod:Venus","floor":16}],"player_experience":736037,"relics_obtained":[{"floor":1.0,"key":"SynthV:TestCard"},{"floor":1.0,"key":"LetterFromLob"},{"floor":4.0,"key":"LetterFromLob"},{"floor":5.0,"key":"LetterFromLob"},{"floor":6.0,"key":"StrikeDummy"},{"floor":6.0,"key":"LetterFromLob"},{"floor":8.0,"key":"testmod-Antiphasic"},{"floor":8.0,"key":"LetterFromLob"},{"floor":13.0,"key":"Odd Mushroom"},{"floor":14.0,"key":"LetterFromLob"},{"floor":16,"key":"LetterFromLob"}],"event_choices":[{"damage_healed":0.0,"max_hp_gain":0.0,"max_hp_loss":0.0,"gold_gain":0.0,"event_name":"给自己的盒子","player_choice":"Swap Relic","floor":2.0,"relics_lost":["Tiny House"],"gold_loss":0.0,"damage_taken":0.0,"relics_obtained":["Tiny House"]},{"damage_healed":0.0,"max_hp_gain":0.0,"max_hp_loss":0.0,"gold_gain":0.0,"event_name":"Shining Light","player_choice":"Entered Light","floor":11.0,"gold_loss":0.0,"damage_taken":16.0,"cards_upgraded":["alterego_mod:Defend","alterego_mod:Strike"]},{"damage_healed":0.0,"max_hp_gain":0.0,"max_hp_loss":0.0,"gold_gain":0.0,"event_name":"Mushrooms","player_choice":"Fought Mushrooms","floor":13.0,"gold_loss":0.0,"damage_taken":0.0}],"is_beta":false,"boss_relics":[{"not_picked":["OneHitWonderSystem","Astrolabe"],"picked":"Runic Dome"},{"not_picked":[]}],"items_purged_floors":[],"is_endless":false,"potions_floor_spawned":[1,6,8],"ascension_level":0}}