{"host":"cnq91ghfhf6lz0gv","time":1613082478,"event":{"mods":["BaseMod","Clockwork Mod","Colored Map","Colored Powertips","Conspire","Downfall","Googly Eyes","Highlight Path","Minty Spire (QoL Compilation)","Replay The Spire","StSLib","SuperFastMode","The IronCluck","The Showman","slay the spire mod where everything is the same but ironclad has a cowboy hat"],"gold_per_floor":[112,126,96,114,133,159,159,169,169,183,183,183,183,201,201,324,324,345,73,73,0,15,15,40,40,40,40,40,40,75,75,75,194,194,209,225,241,292,202,202,217,217,241,275,275,300,334,40,40,40,40],"floor_reached":50,"language":"ENG","playtime":2331,"items_purged":["Strike_G"],"score":713,"play_id":"8d633f44-d643-4426-9136-50079dbf135a","local_time":"20210211172758","is_ascension_mode":true,"campfire_choices":[{"floor":7.0,"key":"REST"},{"data":"Neutralize","floor":13.0,"key":"SMITH"},{"data":"Envenom","floor":15.0,"key":"SMITH"},{"floor":23.0,"key":"REST"},{"data":"conspire:PoisonWeapons","floor":25.0,"key":"SMITH"},{"floor":28.0,"key":"REST"},{"data":"Strike_G","floor":32.0,"key":"PURGE"},{"floor":40,"key":"REST"},{"floor":42,"key":"REST"},{"floor":45,"key":"REST"},{"floor":49,"key":"RECALL"}],"circlet_count":0,"master_deck":["Defend_G+1","Defend_G","Defend_G","Defend_G+1","Survivor+1","Neutralize+1","Bane+1","Poisoned Stab+1","Dagger Spray","Bouncing Flask+1","Dash","Backflip","Sucker Punch","Envenom+1","ReplayTheSpireMod:From All Sides","PiercingWail","Noxious Fumes+1","Footwork","conspire:PoisonWeapons+1","ReplayTheSpireMod:Tripwire+1","Blade Dance","Well Laid Plans+1","Poison Darts+1","Cloak And Dagger+1","Cloak And Dagger+1","Backflip+1","Catalyst","Impatience","Master of Strategy"],"relics":["Ring of the Snake","Gremlin Food","FossilizedHelix","Golden Idol","Philosopher\u0027s Stone","OrangePellets","Ginger","Basket Of Snakes","ReplayTheSpireMod:Ninjato","Ring of Chaos","Simple Rune","Bag of Preparation","Kunai","ReplayTheSpireMod:ShopPack"],"acts_visited":["Exordium","TheCity","TheBeyond"],"potions_floor_usage":[41,44,44,47,47,50,50,50],"damage_taken":[{"damage":9.0,"enemies":"conspire:RoseBush","floor":1.0,"turns":3.0},{"damage":0.0,"enemies":"Cultist","floor":2.0,"turns":3.0},{"damage":0.0,"enemies":"2 Louse","floor":4.0,"turns":2.0},{"damage":2.0,"enemies":"Large Slime","floor":5.0,"turns":6.0},{"damage":27.0,"enemies":"3 Sentries","floor":6.0,"turns":7.0},{"damage":5.0,"enemies":"Exordium Thugs","floor":8.0,"turns":5.0},{"damage":0.0,"enemies":"Exordium Wildlife","floor":10.0,"turns":4.0},{"damage":0.0,"enemies":"3 Louse","floor":14.0,"turns":4.0},{"damage":35.0,"enemies":"Fading Forest","floor":16.0,"turns":11.0},{"damage":18.0,"enemies":"conspire:FuzzyDice","floor":18.0,"turns":5.0},{"damage":23.0,"enemies":"2 Thieves","floor":22.0,"turns":4.0},{"damage":0.0,"enemies":"Snecko","floor":24.0,"turns":4.0},{"damage":0.0,"enemies":"Replay:Snechameleon","floor":30.0,"turns":5.0},{"damage":5.0,"enemies":"conspire:MysteriousRune","floor":33.0,"turns":8.0},{"damage":15.0,"enemies":"3 Shapes","floor":35.0,"turns":5.0},{"damage":16.0,"enemies":"3 Darklings","floor":36.0,"turns":7.0},{"damage":0.0,"enemies":"Sphere and 2 Shapes","floor":37.0,"turns":4.0},{"damage":20,"enemies":"Writhing Mass","floor":41,"turns":6},{"damage":45,"enemies":"Reptomancer","floor":44,"turns":5},{"damage":31,"enemies":"3 Darklings","floor":46,"turns":4},{"damage":0,"enemies":"R_Hoarder","floor":47,"turns":5},{"damage":14,"enemies":"Donu and Deca","floor":50,"turns":4}],"seed_played":"-458457554321677573","potions_obtained":[{"floor":2.0,"key":"sneckomod:MuddlingPotion"},{"floor":3.0,"key":"SkillPotion"},{"floor":3.0,"key":"Fire Potion"},{"floor":6.0,"key":"Strength Potion"},{"floor":16.0,"key":"DistilledChaos"},{"floor":18.0,"key":"PowerPotion"},{"floor":24.0,"key":"Block Potion"},{"floor":33.0,"key":"champ:CounterPotion"},{"floor":35.0,"key":"LiquidMemories"},{"floor":46,"key":"EntropicBrew"}],"is_trial":false,"path_per_floor":["M","M","?","M","M","E","R","M","T","M","?","?","R","M","R","B",null,"M","$","?","?","M","R","M","R","T","?","R","$","E","?","R_BF","B",null,"M","M","M","T","?","R","M","R","T","E","R","M","E","$","R","B"],"character_chosen":"THE_SILENT","items_purchased":["OrangePellets","Noxious Fumes+1","Venom Potion","Impatience","ReplayTheSpireMod:ShopPack"],"campfire_rested":6,"item_purchase_floors":[19,19,48,48,48],"current_hp_per_floor":[66,66,66,66,64,37,59,54,54,54,36,36,36,36,36,1,57,39,39,39,39,16,38,38,38,38,38,60,60,60,60,60,55,70,55,39,39,39,39,61,41,63,63,18,40,9,9,9,9,0,0],"gold":40,"neow_bonus":"RANDOM_EVENT","is_daily":false,"chose_seed":false,"campfire_upgraded":3,"win_rate":0.0,"timestamp":1613082478,"path_taken":["M","M","?","M","?","E","R","M","T","M","?","?","R","M","R","BOSS","M","$","?","?","M","R","M","R","T","?","R","$","E","?","R_BF","BOSS","M","M","?","?","?","R","M","R","T","E","R","?","E","$","R","BOSS"],"items_purchased_type":["Relic","Card","Potion","Card","Relic"],"build_version":"2020-12-22","purchased_purges":1,"victory":false,"max_hp_per_floor":[75,75,75,75,75,75,75,75,75,75,75,75,75,75,75,75,75,75,75,75,75,75,75,75,75,75,75,75,75,75,75,75,75,75,75,75,75,75,75,75,75,75,75,75,75,75,75,75,75,75,75],"card_choices":[{"not_picked":["Setup","Caltrops"],"picked":"Bane","floor":1.0},{"not_picked":["Masterful Stab","Hidden Blade"],"picked":"Poisoned Stab","floor":2.0},{"not_picked":["Escape Plan","Dagger Throw"],"picked":"Dagger Spray","floor":4.0},{"not_picked":["Heel Hook","Dagger Throw"],"picked":"Bouncing Flask","floor":5.0},{"not_picked":["Acrobatics","ReplayTheSpireMod:Shiv Toss"],"picked":"Dash","floor":6.0},{"not_picked":["PiercingWail","Flechettes"],"picked":"Backflip","floor":8.0},{"not_picked":["Quick Slash","Slice"],"picked":"Sucker Punch","floor":10.0},{"not_picked":["Quick Slash","Dagger Throw"],"picked":"Envenom","floor":14.0},{"not_picked":["Envenom","Adrenaline"],"picked":"ReplayTheSpireMod:From All Sides","floor":16.0},{"not_picked":["Prepared","Dagger Throw"],"picked":"PiercingWail","floor":18.0},{"not_picked":["Expertise+1","Cloak And Dagger"],"picked":"Footwork","floor":22.0},{"not_picked":["Quick Slash+1","Skewer"],"picked":"conspire:PoisonWeapons","floor":24.0},{"not_picked":["Expertise","Bouncing Flask"],"picked":"Well Laid Plans","floor":30.0},{"not_picked":["ReplayTheSpireMod:From All Sides","Atom Bomb"],"picked":"Poison Darts","floor":33.0},{"not_picked":["Prepared","Draining Mist+1"],"picked":"Cloak And Dagger+1","floor":35.0},{"not_picked":["Bane+1","Dodge and Roll","Quick Slash+1"],"picked":"SKIP","floor":36.0},{"not_picked":["Quick Slash+1","Riddle With Holes+1","Deadly Poison+1"],"picked":"SKIP","floor":37.0},{"not_picked":["Dagger Spray+1","Doppelganger"],"picked":"Cloak And Dagger+1","floor":41},{"not_picked":["Flying Knee","ReplayTheSpireMod:Exploit Weakness","Blade Dance"],"picked":"SKIP","floor":44},{"not_picked":["Tactician+1","Deflect"],"picked":"Backflip+1","floor":46},{"not_picked":["Crippling Poison+1","Outmaneuver"],"picked":"Catalyst","floor":47},{"not_picked":["Discovery","Replay:Bootleg Shield Generator"],"picked":"Master of Strategy","floor":48}],"player_experience":229881,"relics_obtained":[{"floor":6.0,"key":"Gremlin Food"},{"floor":9.0,"key":"FossilizedHelix"},{"floor":26.0,"key":"Basket Of Snakes"},{"floor":30.0,"key":"ReplayTheSpireMod:Ninjato"},{"floor":43,"key":"Simple Rune"},{"floor":44,"key":"Bag of Preparation"},{"floor":47,"key":"Kunai"}],"event_choices":[{"damage_healed":0.0,"max_hp_gain":5.0,"max_hp_loss":0.0,"gold_gain":0.0,"event_name":"Big Fish","player_choice":"Donut","floor":0.0,"gold_loss":0.0,"damage_taken":0.0},{"damage_healed":0.0,"max_hp_gain":0.0,"max_hp_loss":0.0,"gold_gain":0.0,"event_name":"The Woman in Blue","player_choice":"Bought 2 Potions","floor":3.0,"gold_loss":0.0,"damage_taken":0.0},{"damage_healed":0.0,"max_hp_gain":0.0,"max_hp_loss":0.0,"gold_gain":0.0,"event_name":"Golden Idol","player_choice":"Take Damage","floor":11.0,"gold_loss":0.0,"damage_taken":18.0,"relics_obtained":["Golden Idol"]},{"damage_healed":0.0,"max_hp_gain":0.0,"max_hp_loss":0.0,"gold_gain":0.0,"event_name":"Match and Keep!","player_choice":"0 cards matched","floor":12.0,"gold_loss":0.0,"damage_taken":0.0,"cards_obtained":[]},{"damage_healed":0.0,"max_hp_gain":0.0,"max_hp_loss":0.0,"gold_gain":0.0,"event_name":"The Mausoleum","player_choice":"Opened","floor":20.0,"gold_loss":0.0,"damage_taken":0.0,"relics_obtained":["Ginger"]},{"damage_healed":0.0,"max_hp_gain":0.0,"max_hp_loss":0.0,"gold_gain":0.0,"event_name":"Masked Bandits","player_choice":"Paid Fearfully","floor":21.0,"gold_loss":73.0,"damage_taken":0.0},{"damage_healed":0.0,"max_hp_gain":0.0,"max_hp_loss":0.0,"gold_gain":0.0,"cards_transformed":["Strike_G","Strike_G"],"event_name":"Drug Dealer","player_choice":"Became Test Subject","floor":27.0,"gold_loss":0.0,"damage_taken":0.0,"cards_obtained":["ReplayTheSpireMod:Tripwire","Blade Dance"]},{"cards_removed":["Strike_G"],"damage_healed":0.0,"max_hp_gain":0.0,"max_hp_loss":0.0,"gold_gain":0.0,"event_name":"Bonfire Elementals","player_choice":"Offered Basic","floor":31.0,"gold_loss":0.0,"damage_taken":0.0},{"cards_removed":["Defend_G"],"damage_healed":0,"gold_gain":0,"player_choice":"Upgrade and Remove","damage_taken":0,"max_hp_gain":0,"max_hp_loss":0,"event_name":"Designer","floor":39,"gold_loss":90,"cards_upgraded":["ReplayTheSpireMod:Tripwire"]}],"is_beta":false,"boss_relics":[{"not_picked":["SlaversCollar","Coffee Dripper"],"picked":"Philosopher\u0027s Stone"},{"not_picked":["Painkiller Herb","Empty Cage"],"picked":"Ring of Chaos"}],"items_purged_floors":[19],"is_endless":false,"potions_floor_spawned":[2,6,16,18,24,33,35,46],"killed_by":"Donu and Deca","ascension_level":5}}