{"host":"q0qnzbgdx8oqogg9","time":1613070682,"event":{"mods":["BaseMod","Minty Spire (QoL Compilation)","StSLib"],"gold_per_floor":[115,129,140,140,154,154,175,175,175,21,34,50,86,51,51,150,150,164,144,144,167,21,21,54,54,54,68,68,88,88,88,88],"floor_reached":31,"language":"ENG","playtime":1227,"items_purged":["Strike_B"],"score":490,"play_id":"cec1ee37-7ae6-4e30-ae4a-50a2702e46e1","local_time":"20210211141122","is_ascension_mode":true,"campfire_choices":[{"data":"Defragment","floor":6.0,"key":"SMITH"},{"data":"Zap","floor":8.0,"key":"SMITH"},{"data":"Loop","floor":15.0,"key":"SMITH"},{"floor":23.0,"key":"REST"},{"floor":25.0,"key":"REST"}],"circlet_count":0,"master_deck":["AscendersBane","Strike_B","Strike_B","Strike_B","Defend_B","Defend_B","Defend_B","Defend_B","Zap+1","Dualcast","Scrape","Cold Snap","Auto Shields","Defragment+1","Chill","Defragment","Sweeping Beam","Streamline","FTL","Loop+1","Amplify","Turbo","Defragment+1","Defragment","Gash+1","Coolheaded+1","Go for the Eyes+1","Ghostly","Ghostly","Ghostly","Ghostly","Ghostly"],"relics":["Runic Pyramid","Golden Idol","Happy Flower","Oddly Smooth Stone","Philosopher\u0027s Stone","Bottled Lightning","CaptainsWheel"],"acts_visited":["Exordium","TheCity"],"potions_floor_usage":[27],"damage_taken":[{"damage":1.0,"enemies":"Cultist","floor":1.0,"turns":3.0},{"damage":7.0,"enemies":"Jaw Worm","floor":2.0,"turns":4.0},{"damage":0.0,"enemies":"2 Louse","floor":3.0,"turns":4.0},{"damage":0.0,"enemies":"2 Fungi Beasts","floor":5.0,"turns":4.0},{"damage":6.0,"enemies":"Red Slaver","floor":7.0,"turns":7.0},{"damage":3.0,"enemies":"Blue Slaver","floor":11.0,"turns":3.0},{"damage":2.0,"enemies":"Large Slime","floor":12.0,"turns":5.0},{"damage":9.0,"enemies":"3 Sentries","floor":13.0,"turns":8.0},{"damage":8.0,"enemies":"The Guardian","floor":16.0,"turns":12.0},{"damage":7.0,"enemies":"3 Byrds","floor":18.0,"turns":6.0},{"damage":35.0,"enemies":"2 Thieves","floor":19.0,"turns":5.0},{"damage":13.0,"enemies":"3 Cultists","floor":21.0,"turns":7.0},{"damage":24.0,"enemies":"Book of Stabbing","floor":24.0,"turns":6.0},{"damage":0,"enemies":"Sentry and Sphere","floor":27,"turns":6},{"damage":10,"enemies":"Cultist and Chosen","floor":29,"turns":8},{"damage":14,"enemies":"Chosen and Byrds","floor":31,"turns":1}],"seed_played":"4571520950636639202","potions_obtained":[{"floor":2.0,"key":"BlessingOfTheForge"},{"floor":7.0,"key":"Dexterity Potion"},{"floor":16.0,"key":"DistilledChaos"},{"floor":18.0,"key":"EssenceOfSteel"},{"floor":24.0,"key":"AttackPotion"}],"is_trial":false,"path_per_floor":["M","M","M","?","M","R","M","R","T","$","M","M","E","?","R","B",null,"M","M","?","M","$","R","E","R","T","M","?","M","?","M"],"character_chosen":"DEFECT","items_purchased":["Chill","Defragment","Sweeping Beam","Defragment"],"campfire_rested":2,"item_purchase_floors":[10,10,10,22],"current_hp_per_floor":[63,56,56,39,39,39,33,33,33,33,30,28,19,36,36,28,60,53,18,18,5,5,26,2,23,23,23,23,13,13,0,0],"gold":88,"neow_bonus":"BOSS_RELIC","is_daily":false,"chose_seed":false,"campfire_upgraded":3,"win_rate":0.0,"timestamp":1613070682,"path_taken":["M","?","M","?","M","R","M","R","T","$","M","M","E","?","R","BOSS","M","M","?","M","$","R","E","R","T","?","?","M","?","M"],"items_purchased_type":["Card","Card","Card","Card"],"build_version":"2020-12-22","purchased_purges":1,"victory":false,"max_hp_per_floor":[71,71,71,71,71,71,71,71,71,71,71,71,71,71,71,71,71,71,71,71,71,71,71,71,71,71,71,71,71,35,35,35],"card_choices":[{"not_picked":["Stack","Redo"],"picked":"Scrape","floor":1.0},{"not_picked":["Conserve Battery","Streamline"],"picked":"Cold Snap","floor":2.0},{"not_picked":["Chaos","Hologram"],"picked":"Auto Shields","floor":3.0},{"not_picked":["Rip and Tear","Auto Shields"],"picked":"Defragment","floor":5.0},{"not_picked":["Rebound","Aggregate","Storm"],"picked":"SKIP","floor":7.0},{"not_picked":["Compile Driver","Heatsinks"],"picked":"Streamline","floor":11.0},{"not_picked":["Barrage","Redo"],"picked":"FTL","floor":12.0},{"not_picked":["Ball Lightning","Doom and Gloom"],"picked":"Loop","floor":13.0},{"not_picked":["Fission","Meteor Strike"],"picked":"Amplify","floor":16.0},{"not_picked":["Conserve Battery","Blizzard"],"picked":"Turbo","floor":18.0},{"not_picked":["Barrage+1","Redo","Rebound"],"picked":"SKIP","floor":19.0},{"not_picked":["Barrage","Cold Snap","Recycle+1"],"picked":"SKIP","floor":21.0},{"not_picked":["Turbo","Static Discharge"],"picked":"Gash+1","floor":24.0},{"not_picked":["Sunder+1","Leap"],"picked":"Coolheaded+1","floor":27},{"not_picked":["Steam","Coolheaded"],"picked":"Go for the Eyes+1","floor":29}],"player_experience":363116,"relics_obtained":[{"floor":9.0,"key":"Happy Flower"},{"floor":13.0,"key":"Oddly Smooth Stone"},{"floor":24.0,"key":"Bottled Lightning"},{"floor":26.0,"key":"CaptainsWheel"}],"event_choices":[{"damage_healed":0.0,"max_hp_gain":0.0,"max_hp_loss":0.0,"gold_gain":0.0,"event_name":"Golden Idol","player_choice":"Take Damage","floor":4.0,"gold_loss":0.0,"damage_taken":17.0,"relics_obtained":["Golden Idol"]},{"damage_healed":17.0,"max_hp_gain":0.0,"max_hp_loss":0.0,"gold_gain":0.0,"event_name":"The Cleric","player_choice":"Healed","floor":14.0,"gold_loss":35.0,"damage_taken":0.0},{"damage_healed":0.0,"max_hp_gain":0.0,"max_hp_loss":0.0,"gold_gain":0.0,"event_name":"Duplicator","player_choice":"Copied","floor":20.0,"gold_loss":0.0,"damage_taken":0.0,"cards_obtained":["Defragment"]},{"damage_healed":0,"gold_gain":0,"player_choice":"Became a Ghost","damage_taken":0,"max_hp_gain":0,"max_hp_loss":36,"event_name":"Ghosts","floor":30,"gold_loss":0,"cards_obtained":["Ghostly","Ghostly","Ghostly","Ghostly","Ghostly"]}],"is_beta":false,"boss_relics":[{"not_picked":["Fusion Hammer","Empty Cage"],"picked":"Philosopher\u0027s Stone"}],"items_purged_floors":[22],"is_endless":false,"potions_floor_spawned":[2,7,11,16,18,24],"killed_by":"Chosen and Byrds","ascension_level":14}}