{"host":"11728qvdvolffudn","time":1613061581,"event":{"mods":["BaseMod","Block Reminder","Colored Powertips","Curses Come First","Custom Start","Displayed Cursed Tome","Highlight Path","Minty Spire (QoL Compilation)","Permanent Neow","Quick Restart","Rare Cards Sparkle","Relic Stats","StSLib","Weighted Paths"],"gold_per_floor":[116,182,182,202,51,51,71,71,98,98,112,143,143,172,172,271,271,284,209,209,220,75,109,122,122,149,149,165,165,175,175,175,272,272,282,293,311,311,321,321,353,353,422,422,275,275,292,302,302,302,302],"floor_reached":50,"language":"ENG","playtime":1814,"items_purged":["Strike_R"],"score":626,"play_id":"af9b1e24-07ff-42bb-a00f-51fa962eaebc","local_time":"20210211163941","is_ascension_mode":true,"campfire_choices":[{"data":"Feed","floor":6,"key":"SMITH"},{"data":"Brutality","floor":10,"key":"SMITH"},{"data":"Feed","floor":13,"key":"SMITH"},{"data":"Defend_R","floor":15,"key":"SMITH"},{"data":"Flex","floor":27,"key":"SMITH"},{"data":"Defend_R","floor":29,"key":"SMITH"},{"data":"Pummel","floor":32,"key":"SMITH"},{"data":"Cleave","floor":40,"key":"SMITH"},{"data":"Bash","floor":44,"key":"SMITH"},{"data":"Cleave","floor":46,"key":"SMITH"},{"floor":49,"key":"REST"}],"circlet_count":0,"master_deck":["Strike_R+1","Strike_R+1","Defend_R+1","Defend_R+1","Defend_R+1","Defend_R+1","Bash+1","Feed+1","Feed+1","Pummel+1","Flex+1","Cleave+1","Cleave+1","Berserk+1"],"relics":["Burning Blood","Happy Flower","Bronze Scales","Frozen Egg 2","Vajra","Velvet Choker","Brimstone","Red Mask","PreservedInsect","Runic Pyramid","Ancient Tea Set","Toxic Egg 2","Nunchaku"],"acts_visited":["Exordium","TheCity","TheBeyond"],"potions_floor_usage":[12,12,16,24,30,33,33,39,41,50],"damage_taken":[{"damage":0.0,"enemies":"2 Louse","floor":1.0,"turns":3.0},{"damage":10,"enemies":"Small Slimes","floor":4,"turns":3},{"damage":1,"enemies":"Cultist","floor":7,"turns":3},{"damage":13,"enemies":"Blue Slaver","floor":11,"turns":3},{"damage":18,"enemies":"3 Sentries","floor":12,"turns":6},{"damage":21,"enemies":"Gremlin Nob","floor":14,"turns":4},{"damage":60,"enemies":"Hexaghost","floor":16,"turns":8},{"damage":15,"enemies":"2 Thieves","floor":18,"turns":4},{"damage":21,"enemies":"3 Byrds","floor":21,"turns":3},{"damage":5,"enemies":"Masked Bandits","floor":23,"turns":3},{"damage":28,"enemies":"Centurion and Healer","floor":24,"turns":3},{"damage":20,"enemies":"Shelled Parasite and Fungi","floor":28,"turns":3},{"damage":2,"enemies":"Sentry and Sphere","floor":30,"turns":3},{"damage":42,"enemies":"Champ","floor":33,"turns":6},{"damage":10,"enemies":"Orb Walker","floor":35,"turns":2},{"damage":42,"enemies":"3 Shapes","floor":36,"turns":2},{"damage":2,"enemies":"Spire Growth","floor":37,"turns":3},{"damage":19,"enemies":"3 Darklings","floor":39,"turns":3},{"damage":49,"enemies":"Nemesis","floor":41,"turns":3},{"damage":21,"enemies":"Sphere and 2 Shapes","floor":47,"turns":4},{"damage":0,"enemies":"Transient","floor":48,"turns":5},{"damage":114,"enemies":"Awakened One","floor":50,"turns":6}],"seed_played":"5337993220827024734","potions_obtained":[{"floor":1,"key":"Block Potion"},{"floor":4,"key":"Explosive Potion"},{"floor":14,"key":"BloodPotion"},{"floor":16,"key":"SneckoOil"},{"floor":18,"key":"Explosive Potion"},{"floor":28,"key":"FearPotion"},{"floor":30,"key":"Dexterity Potion"},{"floor":36,"key":"SkillPotion"},{"floor":37,"key":"Ancient Potion"},{"floor":48,"key":"GamblersBrew"}],"is_trial":false,"path_per_floor":["M","?","?","M","$","R","M","?","T","R","M","E","R","E","R","B",null,"M","$","?","M","$","?","M","?","T","R","M","R","M","?","R","B",null,"M","M","M","?","M","R","E","?","T","R","$","R","M","M","R","B"],"character_chosen":"IRONCLAD","items_purchased":["Happy Flower","Brimstone","Nunchaku"],"campfire_rested":1,"item_purchase_floors":[5,22,45],"current_hp_per_floor":[75,75,60,59,59,59,68,68,68,68,65,57,57,46,46,10,94,89,89,89,78,78,87,69,69,69,69,59,59,67,67,67,31,122,122,94,102,102,93,93,54,54,54,54,54,54,43,49,94,0,0],"gold":302,"neow_bonus":"THREE_RARE_CARDS","is_daily":false,"chose_seed":false,"campfire_upgraded":10,"win_rate":0.0,"timestamp":1613061581,"path_taken":["M","?","?","M","$","R","M","?","T","R","?","E","R","E","R","BOSS","M","$","?","M","$","?","M","?","T","R","?","R","M","?","R","BOSS","M","M","M","?","M","R","E","?","T","R","$","R","M","M","R","BOSS"],"items_purchased_type":["Relic","Relic","Relic"],"build_version":"2020-12-22","purchased_purges":1,"victory":false,"max_hp_per_floor":[75,75,75,78,78,78,82,82,82,82,86,90,90,94,94,94,94,98,98,98,102,102,110,114,114,114,114,118,118,122,122,122,122,122,126,134,138,138,142,142,146,146,146,146,146,146,150,150,150,154,154],"relic_stats":{"Nunchaku":[3],"Happy Flower":[25],"counters":[22,83],"Bronze Scales":[221],"PreservedInsect":47,"obtain_stats":[{"Happy Flower":5,"Vajra":14,"Velvet Choker":17,"PreservedInsect":26,"Frozen Egg 2":12,"Ancient Tea Set":41,"Burning Blood":0,"Nunchaku":45,"Brimstone":22,"Bronze Scales":9,"Red Mask":23,"Toxic Egg 2":43,"Runic Pyramid":34},{"Happy Flower":2,"Vajra":6,"Velvet Choker":7,"PreservedInsect":11,"Frozen Egg 2":5,"Ancient Tea Set":19,"Burning Blood":0,"Nunchaku":19,"Brimstone":9,"Bronze Scales":3,"Red Mask":10,"Toxic Egg 2":19,"Runic Pyramid":14},{"Happy Flower":6,"Vajra":22,"Velvet Choker":30,"PreservedInsect":43,"Frozen Egg 2":18,"Ancient Tea Set":68,"Burning Blood":0,"Nunchaku":68,"Brimstone":37,"Bronze Scales":9,"Red Mask":40,"Toxic Egg 2":68,"Runic Pyramid":55}],"Burning Blood":120},"card_choices":[{"not_picked":["Impervious","Offering"],"picked":"Feed","floor":0.0},{"not_picked":["Rupture","Sword Boomerang","Dual Wield"],"picked":"SKIP","floor":1},{"not_picked":["Anger","Wild Strike","Combust"],"picked":"SKIP","floor":4},{"not_picked":["Metallicize","Second Wind","Armaments"],"picked":"SKIP","floor":7},{"not_picked":["Clothesline","Clash","Headbutt"],"picked":"SKIP","floor":11},{"not_picked":["Blood for Blood","Shrug It Off"],"picked":"Feed","floor":12},{"not_picked":["Twin Strike","True Grit"],"picked":"Pummel","floor":14},{"not_picked":["Feel No Pain+1","Searing Blow"],"picked":"Flex","floor":18},{"not_picked":["Headbutt","Ghostly Armor","Perfected Strike"],"picked":"SKIP","floor":21},{"not_picked":["Rage","Dropkick"],"picked":"Cleave","floor":23},{"not_picked":["Bloodletting","Spot Weakness+1","Cleave+1"],"picked":"SKIP","floor":24},{"not_picked":["Armaments","Iron Wave","Disarm"],"picked":"SKIP","floor":28},{"not_picked":["Twin Strike+1","Warcry+1"],"picked":"Cleave","floor":30},{"not_picked":["Clash+1","Twin Strike","Anger+1"],"picked":"SKIP","floor":35},{"not_picked":["Power Through","Searing Blow+1","Warcry+1"],"picked":"SKIP","floor":36},{"not_picked":["Sword Boomerang+1","Metallicize+1","Warcry"],"picked":"SKIP","floor":37},{"not_picked":["Heavy Blade","Body Slam","Warcry+1"],"picked":"SKIP","floor":39},{"not_picked":["Sword Boomerang+1","Evolve+1"],"picked":"Berserk+1","floor":41},{"not_picked":["Clash+1","Evolve+1","Shrug It Off+1"],"picked":"SKIP","floor":47},{"not_picked":["Brutality+1","True Grit+1","Burning Pact+1"],"picked":"SKIP","floor":48}],"player_experience":194280,"relics_obtained":[{"floor":9,"key":"Bronze Scales"},{"floor":12,"key":"Frozen Egg 2"},{"floor":14,"key":"Vajra"},{"floor":23,"key":"Red Mask"},{"floor":26,"key":"PreservedInsect"},{"floor":41,"key":"Ancient Tea Set"},{"floor":43,"key":"Toxic Egg 2"}],"event_choices":[{"damage_healed":0,"gold_gain":66,"player_choice":"Gained Gold","damage_taken":0,"max_hp_gain":0,"max_hp_loss":0,"event_name":"Golden Wing","floor":2,"gold_loss":0},{"damage_healed":0,"gold_gain":0,"player_choice":"Entered Light","damage_taken":15,"max_hp_gain":0,"max_hp_loss":0,"event_name":"Shining Light","floor":3,"gold_loss":0,"cards_upgraded":["Strike_R","Strike_R"]},{"damage_healed":0,"gold_gain":0,"player_choice":"1 cards matched","damage_taken":0,"max_hp_gain":0,"max_hp_loss":0,"event_name":"Match and Keep!","floor":8,"gold_loss":0,"cards_obtained":["Brutality"]},{"damage_healed":0,"gold_gain":0,"player_choice":"1 cards matched","damage_taken":0,"max_hp_gain":0,"max_hp_loss":0,"event_name":"Match and Keep!","floor":8,"gold_loss":0,"cards_obtained":["Brutality"]},{"damage_healed":0,"gold_gain":0,"player_choice":"Ignored","damage_taken":0,"max_hp_gain":0,"max_hp_loss":0,"event_name":"Beggar","floor":20,"gold_loss":0},{"damage_healed":0,"gold_gain":0,"player_choice":"Fought Bandits","damage_taken":0,"max_hp_gain":0,"max_hp_loss":0,"event_name":"Masked Bandits","floor":23,"gold_loss":0},{"cards_removed":["Strike_R"],"damage_healed":0,"gold_gain":0,"player_choice":"Offered Basic","damage_taken":0,"max_hp_gain":0,"max_hp_loss":0,"event_name":"Bonfire Elementals","floor":25,"gold_loss":0},{"damage_healed":0,"gold_gain":0,"player_choice":"Simplicity","damage_taken":0,"max_hp_gain":0,"max_hp_loss":0,"event_name":"Back to Basics","floor":31,"gold_loss":0,"cards_upgraded":["Strike_R","Defend_R","Defend_R"]},{"cards_removed":["Brutality"],"damage_healed":0,"gold_gain":0,"player_choice":"Removed Power","damage_taken":0,"max_hp_gain":0,"max_hp_loss":0,"event_name":"Falling","floor":38,"gold_loss":0},{"cards_removed":["Strike_R"],"damage_healed":0,"gold_gain":0,"player_choice":"Purged","damage_taken":0,"max_hp_gain":0,"max_hp_loss":0,"event_name":"Purifier","floor":42,"gold_loss":0}],"is_beta":false,"boss_relics":[{"not_picked":["Sozu","Fusion Hammer"],"picked":"Velvet Choker"},{"not_picked":["Snecko Eye","Calling Bell"],"picked":"Runic Pyramid"}],"items_purged_floors":[19],"is_endless":false,"potions_floor_spawned":[1,4,14,16,18,28,30,36,37,48],"killed_by":"Awakened One","ascension_level":4}}