{"host":"4cz9gr89nglr7k8k","time":1613069778,"event":{"mods":["BaseMod","Minty Spire (QoL Compilation)","Relic Stats","Slay-I"],"gold_per_floor":[110,120,200,76,76,76,76,76],"floor_reached":7,"language":"DEU","playtime":131,"items_purged":[],"score":78,"play_id":"ec77bbf4-eb7f-44bc-a225-c392eda7b247","local_time":"20210211195618","is_ascension_mode":true,"campfire_choices":[{"floor":6,"key":"REST"}],"circlet_count":0,"master_deck":["AscendersBane","Strike_R","Strike_R","Strike_R","Strike_R","Strike_R","Defend_R","Defend_R","Defend_R","Defend_R","Bash","True Grit","Carnage","Metallicize","Sever Soul"],"relics":["Burning Blood","WingedGreaves","Golden Idol"],"acts_visited":["Exordium"],"potions_floor_usage":[7],"damage_taken":[{"damage":7,"enemies":"Cultist","floor":1,"turns":4},{"damage":13,"enemies":"Small Slimes","floor":2,"turns":3},{"damage":38,"enemies":"Lagavulin","floor":7,"turns":5}],"seed_played":"7597658710053234736","potions_obtained":[{"floor":2,"key":"BlessingOfTheForge"}],"is_trial":false,"path_per_floor":["M","M","?","$","?","R","E"],"character_chosen":"IRONCLAD","items_purchased":["Metallicize","Sever Soul"],"campfire_rested":1,"item_purchase_floors":[4,4],"current_hp_per_floor":[49,42,42,42,16,38,0,0],"gold":76,"neow_bonus":"ONE_RARE_RELIC","is_daily":false,"chose_seed":false,"campfire_upgraded":0,"win_rate":0.0,"timestamp":1613069778,"path_taken":["M","?","?","?","?","R","E"],"items_purchased_type":["Card","Card"],"build_version":"2020-12-22","purchased_purges":0,"victory":false,"max_hp_per_floor":[75,75,75,75,75,75,75,75],"relic_stats":{"counters":[3,12],"Golden Idol":0,"obtain_stats":[{"Golden Idol":5,"WingedGreaves":0,"Burning Blood":0},{"Golden Idol":2,"WingedGreaves":0,"Burning Blood":0},{"Golden Idol":7,"WingedGreaves":0,"Burning Blood":0}],"Burning Blood":12},"card_choices":[{"not_picked":["Body Slam","Dual Wield"],"picked":"True Grit","floor":1},{"not_picked":["Havoc","Searing Blow"],"picked":"Carnage","floor":2}],"player_experience":1549386,"relics_obtained":[],"event_choices":[{"damage_healed":0,"gold_gain":80,"player_choice":"Gained Gold","damage_taken":0,"max_hp_gain":0,"max_hp_loss":0,"event_name":"Golden Wing","floor":3,"gold_loss":0},{"damage_healed":0,"gold_gain":0,"player_choice":"Take Damage","damage_taken":26,"relics_obtained":["Golden Idol"],"max_hp_gain":0,"max_hp_loss":0,"event_name":"Golden Idol","floor":5,"gold_loss":0}],"is_beta":false,"boss_relics":[],"items_purged_floors":[],"is_endless":false,"potions_floor_spawned":[2],"killed_by":"Lagavulin","ascension_level":20}}