{"host":"0xtpc43j5kblke7u","time":1613018302,"event":{"mods":["AchievementEnabler","BaseMod","Colored Map","Highlight Path","Minty Spire (QoL Compilation)"],"gold_per_floor":[119,119,137,107,124,124,144,144,144,144,177,195,38,64,64,164,164,180,199,199,226,244,271,271,297,347,400,412,412],"floor_reached":28,"language":"ENG","playtime":1893,"items_purged":[],"score":349,"play_id":"b4ad89e4-5d73-4016-a856-8ecbc56d0e58","local_time":"20210210233822","is_ascension_mode":true,"campfire_choices":[{"data":"EmptyFist","floor":6.0,"key":"SMITH"},{"data":"FollowUp","floor":8.0,"key":"SMITH"},{"data":"ThirdEye","floor":10.0,"key":"SMITH"},{"data":"Consecrate","floor":15.0,"key":"SMITH"},{"data":"DeceiveReality","floor":24.0,"key":"SMITH"}],"circlet_count":0,"master_deck":["Strike_P","Strike_P","Strike_P+1","Strike_P+1","Defend_P","Defend_P","Defend_P","Defend_P","Eruption+1","Vigilance","FollowUp+1","EmptyFist+1","ThirdEye+1","Pray","Protect","Consecrate+1","Establishment","ClearTheMind+1","DeceiveReality+1","CarveReality+1"],"relics":["PureWater","MealTicket","Centennial Puzzle","Yang","ClockworkSouvenir","Boot","Black Star","Pen Nib","Regal Pillow","Art of War","GoldenEye","Blue Candle","Whetstone","MawBank"],"acts_visited":["Exordium","TheCity"],"potions_floor_usage":[],"damage_taken":[{"damage":1.0,"enemies":"2 Louse","floor":1.0,"turns":4.0},{"damage":4.0,"enemies":"Small Slimes","floor":3.0,"turns":3.0},{"damage":0.0,"enemies":"Cultist","floor":5.0,"turns":2.0},{"damage":0.0,"enemies":"Large Slime","floor":7.0,"turns":4.0},{"damage":0.0,"enemies":"Gremlin Nob","floor":11.0,"turns":2.0},{"damage":9.0,"enemies":"Exordium Thugs","floor":12.0,"turns":3.0},{"damage":9.0,"enemies":"Lagavulin","floor":14.0,"turns":4.0},{"damage":20.0,"enemies":"The Guardian","floor":16.0,"turns":10.0},{"damage":10.0,"enemies":"2 Thieves","floor":18.0,"turns":2.0},{"damage":2.0,"enemies":"Shell Parasite","floor":19.0,"turns":2.0},{"damage":6.0,"enemies":"Centurion and Healer","floor":22.0,"turns":5.0},{"damage":19.0,"enemies":"Book of Stabbing","floor":23.0,"turns":5.0},{"damage":25.0,"enemies":"Gremlin Leader","floor":25.0,"turns":6.0},{"damage":25,"enemies":"Slavers","floor":28,"turns":1}],"seed_played":"-5015081953992073446","potions_obtained":[{"floor":3.0,"key":"Fire Potion"},{"floor":4.0,"key":"BlessingOfTheForge"},{"floor":4.0,"key":"Strength Potion"},{"floor":5.0,"key":"Explosive Potion"},{"floor":11.0,"key":"SkillPotion"},{"floor":14.0,"key":"CultistPotion"},{"floor":16.0,"key":"FearPotion"},{"floor":18.0,"key":"Swift Potion"},{"floor":22.0,"key":"Regen Potion"}],"is_trial":false,"path_per_floor":["M","?","M","?","M","R","M","R","T","R","E","M","$","E","R","B",null,"M","M","?","T","M","E","R","E","T","T","E"],"character_chosen":"WATCHER","items_purchased":["ClockworkSouvenir"],"campfire_rested":0,"item_purchase_floors":[13],"current_hp_per_floor":[71,71,67,67,67,67,67,67,67,67,67,58,72,63,63,43,72,62,60,60,60,54,49,49,24,24,24,0,0],"gold":412,"neow_bonus":"RANDOM_COMMON_RELIC","is_daily":false,"chose_seed":false,"campfire_upgraded":5,"win_rate":0.0,"timestamp":1613018302,"path_taken":["M","?","M","?","M","R","?","R","T","R","E","M","$","E","R","BOSS","M","M","?","?","M","E","R","E","T","?","E"],"items_purchased_type":["Relic"],"build_version":"2020-12-22","purchased_purges":0,"victory":false,"max_hp_per_floor":[72,72,72,72,72,72,72,72,72,72,72,72,72,72,72,72,72,72,72,72,72,72,72,72,72,72,72,72,72],"card_choices":[{"not_picked":["JustLucky","ThirdEye"],"picked":"FollowUp","floor":1.0},{"not_picked":["Fasting2","Protect"],"picked":"EmptyFist","floor":3.0},{"not_picked":["Perseverance","CrushJoints"],"picked":"ThirdEye","floor":5.0},{"not_picked":["ClearTheMind","Collect"],"picked":"Pray","floor":7.0},{"not_picked":["Crescendo","Perseverance"],"picked":"Protect","floor":11.0},{"not_picked":["EmptyBody","Brilliance"],"picked":"Consecrate","floor":12.0},{"not_picked":["EmptyFist","Protect","CrushJoints"],"picked":"SKIP","floor":14.0},{"not_picked":["Alpha","SpiritShield"],"picked":"Establishment","floor":16.0},{"not_picked":["Halt","WheelKick"],"picked":"ClearTheMind+1","floor":18.0},{"not_picked":["CutThroughFate+1","JustLucky"],"picked":"DeceiveReality","floor":19.0},{"not_picked":["Meditate","Halt"],"picked":"CarveReality+1","floor":22.0},{"not_picked":["Prostrate","EmptyBody","PathToVictory"],"picked":"SKIP","floor":23.0},{"not_picked":["Study","BattleHymn","FollowUp"],"picked":"SKIP","floor":25.0}],"player_experience":670776,"relics_obtained":[{"floor":9.0,"key":"Centennial Puzzle"},{"floor":11.0,"key":"Yang"},{"floor":14.0,"key":"Boot"},{"floor":21.0,"key":"Pen Nib"},{"floor":23.0,"key":"Regal Pillow"},{"floor":23.0,"key":"Art of War"},{"floor":25.0,"key":"GoldenEye"},{"floor":25.0,"key":"Blue Candle"},{"floor":26.0,"key":"Whetstone"},{"floor":27.0,"key":"MawBank"}],"event_choices":[{"damage_healed":0.0,"max_hp_gain":0.0,"max_hp_loss":0.0,"gold_gain":0.0,"event_name":"Living Wall","player_choice":"Grow","floor":2.0,"gold_loss":0.0,"damage_taken":0.0,"cards_upgraded":["Eruption"]},{"damage_healed":0.0,"max_hp_gain":0.0,"max_hp_loss":0.0,"gold_gain":0.0,"event_name":"The Woman in Blue","player_choice":"Bought 2 Potions","floor":4.0,"gold_loss":0.0,"damage_taken":0.0},{"damage_healed":0.0,"max_hp_gain":0.0,"max_hp_loss":0.0,"gold_gain":0.0,"event_name":"Cursed Tome","player_choice":"Ignored","floor":20.0,"gold_loss":0.0,"damage_taken":0.0}],"is_beta":false,"boss_relics":[{"not_picked":["Velvet Choker","Runic Dome"],"picked":"Black Star"}],"items_purged_floors":[],"is_endless":false,"potions_floor_spawned":[3,5,11,14,16,18,22],"killed_by":"Slavers","ascension_level":4}}