{"host":"9viy3memdfgcf4vy","time":1613069677,"event":{"mods":["BaseMod","Colored Map","Downfall","Minty Spire (QoL Compilation)","StSLib"],"gold_per_floor":[0,15,28,28,28,47,47,32,32,32,32],"floor_reached":9,"language":"ENG","playtime":429,"items_purged":[],"score":64,"play_id":"59b0ccc3-57cf-4e77-9040-8b405e4af8f2","local_time":"20210211205437","is_ascension_mode":true,"campfire_choices":[{"floor":1,"key":"RECALL"}],"circlet_count":0,"master_deck":["champ:Strike","champ:Strike","champ:Strike","champ:Strike","champ:Defend","champ:Defend","champ:Defend","champ:Defend","champ:Execute","champ:Taunt","champ:CalledShot","champ:FancyFootwork","champ:Duel","champ:Improvising"],"relics":["champ:ChampionCrown","StoneCalendar","champ:LiftRelic","Peace Pipe","Eternal Feather"],"acts_visited":["Exordium"],"potions_floor_usage":[],"damage_taken":[{"damage":6,"enemies":"Jaw Worm","floor":2,"turns":5},{"damage":10,"enemies":"2 Louse","floor":3,"turns":4},{"damage":16,"enemies":"Cultist","floor":6,"turns":4},{"damage":25,"enemies":"downfall:FleeingMerchant","floor":8,"turns":4},{"damage":62,"enemies":"Gremlin Nob","floor":9,"turns":4}],"seed_played":"-7002217505579507584","potions_obtained":[],"is_trial":false,"path_per_floor":["R","M","M","?","?","M","T","$","E"],"character_chosen":"THE_CHAMP","items_purchased":[],"campfire_rested":0,"item_purchase_floors":[],"current_hp_per_floor":[90,84,84,84,59,53,53,48,0,0,0],"gold":32,"neow_bonus":"ONE_RARE_RELIC","is_daily":false,"chose_seed":false,"campfire_upgraded":0,"win_rate":0.0,"timestamp":1613069677,"path_taken":["R","M","M","?","?","M","T","?","E"],"items_purchased_type":[],"build_version":"2020-12-22","purchased_purges":0,"victory":false,"max_hp_per_floor":[90,90,90,90,90,90,90,90,90,90,90],"card_choices":[{"not_picked":["champ:Circumvent","champ:FlashCut"],"picked":"champ:CalledShot","floor":2},{"not_picked":["champ:DefensiveShout","champ:Circumvent"],"picked":"champ:FancyFootwork","floor":3},{"not_picked":["champ:ShieldSigil","champ:ViciousMockery"],"picked":"champ:Duel","floor":6},{"not_picked":["champ:FanOfKnives","champ:Backstep"],"picked":"champ:Improvising","floor":8}],"player_experience":504927,"relics_obtained":[{"floor":7,"key":"Eternal Feather"}],"event_choices":[{"damage_healed":0,"gold_gain":0,"player_choice":"Success","damage_taken":25,"relics_obtained":["Peace Pipe"],"max_hp_gain":0,"max_hp_loss":0,"event_name":"Scrap Ooze","floor":5,"gold_loss":0}],"is_beta":false,"boss_relics":[],"items_purged_floors":[],"is_endless":false,"potions_floor_spawned":[],"killed_by":"Gremlin Nob","ascension_level":5}}