{"host":"znvnxllcillb3rtw","time":1613077886,"event":{"mods":["BaseMod","DeckTracker","Minty Spire (QoL Compilation)","Relic Stats","StSLib","SuperFastMode","everything is the same but u backflip on backflip"],"gold_per_floor":[109,109,109,128,144,144,104,104,130,142,13,31,56,21,21,96,146,160,160,160,17,29,29,45,75,99,99,114,148,148,159,159,159,159],"floor_reached":33,"language":"KOR","playtime":1192,"items_purged":["Defend_G","Strike_G"],"score":670,"play_id":"99216fec-2dad-49b6-887b-e4709e83159b","local_time":"20210212061126","is_ascension_mode":true,"campfire_choices":[{"data":"Neutralize","floor":6,"key":"SMITH"},{"data":"Dagger Throw","floor":8,"key":"SMITH"},{"data":"Corpse Explosion","floor":15,"key":"SMITH"},{"data":"Acrobatics","floor":23,"key":"SMITH"},{"data":"Expertise","floor":27,"key":"SMITH"},{"floor":30,"key":"REST"},{"floor":32,"key":"REST"}],"circlet_count":0,"master_deck":["AscendersBane","Strike_G+1","Defend_G+1","Defend_G","Survivor","Neutralize+1","Riddle With Holes+1","Leg Sweep","Dagger Throw+1","Dash","Masterful Stab","All Out Attack","Corpse Explosion+1","Grand Finale","Expertise+1","Flying Knee","Escape Plan","Acrobatics+1","Adrenaline"],"relics":["Ring of the Snake","Snake Skull","Potion Belt","Tiny House","Nunchaku","Meat on the Bone"],"acts_visited":["Exordium","TheCity"],"potions_floor_usage":[16,22,25,25,29,33,33],"damage_taken":[{"damage":0,"enemies":"2 Louse","floor":1,"turns":3},{"damage":0,"enemies":"Jaw Worm","floor":4,"turns":5},{"damage":0,"enemies":"Small Slimes","floor":5,"turns":3},{"damage":0,"enemies":"Looter","floor":7,"turns":4},{"damage":0,"enemies":"Large Slime","floor":10,"turns":8},{"damage":6,"enemies":"Lots of Slimes","floor":12,"turns":4},{"damage":12,"enemies":"3 Sentries","floor":13,"turns":6},{"damage":14,"enemies":"Slime Boss","floor":16,"turns":8},{"damage":8,"enemies":"Chosen","floor":18,"turns":5},{"damage":0,"enemies":"2 Thieves","floor":22,"turns":1},{"damage":5,"enemies":"Snecko","floor":24,"turns":3},{"damage":0,"enemies":"Slavers","floor":25,"turns":2},{"damage":0,"enemies":"Centurion and Healer","floor":28,"turns":3},{"damage":34,"enemies":"Book of Stabbing","floor":29,"turns":5},{"damage":11,"enemies":"Chosen and Byrds","floor":31,"turns":5},{"damage":78,"enemies":"Champ","floor":33,"turns":12}],"seed_played":"155252132725547144","potions_obtained":[{"floor":10,"key":"SkillPotion"},{"floor":16,"key":"SneckoOil"},{"floor":17,"key":"GhostInAJar"},{"floor":20,"key":"LiquidBronze"},{"floor":22,"key":"PowerPotion"},{"floor":29,"key":"SpeedPotion"},{"floor":31,"key":"ColorlessPotion"}],"is_trial":false,"path_per_floor":["M","?","?","M","M","R","M","R","T","M","$","M","E","?","R","B",null,"M","?","?","$","M","R","M","E","T","R","M","E","R","M","R","B"],"character_chosen":"THE_SILENT","items_purchased":["SteroidPotion","Escape Plan"],"campfire_rested":2,"item_purchase_floors":[11,21],"current_hp_per_floor":[59,59,41,41,41,41,41,41,41,41,41,35,23,38,38,24,56,48,48,48,48,48,48,43,43,43,43,43,9,28,29,48,0,0],"gold":159,"neow_bonus":"REMOVE_TWO","is_daily":false,"chose_seed":false,"campfire_upgraded":5,"win_rate":0.0,"timestamp":1613077886,"path_taken":["M","?","?","M","M","R","M","R","T","M","?","M","E","?","R","BOSS","M","?","?","$","?","R","M","E","T","R","M","E","R","M","R","BOSS"],"items_purchased_type":["Potion","Card"],"build_version":"2020-12-22","purchased_purges":2,"victory":false,"max_hp_per_floor":[60,60,60,60,60,60,60,60,60,60,60,60,60,60,60,60,65,65,65,65,65,65,65,65,65,65,65,65,65,65,65,65,65,65],"relic_stats":{"Nunchaku":[5],"counters":[16,77],"Snake Skull":[8],"obtain_stats":[{"Potion Belt":13,"Nunchaku":25,"Tiny House":17,"Snake Skull":9,"Ring of the Snake":0,"Meat on the Bone":29},{"Potion Belt":7,"Nunchaku":12,"Tiny House":8,"Snake Skull":4,"Ring of the Snake":0,"Meat on the Bone":14},{"Potion Belt":33,"Nunchaku":52,"Tiny House":41,"Snake Skull":15,"Ring of the Snake":0,"Meat on the Bone":60}],"Ring of the Snake":[32],"Meat on the Bone":12},"card_choices":[{"not_picked":["PiercingWail","Flying Knee"],"picked":"Riddle With Holes","floor":1},{"not_picked":["Bane","Dodge and Roll"],"picked":"Leg Sweep","floor":4},{"not_picked":["Poisoned Stab","Quick Slash"],"picked":"Dagger Throw","floor":5},{"not_picked":["Sucker Punch","Bane"],"picked":"Dash","floor":7},{"not_picked":["Infinite Blades","Acrobatics"],"picked":"Masterful Stab","floor":10},{"not_picked":["Endless Agony","Flying Knee"],"picked":"All Out Attack","floor":12},{"not_picked":["Masterful Stab","Backstab"],"picked":"Corpse Explosion","floor":13},{"not_picked":["Malaise","Corpse Explosion"],"picked":"Grand Finale","floor":16},{"not_picked":["Flechettes","Endless Agony","Skewer"],"picked":"SKIP","floor":18},{"not_picked":["Dagger Spray","Cloak And Dagger"],"picked":"Acrobatics","floor":22},{"not_picked":["Cloak And Dagger","Riddle With Holes","Bane"],"picked":"SKIP","floor":24},{"not_picked":["Poisoned Stab","Flying Knee","Deflect"],"picked":"SKIP","floor":25},{"not_picked":["Sucker Punch","PiercingWail"],"picked":"Adrenaline","floor":28},{"not_picked":["Dagger Spray","Cloak And Dagger","Terror+1"],"picked":"SKIP","floor":29},{"not_picked":["PiercingWail","Heel Hook","Dagger Throw"],"picked":"SKIP","floor":31},{"not_picked":["PiercingWail","Heel Hook","Dagger Throw"],"picked":"SKIP","floor":31}],"player_experience":2893942,"relics_obtained":[{"floor":9,"key":"Snake Skull"},{"floor":13,"key":"Potion Belt"},{"floor":25,"key":"Nunchaku"},{"floor":29,"key":"Meat on the Bone"}],"event_choices":[{"cards_removed":["Strike_G"],"damage_healed":0,"gold_gain":0,"player_choice":"Forget","damage_taken":0,"max_hp_gain":0,"max_hp_loss":0,"event_name":"Living Wall","floor":2,"gold_loss":0},{"damage_healed":0,"gold_gain":0,"player_choice":"Entered Light","damage_taken":18,"max_hp_gain":0,"max_hp_loss":0,"event_name":"Shining Light","floor":3,"gold_loss":0,"cards_upgraded":["Defend_G","Riddle With Holes"]},{"damage_healed":15,"gold_gain":0,"player_choice":"Healed","damage_taken":0,"max_hp_gain":0,"max_hp_loss":0,"event_name":"The Cleric","floor":14,"gold_loss":35},{"damage_healed":0,"gold_gain":0,"cards_transformed":["Strike_G","Defend_G"],"player_choice":"Became Test Subject","damage_taken":0,"max_hp_gain":0,"max_hp_loss":0,"event_name":"Drug Dealer","floor":19,"gold_loss":0,"cards_obtained":["Expertise","Flying Knee"]},{"damage_healed":0,"gold_gain":0,"player_choice":"Got Potions","damage_taken":0,"max_hp_gain":0,"max_hp_loss":0,"event_name":"Lab","floor":20,"gold_loss":0}],"is_beta":false,"boss_relics":[{"not_picked":["Coffee Dripper","Snecko Eye"],"picked":"Tiny House"}],"items_purged_floors":[11,21],"is_endless":false,"potions_floor_spawned":[10,12,16,22,29,31],"killed_by":"Champ","ascension_level":20}}