{"host":"pmmuxs046gii331m","time":1613076942,"event":{"mods":["AchievementEnabler","BaseMod","Colored Powertips","Downfall","Gold Saver","Infinite Spire","Minty Spire (QoL Compilation)","Permanent Neow","Quick Restart","StSLib"],"gold_per_floor":[114,114,114,131,149,174,174,174,174,207,207,207,207,51,51,147,147,159,172,72,72,72,101,101,281,352,110,140,140,140,159,159,254,254,267,321,169,169,196,225,250,250,250,250,250,0,0,100,100,100,100],"floor_reached":50,"language":"ENG","playtime":3878,"items_purged":["Thunderclap","Iron Wave"],"score":584,"play_id":"9a1152d6-b173-46db-bcd4-4fcf28d10c6c","local_time":"20210211155542","daily_mods":["Draft","Heirloom","Time Dilation","Flight"],"is_ascension_mode":false,"campfire_choices":[{"data":"Body Slam","floor":7,"key":"SMITH"},{"data":"Body Slam","floor":8,"key":"SMITH"},{"data":"Sword Boomerang","floor":11,"key":"SMITH"},{"data":"Heavy Blade","floor":12,"key":"SMITH"},{"data":"Limit Break","floor":15,"key":"SMITH"},{"data":"Berserk","floor":24,"key":"SMITH"},{"floor":29,"key":"REST"},{"data":"Flex","floor":30,"key":"SMITH"},{"floor":32,"key":"REST"},{"data":"Entrench","floor":44,"key":"SMITH"},{"data":"Intimidate","floor":45,"key":"SMITH"},{"data":"Iron Wave","floor":47,"key":"SMITH"},{"floor":49,"key":"REST"}],"circlet_count":0,"master_deck":["Flex+1","Entrench+1","Cleave","Intimidate+1","Heavy Blade+1","Body Slam+1","Body Slam+1","Armaments+1","Iron Wave+1","Thunderclap","Anger","Sword Boomerang+1","Headbutt","Limit Break+1","Berserk+1","Iron Wave+1","Rampage+1","Heavy Blade+1","infinitespire:Collect"],"relics":["Black Blood","Charon\u0027s Ashes","Gremlin Horn","infinitespire:Eraser","Sundial","infinitespire:ShieldingShard","Darkstone Periapt","Matryoshka","Tiny Chest","expansioncontent:StudyCardRelic","Incense Burner","Anchor","Mummified Hand","PreservedInsect","Mango","Juzu Bracelet","Bird Faced Urn","Happy Flower","infinitespire:BottledMercury","Red Mask","hexamod:Sixitude"],"acts_visited":["Exordium","TheCity","TheBeyond"],"potions_floor_usage":[6,18,28,41],"damage_taken":[{"damage":4,"enemies":"Cultist","floor":1,"turns":3},{"damage":2,"enemies":"Small Slimes","floor":4,"turns":2},{"damage":3,"enemies":"Jaw Worm","floor":5,"turns":2},{"damage":15,"enemies":"Lagavulin","floor":6,"turns":3},{"damage":5,"enemies":"3 Sentries","floor":10,"turns":3},{"damage":43,"enemies":"The Guardian","floor":16,"turns":7},{"damage":5,"enemies":"Shell Parasite","floor":18,"turns":4},{"damage":6,"enemies":"Chosen","floor":19,"turns":3},{"damage":41,"enemies":"Slavers","floor":23,"turns":5},{"damage":46,"enemies":"Nightmare","floor":28,"turns":9},{"damage":25,"enemies":"Snake Plant","floor":31,"turns":4},{"damage":11,"enemies":"Collector","floor":33,"turns":4},{"damage":0,"enemies":"Orb Walker","floor":35,"turns":2},{"damage":47,"enemies":"2 Orb Walkers","floor":36,"turns":4},{"damage":0,"enemies":"Reptomancer","floor":40,"turns":3},{"damage":29,"enemies":"Giant Head","floor":41,"turns":6},{"damage":0,"enemies":"infinitespire:Three Voidlings","floor":48,"turns":2},{"damage":68,"enemies":"Nightmare_Alpha","floor":48,"turns":8},{"damage":57,"enemies":"Donu and Deca","floor":50,"turns":7}],"seed_played":"-1285210849181513032","potions_obtained":[{"floor":1,"key":"bronze:BurnAndBuffPotion"},{"floor":6,"key":"Regen Potion"},{"floor":16,"key":"Block Potion"},{"floor":18,"key":"SmokeBomb"},{"floor":28,"key":"ElixirPotion"},{"floor":40,"key":"ColorlessPotion"},{"floor":48,"key":"SmokeBomb"}],"is_trial":true,"path_per_floor":["M","?","?","M","M","E","R","R","T","E","R","R","?","$","R","B",null,"M","M","$","?","?","E","R","?","T","$","NM","R","R","M","R","B",null,"M","?","$","?","T","E","E","AVR","T","R","R","?","R","?","R","B"],"character_chosen":"IRONCLAD","items_purchased":["Limit Break","Matryoshka","Anchor"],"campfire_rested":3,"item_purchase_floors":[14,27,37],"current_hp_per_floor":[80,80,85,85,85,76,76,76,76,77,77,77,77,77,77,40,85,85,85,85,85,85,56,56,37,37,37,18,43,43,30,55,56,85,85,50,50,50,50,76,59,59,59,59,59,59,59,25,53,0,0],"gold":100,"neow_bonus":"","is_daily":false,"chose_seed":false,"campfire_upgraded":10,"win_rate":0.0,"timestamp":1613076942,"path_taken":["M","?","?","M","?","E","R","R","T","E","R","R","?","?","R","BOSS","M","M","$","?","?","E","R","?","T","$","NM","R","R","?","R","BOSS","M","?","$","?","?","E","E","AVR","T","R","R","?","R","?","R","BOSS"],"items_purchased_type":["Card","Relic","Relic"],"build_version":"2020-12-22","purchased_purges":2,"victory":false,"max_hp_per_floor":[80,80,85,85,85,85,85,85,85,85,85,85,85,85,85,85,85,85,85,85,85,85,85,85,85,85,85,85,85,85,85,85,85,85,85,85,85,81,81,95,95,95,95,95,95,95,95,95,95,95,95],"card_choices":[{"not_picked":["Sword Boomerang","Dark Embrace"],"picked":"Flex","floor":0},{"not_picked":["Cleave","Shrug It Off"],"picked":"Entrench","floor":0},{"not_picked":["Shockwave","Intimidate"],"picked":"Thunderclap","floor":0},{"not_picked":["Body Slam","Flex"],"picked":"Cleave","floor":0},{"not_picked":["Clothesline","Thunderclap"],"picked":"Iron Wave","floor":0},{"not_picked":["Evolve","Power Through"],"picked":"Intimidate","floor":0},{"not_picked":["Havoc","Clash"],"picked":"Heavy Blade","floor":0},{"not_picked":["True Grit","Cleave"],"picked":"Body Slam","floor":0},{"not_picked":["Warcry","Thunderclap"],"picked":"Body Slam","floor":0},{"not_picked":["Warcry","Reckless Charge"],"picked":"Armaments","floor":0},{"not_picked":["Clash","Body Slam"],"picked":"Iron Wave","floor":0},{"not_picked":["Wild Strike","Armaments"],"picked":"Thunderclap","floor":0},{"not_picked":["Thunderclap","Blood for Blood"],"picked":"Anger","floor":0},{"not_picked":["Anger","Wild Strike"],"picked":"Sword Boomerang","floor":0},{"not_picked":["Clothesline","Infernal Blade"],"picked":"Headbutt","floor":0},{"not_picked":["Clothesline","Wild Strike","Clash"],"picked":"SKIP","floor":1},{"not_picked":["Dual Wield","Wild Strike","Uppercut"],"picked":"SKIP","floor":4},{"not_picked":["Shockwave","Heavy Blade","Pommel Strike"],"picked":"SKIP","floor":5},{"not_picked":["Thunderclap","Sentinel","Shrug It Off"],"picked":"SKIP","floor":6},{"not_picked":["Burning Pact","Feel No Pain","Reckless Charge"],"picked":"SKIP","floor":10},{"not_picked":["Immolate","Brutality"],"picked":"Berserk","floor":16},{"not_picked":["Ghostly Armor","Perfected Strike"],"picked":"Iron Wave+1","floor":18},{"not_picked":["Uppercut","Disarm"],"picked":"Inflame","floor":19},{"not_picked":["Feel No Pain","Second Wind","Power Through"],"picked":"SKIP","floor":23},{"not_picked":["Dark Embrace+1","Perfected Strike"],"picked":"Rampage+1","floor":28},{"not_picked":["Carnage","True Grit","Dual Wield+1"],"picked":"SKIP","floor":31},{"not_picked":["Reckless Charge","Warcry"],"picked":"Heavy Blade+1","floor":35},{"not_picked":["Armaments","Twin Strike","Intimidate+1"],"picked":"SKIP","floor":40},{"not_picked":["Shrug It Off+1","Headbutt","Ghostly Armor+1"],"picked":"SKIP","floor":41},{"not_picked":["Shrug It Off+1","Headbutt","Ghostly Armor+1"],"picked":"SKIP","floor":41},{"not_picked":["infinitespire:Fortify","infinitespire:SevenWalls"],"picked":"infinitespire:Collect","floor":48}],"player_experience":508211,"relics_obtained":[{"floor":6,"key":"Gremlin Horn"},{"floor":9,"key":"infinitespire:Eraser"},{"floor":10,"key":"Sundial"},{"floor":23,"key":"infinitespire:ShieldingShard"},{"floor":26,"key":"Darkstone Periapt"},{"floor":28,"key":"Tiny Chest"},{"floor":36,"key":"Incense Burner"},{"floor":39,"key":"Mummified Hand"},{"floor":39,"key":"PreservedInsect"},{"floor":40,"key":"Mango"},{"floor":41,"key":"Juzu Bracelet"},{"floor":43,"key":"Happy Flower"},{"floor":43,"key":"infinitespire:BottledMercury"},{"floor":48,"key":"hexamod:Sixitude"}],"event_choices":[{"damage_healed":0,"gold_gain":0,"player_choice":"Donut","damage_taken":0,"max_hp_gain":5,"max_hp_loss":0,"event_name":"Big Fish","floor":3,"gold_loss":0},{"cards_removed":["Inflame"],"damage_healed":0,"gold_gain":0,"player_choice":"Elegance","damage_taken":0,"max_hp_gain":0,"max_hp_loss":0,"event_name":"Back to Basics","floor":21,"gold_loss":0},{"damage_healed":0,"gold_gain":180,"player_choice":"GOLD GOLD ","damage_taken":19,"max_hp_gain":0,"max_hp_loss":0,"event_name":"Knowing Skull","floor":25,"potions_obtained":[],"gold_loss":0,"cards_obtained":[]},{"damage_healed":0,"gold_gain":0,"player_choice":"Fight","damage_taken":0,"max_hp_gain":0,"max_hp_loss":0,"event_name":"Mysterious Sphere","floor":36,"gold_loss":0},{"damage_healed":0,"gold_gain":0,"player_choice":"Max HP","damage_taken":0,"max_hp_gain":0,"max_hp_loss":4,"event_name":"Winding Halls","floor":38,"gold_loss":0},{"damage_healed":0,"gold_gain":0,"player_choice":"Paid","damage_taken":0,"relics_obtained":["Red Mask"],"max_hp_gain":0,"max_hp_loss":0,"event_name":"Tomb of Lord Red Mask","floor":46,"gold_loss":250}],"is_beta":false,"boss_relics":[{"not_picked":["infinitespire:Burning Sword","Velvet Choker"],"picked":"Black Blood"},{"not_picked":["Snecko Eye","Tiny House"],"picked":"expansioncontent:StudyCardRelic"}],"items_purged_floors":[14,20],"is_endless":true,"potions_floor_spawned":[1,6,16,18,28,40,48],"killed_by":"Donu and Deca","ascension_level":0}}