{"host":"qe5t0t54rc9uejrt","time":1613010894,"event":{"mods":["Act Like it!","Aspiration","BaseMod","Colored Powertips","Hunter 猎人","Jedi Mod","Marked Mod","Minty Spire (QoL Compilation)","Replay The Spire","Shop Mod","Spicy Shops","StSLib","TestMod","The Administrix","The Cursed","The Hierophant","The Runesmith"],"gold_per_floor":[113,113,129,145,165,165,165,565,565,581,0,30,55,73,73,185,185,187,18,43,43,43,43,106,118,176,226,238,44,58,74,74,74,74,178,178,190,207,207,226,2,30,42,42,42,8,27,1,10,10,10,10],"floor_reached":53,"language":"ZHS","playtime":2521,"items_purged":["Defend_G"],"score":778,"play_id":"959fbf83-a324-4c26-94a4-8252cee50ff7","local_time":"20210211103454","is_ascension_mode":true,"campfire_choices":[{"data":"Catalyst","floor":6.0,"key":"SMITH"},{"floor":15.0,"key":"REST"},{"floor":22.0,"key":"REST"},{"data":"Replay:Bag of Tricks","floor":23.0,"key":"SMITH"},{"floor":34,"key":"REST"},{"data":"jedi:pocketpoison","floor":44,"key":"SMITH"},{"floor":50,"key":"REST"},{"floor":51,"key":"REST"}],"circlet_count":0,"master_deck":["Strike_G","Strike_G","Strike_G","Strike_G","Strike_G","Defend_G","Defend_G","Defend_G","Defend_G","Survivor","Neutralize","jedi:pocketpoison+1","All Out Attack+1","Flying Knee","Catalyst+1","Deadly Poison","jedi:collectorvenom+1","Acrobatics","Replay:Bag of Tricks+1","Poisoned Stab","Caltrops+1","Poison Darts+1","Crippling Poison+1","Distraction+1","jedi:brewingpoison+1","CurseOfTheBell","ReplayTheSpireMod:Tripwire+1","jedi:pocketpoison+1","Prepared+1"],"relics":["Ring of the Snake","jedi:arcanewood","Replay:Bandana","Black Star","Membership Card","Nloth\u0027s Gift","MawBank","Runesmith:Nanobots","aspiration:RitualStick","Boot","Du-Vu Doll","Ancient Tea Set","Smiling Mask","Toxic Egg 2","testmod-Charity","Calling Bell","aspiration:VileToxins","Blue Candle","jedi:gremlinknob","The Specimen","Guide Book","Oddly Smooth Stone","Letter Opener","Gremlin Horn"],"acts_visited":["Exordium","TheCity","TheBeyond"],"potions_floor_usage":[24,24,30,35,40,47,52,52],"damage_taken":[{"damage":6.0,"enemies":"Cultist","floor":1.0,"turns":5.0},{"damage":0.0,"enemies":"2 Louse","floor":3.0,"turns":3.0},{"damage":4.0,"enemies":"Jaw Worm","floor":4.0,"turns":3.0},{"damage":1.0,"enemies":"Looter","floor":5.0,"turns":3.0},{"damage":22.0,"enemies":"Lots of Slimes","floor":10.0,"turns":3.0},{"damage":7.0,"enemies":"3 Louse","floor":12.0,"turns":2.0},{"damage":8.0,"enemies":"Exordium Wildlife","floor":13.0,"turns":3.0},{"damage":0.0,"enemies":"Looter","floor":14.0,"turns":2.0},{"damage":57.0,"enemies":"Fading Forest","floor":16.0,"turns":11.0},{"damage":23.0,"enemies":"2 Thieves","floor":18.0,"turns":4.0},{"damage":5.0,"enemies":"Chosen","floor":20.0,"turns":3.0},{"damage":20,"enemies":"Gremlin Leader","floor":24,"turns":4},{"damage":18,"enemies":"Replay:Snechameleon","floor":27,"turns":3},{"damage":21,"enemies":"Centurion and Healer","floor":30,"turns":3},{"damage":13,"enemies":"Snecko","floor":31,"turns":3},{"damage":58,"enemies":"Automaton","floor":35,"turns":6},{"damage":26,"enemies":"3 Darklings","floor":37,"turns":4},{"damage":8,"enemies":"3 Shapes","floor":38,"turns":5},{"damage":23,"enemies":"3 Darklings","floor":40,"turns":5},{"damage":38,"enemies":"Nemesis","floor":42,"turns":5},{"damage":24,"enemies":"Writhing Mass","floor":43,"turns":4},{"damage":12,"enemies":"Spire Growth","floor":47,"turns":4},{"damage":3,"enemies":"Maw","floor":49,"turns":4},{"damage":46,"enemies":"Replay:Hell Engine","floor":52,"turns":4}],"seed_played":"2965652464551492584","potions_obtained":[{"floor":2.0,"key":"LiquidBronze"},{"floor":2.0,"key":"Adrenaline Potion"},{"floor":2.0,"key":"Fruit Juice"},{"floor":5.0,"key":"FearPotion"},{"floor":12.0,"key":"Strength Potion"},{"floor":14.0,"key":"Adrenaline Potion"},{"floor":16.0,"key":"Energy Potion"},{"floor":20.0,"key":"CunningPotion"},{"floor":24,"key":"SkillPotion"},{"floor":35,"key":"Fire Potion"},{"floor":40,"key":"Dexterity Potion"},{"floor":42,"key":"Strength Potion"},{"floor":47,"key":"testmod-SpacePotion"}],"is_trial":false,"path_per_floor":["M","?","M","M","M","R","?","?","T","M","$","M","M","M","R","B",null,"M","$","M","?","R","R","E","?","T","E","T","$","M","M","PTL","PTL","R","B",null,"M","M","?","M","$","E","M","R","T","$","M","$","M","R","R","B",null],"character_chosen":"THE_SILENT","items_purchased":["jedi:arcanewood","jedi:collectorvenom+1","Replay:Bandana","Bronze Scales","Membership Card","Poisoned Stab","Toxic Egg 2","testmod-Charity","The Specimen","Guide Book","ReplayTheSpireMod:Tripwire+1","Prepared+1"],"campfire_rested":5,"item_purchase_floors":[11,11,11,11,19,19,29,29,41,41,46,48],"current_hp_per_floor":[57,62,62,58,57,57,62,62,62,40,40,33,25,25,53,16,94,71,71,66,66,94,94,74,55,55,37,37,37,27,35,35,35,72,39,151,132,139,139,131,131,108,91,91,91,91,92,92,94,162,228,186],"gold":10,"neow_bonus":"TWENTY_PERCENT_HP_BONUS","is_daily":false,"chose_seed":false,"campfire_upgraded":3,"win_rate":0.0,"timestamp":1613010894,"path_taken":["M","?","M","?","M","R","?","?","T","?","$","M","M","M","R","BOSS","M","$","M","?","?","R","E","?","T","E","?","$","M","M","PTL","PTL","R","BOSS","M","M","?","?","$","E","?","R","T","$","M","?","?","?","R","BOSS"],"items_purchased_type":["Relic","Card","Relic","Relic","Relic","Card","Relic","Relic","Relic","Relic","Card","Card"],"build_version":"2020-12-22","purchased_purges":1,"victory":true,"max_hp_per_floor":[84,89,89,89,89,89,94,94,94,94,94,94,94,94,94,94,94,94,94,94,94,94,94,94,94,94,94,94,94,105,126,126,126,126,151,151,158,173,173,188,188,203,210,210,210,210,223,223,228,228,228,232],"card_choices":[{"not_picked":["Dodge and Roll","PiercingWail"],"picked":"jedi:pocketpoison","floor":1.0},{"not_picked":["Prepared","After Image"],"picked":"All Out Attack","floor":3.0},{"not_picked":["Blade Dance","Deflect"],"picked":"Flying Knee","floor":4.0},{"not_picked":["Concentrate","Poisoned Stab"],"picked":"Catalyst","floor":5.0},{"not_picked":["Dagger Spray","Outmaneuver"],"picked":"Deadly Poison","floor":10.0},{"not_picked":["Poisoned Stab","Backflip"],"picked":"jedi:collectorvenom+1","floor":12.0},{"not_picked":["Fluid Movement","Venomology"],"picked":"jedi:collectorvenom+1","floor":13.0},{"not_picked":["Blade Dance","Deflect"],"picked":"Acrobatics","floor":14.0},{"not_picked":["Atom Bomb","Corpse Explosion"],"picked":"Replay:Bag of Tricks","floor":16.0},{"not_picked":["Dodge and Roll","Cloak And Dagger"],"picked":"jedi:collectorvenom+1","floor":18.0},{"not_picked":["Fluid Movement","Deflect"],"picked":"jedi:collectorvenom+1","floor":20.0},{"not_picked":["Acrobatics+1","PiercingWail"],"picked":"Caltrops+1","floor":24},{"not_picked":["Tools of the Trade","jedi:pocketpoison"],"picked":"Poison Darts","floor":27},{"not_picked":["Endless Agony","jedi:collectorvenom+1"],"picked":"Crippling Poison+1","floor":30},{"not_picked":["Well Laid Plans","Quick Slash+1"],"picked":"Distraction+1","floor":31},{"not_picked":["jedi:collectorvenom+1","Poison Darts+1"],"picked":"jedi:brewingpoison+1","floor":35},{"not_picked":["Outmaneuver+1","Crippling Poison+1"],"picked":"jedi:collectorvenom+1","floor":37},{"not_picked":["Underhanded Strike","ReplayTheSpireMod:The Works+1"],"picked":"jedi:collectorvenom+1","floor":38},{"not_picked":["Prepared+1","PiercingWail+1"],"picked":"jedi:collectorvenom+1","floor":40},{"not_picked":["After Image","Crippling Poison+1"],"picked":"jedi:collectorvenom+1","floor":42},{"not_picked":["Footwork+1","Cloak And Dagger+1"],"picked":"jedi:collectorvenom+1","floor":43},{"not_picked":["jedi:collectorvenom+1","Masterful Stab+1"],"picked":"jedi:pocketpoison+1","floor":47},{"not_picked":["Crippling Poison+1","Dagger Throw"],"picked":"jedi:collectorvenom+1","floor":49}],"player_experience":215442,"relics_obtained":[{"floor":24,"key":"MawBank"},{"floor":24,"key":"Runesmith:Nanobots"},{"floor":26,"key":"Boot"},{"floor":27,"key":"Du-Vu Doll"},{"floor":27,"key":"Ancient Tea Set"},{"floor":28,"key":"Smiling Mask"},{"floor":36,"key":"aspiration:VileToxins"},{"floor":36,"key":"Blue Candle"},{"floor":36,"key":"jedi:gremlinknob"},{"floor":42,"key":"Oddly Smooth Stone"},{"floor":42,"key":"Letter Opener"},{"floor":45,"key":"Gremlin Horn"}],"event_choices":[{"damage_healed":0.0,"max_hp_gain":0.0,"max_hp_loss":0.0,"gold_gain":0.0,"event_name":"Lab","player_choice":"Got Potions","floor":2.0,"gold_loss":0.0,"damage_taken":0.0},{"damage_healed":0.0,"max_hp_gain":5.0,"max_hp_loss":0.0,"gold_gain":0.0,"event_name":"Big Fish","player_choice":"Donut","floor":7.0,"gold_loss":0.0,"damage_taken":0.0},{"damage_healed":0.0,"max_hp_gain":0.0,"max_hp_loss":0.0,"gold_gain":400.0,"event_name":"恩洛斯的盘子","player_choice":"Sell","floor":8.0,"relics_lost":["testmod-TestBox"],"gold_loss":0.0,"damage_taken":0.0},{"damage_healed":0.0,"max_hp_gain":0.0,"max_hp_loss":0.0,"gold_gain":0.0,"event_name":"N\u0027loth","player_choice":"Traded Relic","floor":21.0,"relics_lost":["Bronze Scales"],"gold_loss":0.0,"damage_taken":0.0,"relics_obtained":["Nloth\u0027s Gift"]},{"damage_healed":0,"gold_gain":0,"player_choice":"Ignored","damage_taken":0,"max_hp_gain":0,"max_hp_loss":0,"event_name":"Tomb of Lord Red Mask","floor":39,"gold_loss":0}],"is_beta":false,"boss_relics":[{"not_picked":["testmod-Prudence","aspiration:PoetsPen_weak"],"picked":"Black Star"},{"not_picked":["testmod-Fanaticism","testmod-TimeTraveler"],"picked":"Calling Bell"}],"items_purged_floors":[11],"is_endless":false,"potions_floor_spawned":[5,12,14,16,20,24,35,40,42,47],"ascension_level":3}}