{"host":"27g79df0endkaa4r","time":1613086204,"event":{"mods":["Abigail Mod","AchievementEnabler","Act Like it!","Alarm Clock","BaseMod","Better Altar","Better Match","Better Skull","Better Third Choice","BetterRewards","Bossed Relics","CapriCore","Card Forge","Colored Map","Curses Come First","Disable Question Mark Monsters","Displayed Cursed Tome","Emptier Cage","FoggyMod","Friendly Minions","Gold Saver","Good Game Mod","Grow up Mod","Highlight Path","Kratos Character Expansion","Minty Spire (QoL Compilation)","Permanent Neow","Poem Panic","Remilia??????","Shop Mod","StSLib","The Immortal","The Servant 0.9.4","The Vixen","Transform Curses","Virulent Crown","????"],"gold_per_floor":[1009,1184,1235,1250,1250,1275,1200,1212,1212,1241,1253,1253,870,900,413,516,516,526,305,305,24,24,24,49,49,49,79,106,141,153,62,13,110,110,127,127,0,0,275,301,311,343,343,393,393,393,393,287,83,83],"floor_reached":51,"language":"ENG","playtime":1706,"items_purged":[],"score":1151,"play_id":"37ee5eec-9059-4449-b602-3fe828d82322","local_time":"20210212003004","is_ascension_mode":false,"campfire_choices":[{"floor":23,"key":"REST"}],"circlet_count":0,"master_deck":["Zap+1","Dualcast+1","HeartBreak+1","Double Energy+1","White Noise+1","Barrage+1","Static Discharge+1","Rebound+1","Amplify+1","Master of Strategy+1","Doom and Gloom+1","Heatsinks+1","Biased Cognition+1","Rebound+1","Static Discharge+1","Ball Lightning+1","Darkness+1","Capacitor+1","Sweeping Beam+1","Conserve Battery+1","Electrodynamics+1","Static Discharge+1","Doom and Gloom+1","RitualDagger+1","Multi-Cast+1","Redo+1","Biased Cognition+1","Tempest+1","HandOfGreed+1","KratosMod:FullCounter+1","Dark Shackles+1","Regret","Conserve Battery+1","White Noise+1","Regret","Hello World+1","Madness+1","Madness+1","HeartBreak+1"],"relics":["Cracked Core","Hammer of Thor","Seething Fire","Anvil of the Gods","REME:ComplimentaryCards","MerchantsRug","Sling","Shuriken","KratosMod:chalice","TheVixenMod:EternalFlame","Anchor","Molten Egg 2","Eternal Feather","TungstenRod","Calipers","Mercury Hourglass","TheAbacus","Gremlin Horn","Empty Cage","Centennial Puzzle","Vajra","HandDrill","Blood Vial","Pen Nib","Kunai","Membership Card","Cursed Key","Red Mask","Sundial","Lantern","Mummified Hand","Thread and Needle","Torii","Juzu Bracelet","Oddly Smooth Stone","Ornamental Fan","DollysMirror"],"acts_visited":["Exordium","TheCity","TheBeyond"],"potions_floor_usage":[],"damage_taken":[{"damage":5,"enemies":"Small Slimes","floor":1,"turns":2},{"damage":0,"enemies":"Jaw Worm","floor":4,"turns":2},{"damage":14,"enemies":"3 Sentries","floor":6,"turns":4},{"damage":2,"enemies":"Cultist","floor":8,"turns":2},{"damage":12,"enemies":"Lagavulin","floor":10,"turns":4},{"damage":4,"enemies":"Looter","floor":11,"turns":3},{"damage":7,"enemies":"Gremlin Nob","floor":14,"turns":2},{"damage":19,"enemies":"The Guardian","floor":16,"turns":4},{"damage":9,"enemies":"Spheric Guardian","floor":18,"turns":3},{"damage":0,"enemies":"Gremlin Leader","floor":27,"turns":3},{"damage":15,"enemies":"Book of Stabbing","floor":29,"turns":3},{"damage":0,"enemies":"Chosen","floor":30,"turns":3},{"damage":19,"enemies":"Automaton","floor":33,"turns":4},{"damage":0,"enemies":"3 Shapes","floor":35,"turns":1},{"damage":23,"enemies":"Giant Head","floor":40,"turns":6},{"damage":0,"enemies":"Orb Walker","floor":41,"turns":2},{"damage":61,"enemies":"Nemesis","floor":42,"turns":5},{"damage":20,"enemies":"Mind Bloom Boss Battle","floor":44,"turns":3},{"damage":46,"enemies":"Time Eater","floor":50,"turns":7}],"seed_played":"-2921784330408269076","potions_obtained":[{"floor":4,"key":"PotionOfCapacity"},{"floor":10,"key":"LiquidMemories"},{"floor":11,"key":"AttackPotion"},{"floor":18,"key":"Explosive Potion"},{"floor":27,"key":"GamblersBrew"},{"floor":29,"key":"BlessingOfTheForge"},{"floor":30,"key":"LiquidBronze"},{"floor":41,"key":"ColorlessPotion"},{"floor":44,"key":"DuplicationPotion"}],"is_trial":false,"path_per_floor":["M","?","T","M","?","E","?","M","T","E","M","T","R","E","R","B",null,"M","$","?","$","?","R","T","?","T","E","T","E","M","$","R","B",null,"M","?","?","$","?","E","M","E","T","?","?","?","T","$","R","B",null],"character_chosen":"DEFECT","items_purchased":["MerchantsRug","Double Energy","Sling","Shuriken","Static Discharge","Calipers","Ball Lightning+1","TheAbacus","Gremlin Horn","Capacitor","Sweeping Beam+1","Conserve Battery","Doom and Gloom+1","Centennial Puzzle","Vajra","HandDrill","Kunai","Membership Card","Juzu Bracelet","Oddly Smooth Stone","Ornamental Fan","DollysMirror"],"campfire_rested":1,"item_purchase_floors":[0,0,0,0,13,13,13,15,15,15,15,15,19,19,21,21,31,32,48,48,49,49],"current_hp_per_floor":[90,100,110,120,130,126,136,144,154,152,158,168,187,190,212,203,255,256,266,276,286,291,315,325,349,359,369,379,374,386,396,419,410,439,449,450,460,470,480,469,481,432,442,434,444,386,396,406,437,407],"gold":83,"neow_bonus":"","is_daily":false,"chose_seed":false,"campfire_upgraded":0,"win_rate":0.0,"timestamp":1613086204,"path_taken":["M","?","?","?","?","E","?","?","T","E","?","?","R","E","R","BOSS","M","?","?","$","?","R","?","?","T","E","?","E","?","$","R","BOSS","M","?","?","?","?","E","?","E","T","?","?","?","?","$","R","BOSS"],"items_purchased_type":["Relic","Card","Relic","Relic","Card","Relic","Card","Relic","Relic","Card","Card","Card","Card","Relic","Relic","Relic","Relic","Relic","Relic","Relic","Relic","Relic"],"build_version":"2020-12-22","purchased_purges":0,"victory":true,"max_hp_per_floor":[95,105,115,125,135,145,155,165,175,185,195,205,215,225,235,245,255,265,275,285,295,305,315,325,349,359,369,379,389,399,409,419,429,439,449,459,469,479,489,499,509,519,529,539,549,559,569,579,589,599],"card_choices":[{"not_picked":["Hologram","Compile Driver"],"picked":"White Noise","floor":1},{"not_picked":["Lockon","Glacier"],"picked":"Barrage","floor":4},{"not_picked":["Heatsinks","Storm"],"picked":"Static Discharge","floor":6},{"not_picked":["Hologram","Ball Lightning"],"picked":"Rebound","floor":7},{"not_picked":["All For One","Reboot"],"picked":"Amplify","floor":7},{"not_picked":["Secret Technique","KratosMod:FullCounter"],"picked":"Master of Strategy","floor":7},{"not_picked":["White Noise","Heatsinks"],"picked":"Doom and Gloom","floor":7},{"not_picked":["Hologram","Redo"],"picked":"Heatsinks","floor":8},{"not_picked":["Loop","Go for the Eyes+1"],"picked":"Biased Cognition","floor":10},{"not_picked":["Go for the Eyes+1","Compile Driver+1"],"picked":"Rebound+1","floor":11},{"not_picked":["Capacitor","Ball Lightning+1"],"picked":"Darkness","floor":14},{"not_picked":["Amplify","Seek"],"picked":"Electrodynamics","floor":16},{"not_picked":["Gash+1","Reprogram"],"picked":"Static Discharge","floor":18},{"not_picked":["Self Repair+1","Ball Lightning+1"],"picked":"Tempest","floor":27},{"not_picked":["Beam Cell+1","Compile Driver+1"],"picked":"Multi-Cast","floor":29},{"not_picked":["Sweeping Beam+1","Self Repair"],"picked":"Redo+1","floor":30},{"not_picked":["All For One+1","Fission"],"picked":"Biased Cognition","floor":33},{"not_picked":["Sweeping Beam+1","Chill"],"picked":"Tempest","floor":35},{"not_picked":["Master of Strategy","Purity"],"picked":"HandOfGreed+1","floor":36},{"not_picked":["Trip","Impatience"],"picked":"KratosMod:FullCounter","floor":36},{"not_picked":["Forethought","Magnetism"],"picked":"Dark Shackles","floor":36},{"not_picked":["Melter+1","Compile Driver+1"],"picked":"Conserve Battery+1","floor":40},{"not_picked":["Redo","Coolheaded+1","Aggregate"],"picked":"SKIP","floor":41},{"not_picked":["Tempest+1","Blizzard+1"],"picked":"White Noise","floor":42},{"not_picked":["Defragment","Fusion"],"picked":"Hello World","floor":44}],"player_experience":5914,"relics_obtained":[{"floor":3,"key":"Potion Belt"},{"floor":6,"key":"Anchor"},{"floor":9,"key":"Molten Egg 2"},{"floor":10,"key":"Eternal Feather"},{"floor":12,"key":"TungstenRod"},{"floor":14,"key":"Mercury Hourglass"},{"floor":24,"key":"Toy Ornithopter"},{"floor":26,"key":"White Beast Statue"},{"floor":27,"key":"Blood Vial"},{"floor":28,"key":"Pen Nib"},{"floor":29,"key":"Peace Pipe"},{"floor":40,"key":"Sundial"},{"floor":42,"key":"Lantern"},{"floor":43,"key":"Mummified Hand"},{"floor":44,"key":"Thread and Needle"},{"floor":47,"key":"Torii"}],"event_choices":[{"damage_healed":0,"gold_gain":175,"player_choice":"AGREE","damage_taken":1009,"max_hp_gain":0,"max_hp_loss":0,"event_name":"betterThird:BetterSerpent","floor":2,"gold_loss":0},{"damage_healed":0,"gold_gain":0,"player_choice":"1","damage_taken":0,"max_hp_gain":0,"max_hp_loss":0,"event_name":"betterMatch:BetterMatch","floor":7,"gold_loss":0,"cards_obtained":["betterMatch:CommonCard","betterMatch:RareCard","betterMatch:ColorlessRareCard","betterMatch:UncommonCard"]},{"damage_healed":0,"gold_gain":0,"player_choice":"Adaptability","damage_taken":0,"max_hp_gain":0,"max_hp_loss":0,"event_name":"betterThird:BetterWriting","floor":20,"gold_loss":0},{"damage_healed":0,"gold_gain":0,"player_choice":"Dagger","damage_taken":6,"max_hp_gain":0,"max_hp_loss":0,"event_name":"betterThird:BetterNest","floor":22,"gold_loss":0,"cards_obtained":["RitualDagger"]},{"damage_healed":0,"gold_gain":0,"player_choice":"Stole Relic","damage_taken":0,"relics_obtained":["Mango"],"max_hp_gain":0,"max_hp_loss":0,"event_name":"Addict","floor":25,"gold_loss":0,"cards_obtained":["Shame"]},{"damage_healed":0,"gold_gain":0,"player_choice":"Memory 3","damage_taken":10,"max_hp_gain":0,"max_hp_loss":0,"event_name":"SensoryStone","floor":36,"gold_loss":0},{"damage_healed":0,"gold_gain":0,"player_choice":"Paid","damage_taken":0,"relics_obtained":["Red Mask"],"max_hp_gain":0,"max_hp_loss":0,"event_name":"Tomb of Lord Red Mask","floor":37,"gold_loss":127},{"damage_healed":0,"gold_gain":275,"player_choice":"Desecrate","damage_taken":0,"max_hp_gain":0,"max_hp_loss":0,"event_name":"Golden Shrine","floor":39,"gold_loss":0,"cards_obtained":["Regret"]},{"damage_healed":0,"gold_gain":0,"player_choice":"Fight","damage_taken":0,"max_hp_gain":0,"max_hp_loss":0,"event_name":"MindBloom","floor":44,"gold_loss":0},{"cards_removed":["Tempest"],"damage_healed":0,"gold_gain":0,"player_choice":"Removed Skill","damage_taken":0,"max_hp_gain":0,"max_hp_loss":0,"event_name":"Falling","floor":45,"gold_loss":0},{"damage_healed":0,"gold_gain":0,"player_choice":"Embrace Madness","damage_taken":69,"max_hp_gain":0,"max_hp_loss":0,"event_name":"Winding Halls","floor":46,"gold_loss":0,"cards_obtained":["Madness","Madness"]}],"is_beta":false,"boss_relics":[{"not_picked":["Coffee Dripper","Snecko Eye"],"picked":"Empty Cage"},{"not_picked":["Busted Crown","SlaversCollar"],"picked":"Cursed Key"}],"items_purged_floors":[],"is_endless":false,"potions_floor_spawned":[4,10,11,18,27,29,30,41,44],"ascension_level":0}}