{"host":"sc0o2qwpf9j16a4i","time":1613064514,"event":{"mods":["AchievementEnabler","BaseMod","BetterRewards","Block Reminder","Colored Map","Colored Powertips","Custom Start","Highlight Path","Minty Spire (QoL Compilation)","Relic Stats"],"gold_per_floor":[114,389,407,425,437,483,39,73,73,85,112,112,172,212,212,312,312,352,369,369,412,18,71,71,98,98,98,26,26,66,102,102,223,223,235,46,0,0,96,141,200,200,200,200,241,280,280,340,340,390],"floor_reached":51,"language":"ENG","playtime":1194,"items_purged":[],"score":1140,"play_id":"6e401f8a-2ccd-4f72-8f15-6fde9824a53b","local_time":"20210211192834","daily_mods":["SealedDeck","Vintage","Terminal"],"is_ascension_mode":false,"campfire_choices":[{"data":"Conclude","floor":15,"key":"SMITH"},{"data":"Blasphemy","floor":24,"key":"SMITH"},{"data":"Wallop","floor":27,"key":"SMITH"},{"data":"DeceiveReality","floor":29,"key":"SMITH"},{"data":"CutThroughFate","floor":32,"key":"SMITH"},{"data":"ReachHeaven","floor":42,"key":"SMITH"},{"data":"BowlingBash","floor":49,"key":"SMITH"}],"circlet_count":0,"master_deck":["DeceiveReality+1","EmptyFist","Crescendo","ReachHeaven+1","Consecrate","CutThroughFate+1","BowlingBash+1","Wallop+1","BowlingBash","Conclude+1","Regret","FearNoEvil","HandOfGreed+1","Consecrate","BowlingBash","Blasphemy+1","Crescendo+1","Halt+1","Worship+1","HandOfGreed+1","Flash of Steel"],"relics":["PureWater","Gremlin Horn","Prayer Wheel","MawBank","CultistMask","Orichalcum","CloakClasp","Pantograph","Thread and Needle","Pocketwatch","Singing Bowl","Ornamental Fan","Vajra","Busted Crown","Lizard Tail","Shuriken","Darkstone Periapt","Art of War","Toxic Egg 2","Sling","Matryoshka","Juzu Bracelet","Omamori","Blue Candle","Tiny Chest","PreservedInsect","Snecko Eye","Strawberry","DollysMirror","Red Mask","FossilizedHelix","TeardropLocket","CeramicFish","StrikeDummy","HornCleat","Frozen Egg 2","Incense Burner","Potion Belt","Bronze Scales"],"acts_visited":["Exordium","TheCity","TheBeyond"],"potions_floor_usage":[23,33,41],"damage_taken":[{"damage":0,"enemies":"Jaw Worm","floor":1,"turns":2},{"damage":0,"enemies":"2 Louse","floor":3,"turns":1},{"damage":2,"enemies":"Cultist","floor":4,"turns":2},{"damage":3,"enemies":"Gremlin Nob","floor":6,"turns":2},{"damage":6,"enemies":"Large Slime","floor":8,"turns":3},{"damage":0,"enemies":"Red Slaver","floor":10,"turns":1},{"damage":6,"enemies":"Lagavulin","floor":11,"turns":3},{"damage":3,"enemies":"3 Sentries","floor":13,"turns":2},{"damage":0,"enemies":"Exordium Wildlife","floor":14,"turns":2},{"damage":0,"enemies":"Slime Boss","floor":16,"turns":3},{"damage":0,"enemies":"Shell Parasite","floor":18,"turns":2},{"damage":0,"enemies":"Chosen","floor":19,"turns":2},{"damage":3,"enemies":"Snecko","floor":21,"turns":4},{"damage":2,"enemies":"Slavers","floor":23,"turns":2},{"damage":0,"enemies":"Gremlin Leader","floor":25,"turns":2},{"damage":1,"enemies":"Centurion and Healer","floor":30,"turns":2},{"damage":1,"enemies":"Snake Plant","floor":31,"turns":2},{"damage":1,"enemies":"Automaton","floor":33,"turns":5},{"damage":0,"enemies":"3 Darklings","floor":35,"turns":1},{"damage":1,"enemies":"2 Orb Walkers","floor":39,"turns":2},{"damage":0,"enemies":"Orb Walker","floor":40,"turns":2},{"damage":0,"enemies":"Nemesis","floor":41,"turns":1},{"damage":1,"enemies":"Sphere and 2 Shapes","floor":45,"turns":2},{"damage":0,"enemies":"3 Darklings","floor":46,"turns":2},{"damage":0,"enemies":"Giant Head","floor":48,"turns":4},{"damage":1,"enemies":"Awakened One","floor":50,"turns":8}],"seed_played":"7334190281917515390","potions_obtained":[{"floor":3,"key":"Weak Potion"},{"floor":8,"key":"Block Potion"},{"floor":11,"key":"LiquidBronze"},{"floor":25,"key":"Fire Potion"},{"floor":30,"key":"Dexterity Potion"},{"floor":35,"key":"SpeedPotion"},{"floor":40,"key":"ColorlessPotion"}],"is_trial":true,"path_per_floor":["M","?","M","M","?","E","$","M","T","M","E","?","E","M","R","B",null,"M","M","?","M","$","E","R","E","T","R","$","R","M","M","R","B",null,"M","$","?","?","?","M","E","R","T","T","M","M","?","E","R","B",null],"character_chosen":"WATCHER","items_purchased":["CloakClasp","HandOfGreed","Toxic Egg 2","Sling","Crescendo+1","Halt+1","Worship+1","DollysMirror"],"campfire_rested":0,"item_purchase_floors":[7,7,22,22,28,28,36,36],"current_hp_per_floor":[70,69,68,66,66,63,63,57,57,57,51,51,48,48,48,55,54,53,52,51,48,48,48,48,50,49,48,47,46,45,44,43,44,43,49,48,47,46,47,46,47,46,45,44,43,42,41,42,41,40],"gold":390,"neow_bonus":"","is_daily":false,"chose_seed":false,"campfire_upgraded":7,"win_rate":0.0,"timestamp":1613064514,"path_taken":["M","?","?","M","?","E","$","?","T","M","E","?","E","M","R","BOSS","M","M","?","M","?","E","R","E","T","R","$","R","M","M","R","BOSS","M","$","?","?","?","M","E","R","T","?","M","M","?","E","R","BOSS"],"items_purchased_type":["Relic","Card","Relic","Relic","Card","Card","Card","Relic"],"build_version":"2020-12-22","purchased_purges":0,"victory":true,"max_hp_per_floor":[70,69,68,67,66,65,64,63,62,61,60,59,58,57,56,55,54,53,52,51,50,49,50,49,50,49,48,47,46,45,44,43,44,43,49,48,47,46,47,46,47,46,45,44,43,42,41,42,41,40],"relic_stats":{"Darkstone Periapt":0,"Gremlin Horn":[20,20],"Singing Bowl":12,"counters":[26,64],"Blue Candle":[7],"CeramicFish":0,"PreservedInsect":172,"CloakClasp":[145],"Juzu Bracelet":1,"Orichalcum":[42],"MawBank":36,"Lizard Tail":0,"Busted Crown":12,"Ornamental Fan":[144],"Shuriken":[31],"Pantograph":8,"Bronze Scales":[33],"Snecko Eye":[36,38,56,37],"Prayer Wheel":0,"Tiny Chest":1,"Art of War":[1],"obtain_stats":[{"Darkstone Periapt":20,"Gremlin Horn":1,"Singing Bowl":11,"CeramicFish":41,"Vajra":14,"CloakClasp":7,"Juzu Bracelet":25,"Incense Burner":45,"TeardropLocket":40,"Sling":22,"Lizard Tail":18,"Matryoshka":23,"HornCleat":43,"DollysMirror":36,"Pantograph":8,"Strawberry":35,"Prayer Wheel":3,"Tiny Chest":30,"Red Mask":37,"Toxic Egg 2":22,"Potion Belt":46,"Blue Candle":26,"Thread and Needle":9,"PreservedInsect":31,"Omamori":26,"Orichalcum":6,"Frozen Egg 2":44,"MawBank":4,"Busted Crown":17,"Ornamental Fan":13,"Shuriken":19,"Bronze Scales":48,"Snecko Eye":34,"CultistMask":5,"Art of War":21,"PureWater":0,"StrikeDummy":43,"FossilizedHelix":39,"Pocketwatch":10},{"Darkstone Periapt":12,"Gremlin Horn":1,"Singing Bowl":7,"CeramicFish":22,"Vajra":9,"CloakClasp":4,"Juzu Bracelet":15,"Incense Burner":23,"TeardropLocket":21,"Sling":13,"Lizard Tail":11,"Matryoshka":14,"HornCleat":22,"DollysMirror":19,"Pantograph":5,"Strawberry":19,"Prayer Wheel":2,"Tiny Chest":16,"Red Mask":19,"Toxic Egg 2":13,"Potion Belt":24,"Blue Candle":15,"Thread and Needle":5,"PreservedInsect":17,"Omamori":15,"Orichalcum":4,"Frozen Egg 2":22,"MawBank":3,"Busted Crown":10,"Ornamental Fan":8,"Shuriken":12,"Bronze Scales":25,"Snecko Eye":18,"CultistMask":3,"Art of War":13,"PureWater":0,"StrikeDummy":22,"FossilizedHelix":20,"Pocketwatch":6},{"Darkstone Periapt":25,"Gremlin Horn":2,"Singing Bowl":14,"CeramicFish":48,"Vajra":18,"CloakClasp":7,"Juzu Bracelet":33,"Incense Burner":50,"TeardropLocket":47,"Sling":29,"Lizard Tail":23,"Matryoshka":31,"HornCleat":48,"DollysMirror":43,"Pantograph":10,"Strawberry":43,"Prayer Wheel":3,"Tiny Chest":35,"Red Mask":43,"Toxic Egg 2":29,"Potion Belt":52,"Blue Candle":33,"Thread and Needle":10,"PreservedInsect":37,"Omamori":33,"Orichalcum":7,"Frozen Egg 2":48,"MawBank":5,"Busted Crown":21,"Ornamental Fan":16,"Shuriken":25,"Bronze Scales":56,"Snecko Eye":42,"CultistMask":5,"Art of War":29,"PureWater":0,"StrikeDummy":48,"FossilizedHelix":45,"Pocketwatch":11}],"Pocketwatch":[23]},"card_choices":[{"not_picked":["FlurryOfBlows","Evaluate"],"picked":"FearNoEvil","floor":6},{"not_picked":["EmptyFist","FlurryOfBlows"],"picked":"Consecrate","floor":11},{"not_picked":["Wireheading","FollowUp"],"picked":"BowlingBash","floor":13},{"not_picked":["Scrawl","DeusExMachina"],"picked":"Blasphemy","floor":16},{"not_picked":["SashWhip+1"],"picked":"Singing Bowl","floor":23},{"not_picked":["WreathOfFlame+1"],"picked":"Singing Bowl","floor":25},{"not_picked":["DevaForm"],"picked":"Singing Bowl","floor":33},{"not_picked":["WindmillStrike+1"],"picked":"Singing Bowl","floor":39},{"not_picked":["BowlingBash+1"],"picked":"Singing Bowl","floor":41},{"not_picked":["SandsOfTime+1"],"picked":"Singing Bowl","floor":48}],"player_experience":1345915,"relics_obtained":[{"floor":1,"key":"Gremlin Horn"},{"floor":3,"key":"Prayer Wheel"},{"floor":4,"key":"MawBank"},{"floor":6,"key":"Orichalcum"},{"floor":8,"key":"Pantograph"},{"floor":9,"key":"Thread and Needle"},{"floor":10,"key":"Pocketwatch"},{"floor":11,"key":"Singing Bowl"},{"floor":13,"key":"Ornamental Fan"},{"floor":14,"key":"Vajra"},{"floor":18,"key":"Lizard Tail"},{"floor":19,"key":"Shuriken"},{"floor":21,"key":"Art of War"},{"floor":23,"key":"Matryoshka"},{"floor":25,"key":"Juzu Bracelet"},{"floor":26,"key":"Omamori"},{"floor":26,"key":"Blue Candle"},{"floor":30,"key":"Tiny Chest"},{"floor":31,"key":"PreservedInsect"},{"floor":35,"key":"Strawberry"},{"floor":39,"key":"FossilizedHelix"},{"floor":40,"key":"TeardropLocket"},{"floor":41,"key":"CeramicFish"},{"floor":43,"key":"StrikeDummy"},{"floor":43,"key":"HornCleat"},{"floor":44,"key":"Frozen Egg 2"},{"floor":45,"key":"Incense Burner"},{"floor":46,"key":"Potion Belt"},{"floor":48,"key":"Bronze Scales"}],"event_choices":[{"damage_healed":0,"gold_gain":275,"player_choice":"Desecrate","damage_taken":0,"max_hp_gain":0,"max_hp_loss":0,"event_name":"Golden Shrine","floor":2,"gold_loss":0,"cards_obtained":["Regret"]},{"damage_healed":0,"gold_gain":0,"player_choice":"Trade","damage_taken":0,"relics_obtained":["CultistMask"],"max_hp_gain":0,"max_hp_loss":0,"event_name":"FaceTrader","floor":5,"gold_loss":0},{"damage_healed":0,"gold_gain":0,"player_choice":"Grow","damage_taken":0,"max_hp_gain":0,"max_hp_loss":0,"event_name":"Living Wall","floor":12,"gold_loss":0,"cards_upgraded":["HandOfGreed"]},{"damage_healed":0,"gold_gain":0,"player_choice":"Gave Potion","damage_taken":0,"relics_obtained":["Darkstone Periapt"],"max_hp_gain":0,"max_hp_loss":0,"event_name":"WeMeetAgain","floor":20,"gold_loss":0},{"damage_healed":0,"gold_gain":0,"player_choice":"Paid","damage_taken":0,"relics_obtained":["Red Mask"],"max_hp_gain":0,"max_hp_loss":0,"event_name":"Tomb of Lord Red Mask","floor":37,"gold_loss":46},{"damage_healed":0,"gold_gain":0,"player_choice":"1 cards matched","damage_taken":0,"max_hp_gain":0,"max_hp_loss":0,"event_name":"Match and Keep!","floor":38,"gold_loss":0,"cards_obtained":["Flash of Steel"]},{"damage_healed":0,"gold_gain":0,"player_choice":"Fight","damage_taken":0,"max_hp_gain":0,"max_hp_loss":0,"event_name":"Mysterious Sphere","floor":39,"gold_loss":0},{"damage_healed":0,"gold_gain":0,"player_choice":"Ignored","damage_taken":0,"max_hp_gain":0,"max_hp_loss":0,"event_name":"NoteForYourself","floor":47,"gold_loss":0}],"is_beta":false,"boss_relics":[{"not_picked":["Cursed Key","SacredBark"],"picked":"Busted Crown"},{"not_picked":["Coffee Dripper","Runic Dome"],"picked":"Snecko Eye"}],"items_purged_floors":[],"is_endless":false,"potions_floor_spawned":[3,8,11,14,25,30,31,35,40],"ascension_level":0}}