{"host":"oehe2dxjvdgux73m","time":1613049974,"event":{"mods":["AchievementEnabler","BaseMod","Colored Map","Colored Powertips","DeckTracker","Keyboard Shortcuts","Minty Spire (QoL Compilation)","Permanent Neow","Quick Restart","StSLib","SuperFastMode"],"gold_per_floor":[212,224,122,1,14,14,49,63,63,63,91,102,102,163,163,241,241,251,251,269,285,335,335,362,362,362,362,375,407,39,92,92,92,92],"floor_reached":33,"language":"KOR","playtime":997,"items_purged":[],"score":550,"play_id":"2e5fe924-7b21-478e-ba88-0679069f6cb3","local_time":"20210211222614","is_ascension_mode":true,"campfire_choices":[{"data":"Cloak And Dagger","floor":6.0,"key":"SMITH"},{"floor":10.0,"key":"REST"},{"data":"Cloak And Dagger","floor":13.0,"key":"SMITH"},{"data":"Neutralize","floor":15.0,"key":"SMITH"},{"data":"Accuracy","floor":23.0,"key":"SMITH"},{"data":"After Image","floor":27.0,"key":"SMITH"},{"data":"Well Laid Plans","floor":32,"key":"SMITH"}],"circlet_count":0,"master_deck":["AscendersBane","Strike_G","Strike_G","Strike_G","Strike_G","Strike_G","Defend_G","Defend_G+1","Defend_G","Defend_G","Defend_G","Survivor","Neutralize+1","Cloak And Dagger+1","Blade Dance","Accuracy+1","Crippling Poison","Cloak And Dagger+1","Footwork","Backstab","Phantasmal Killer","After Image+1","Deflect+1","Footwork","Calculated Gamble+1","Prepared+1","Backflip","Well Laid Plans+1","Dodge and Roll"],"relics":["Ring of the Snake","Paper Crane","CaptainsWheel","Coffee Dripper","The Courier","Nloth\u0027s Gift","Shovel","HandDrill","War Paint","Happy Flower"],"acts_visited":["Exordium","TheCity"],"potions_floor_usage":[33],"damage_taken":[{"damage":5.0,"enemies":"Jaw Worm","floor":1.0,"turns":6.0},{"damage":6.0,"enemies":"Cultist","floor":2.0,"turns":5.0},{"damage":0.0,"enemies":"2 Louse","floor":5.0,"turns":2.0},{"damage":39.0,"enemies":"3 Sentries","floor":7.0,"turns":10.0},{"damage":0.0,"enemies":"Looter","floor":8.0,"turns":3.0},{"damage":5.0,"enemies":"Lagavulin","floor":11.0,"turns":6.0},{"damage":1.0,"enemies":"Red Slaver","floor":12.0,"turns":3.0},{"damage":3.0,"enemies":"Hexaghost","floor":16.0,"turns":8.0},{"damage":3.0,"enemies":"Chosen","floor":18.0,"turns":4.0},{"damage":0.0,"enemies":"3 Byrds","floor":20.0,"turns":6.0},{"damage":0.0,"enemies":"Snecko","floor":21.0,"turns":8.0},{"damage":35.0,"enemies":"Slavers","floor":24.0,"turns":10.0},{"damage":4.0,"enemies":"Snake Plant","floor":28.0,"turns":6.0},{"damage":0.0,"enemies":"Centurion and Healer","floor":29.0,"turns":4.0},{"damage":23,"enemies":"Collector","floor":33,"turns":5}],"seed_played":"-2104436695889043954","potions_obtained":[{"floor":7.0,"key":"Weak Potion"},{"floor":12.0,"key":"FearPotion"},{"floor":16.0,"key":"Explosive Potion"},{"floor":20.0,"key":"ColorlessPotion"},{"floor":21.0,"key":"Fire Potion"},{"floor":28.0,"key":"ColorlessPotion"}],"is_trial":false,"path_per_floor":["M","M","?","$","M","R","E","M","T","R","E","M","R","?","R","B",null,"M","?","M","M","?","R","E","?","T","R","M","M","$","T","R","B"],"character_chosen":"THE_SILENT","items_purchased":["Accuracy","Crippling Poison","Well Laid Plans","HandDrill","War Paint","Block Potion","Dodge and Roll"],"campfire_rested":1,"item_purchase_floors":[4,4,30,30,30,30,30],"current_hp_per_floor":[54,48,48,48,48,48,9,9,9,28,23,22,22,22,22,19,54,51,51,51,51,51,51,16,16,16,16,12,12,12,12,12,0,0],"gold":92,"neow_bonus":"HUNDRED_GOLD","is_daily":false,"chose_seed":false,"campfire_upgraded":6,"win_rate":0.0,"timestamp":1613049974,"path_taken":["M","M","?","$","M","R","E","M","T","R","E","?","R","?","R","BOSS","M","?","?","M","?","R","E","?","T","R","M","?","$","?","R","BOSS"],"items_purchased_type":["Card","Card","Card","Relic","Relic","Potion","Card"],"build_version":"2020-12-22","purchased_purges":0,"victory":false,"max_hp_per_floor":[66,66,66,66,66,66,66,66,66,66,66,66,66,66,66,66,66,66,66,66,66,66,66,66,66,66,66,66,66,66,66,66,66,66],"card_choices":[{"not_picked":["Underhanded Strike","Deflect"],"picked":"Cloak And Dagger","floor":1.0},{"not_picked":["Sucker Punch","Flying Knee"],"picked":"Blade Dance","floor":2.0},{"not_picked":["Dagger Throw","Burst"],"picked":"Cloak And Dagger","floor":5.0},{"not_picked":["Blur","Poisoned Stab"],"picked":"Footwork","floor":7.0},{"not_picked":["Outmaneuver","Flying Knee"],"picked":"Backstab","floor":8.0},{"not_picked":["Crippling Poison","Cloak And Dagger"],"picked":"Phantasmal Killer","floor":11.0},{"not_picked":["Quick Slash","Deadly Poison","Deflect"],"picked":"SKIP","floor":12.0},{"not_picked":["Phantasmal Killer","Corpse Explosion"],"picked":"After Image","floor":16.0},{"not_picked":["Slice","Acrobatics+1"],"picked":"Deflect+1","floor":18.0},{"not_picked":["Outmaneuver","Distraction"],"picked":"Calculated Gamble+1","floor":20.0},{"not_picked":["Dagger Throw","Slice+1","Terror"],"picked":"SKIP","floor":21.0},{"not_picked":["Setup","Blade Dance"],"picked":"Prepared","floor":24.0},{"not_picked":["Poisoned Stab","Prepared"],"picked":"Backflip","floor":28.0},{"not_picked":["Dagger Spray","Grand Finale","All Out Attack"],"picked":"SKIP","floor":29.0}],"player_experience":460444,"relics_obtained":[{"floor":7.0,"key":"CaptainsWheel"},{"floor":11.0,"key":"Art of War"},{"floor":24.0,"key":"The Courier"},{"floor":26.0,"key":"Shovel"},{"floor":31,"key":"Happy Flower"}],"event_choices":[{"damage_healed":0.0,"max_hp_gain":0.0,"max_hp_loss":0.0,"gold_gain":0.0,"event_name":"WeMeetAgain","player_choice":"Paid Gold","floor":3.0,"gold_loss":102.0,"damage_taken":0.0,"relics_obtained":["Paper Crane"]},{"damage_healed":0.0,"max_hp_gain":0.0,"max_hp_loss":0.0,"gold_gain":61.0,"event_name":"Golden Wing","player_choice":"Gained Gold","floor":14.0,"gold_loss":0.0,"damage_taken":0.0},{"damage_healed":0.0,"max_hp_gain":0.0,"max_hp_loss":0.0,"gold_gain":0.0,"event_name":"Duplicator","player_choice":"Copied","floor":19.0,"gold_loss":0.0,"damage_taken":0.0,"cards_obtained":["Footwork"]},{"damage_healed":0.0,"max_hp_gain":0.0,"max_hp_loss":0.0,"gold_gain":50.0,"event_name":"Nest","player_choice":"Stole From Cult","floor":22.0,"gold_loss":0.0,"damage_taken":0.0},{"damage_healed":0.0,"max_hp_gain":0.0,"max_hp_loss":0.0,"gold_gain":0.0,"event_name":"N\u0027loth","player_choice":"Traded Relic","floor":25.0,"relics_lost":["Art of War"],"gold_loss":0.0,"damage_taken":0.0,"relics_obtained":["Nloth\u0027s Gift"]}],"is_beta":false,"boss_relics":[{"not_picked":["Tiny House","Runic Pyramid"],"picked":"Coffee Dripper"}],"items_purged_floors":[],"is_endless":false,"potions_floor_spawned":[7,12,16,20,21,28],"killed_by":"Collector","ascension_level":20}}