{"host":"c97twqu0op5dg8i4","time":1613012601,"event":{"mods":["AchievementEnabler","BaseMod","Colored Map","Minty Spire (QoL Compilation)","Permanent Neow"],"gold_per_floor":[362,312,56,70,70,70,83,117,117,117,136,36,36,55,55,55,159,159,143,143,18,32,47,47,47,47,74,93,8,8,8,8,8],"floor_reached":32,"language":"ENG","playtime":838,"items_purged":["Strike_R","Strike_R","Strike_R"],"score":369,"play_id":"abad35eb-46ce-4ceb-a6a4-69eae79e2d39","local_time":"20210210220321","is_ascension_mode":true,"campfire_choices":[{"data":"Rampage","floor":6.0,"key":"SMITH"},{"data":"Metallicize","floor":10.0,"key":"SMITH"},{"data":"Shrug It Off","floor":15.0,"key":"SMITH"},{"data":"Cleave","floor":16.0,"key":"SMITH"},{"floor":24,"key":"REST"},{"data":"Juggernaut","floor":26,"key":"SMITH"},{"floor":31,"key":"REST"}],"circlet_count":0,"master_deck":["AscendersBane","Strike_R","Defend_R","Defend_R","Defend_R","Defend_R","Bash","Cleave+1","Rampage+1","Shrug It Off+1","Metallicize+1","Shrug It Off","Spot Weakness","Juggernaut+1","True Grit","Rampage+1","Shrug It Off+1"],"relics":["Burning Blood","Du-Vu Doll","Champion Belt","Runic Cube","Dream Catcher","Mercury Hourglass"],"acts_visited":["Exordium","TheCity"],"potions_floor_usage":[22],"damage_taken":[{"damage":4.0,"enemies":"Small Slimes","floor":1.0,"turns":4.0},{"damage":2.0,"enemies":"Cultist","floor":4.0,"turns":4.0},{"damage":1.0,"enemies":"Jaw Worm","floor":7.0,"turns":4.0},{"damage":18.0,"enemies":"3 Sentries","floor":8.0,"turns":9.0},{"damage":19.0,"enemies":"Large Slime","floor":11.0,"turns":7.0},{"damage":1.0,"enemies":"Blue Slaver","floor":14.0,"turns":5.0},{"damage":33,"enemies":"Slime Boss","floor":17,"turns":13},{"damage":29,"enemies":"2 Thieves","floor":19,"turns":4},{"damage":4,"enemies":"3 Byrds","floor":22,"turns":3},{"damage":26,"enemies":"Shelled Parasite and Fungi","floor":23,"turns":8},{"damage":30,"enemies":"Snake Plant","floor":28,"turns":5},{"damage":51,"enemies":"Book of Stabbing","floor":32,"turns":5}],"seed_played":"-816602838704683977","potions_obtained":[{"floor":4.0,"key":"Swift Potion"},{"floor":11.0,"key":"Ancient Potion"},{"floor":13.0,"key":"LiquidBronze"},{"floor":22,"key":"Explosive Potion"}],"is_trial":false,"path_per_floor":["M","?","$","M","$","R","M","E","T","R","M","$","?","M","R","R","B",null,"M","?","$","M","M","R","$","R","T","M","?","$","R","E"],"character_chosen":"IRONCLAD","items_purchased":["Rampage","Shrug It Off","Metallicize"],"campfire_rested":2,"item_purchase_floors":[3,3,3],"current_hp_per_floor":[53,53,53,57,57,57,62,50,50,50,37,37,37,42,42,42,15,64,41,41,41,43,23,47,47,47,47,23,23,23,47,0,0],"gold":8,"neow_bonus":"TWO_FIFTY_GOLD","is_daily":false,"chose_seed":false,"campfire_upgraded":5,"win_rate":0.0,"timestamp":1613012601,"path_taken":["M","?","$","M","$","R","M","E","T","R","M","$","?","?","R","R","BOSS","M","?","$","M","M","R","$","R","T","M","?","?","R","E"],"items_purchased_type":["Card","Card","Card"],"build_version":"2020-12-22","purchased_purges":3,"victory":false,"max_hp_per_floor":[80,80,80,80,80,80,80,80,80,80,80,80,80,80,80,80,80,80,80,80,80,80,80,80,80,80,80,80,80,80,80,80,80],"card_choices":[{"not_picked":["True Grit","Flex"],"picked":"Cleave","floor":1.0},{"not_picked":["Blood for Blood","Clothesline","Clash"],"picked":"SKIP","floor":4.0},{"not_picked":["Sentinel","Body Slam","Feel No Pain"],"picked":"SKIP","floor":7.0},{"not_picked":["Body Slam","Iron Wave","Twin Strike"],"picked":"SKIP","floor":8.0},{"not_picked":["Sever Soul","Thunderclap"],"picked":"Shrug It Off","floor":11.0},{"not_picked":["Clothesline","Rupture"],"picked":"Spot Weakness","floor":14.0},{"not_picked":["Bludgeon","Feed"],"picked":"Juggernaut","floor":17},{"not_picked":["Anger","Dual Wield","Perfected Strike+1"],"picked":"SKIP","floor":19},{"not_picked":["Inflame","Pommel Strike+1"],"picked":"True Grit","floor":22},{"not_picked":["Clash","Heavy Blade","Spot Weakness"],"picked":"SKIP","floor":23},{"not_picked":["Sever Soul","Rupture+1"],"picked":"Rampage+1","floor":28},{"not_picked":["Blood for Blood","Clothesline+1"],"picked":"Shrug It Off+1","floor":31}],"player_experience":379136,"relics_obtained":[{"floor":8.0,"key":"Du-Vu Doll"},{"floor":9.0,"key":"Champion Belt"},{"floor":27,"key":"Dream Catcher"}],"event_choices":[{"cards_removed":["Strike_R"],"damage_healed":0.0,"max_hp_gain":0.0,"max_hp_loss":0.0,"gold_gain":0.0,"event_name":"The Cleric","player_choice":"Card Removal","floor":2.0,"gold_loss":50.0,"damage_taken":0.0},{"damage_healed":0.0,"max_hp_gain":0.0,"max_hp_loss":0.0,"gold_gain":0.0,"event_name":"Lab","player_choice":"Got Potions","floor":13.0,"gold_loss":0.0,"damage_taken":0.0},{"damage_healed":0,"gold_gain":0,"player_choice":"Ignored","damage_taken":0,"max_hp_gain":0,"max_hp_loss":0,"event_name":"Vampires","floor":20,"gold_loss":0},{"damage_healed":0,"gold_gain":0,"player_choice":"Obtained Relic","damage_taken":0,"relics_obtained":["Mercury Hourglass"],"max_hp_gain":0,"max_hp_loss":0,"event_name":"Addict","floor":29,"gold_loss":85}],"is_beta":false,"boss_relics":[{"not_picked":["Coffee Dripper","Runic Pyramid"],"picked":"Runic Cube"}],"items_purged_floors":[3,12,21],"is_endless":false,"potions_floor_spawned":[4,11,14,22],"killed_by":"Book of Stabbing","ascension_level":11}}