{"host":"yecadp3kwkksam5a","time":1613044532,"event":{"mods":["100% Spire Juice","BaseMod","Minty Spire (QoL Compilation)","StSLib","SuperFastMode","The Cursed","WarShipGirlsR/??á´Ò³R mod"],"gold_per_floor":[119,44,44,57,72,72,72],"floor_reached":6,"language":"KOR","playtime":482,"items_purged":[],"score":122,"play_id":"9e0ef145-fbbb-4d57-bba5-d378a2a25869","local_time":"20210211205532","daily_mods":["Draft","Flight"],"is_ascension_mode":true,"campfire_choices":[],"circlet_count":0,"master_deck":["AscendersBane","Moonworks:FullSpeedAlicianrone","Moonworks:JonathanRush","Moonworks:NicePresent","Moonworks:EvilSpyWorkPreparation","Moonworks:JonathanRush","Moonworks:ScrambledEve","Moonworks:CloudOfSeagulls","Moonworks:CloudOfSeagulls","Moonworks:EvilSpyWorkPreparation","Moonworks:LulusLuckyEgg","Moonworks:CloudOfSeagulls","Moonworks:CloudOfSeagulls","Moonworks:Assault","Moonworks:JonathanRush","Moonworks:JonathanRush","Pain","Moonworks:JonathanRush","Moonworks:JonathanRush"],"relics":["Moonworks:BrokenBomb","Moonworks:Homemark","WarpedTongs"],"acts_visited":["Exordium"],"potions_floor_usage":[],"damage_taken":[{"damage":7,"enemies":"Jaw Worm","floor":1,"turns":2},{"damage":7,"enemies":"Small Slimes","floor":4,"turns":2},{"damage":7,"enemies":"Cultist","floor":5,"turns":3},{"damage":30,"enemies":"Lagavulin","floor":6,"turns":3}],"seed_played":"2518006233812308290","potions_obtained":[{"floor":4,"key":"BlessingOfTheForge"}],"is_trial":true,"path_per_floor":["M","?","?","M","M","E"],"character_chosen":"THE_STARBREAKER","items_purchased":[],"campfire_rested":0,"item_purchase_floors":[],"current_hp_per_floor":[43,43,43,36,29,0,0],"gold":72,"neow_bonus":"","is_daily":false,"chose_seed":false,"campfire_upgraded":0,"win_rate":0.0,"timestamp":1613044532,"path_taken":["M","?","?","M","?","E"],"items_purchased_type":[],"build_version":"2020-12-22","purchased_purges":0,"victory":false,"max_hp_per_floor":[55,55,55,55,55,55,55],"card_choices":[{"not_picked":["Moonworks:DeployBits","Moonworks:BeyondHell"],"picked":"Moonworks:FullSpeedAlicianrone","floor":0},{"not_picked":["Moonworks:SealedMemories","Moonworks:DeployBits"],"picked":"Moonworks:JonathanRush","floor":0},{"not_picked":["Moonworks:DeployBits","Moonworks:UnpaidWork"],"picked":"Moonworks:NicePresent","floor":0},{"not_picked":["Moonworks:FinalSurgery","Moonworks:IndiscriminateFireSupport"],"picked":"Moonworks:EvilSpyWorkPreparation","floor":0},{"not_picked":["Moonworks:BigMagnum","Moonworks:CookingTime"],"picked":"Moonworks:JonathanRush","floor":0},{"not_picked":["Moonworks:SakisCookie","Moonworks:RedAndBlue"],"picked":"Moonworks:ScrambledEve","floor":0},{"not_picked":["Moonworks:NicePresent","Moonworks:BigMagnum"],"picked":"Moonworks:CloudOfSeagulls","floor":0},{"not_picked":["Moonworks:Assault","Moonworks:FinalSurgery"],"picked":"Moonworks:CloudOfSeagulls","floor":0},{"not_picked":["Moonworks:SakisCookie","Moonworks:UnpaidWork"],"picked":"Moonworks:EvilSpyWorkPreparation","floor":0},{"not_picked":["Moonworks:Poppoformation","Moonworks:ImOnFire"],"picked":"Moonworks:LulusLuckyEgg","floor":0},{"not_picked":["Moonworks:DeployBits","Moonworks:SakisCookie"],"picked":"Moonworks:CloudOfSeagulls","floor":0},{"not_picked":["Moonworks:DeployBits","Moonworks:ReproductionOfRecords"],"picked":"Moonworks:IntelligenceOfficer","floor":0},{"not_picked":["Moonworks:SakisCookie","Moonworks:TreasureThief"],"picked":"Moonworks:CloudOfSeagulls","floor":0},{"not_picked":["Moonworks:BeyondHell","Moonworks:x16BigRocket"],"picked":"Moonworks:Assault","floor":0},{"not_picked":["Moonworks:TacticalRetreat","Moonworks:BindingChains"],"picked":"Moonworks:JonathanRush","floor":0},{"not_picked":["Moonworks:IndiscriminateFireSupport","Moonworks:BackdoorTrade"],"picked":"Moonworks:JonathanRush","floor":1},{"not_picked":["Moonworks:BigBangBell","Moonworks:DeployBits"],"picked":"Moonworks:JonathanRush","floor":4},{"not_picked":["Moonworks:FinalBattle","Moonworks:IndiscriminateFireSupport"],"picked":"Moonworks:JonathanRush","floor":5}],"player_experience":621896,"relics_obtained":[],"event_choices":[{"cards_removed":["Moonworks:IntelligenceOfficer"],"damage_healed":0,"gold_gain":0,"player_choice":"Card Removal","damage_taken":0,"max_hp_gain":0,"max_hp_loss":0,"event_name":"The Cleric","floor":2,"gold_loss":75},{"damage_healed":0,"gold_gain":0,"player_choice":"Rummage","damage_taken":0,"relics_obtained":["WarpedTongs"],"max_hp_gain":0,"max_hp_loss":0,"event_name":"Accursed Blacksmith","floor":3,"gold_loss":0,"cards_obtained":["Pain"]}],"is_beta":false,"boss_relics":[],"items_purged_floors":[],"is_endless":true,"potions_floor_spawned":[4],"killed_by":"Lagavulin","ascension_level":20}}