{"host":"smn2tb46ysgs1sad","time":1613007567,"event":{"mods":["AchievementEnabler","Aspiration","BaseMod","Colored Powertips","Downfall","Hermit","Minty Spire (QoL Compilation)","Replay The Spire","StSLib","The Cursed","The Disciple","The Hierophant"],"gold_per_floor":[119,119,119,119,137,137,164,177,200,212,212,223,173,187,187,289,289,304,304,322,333,28,54,54,54],"floor_reached":24,"language":"ENG","playtime":806,"items_purged":[],"score":243,"play_id":"6dbe6e22-632f-438b-916d-8330c10406be","local_time":"20210210173927","is_ascension_mode":false,"campfire_choices":[{"data":"Meditate","floor":6,"key":"SMITH"},{"data":"CrushJoints","floor":11,"key":"SMITH"},{"data":"Eruption","floor":15,"key":"SMITH"}],"circlet_count":0,"master_deck":["Eruption+1","Vigilance","Meditate+1","DeceiveReality","Consecrate","ThirdEye","CrushJoints+1","FlurryOfBlows","Consecrate","ConjureBlade","EmptyBody","Study","Replay:Cycle","InnerPeace","FlyingSleeves","ReachHeaven","Adaptation+1","EmptyMind"],"relics":["PureWater","NeowsBlessing","Omamori","Replay:Towering Pillar of Hats","Vajra","Pandora\u0027s Box","TungstenRod","Regal Pillow"],"acts_visited":["Exordium","TheCity"],"potions_floor_usage":[12,23,23],"damage_taken":[{"damage":0,"enemies":"Small Slimes","floor":1,"turns":1},{"damage":0,"enemies":"2 Louse","floor":5,"turns":1},{"damage":0,"enemies":"Lagavulin","floor":7,"turns":1},{"damage":0,"enemies":"Cultist","floor":8,"turns":2},{"damage":8,"enemies":"Looter","floor":10,"turns":3},{"damage":2,"enemies":"Exordium Thugs","floor":12,"turns":3},{"damage":1,"enemies":"Lots of Slimes","floor":14,"turns":4},{"damage":34,"enemies":"Hexaghost","floor":16,"turns":7},{"damage":2,"enemies":"Spheric Guardian","floor":18,"turns":3},{"damage":10,"enemies":"Shell Parasite","floor":20,"turns":3},{"damage":14,"enemies":"Snecko","floor":21,"turns":4},{"damage":15,"enemies":"Book of Stabbing","floor":23,"turns":3},{"damage":31,"enemies":"Snake Plant","floor":24,"turns":2}],"seed_played":"-2876179009720218571","potions_obtained":[{"floor":5,"key":"Reflective Coating"},{"floor":7,"key":"Energy Potion"},{"floor":10,"key":"Fire Potion"},{"floor":16,"key":"Adrenaline Potion"}],"is_trial":false,"path_per_floor":["M","?","?","?","M","R","E","M","T","M","R","M","?","M","R","B",null,"M","?","M","M","$","E","M"],"character_chosen":"WATCHER","items_purchased":["TungstenRod"],"campfire_rested":0,"item_purchase_floors":[22],"current_hp_per_floor":[72,72,65,65,65,65,65,65,65,57,57,55,55,54,54,20,72,70,70,60,46,46,31,0,0],"gold":54,"neow_bonus":"THREE_ENEMY_KILL","is_daily":false,"chose_seed":false,"campfire_upgraded":3,"win_rate":0.0,"timestamp":1613007567,"path_taken":["M","?","?","?","?","R","E","M","T","M","R","M","?","M","R","BOSS","M","?","M","?","$","E","M"],"items_purchased_type":["Relic"],"build_version":"2020-12-22","purchased_purges":0,"victory":false,"max_hp_per_floor":[72,72,72,72,72,72,72,72,72,72,72,72,72,72,72,72,72,72,72,72,72,72,72,72,72],"card_choices":[{"not_picked":["Replay:BluntJabs","Evaluate"],"picked":"Meditate","floor":1},{"not_picked":["Prostrate","Wallop"],"picked":"DeceiveReality","floor":5},{"not_picked":["Replay:ManipulateFuture","JustLucky"],"picked":"Consecrate","floor":7},{"not_picked":["Crescendo","Protect"],"picked":"ThirdEye","floor":8},{"not_picked":["Omniscience","Sanctity"],"picked":"CrushJoints","floor":10},{"not_picked":["Evaluate","BowlingBash"],"picked":"FlurryOfBlows","floor":12},{"not_picked":["ThirdEye","FearNoEvil"],"picked":"Consecrate","floor":14},{"not_picked":["Vault","Brilliance"],"picked":"ConjureBlade","floor":16},{"not_picked":["Replay:BluntJabs+1","PathToVictory"],"picked":"ReachHeaven","floor":18},{"not_picked":["InnerPeace","Replay:Anticipation"],"picked":"Adaptation+1","floor":20},{"not_picked":["Fasting2","Replay:ManipulateFuture","BowlingBash"],"picked":"SKIP","floor":21},{"not_picked":["CutThroughFate","ForeignInfluence"],"picked":"EmptyMind","floor":23}],"player_experience":180607,"relics_obtained":[{"floor":7,"key":"Replay:Towering Pillar of Hats"},{"floor":9,"key":"Vajra"},{"floor":23,"key":"Regal Pillow"}],"event_choices":[{"damage_healed":0,"gold_gain":0,"player_choice":"Ignored","damage_taken":0,"max_hp_gain":0,"max_hp_loss":0,"event_name":"Golden Wing","floor":2,"gold_loss":0},{"damage_healed":0,"gold_gain":0,"player_choice":"Success","damage_taken":7,"relics_obtained":["Omamori"],"max_hp_gain":0,"max_hp_loss":0,"event_name":"Scrap Ooze","floor":3,"gold_loss":0},{"cards_removed":["Defend_P"],"damage_healed":0,"gold_gain":0,"player_choice":"Purged","damage_taken":0,"max_hp_gain":0,"max_hp_loss":0,"event_name":"Purifier","floor":4,"gold_loss":0},{"cards_removed":["Strike_P"],"damage_healed":0,"gold_gain":0,"player_choice":"Card Removal","damage_taken":0,"max_hp_gain":0,"max_hp_loss":0,"event_name":"The Cleric","floor":13,"gold_loss":50},{"cards_removed":["Replay:BluntJabs"],"damage_healed":0,"gold_gain":0,"player_choice":"Purged","damage_taken":0,"max_hp_gain":0,"max_hp_loss":0,"event_name":"Purifier","floor":19,"gold_loss":0}],"is_beta":false,"boss_relics":[{"not_picked":["aspiration:FutureDiary","ChewingGum"],"picked":"Pandora\u0027s Box"}],"items_purged_floors":[],"is_endless":false,"potions_floor_spawned":[5,7,10,16,20,21],"killed_by":"Snake Plant","ascension_level":0}}