{"host":"lgow17wc5wawziz1","time":1613039886,"event":{"mods":["AchievementEnabler","Act Like it!","Aspiration","BaseMod","Better Third Choice","Colored Map","Colored Powertips","Friendly Minions","Gensokyo","Hubris","Kiyohime£¨?ýï£©","Koishi","Minty Spire (QoL Compilation)","MostiFishMod","Permanent Neow","Quick Restart","Replay The Spire","StSLib","SuperFastMode","The Blue Laboratory","¡¼?Úª?ø«¡½REMEMod"],"gold_per_floor":[114,114,114,114,129,156,156,81,81,92,119,19,34,368,368,463,463,781,781,801,815,833,868,868,286,286,297,608,676,197,213,213,315,315,329,17,30,341,560,586,604,604,628,654,710,757,757,757,757,757],"floor_reached":51,"language":"KOR","playtime":3283,"items_purged":["Delirium"],"score":1009,"play_id":"2c156088-28e3-49a8-b47b-fb19cb1d6b25","local_time":"20210211193805","is_ascension_mode":true,"campfire_choices":[{"data":"MostiFishMod:Mottled+1","floor":7.0,"key":"SMITH"},{"data":"Koishi:PerfectMindControl","floor":15.0,"key":"SMITH"},{"data":"Koishi:FleetingPhantom","floor":32,"key":"SMITH"},{"data":"Gensokyo:Doppelganger","floor":42,"key":"SMITH"},{"data":"Koishi:FleetingPhantom","floor":47,"key":"SMITH"},{"data":"Koishi:FleetingPhantom","floor":49,"key":"SMITH"}],"circlet_count":0,"master_deck":["Koishi:BasicStrike","Koishi:BasicStrike","Koishi:BasicStrike","Koishi:BasicStrike","Koishi:BasicDefend","Koishi:BasicDefend","Koishi:BasicDefend","Koishi:BasicDefend","Koishi:Provoke","Koishi:HauntingSlash","MostiFishMod:Mottled+2","Koishi:EmbryosDream","Koishi:UnconsciousUprising","Koishi:PerfectMindControl+1","Koishi:ApparitionsStalkTheNight","Koishi:EmbersOfLove","Koishi:DreadfulBlow","Koishi:PhantomBarrier","Koishi:ApparitionsStalkTheNight+1","Koishi:FleetingPhantom+1","Gensokyo:Doppelganger+1","Koishi:EmbersOfLove","Koishi:EmbersOfLove","MostiFishMod:Galeforce+1","Koishi:Jaunt","Gensokyo:SummonYinYangFox","Koishi:PerfectMindControl+1","Gensokyo:Doppelganger+1","Koishi:FleetingPhantom+1","Koishi:Whimsy+1","Koishi:FleetingPhantom+1","Koishi:PerfectMindControl+1","Koishi:SuperEgo+1"],"relics":["Koishi:ImaginaryFriend","REME_ComplimentaryCards","DaveBox","SynthV:TestCard","Strawberry","Ring of Peace","hubris:Towel","Mirror","Eternal Feather","hubris:PeanutButter","Anchor","hubris:TerracottaHorce","Old Coin","Oddly Smooth Stone","BrkXgEgg","aspiration:Nostalgia","Replay:M_SmolderingBlood","Technique","hubris:Metronome","hubris:SphereOfDissonance","Simple Rune","Replay:Wax Seal","Ice Cream","Sozu","Gensokyo:Companionship","Art of War","Replay:Rubber Ducky","hubris:BottledRain","ReplayTheSpireMod:Lightbulb","Happy Flower","Juzu Bracelet"],"acts_visited":["Gensokyo:Gensokyo","Gensokyo:Gensokyoer","Gensokyo:Gensokyoest"],"potions_floor_usage":[],"damage_taken":[{"damage":0.0,"enemies":"Gensokyo:Python","floor":1.0,"turns":3.0},{"damage":7.0,"enemies":"Gensokyo:2_Kodama","floor":5.0,"turns":4.0},{"damage":9.0,"enemies":"Gensokyo:Cirno","floor":6.0,"turns":5.0},{"damage":0.0,"enemies":"Gensokyo:Gryphon","floor":10.0,"turns":3.0},{"damage":21.0,"enemies":"Gensokyo:Aya","floor":11.0,"turns":11.0},{"damage":0.0,"enemies":"Gensokyo:3_Kodama","floor":13.0,"turns":4.0},{"damage":12.0,"enemies":"Gensokyo:Cirno","floor":14.0,"turns":11.0},{"damage":13.0,"enemies":"Gensokyo:Yukari","floor":16.0,"turns":13.0},{"damage":0.0,"enemies":"Gensokyo:Chomper","floor":18.0,"turns":6.0},{"damage":0.0,"enemies":"Gensokyo:AngelMirror","floor":20.0,"turns":5.0},{"damage":0.0,"enemies":"Gensokyo:Slime_Group","floor":21.0,"turns":6.0},{"damage":0.0,"enemies":"Gensokyo:Chomper_and_Gloop","floor":22.0,"turns":4.0},{"damage":8.0,"enemies":"Gensokyo:Reisen","floor":23.0,"turns":10.0},{"damage":0,"enemies":"Gensokyo:Wraith","floor":27,"turns":6},{"damage":0,"enemies":"Gensokyo:Swordslinger","floor":28,"turns":7},{"damage":0,"enemies":"Gensokyo:Slime_Group","floor":31,"turns":4},{"damage":0,"enemies":"Gensokyo:Kaguya","floor":33,"turns":12},{"damage":0,"enemies":"Gensokyo:3_Bats","floor":35,"turns":3},{"damage":0,"enemies":"Gensokyo:AncientGuardian","floor":37,"turns":7},{"damage":0,"enemies":"Gensokyo:Rafflesia","floor":38,"turns":6},{"damage":0,"enemies":"Gensokyo:Dusk_and_Dawn","floor":39,"turns":5},{"damage":0,"enemies":"Gensokyo:Kasen","floor":40,"turns":4},{"damage":0,"enemies":"Gensokyo:Sharpion","floor":41,"turns":4},{"damage":0,"enemies":"Gensokyo:Doremy","floor":44,"turns":6},{"damage":0,"enemies":"Gensokyo:Scarlet_Devils","floor":50,"turns":5}],"seed_played":"2455483626694914835","potions_obtained":[{"floor":1.0,"key":"LiquidMemories"},{"floor":6.0,"key":"blueLaboratory:BubblePotion"},{"floor":11.0,"key":"Explosive Potion"},{"floor":18.0,"key":"DuplicationPotion"}],"is_trial":false,"path_per_floor":["M","?","?","?","M","E","R","$","T","M","E","COS","M","E","R","B",null,"M","?","M","M","M","E","?","COS","T","M","M","T","$","M","R","B",null,"M","COS","M","M","M","E","M","R","T","E","?","T","R","?","R","B",null],"character_chosen":"KOISHI","items_purchased":["MostiFishMod:Galeforce+1","Simple Rune","Koishi:Jaunt","Replay:Wax Seal"],"campfire_rested":0,"item_purchase_floors":[30,30,30,30],"current_hp_per_floor":[60,57,57,57,52,43,43,43,43,44,27,27,27,17,26,17,55,57,64,65,67,67,59,59,59,59,61,61,61,61,61,61,61,61,61,61,61,61,61,61,61,61,61,61,46,46,61,52,61,61],"gold":757,"neow_bonus":"UPGRADE_CARD","is_daily":false,"chose_seed":false,"campfire_upgraded":6,"win_rate":0.0,"timestamp":1613039885,"path_taken":["M","?","?","?","?","E","R","$","T","M","E","COS","M","E","R","BOSS","M","?","?","?","M","E","?","COS","T","M","M","?","?","M","R","BOSS","M","COS","M","?","M","E","M","R","T","E","?","?","R","?","R","BOSS"],"items_purchased_type":["Card","Relic","Card","Relic"],"build_version":"2020-12-22","purchased_purges":1,"victory":true,"max_hp_per_floor":[60,67,67,67,67,67,67,67,67,67,67,67,67,67,67,67,67,67,67,67,67,67,67,61,61,61,61,61,61,61,61,61,61,61,61,61,61,61,61,61,61,61,61,61,61,61,61,61,61,61],"card_choices":[{"not_picked":["Koishi:UnansweredLove","Koishi:BloodcurdlingScream"],"picked":"Koishi:EmbryosDream","floor":1.0},{"not_picked":["Koishi:YoukaiPolygraph","Koishi:SubconsciousSweep","Koishi:ParalyzingFear","Koishi:SpiritedAway","Koishi:EmbryosDream"],"picked":"SKIP","floor":5.0},{"not_picked":["Koishi:VengefulSpirit","Koishi:ParalyzingFear","Koishi:JumpScare","Koishi:CatchAndRose"],"picked":"Koishi:UnconsciousUprising","floor":6.0},{"not_picked":["Koishi:DreadfulBlow","Koishi:Jaunt","Koishi:ApparitionsStalkTheNight","Koishi:SubterraneanRose"],"picked":"Koishi:PerfectMindControl","floor":10.0},{"not_picked":["Koishi:RoseHell","Koishi:Possession","Koishi:Whimsy","Koishi:BloodcurdlingScream"],"picked":"Koishi:ApparitionsStalkTheNight","floor":11.0},{"not_picked":["Koishi:SubterraneanRose","Koishi:SilentAndRestless","Koishi:RacingHeart","Koishi:FourthEye"],"picked":"Koishi:EmbersOfLove","floor":13.0},{"not_picked":["Koishi:UnansweredLove","Koishi:Untouchable","Koishi:Prune","Koishi:Possession"],"picked":"Koishi:DreadfulBlow","floor":14.0},{"not_picked":["Koishi:SuperEgo","Koishi:RollingInRichesHeart","Koishi:ImGoingToCallYouNow","Koishi:RoseHell"],"picked":"Koishi:FadingMemory","floor":16.0},{"not_picked":["Koishi:DreadfulBlow","Koishi:UnconsciousUprising","Koishi:HeartfeltFancy+1","Koishi:Untouchable"],"picked":"Koishi:PhantomBarrier","floor":18.0},{"not_picked":["Koishi:StingingMind","Koishi:SprinkleStarAndHeart","Koishi:EmbryosDream","Koishi:Bloodlust"],"picked":"Koishi:ApparitionsStalkTheNight+1","floor":20.0},{"not_picked":["Koishi:PhantomStrike","Koishi:Vanish","Koishi:Jaunt","Koishi:PhilosophyOfTheDespised"],"picked":"Koishi:FleetingPhantom","floor":21.0},{"not_picked":["Koishi:ParalyzingFear","Koishi:JumpScare","Koishi:StingingMind","Koishi:SubconsciousSweep","Koishi:SpiritedAway"],"picked":"SKIP","floor":22.0},{"not_picked":["Koishi:Heartbroken","Koishi:BramblyRoseGarden","Koishi:HeartAttack","Koishi:ApparitionsStalkTheNight","Koishi:PhantomStrike"],"picked":"SKIP","floor":23.0},{"not_picked":["Gensokyo:MissMary","Gensokyo:SpontaneousHumanCombustion","Gensokyo:EightFeetTall","Gensokyo:GapWoman"],"picked":"Gensokyo:Doppelganger","floor":24.0},{"not_picked":["Koishi:RacingHeart","FollowUp","Koishi:Vanish+1","Koishi:PhantomBarrier"],"picked":"Koishi:EmbersOfLove","floor":27},{"not_picked":["Koishi:CatchAndRose","Koishi:TremblingHands","Koishi:PhantomBarrier","Whirlwind+1"],"picked":"Koishi:EmbersOfLove","floor":28},{"not_picked":["FollowUp","EmptyFist+1","Koishi:IdleWhim","Koishi:EmbryosDream+1","Koishi:PhantomStrike"],"picked":"SKIP","floor":31},{"not_picked":["Reaper+1","Koishi:Ego+1","Koishi:SuperEgo+1","Ragnarok+1"],"picked":"Koishi:PerfectMindControl+1","floor":33},{"not_picked":["Koishi:FidgetySnatcher","Koishi:Prune","Koishi:YoukaiPolygraph","Koishi:TremblingHands","Koishi:SubterraneanRose"],"picked":"SKIP","floor":35},{"not_picked":["Koishi:Jaunt","Koishi:EmbryosDream","Koishi:Catatonia+1","Koishi:DreadfulBlow"],"picked":"Koishi:FleetingPhantom","floor":37},{"not_picked":["Koishi:ReflexRadar+1","Koishi:CatchAndRose+1","Koishi:Jaunt","Koishi:YoukaiPolygraph+1"],"picked":"Koishi:Whimsy+1","floor":38},{"not_picked":["Koishi:MentalBreakdown","Koishi:ConfinedInnocent","Koishi:SilentAndRestless","Koishi:RollingInRichesHeart","Koishi:ConditionedTeleport"],"picked":"SKIP","floor":39},{"not_picked":["Koishi:ParalyzingFear+1","Koishi:BloodcurdlingScream+1","Koishi:TraumaticStroke+1","Koishi:SpiritedAway+1","Koishi:UnansweredLove+1"],"picked":"SKIP","floor":39},{"not_picked":["Koishi:ReleaseOfTheId+1","Koishi:RollingInRichesHeart+1","Koishi:FleetingPhantom","Koishi:ParalyzingFear","Koishi:HeartAttack"],"picked":"SKIP","floor":40},{"not_picked":["Koishi:ReleaseOfTheId+1","Koishi:RollingInRichesHeart+1","Koishi:ParalyzingFear","Koishi:HeartAttack"],"picked":"Koishi:FleetingPhantom","floor":40},{"not_picked":["Koishi:SubterraneanRose+1","Koishi:ReflexRadar","Koishi:SpiritedAway","Koishi:PredatoryInstincts"],"picked":"Koishi:PerfectMindControl+1","floor":41},{"not_picked":["Koishi:UnconsciousUprising","Koishi:Catatonia+1","Koishi:ParalyzingFear+1","Koishi:Possession","Koishi:RorschachInDanmaku"],"picked":"SKIP","floor":44},{"not_picked":["Koishi:SubterraneanRose","Koishi:ReflexRadar+1","Koishi:RacingHeart+1","Koishi:StrangeCloudFist"],"picked":"Koishi:SuperEgo+1","floor":45}],"player_experience":355176,"relics_obtained":[{"floor":1.0,"key":"SynthV:TestCard"},{"floor":3.0,"key":"Ring of Peace"},{"floor":6.0,"key":"Mirror"},{"floor":9.0,"key":"Eternal Feather"},{"floor":11.0,"key":"hubris:PeanutButter"},{"floor":14.0,"key":"Anchor"},{"floor":23.0,"key":"Oddly Smooth Stone"},{"floor":26,"key":"hubris:Metronome"},{"floor":29,"key":"hubris:SphereOfDissonance"},{"floor":40,"key":"Art of War"},{"floor":43,"key":"Replay:Rubber Ducky"},{"floor":44,"key":"hubris:BottledRain"},{"floor":45,"key":"ReplayTheSpireMod:Lightbulb"},{"floor":46,"key":"Happy Flower"}],"event_choices":[],"is_beta":false,"boss_relics":[{"not_picked":["Busted Crown","Ectoplasm"],"picked":"hubris:TerracottaHorce"},{"not_picked":["hubris:GrandSneckoEye","TimeKeys"],"picked":"Sozu"}],"items_purged_floors":[8],"is_endless":false,"potions_floor_spawned":[1,6,11,16,18,20,23,28,38,39,40],"ascension_level":1}}