{"host":"xvcswx52z80fmg13","time":1613009761,"event":{"mods":["BaseMod","Colored Map","Colored Powertips","Highlight Path","Minty Spire (QoL Compilation)"],"gold_per_floor":[16,32,9,20,47,47,64,79,131,159,185,205,205,231,231,332,332,350,350,50,64,76,76,105,105,105,119,119,149,149,167,167,262,262,276,289,309,309,320,320,336,354,354,354,370,370,144,144,144,144,144,144,4,35,35,35],"floor_reached":55,"language":"ENG","playtime":3807,"items_purged":["Defend_G"],"score":746,"play_id":"e3e6ee8f-6fb3-4fa4-b92d-a9fbd287d0fd","local_time":"20210210221601","is_ascension_mode":false,"campfire_choices":[{"data":"Endless Agony","floor":6,"key":"SMITH"},{"data":"Panache","floor":13,"key":"SMITH"},{"floor":15,"key":"RECALL"},{"data":"After Image","floor":23,"key":"SMITH"},{"floor":28,"key":"REST"},{"data":"Calculated Gamble","floor":30,"key":"SMITH"},{"data":"Neutralize","floor":32,"key":"SMITH"},{"data":"A Thousand Cuts","floor":40,"key":"SMITH"},{"data":"Neutralize","floor":46,"key":"SMITH"},{"data":"Madness","floor":49,"key":"SMITH"},{"data":"Madness","floor":52,"key":"SMITH"}],"circlet_count":0,"master_deck":["Strike_G","Strike_G","Strike_G","Strike_G","Strike_G","Defend_G","Defend_G","Survivor","Neutralize+1","Panache+1","Cloak And Dagger","Backstab","Slice","Endless Agony+1","Escape Plan","Slice","Cloak And Dagger","Blade Dance","After Image+1","Blade Dance+1","Escape Plan","Calculated Gamble+1","Deflect","Blade Dance","A Thousand Cuts+1","Slice","Neutralize+1","Panache+1","Madness+1","Madness+1","Envenom"],"relics":["Ring of the Snake","MealTicket","Oddly Smooth Stone","Bag of Preparation","Art of War","Busted Crown","Unceasing Top","Snake Skull","Pocketwatch","White Beast Statue","Empty Cage","Bronze Scales","DollysMirror","Orichalcum"],"acts_visited":["Exordium","TheCity","TheBeyond","TheEnding"],"potions_floor_usage":[2,10,16,29,31,33,45,54,55,55],"damage_taken":[{"damage":0,"enemies":"Cultist","floor":1,"turns":4},{"damage":0,"enemies":"Jaw Worm","floor":2,"turns":5},{"damage":0,"enemies":"Small Slimes","floor":4,"turns":3},{"damage":0,"enemies":"2 Fungi Beasts","floor":7,"turns":1},{"damage":2,"enemies":"Exordium Wildlife","floor":8,"turns":4},{"damage":5,"enemies":"3 Sentries","floor":10,"turns":8},{"damage":0,"enemies":"Looter","floor":12,"turns":2},{"damage":11,"enemies":"Gremlin Nob","floor":14,"turns":4},{"damage":18,"enemies":"Hexaghost","floor":16,"turns":10},{"damage":0,"enemies":"Shell Parasite","floor":18,"turns":2},{"damage":0,"enemies":"2 Thieves","floor":21,"turns":3},{"damage":16,"enemies":"Snake Plant","floor":22,"turns":5},{"damage":7,"enemies":"Gremlin Leader","floor":24,"turns":4},{"damage":0,"enemies":"3 Cultists","floor":27,"turns":2},{"damage":0,"enemies":"Book of Stabbing","floor":29,"turns":4},{"damage":0,"enemies":"Snecko","floor":31,"turns":3},{"damage":8,"enemies":"Champ","floor":33,"turns":8},{"damage":0,"enemies":"3 Darklings","floor":35,"turns":2},{"damage":4,"enemies":"3 Shapes","floor":36,"turns":4},{"damage":1,"enemies":"3 Darklings","floor":37,"turns":2},{"damage":0,"enemies":"Sphere and 2 Shapes","floor":39,"turns":3},{"damage":0,"enemies":"Maw","floor":41,"turns":6},{"damage":0,"enemies":"3 Darklings","floor":42,"turns":3},{"damage":0,"enemies":"Transient","floor":45,"turns":5},{"damage":25,"enemies":"Awakened One","floor":50,"turns":6},{"damage":35,"enemies":"Shield and Spear","floor":54,"turns":5},{"damage":50,"enemies":"The Heart","floor":55,"turns":6}],"seed_played":"-7363306934355284006","potions_obtained":[{"floor":2,"key":"Fruit Juice"},{"floor":4,"key":"Dexterity Potion"},{"floor":7,"key":"ColorlessPotion"},{"floor":14,"key":"AttackPotion"},{"floor":18,"key":"Explosive Potion"},{"floor":22,"key":"DistilledChaos"},{"floor":29,"key":"DuplicationPotion"},{"floor":31,"key":"SkillPotion"},{"floor":33,"key":"ColorlessPotion"},{"floor":35,"key":"Swift Potion"},{"floor":37,"key":"GamblersBrew"},{"floor":39,"key":"DuplicationPotion"},{"floor":45,"key":"Fruit Juice"},{"floor":54,"key":"GhostInAJar"}],"is_trial":false,"path_per_floor":["M","M","$","M","T","R","M","M","T","E","T","M","R","E","R","B",null,"M","?","$","M","M","R","E","?","T","M","R","E","R","M","R","B",null,"M","M","M","?","M","R","M","M","T","?","M","R","$","?","R","B",null,"R","$","E","B"],"character_chosen":"THE_SILENT","items_purchased":["Slice","Unceasing Top","DollysMirror","Envenom"],"campfire_rested":1,"item_purchase_floors":[3,20,47,53],"current_hp_per_floor":[70,75,75,75,75,75,75,73,73,68,68,68,68,57,57,39,75,75,75,75,75,59,59,52,38,38,38,62,62,62,62,62,54,80,80,76,75,75,75,75,75,75,75,75,80,80,85,74,74,49,85,85,85,50,0,0],"gold":35,"neow_bonus":"RANDOM_COLORLESS_2","is_daily":false,"chose_seed":false,"campfire_upgraded":9,"win_rate":0.0,"timestamp":1613009761,"path_taken":["M","M","?","M","?","R","M","M","T","E","?","?","R","E","R","BOSS","M","?","$","M","M","R","E","?","T","M","R","E","R","M","R","BOSS","M","M","M","?","M","R","M","M","T","?","?","R","$","?","R","BOSS","R","$","E","BOSS"],"items_purchased_type":["Card","Relic","Relic","Card"],"build_version":"2020-12-22","purchased_purges":1,"victory":false,"max_hp_per_floor":[70,75,75,75,75,75,75,75,75,75,75,75,75,75,75,75,75,75,75,75,75,75,75,75,80,80,80,80,80,80,80,80,80,80,80,80,80,80,80,80,80,80,80,80,85,85,85,85,85,85,85,85,85,85,85,85],"card_choices":[{"not_picked":["Sadistic Nature","Secret Technique"],"picked":"Panache","floor":0},{"not_picked":["Accuracy","Terror"],"picked":"Cloak And Dagger","floor":1},{"not_picked":["Terror","Dodge and Roll"],"picked":"Backstab","floor":2},{"not_picked":["Prepared","Sucker Punch"],"picked":"Endless Agony","floor":4},{"not_picked":["Dagger Throw","Caltrops"],"picked":"Escape Plan","floor":7},{"not_picked":["Well Laid Plans","Acrobatics"],"picked":"Slice","floor":8},{"not_picked":["Heel Hook","Night Terror"],"picked":"Cloak And Dagger","floor":10},{"not_picked":["Quick Slash","Well Laid Plans"],"picked":"Blade Dance","floor":12},{"not_picked":["Outmaneuver","Skewer"],"picked":"Backflip","floor":14},{"not_picked":["Tools of the Trade","Corpse Explosion"],"picked":"After Image","floor":16},{"not_picked":[],"picked":"Blade Dance+1","floor":18},{"not_picked":["Quick Slash"],"picked":"SKIP","floor":21},{"not_picked":[],"picked":"Escape Plan","floor":22},{"not_picked":[],"picked":"Calculated Gamble","floor":24},{"not_picked":["Deadly Poison"],"picked":"SKIP","floor":27},{"not_picked":[],"picked":"Deflect","floor":29},{"not_picked":[],"picked":"Blade Dance","floor":31},{"not_picked":[],"picked":"A Thousand Cuts","floor":33},{"not_picked":["Distraction"],"picked":"SKIP","floor":35},{"not_picked":["Dodge and Roll+1"],"picked":"SKIP","floor":36},{"not_picked":["Flechettes+1"],"picked":"SKIP","floor":37},{"not_picked":["Skewer+1"],"picked":"SKIP","floor":39},{"not_picked":[],"picked":"Slice","floor":41},{"not_picked":["Dagger Spray+1"],"picked":"SKIP","floor":42},{"not_picked":["All Out Attack"],"picked":"SKIP","floor":45},{"not_picked":["Dagger Spray+1"],"picked":"SKIP","floor":54}],"player_experience":1308961,"relics_obtained":[{"floor":9,"key":"MealTicket"},{"floor":10,"key":"Oddly Smooth Stone"},{"floor":11,"key":"Bag of Preparation"},{"floor":14,"key":"Art of War"},{"floor":24,"key":"Snake Skull"},{"floor":26,"key":"Pocketwatch"},{"floor":29,"key":"White Beast Statue"},{"floor":43,"key":"Bronze Scales"},{"floor":54,"key":"Orichalcum"}],"event_choices":[{"damage_healed":0,"gold_gain":0,"player_choice":"Ignored","damage_taken":0,"max_hp_gain":0,"max_hp_loss":0,"event_name":"Ghosts","floor":19,"gold_loss":0},{"damage_healed":0,"gold_gain":0,"player_choice":"Shed Blood","damage_taken":19,"max_hp_gain":5,"max_hp_loss":0,"event_name":"Forgotten Altar","floor":25,"gold_loss":0},{"cards_removed":["Backflip"],"damage_healed":0,"gold_gain":0,"player_choice":"Removed Skill","damage_taken":0,"max_hp_gain":0,"max_hp_loss":0,"event_name":"Falling","floor":38,"gold_loss":0},{"damage_healed":0,"gold_gain":0,"player_choice":"1 cards matched","damage_taken":0,"max_hp_gain":0,"max_hp_loss":0,"event_name":"Match and Keep!","floor":44,"gold_loss":0,"cards_obtained":["Neutralize"]},{"damage_healed":0,"gold_gain":0,"player_choice":"Embrace Madness","damage_taken":11,"max_hp_gain":0,"max_hp_loss":0,"event_name":"Winding Halls","floor":48,"gold_loss":0,"cards_obtained":["Madness","Madness"]}],"is_beta":false,"boss_relics":[{"not_picked":["Calling Bell","Fusion Hammer"],"picked":"Busted Crown"},{"not_picked":["SlaversCollar","Snecko Eye"],"picked":"Empty Cage"}],"items_purged_floors":[47],"is_endless":false,"potions_floor_spawned":[2,4,7,14,18,22,29,31,33,35,36,37,39,41,42,45,54],"killed_by":"The Heart","ascension_level":0}}