{"host":"ttt10ghevkhyjkzb","time":1613062625,"event":{"mods":["2.2 Compatiblity","AchievementEnabler","BaseMod","Downfall","Googly Eyes","Minty Spire (QoL Compilation)","StSLib","The IronCluck","The Marked","The Servant 0.9.4"],"gold_per_floor":[99,118,135,146,162,19,19,19,19,19,31,31,44,62,82,185,185,185,205,65,77,93,93,119,153,13,41,41,61,46,61,80,180,180,180,192,202,66,82,97,121,150,172,184,228,240,266,290,312,324],"floor_reached":51,"language":"ENG","playtime":3924,"items_purged":["Guardian:Strike_Guardian","Decay","Guardian:Strike_Guardian","Guardian:Strike_Guardian"],"score":696,"play_id":"42287b44-c279-4a59-b389-0a943db6e1bb","local_time":"20210211175705","is_ascension_mode":false,"campfire_choices":[{"data":"Guardian:TwinSlam","floor":1,"key":"SMITH"},{"data":"Guardian:PrismaticBeam","floor":8,"key":"SMITH"},{"floor":10,"key":"REST"},{"data":"Guardian:StasisField","floor":18,"key":"SMITH"},{"data":"Guardian:FloatingOrbs","floor":23,"key":"SMITH"},{"data":"Guardian:BodySlam","floor":35,"key":"SMITH"},{"data":"Guardian:Harden","floor":44,"key":"SMITH"}],"circlet_count":0,"master_deck":["Guardian:Strike_Guardian","Guardian:Defend_Guardian","Guardian:Defend_Guardian","Guardian:Defend_Guardian","Guardian:Defend_Guardian","Guardian:CurlUp","Guardian:TwinSlam+1","Guardian:FloatingOrbs+1","Guardian:PrismaticBeam+1","Guardian:SpikerProtocol","Guardian:CrystalBeam","Guardian:SentryBeam","Guardian:CrystalBeam","Guardian:StasisField+1","Guardian:DecasProtection","Guardian:PiercingHide","Guardian:BodySlam+1","Guardian:FloatingOrbs","Guardian:ConstructionForm","Guardian:Incinerate","Guardian:Harden+1","Guardian:WalkerClaw+1","Guardian:TemporalShield","Guardian:StasisField+1"],"relics":["Guardian:ModeShifterPlus","Dream Catcher","Shuriken","Busted Crown","Blood Vial","Juzu Bracelet","Nloth\u0027s Gift","Membership Card","Regal Pillow","Matryoshka","MawBank","Bag of Preparation","Boot"],"acts_visited":["Exordium","TheCity","TheBeyond"],"potions_floor_usage":[11,15,16,22,27,29,33,33,50,50],"damage_taken":[{"damage":5,"enemies":"Small Slimes","floor":2,"turns":4},{"damage":6,"enemies":"2 Louse","floor":3,"turns":3},{"damage":0,"enemies":"Cultist","floor":4,"turns":4},{"damage":13,"enemies":"Lots of Slimes","floor":5,"turns":4},{"damage":0,"enemies":"downfall:FleeingMerchant","floor":6,"turns":4},{"damage":19,"enemies":"Gremlin Gang","floor":11,"turns":5},{"damage":2,"enemies":"Blue Slaver","floor":13,"turns":3},{"damage":2,"enemies":"Lots of Slimes","floor":14,"turns":4},{"damage":4,"enemies":"Gremlin Gang","floor":15,"turns":4},{"damage":26,"enemies":"SI_SHIV_ARCHETYPE","floor":16,"turns":7},{"damage":0,"enemies":"Chosen","floor":19,"turns":4},{"damage":0,"enemies":"downfall:FleeingMerchant","floor":20,"turns":4},{"damage":12,"enemies":"Chosen and Byrds","floor":21,"turns":6},{"damage":11,"enemies":"Centurion and Healer","floor":22,"turns":4},{"damage":21,"enemies":"Slavers","floor":25,"turns":6},{"damage":8,"enemies":"downfall:FleeingMerchant","floor":26,"turns":4},{"damage":25,"enemies":"Gremlin Leader","floor":27,"turns":6},{"damage":8,"enemies":"Snecko","floor":29,"turns":4},{"damage":0,"enemies":"downfall:FleeingMerchant","floor":30,"turns":4},{"damage":9,"enemies":"Snake Plant","floor":31,"turns":4},{"damage":1,"enemies":"Cultist and Chosen","floor":32,"turns":5},{"damage":1,"enemies":"WA_ARCHETYPE_CALM","floor":33,"turns":8},{"damage":0,"enemies":"3 Shapes","floor":36,"turns":3},{"damage":0,"enemies":"Orb Walker","floor":37,"turns":4},{"damage":0,"enemies":"downfall:FleeingMerchant","floor":38,"turns":3},{"damage":0,"enemies":"Transient","floor":39,"turns":5},{"damage":4,"enemies":"Sphere and 2 Shapes","floor":40,"turns":4},{"damage":0,"enemies":"Spire Growth","floor":42,"turns":4},{"damage":0,"enemies":"3 Darklings","floor":43,"turns":6},{"damage":8,"enemies":"Reptomancer","floor":45,"turns":7},{"damage":5,"enemies":"Sphere and 2 Shapes","floor":47,"turns":7},{"damage":0,"enemies":"Transient","floor":48,"turns":5},{"damage":0,"enemies":"Maw","floor":49,"turns":6},{"damage":44,"enemies":"IC_BLOCK_ARCHETYPE","floor":50,"turns":11}],"seed_played":"-4476563274960579070","potions_obtained":[{"floor":11,"key":"EntropicBrew"},{"floor":13,"key":"Slimebound:ThreeZeroPotion"},{"floor":15,"key":"sneckomod:MuddlingPotion"},{"floor":16,"key":"LiquidMemories"},{"floor":22,"key":"champ:CounterPotion"},{"floor":25,"key":"champ:CounterPotion"},{"floor":29,"key":"champ:CounterPotion"},{"floor":31,"key":"hexamod:SoulburnPotion"},{"floor":33,"key":"champ:CounterPotion"},{"floor":36,"key":"Explosive Potion"},{"floor":43,"key":"Guardian:BlockOnCardUsePotion"}],"is_trial":false,"path_per_floor":["R","M","M","M","M","$","T","R","?","R","M","?","M","M","M","B",null,"R","M","$","M","M","R","T","E","$","E","?","M","$","M","M","B",null,"R","M","M","$","M","M","T","M","M","R","E","?","M","M","M","B",null],"character_chosen":"GUARDIAN","items_purchased":["Guardian:Gem_Red","Guardian:PiercingHide","Membership Card","Guardian:Incinerate","Guardian:Harden","Regal Pillow","Matryoshka"],"campfire_rested":1,"item_purchase_floors":[6,20,38,38,38,38,38],"current_hp_per_floor":[88,83,77,77,64,64,64,64,46,72,53,53,51,49,45,19,88,88,88,88,76,65,65,65,46,40,17,17,11,13,6,7,8,88,88,88,88,88,88,84,84,86,88,88,80,80,77,79,81,39],"gold":336,"neow_bonus":"TEN_PERCENT_HP_BONUS","is_daily":false,"chose_seed":false,"campfire_upgraded":6,"win_rate":0.0,"timestamp":1613062625,"path_taken":["R","M","M","M","M","$","T","R","?","R","M","?","?","M","M","BOSS","R","M","$","M","M","R","T","E","$","E","?","M","$","M","M","BOSS","R","M","M","$","M","M","T","M","M","R","E","?","M","M","M","BOSS"],"items_purchased_type":["Card","Card","Relic","Card","Card","Relic","Relic"],"build_version":"2020-12-22","purchased_purges":4,"victory":true,"max_hp_per_floor":[88,88,88,88,88,88,88,88,88,88,88,88,88,88,88,88,88,88,88,88,88,88,88,88,88,88,88,88,88,88,88,88,88,88,88,88,88,88,88,88,88,88,88,88,88,88,88,88,88,88],"card_choices":[{"not_picked":["Guardian:VentSteam","Guardian:ChargeCore"],"picked":"Guardian:Gem_Fragmented","floor":2},{"not_picked":["Guardian:Gem_Yellow","Guardian:ShieldCharger","Guardian:Gem_White"],"picked":"SKIP","floor":3},{"not_picked":["Guardian:WalkerClaw","Guardian:PrimingBeam"],"picked":"Guardian:FloatingOrbs","floor":4},{"not_picked":["Guardian:Gem_Green","Guardian:PrismaticBarrier"],"picked":"Guardian:PrismaticBeam","floor":5},{"not_picked":["Guardian:BronzeArmor","Guardian:RollAttack"],"picked":"Guardian:Gem_Cyan","floor":6},{"not_picked":["Guardian:FastForward","Guardian:RollAttack"],"picked":"Guardian:Gem_Red","floor":10},{"not_picked":["Guardian:TimeCapacitor","Guardian:TemporalStrike"],"picked":"Guardian:SpikerProtocol","floor":11},{"not_picked":["Guardian:RollAttack","Guardian:Planning"],"picked":"Guardian:SentryBeam","floor":13},{"not_picked":["Guardian:ChargeCore","Guardian:Planning"],"picked":"Guardian:Gem_Red","floor":14},{"not_picked":["Guardian:ShieldCharger","Guardian:Preprogram"],"picked":"Guardian:CrystalBeam","floor":15},{"not_picked":["Guardian:RevengeProtocol","Guardian:StasisStrike"],"picked":"Guardian:StasisField","floor":16},{"not_picked":[],"picked":"Guardian:DecasProtection","floor":19},{"not_picked":["Guardian:TimeBomb+1"],"picked":"SKIP","floor":20},{"not_picked":["Guardian:DonusPower"],"picked":"SKIP","floor":21},{"not_picked":["Guardian:Suspension+1"],"picked":"SKIP","floor":22},{"not_picked":[],"picked":"Guardian:BodySlam","floor":25},{"not_picked":["Guardian:RollAttack"],"picked":"SKIP","floor":26},{"not_picked":[],"picked":"Guardian:Gem_Lightblue","floor":27},{"not_picked":[],"picked":"Guardian:FloatingOrbs","floor":29},{"not_picked":["Guardian:Repulse"],"picked":"SKIP","floor":30},{"not_picked":["Guardian:TemporalShield"],"picked":"SKIP","floor":31},{"not_picked":["Guardian:CrystalBeam"],"picked":"SKIP","floor":32},{"not_picked":[],"picked":"Guardian:ConstructionForm","floor":33},{"not_picked":["Guardian:DecasProtection"],"picked":"SKIP","floor":36},{"not_picked":[],"picked":"Guardian:Gem_Green","floor":37},{"not_picked":["Guardian:GuardianWhirl+1"],"picked":"SKIP","floor":38},{"not_picked":["Guardian:Planning"],"picked":"SKIP","floor":39},{"not_picked":[],"picked":"Guardian:WalkerClaw+1","floor":40},{"not_picked":[],"picked":"Guardian:TemporalShield","floor":42},{"not_picked":[],"picked":"Guardian:Gem_Cyan","floor":43},{"not_picked":[],"picked":"Guardian:StasisField","floor":45},{"not_picked":["Guardian:Planning"],"picked":"SKIP","floor":47},{"not_picked":["Guardian:CrystalBeam"],"picked":"SKIP","floor":48},{"not_picked":["Guardian:ChargeCore"],"picked":"SKIP","floor":49}],"player_experience":140989,"relics_obtained":[{"floor":7,"key":"Dream Catcher"},{"floor":24,"key":"Blood Vial"},{"floor":25,"key":"Juzu Bracelet"},{"floor":27,"key":"Eternal Feather"},{"floor":41,"key":"MawBank"},{"floor":41,"key":"Bag of Preparation"},{"floor":45,"key":"Boot"}],"event_choices":[{"damage_healed":0,"gold_gain":0,"player_choice":"Success","damage_taken":18,"relics_obtained":["Shuriken"],"max_hp_gain":0,"max_hp_loss":0,"event_name":"Scrap Ooze","floor":9,"gold_loss":0}],"is_beta":false,"boss_relics":[{"not_picked":["Guardian:StasisSlotReductionRelic","SacredBark"],"picked":"Busted Crown"},{"not_picked":["Snecko Eye","Empty Cage"],"picked":"Guardian:ModeShifterPlus"}],"items_purged_floors":[6,20,26,38],"is_endless":false,"potions_floor_spawned":[11,13,14,15,16,22,25,29,31,33,36,42,43,45,48,49],"ascension_level":0}}