{"host":"toay66htq8osxhk9","time":1613082740,"event":{"mods":["2.2 Compatiblity","BaseMod","Colored Map","Highlight Path","Minty Spire (QoL Compilation)","Somnambulant","StSLib"],"gold_per_floor":[116,127,127,138,66,94,94,123,123,141,141,141,159,188,188,188,188],"floor_reached":16,"language":"POL","playtime":659,"items_purged":[],"score":204,"play_id":"d04d1811-c5c0-4a1e-8cc6-e4bcbcafab58","local_time":"20210211233220","is_ascension_mode":true,"campfire_choices":[{"data":"SandsOfTime","floor":7,"key":"SMITH"},{"data":"Evaluate","floor":11,"key":"SMITH"},{"floor":15,"key":"REST"}],"circlet_count":0,"master_deck":["AscendersBane","Strike_P","Strike_P","Strike_P","Defend_P","Defend_P","Defend_P","Eruption","Vigilance","Consecrate","SandsOfTime+1","BowlingBash+1","Adaptation","Ragnarok","Evaluate+1","Tantrum"],"relics":["PureWater","Orichalcum","White Beast Statue","Eternal Feather","Toxic Egg 2"],"acts_visited":["Exordium"],"potions_floor_usage":[16],"damage_taken":[{"damage":1,"enemies":"2 Louse","floor":1,"turns":4},{"damage":0,"enemies":"Jaw Worm","floor":2,"turns":3},{"damage":5,"enemies":"Small Slimes","floor":4,"turns":3},{"damage":20,"enemies":"3 Sentries","floor":6,"turns":5},{"damage":22,"enemies":"Gremlin Nob","floor":8,"turns":4},{"damage":6,"enemies":"Exordium Wildlife","floor":10,"turns":3},{"damage":12,"enemies":"Lots of Slimes","floor":13,"turns":5},{"damage":11,"enemies":"3 Sentries","floor":14,"turns":6},{"damage":36,"enemies":"Hexaghost","floor":16,"turns":11}],"seed_played":"3250853470834754124","potions_obtained":[{"floor":2,"key":"FairyPotion"},{"floor":4,"key":"LiquidBronze"},{"floor":10,"key":"Dexterity Potion"},{"floor":13,"key":"Block Potion"},{"floor":14,"key":"DuplicationPotion"}],"is_trial":false,"path_per_floor":["M","M","?","M","$","E","R","E","T","M","R","?","M","E","R","B"],"character_chosen":"WATCHER","items_purchased":["Adaptation"],"campfire_rested":1,"item_purchase_floors":[5],"current_hp_per_floor":[60,60,53,48,48,28,28,6,6,20,29,29,17,6,35,0,0],"gold":188,"neow_bonus":"REMOVE_CARD","is_daily":false,"chose_seed":false,"campfire_upgraded":2,"win_rate":0.0,"timestamp":1613082740,"path_taken":["M","M","?","M","$","E","R","E","T","M","R","?","M","E","R","BOSS"],"items_purchased_type":["Card"],"build_version":"2020-12-22","purchased_purges":0,"victory":false,"max_hp_per_floor":[68,68,68,68,68,68,68,68,68,68,68,68,68,68,68,68,68],"card_choices":[{"not_picked":["Crescendo","CrushJoints"],"picked":"Consecrate","floor":1},{"not_picked":["WindmillStrike","Consecrate"],"picked":"SandsOfTime","floor":2},{"not_picked":["SashWhip","Conclude"],"picked":"BowlingBash","floor":4},{"not_picked":["Worship","Wallop"],"picked":"Ragnarok","floor":6},{"not_picked":["FollowUp","Consecrate"],"picked":"Evaluate","floor":8},{"not_picked":["Weave","DeusExMachina","PathToVictory"],"picked":"SKIP","floor":10},{"not_picked":["Collect","JustLucky","WindmillStrike"],"picked":"SKIP","floor":13},{"not_picked":["FlyingSleeves","Swivel+1"],"picked":"Tantrum","floor":14}],"player_experience":908975,"relics_obtained":[{"floor":6,"key":"Orichalcum"},{"floor":8,"key":"White Beast Statue"},{"floor":9,"key":"Eternal Feather"},{"floor":14,"key":"Toxic Egg 2"}],"event_choices":[{"cards_removed":["Strike_P"],"damage_healed":0,"gold_gain":0,"player_choice":"Card Removal","damage_taken":7,"max_hp_gain":0,"max_hp_loss":0,"event_name":"Golden Wing","floor":3,"gold_loss":0},{"damage_healed":0,"gold_gain":0,"player_choice":"Grow","damage_taken":0,"max_hp_gain":0,"max_hp_loss":0,"event_name":"Living Wall","floor":12,"gold_loss":0,"cards_upgraded":["BowlingBash"]}],"is_beta":false,"boss_relics":[],"items_purged_floors":[],"is_endless":false,"potions_floor_spawned":[2,4,10,13,14],"killed_by":"Hexaghost","ascension_level":14}}