{"host":"8u1cu4kisw6g21am","time":1613015001,"event":{"mods":["AchievementEnabler","BaseMod","Bestiary","BetterRewards","Minty Spire (QoL Compilation)","Quick Restart","Shop Mod"],"gold_per_floor":[114,132,109,109,129,162,162,162,162,176,207,207,234,244,244,347,347,367,146,166,180,180,180,208,208,208],"floor_reached":25,"language":"ENG","playtime":2599,"items_purged":["Strike_B"],"score":221,"play_id":"096329b5-35a4-4f5c-af3c-53bca9336c02","local_time":"20210210224321","is_ascension_mode":false,"campfire_choices":[{"floor":8.0,"key":"REST"},{"data":"Double Energy","floor":12.0,"key":"SMITH"},{"data":"Zap","floor":15.0,"key":"SMITH"},{"floor":23,"key":"REST"}],"circlet_count":0,"master_deck":["Strike_B+1","Defend_B","Defend_B","Zap+1","Dualcast","Capacitor","Redo","Doom and Gloom","Defragment","Consume","Ball Lightning","Double Energy+1","Steam","Zap","Self Repair","Electrodynamics","FTL+1","Amplify+1","Defragment+1","Defragment+1","Melter","Redo","Loop","Conserve Battery"],"relics":["Cracked Core","FossilizedHelix","MerchantsRug","Darkstone Periapt","Meat on the Bone","Bronze Scales","Whetstone","Astrolabe","ClockworkSouvenir","Red Mask"],"acts_visited":["Exordium","TheCity"],"potions_floor_usage":[24,25,25],"damage_taken":[{"damage":0.0,"enemies":"2 Louse","floor":1.0,"turns":4.0},{"damage":5.0,"enemies":"Small Slimes","floor":2.0,"turns":4.0},{"damage":0.0,"enemies":"Cultist","floor":5.0,"turns":3.0},{"damage":8.0,"enemies":"3 Sentries","floor":6.0,"turns":4.0},{"damage":0.0,"enemies":"Looter","floor":10.0,"turns":3.0},{"damage":18.0,"enemies":"Gremlin Nob","floor":11.0,"turns":4.0},{"damage":13.0,"enemies":"Lagavulin","floor":13.0,"turns":5.0},{"damage":0.0,"enemies":"2 Fungi Beasts","floor":14.0,"turns":3.0},{"damage":7,"enemies":"Slime Boss","floor":16,"turns":8},{"damage":20,"enemies":"Spheric Guardian","floor":18,"turns":4},{"damage":13,"enemies":"3 Byrds","floor":20,"turns":1},{"damage":40,"enemies":"Shelled Parasite and Fungi","floor":21,"turns":4},{"damage":0,"enemies":"Masked Bandits","floor":24,"turns":1},{"damage":48,"enemies":"Book of Stabbing","floor":25,"turns":4}],"seed_played":"-480201456151612903","potions_obtained":[{"floor":1.0,"key":"Dexterity Potion"},{"floor":10.0,"key":"FocusPotion"},{"floor":11.0,"key":"Swift Potion"},{"floor":16,"key":"AttackPotion"}],"is_trial":false,"path_per_floor":["M","M","?","?","M","E","?","R","T","M","E","R","E","M","R","B",null,"M","$","M","M","?","R","?","E"],"character_chosen":"DEFECT","items_purchased":["Capacitor","Redo","Doom and Gloom","Defragment","MerchantsRug","ClockworkSouvenir","Melter"],"campfire_rested":2,"item_purchase_floors":[0,0,0,0,0,19,19],"current_hp_per_floor":[40,35,35,35,35,27,27,49,49,49,50,50,56,63,63,63,75,55,55,42,21,21,43,43,0,0],"gold":208,"neow_bonus":"","is_daily":false,"chose_seed":false,"campfire_upgraded":2,"win_rate":0.0,"timestamp":1613015001,"path_taken":["M","M","?","?","M","E","?","R","T","?","E","R","E","M","R","BOSS","M","$","M","M","?","R","?","E"],"items_purchased_type":["Card","Card","Card","Card","Relic","Relic","Card"],"build_version":"2020-12-22","purchased_purges":1,"victory":false,"max_hp_per_floor":[75,75,75,75,75,75,75,75,75,75,75,75,75,75,75,75,75,75,75,75,75,75,75,75,75,75],"card_choices":[{"not_picked":["Steam Power","Redo"],"picked":"Consume","floor":1.0},{"not_picked":["Coolheaded","Barrage"],"picked":"Ball Lightning","floor":2.0},{"not_picked":["Compile Driver","Beam Cell"],"picked":"Double Energy","floor":5.0},{"not_picked":["Rip and Tear","Go for the Eyes","Hologram"],"picked":"SKIP","floor":6.0},{"not_picked":["Cold Snap","Skim"],"picked":"Self Repair","floor":10.0},{"not_picked":["Coolheaded","All For One","Streamline"],"picked":"SKIP","floor":11.0},{"not_picked":["Genetic Algorithm","Go for the Eyes","Skim"],"picked":"SKIP","floor":13.0},{"not_picked":["Go for the Eyes","Self Repair","Steam"],"picked":"SKIP","floor":14.0},{"not_picked":["Amplify","Thunder Strike"],"picked":"Electrodynamics","floor":16},{"not_picked":["Steam","Compile Driver"],"picked":"Defragment+1","floor":18},{"not_picked":["Leap+1","Go for the Eyes"],"picked":"Redo","floor":20},{"not_picked":["Barrage","Defragment+1"],"picked":"Loop","floor":21},{"not_picked":["Compile Driver+1","Electrodynamics"],"picked":"Conserve Battery","floor":24}],"player_experience":108350,"relics_obtained":[{"floor":6.0,"key":"Darkstone Periapt"},{"floor":9.0,"key":"Meat on the Bone"},{"floor":11.0,"key":"Bronze Scales"},{"floor":13.0,"key":"Whetstone"},{"floor":24,"key":"Red Mask"}],"event_choices":[{"damage_healed":0.0,"max_hp_gain":0.0,"max_hp_loss":0.0,"gold_gain":0.0,"event_name":"World of Goop","player_choice":"Left Gold","floor":3.0,"gold_loss":23.0,"damage_taken":0.0},{"damage_healed":0.0,"max_hp_gain":0.0,"max_hp_loss":0.0,"gold_gain":0.0,"event_name":"Shining Light","player_choice":"Ignored","floor":4.0,"gold_loss":0.0,"damage_taken":0.0},{"damage_healed":0.0,"max_hp_gain":0.0,"max_hp_loss":0.0,"gold_gain":0.0,"event_name":"Match and Keep!","player_choice":"2 cards matched","floor":7.0,"gold_loss":0.0,"damage_taken":0.0,"cards_obtained":["Steam","Zap"]},{"damage_healed":0.0,"max_hp_gain":0.0,"max_hp_loss":0.0,"gold_gain":0.0,"event_name":"Match and Keep!","player_choice":"2 cards matched","floor":7.0,"gold_loss":0.0,"damage_taken":0.0,"cards_obtained":["Steam","Zap"]},{"cards_removed":["Strike_B"],"damage_healed":0,"gold_gain":0,"player_choice":"Elegance","damage_taken":0,"max_hp_gain":0,"max_hp_loss":0,"event_name":"Back to Basics","floor":22,"gold_loss":0},{"damage_healed":0,"gold_gain":0,"player_choice":"Fought Bandits","damage_taken":0,"max_hp_gain":0,"max_hp_loss":0,"event_name":"Masked Bandits","floor":24,"gold_loss":0}],"is_beta":false,"boss_relics":[{"not_picked":["Empty Cage","Fusion Hammer"],"picked":"Astrolabe"}],"items_purged_floors":[0],"is_endless":false,"potions_floor_spawned":[1,10,11,16],"killed_by":"Book of Stabbing","ascension_level":0}}