{"host":"nn0usk9aafse27ii","time":1613005436,"event":{"mods":["BaseMod","Colored Map","Highlight Path","Minty Spire (QoL Compilation)","Shop Mod","StSLib"],"gold_per_floor":[114,189,17,32,32,62,77,77,77,77,92,107,122,51,51,151,151,166,13,63,90,117,159,171,198,210,237,279,291,403,340,352,464,476,503,530,542,569,581,593,605,93,118,148,163,178,28,43,43,43],"floor_reached":51,"language":"ENG","playtime":3515,"items_purged":["Strike_P","Strike_P","Strike_P"],"score":844,"play_id":"56774e90-8fe8-4531-aa2c-c4f677a4f008","local_time":"20210210170356","daily_mods":["Allstar","Vintage","Binary"],"is_ascension_mode":false,"campfire_choices":[{"data":"Eruption","floor":8.0,"key":"SMITH"},{"floor":10.0,"key":"REST"},{"data":"TalkToTheHand","floor":15.0,"key":"SMITH"},{"data":"Vault","floor":24,"key":"SMITH"},{"data":"Master of Strategy","floor":29,"key":"SMITH"},{"data":"Sadistic Nature","floor":32,"key":"SMITH"},{"data":"Scrawl","floor":40,"key":"SMITH"},{"data":"ForeignInfluence","floor":49,"key":"SMITH"}],"circlet_count":0,"master_deck":["Defend_P","Defend_P","Defend_P","Defend_P","Vigilance","Swift Strike","Dark Shackles","Sadistic Nature+1","Master of Strategy+1","Panacea","CrushJoints+1","PathToVictory","WheelKick","TalkToTheHand+1","Vault+1","CrushJoints+1","JustLucky","Consecrate","PathToVictory","Scrawl+1","Enlightenment","Discovery","ForeignInfluence+1","Violence"],"relics":["PureWater","Frozen Egg 2","Anchor","Art of War","Toy Ornithopter","Matryoshka","Boot","Akabeko","Kunai","SacredBark","Oddly Smooth Stone","MawBank","PreservedInsect","Meat on the Bone","Regal Pillow","TeardropLocket","Question Card","Bronze Scales","InkBottle","Happy Flower","Damaru","Prayer Wheel","Ornamental Fan","Busted Crown","Torii","Pear","Yang","HandDrill","Nunchaku","Whetstone","Blood Vial","Dream Catcher","Strawberry","Bottled Flame"],"acts_visited":["Exordium","TheCity","TheBeyond"],"potions_floor_usage":[22,22,33,33,50,50,50],"damage_taken":[{"damage":3.0,"enemies":"2 Louse","floor":1.0,"turns":2.0},{"damage":0.0,"enemies":"Jaw Worm","floor":4.0,"turns":3.0},{"damage":41.0,"enemies":"3 Sentries","floor":6.0,"turns":12.0},{"damage":0.0,"enemies":"Cultist","floor":7.0,"turns":2.0},{"damage":1.0,"enemies":"Exordium Wildlife","floor":11.0,"turns":3.0},{"damage":0.0,"enemies":"Looter","floor":12.0,"turns":2.0},{"damage":0.0,"enemies":"Large Slime","floor":13.0,"turns":2.0},{"damage":8.0,"enemies":"Hexaghost","floor":16.0,"turns":6.0},{"damage":4.0,"enemies":"2 Thieves","floor":18.0,"turns":5.0},{"damage":0,"enemies":"Spheric Guardian","floor":21,"turns":4},{"damage":5,"enemies":"Centurion and Healer","floor":22,"turns":6},{"damage":0,"enemies":"Gremlin Leader","floor":23,"turns":3},{"damage":0,"enemies":"Cultist and Chosen","floor":25,"turns":4},{"damage":3,"enemies":"Shelled Parasite and Fungi","floor":27,"turns":6},{"damage":4,"enemies":"Book of Stabbing","floor":28,"turns":3},{"damage":4,"enemies":"Colosseum Slavers","floor":30,"turns":3},{"damage":0,"enemies":"Colosseum Nobs","floor":30,"turns":3},{"damage":1,"enemies":"Collector","floor":33,"turns":5},{"damage":0,"enemies":"3 Shapes","floor":35,"turns":5},{"damage":14,"enemies":"3 Darklings","floor":36,"turns":3},{"damage":10,"enemies":"Sphere and 2 Shapes","floor":38,"turns":4},{"damage":0,"enemies":"Reptomancer","floor":44,"turns":3},{"damage":0,"enemies":"Spire Growth","floor":45,"turns":3},{"damage":0,"enemies":"3 Darklings","floor":46,"turns":3},{"damage":0,"enemies":"Writhing Mass","floor":48,"turns":3},{"damage":49,"enemies":"Awakened One","floor":50,"turns":11}],"seed_played":"-587577638262706789","potions_obtained":[{"floor":1.0,"key":"Fruit Juice"},{"floor":11.0,"key":"Weak Potion"},{"floor":16.0,"key":"Regen Potion"},{"floor":18.0,"key":"FearPotion"},{"floor":21,"key":"GamblersBrew"},{"floor":28,"key":"Ambrosia"},{"floor":30,"key":"DuplicationPotion"},{"floor":35,"key":"Dexterity Potion"},{"floor":36,"key":"StancePotion"}],"is_trial":false,"path_per_floor":["M","?","$","M","?","E","M","R","T","R","M","M","M","$","R","B",null,"M","$","T","M","M","E","R","M","T","M","E","R","?","?","R","B",null,"M","M","?","M","?","R","?","$","T","E","M","M","$","M","R","B",null],"character_chosen":"WATCHER","items_purchased":["CrushJoints","PathToVictory","TalkToTheHand","CrushJoints","HandDrill","ForeignInfluence","Violence","Strawberry"],"campfire_rested":1,"item_purchase_floors":[3,3,14,19,42,42,42,47],"current_hp_per_floor":[74,63,63,63,68,27,27,27,27,51,50,50,50,50,50,47,82,78,78,78,78,82,82,82,82,82,79,75,75,71,71,71,80,82,82,78,78,68,68,68,63,63,63,63,63,65,72,74,74,60],"gold":43,"neow_bonus":"","is_daily":true,"chose_seed":false,"campfire_upgraded":7,"win_rate":0.0,"timestamp":1613005436,"path_taken":["M","?","$","M","?","E","M","R","T","R","M","M","M","?","R","BOSS","M","$","?","M","M","E","R","M","T","M","E","R","?","?","R","BOSS","M","M","?","M","?","R","?","$","T","E","?","M","?","M","R","BOSS"],"items_purchased_type":["Card","Card","Card","Card","Relic","Card","Card","Relic"],"build_version":"2020-12-22","purchased_purges":3,"victory":true,"max_hp_per_floor":[77,77,77,77,82,82,82,82,82,82,82,82,82,82,82,82,82,82,82,82,82,82,82,82,82,82,82,82,82,82,82,82,82,82,82,92,92,92,92,92,92,92,92,92,92,92,99,99,99,99],"card_choices":[{"not_picked":["ClearTheMind"],"picked":"WheelKick","floor":6.0},{"not_picked":["Brilliance"],"picked":"Vault","floor":16.0},{"not_picked":["FlyingSleeves"],"picked":"JustLucky","floor":23},{"not_picked":["Protect","MentalFortress+1"],"picked":"Consecrate","floor":28},{"not_picked":["Perseverance","LikeWater+1"],"picked":"PathToVictory","floor":30},{"not_picked":["Alpha","Blasphemy"],"picked":"Scrawl","floor":33},{"not_picked":[],"picked":"Enlightenment","floor":41},{"not_picked":[],"picked":"Discovery","floor":41},{"not_picked":["Scrawl"],"picked":"SKIP","floor":44}],"player_experience":502040,"relics_obtained":[{"floor":1.0,"key":"Frozen Egg 2"},{"floor":4.0,"key":"Anchor"},{"floor":6.0,"key":"Art of War"},{"floor":7.0,"key":"Toy Ornithopter"},{"floor":9.0,"key":"Matryoshka"},{"floor":11.0,"key":"Boot"},{"floor":12.0,"key":"Akabeko"},{"floor":13.0,"key":"Kunai"},{"floor":18.0,"key":"Oddly Smooth Stone"},{"floor":20,"key":"MawBank"},{"floor":20,"key":"PreservedInsect"},{"floor":21,"key":"Meat on the Bone"},{"floor":22,"key":"Regal Pillow"},{"floor":23,"key":"TeardropLocket"},{"floor":25,"key":"Question Card"},{"floor":26,"key":"Bronze Scales"},{"floor":26,"key":"InkBottle"},{"floor":27,"key":"Happy Flower"},{"floor":28,"key":"Damaru"},{"floor":30,"key":"Prayer Wheel"},{"floor":30,"key":"Ornamental Fan"},{"floor":35,"key":"Torii"},{"floor":36,"key":"Pear"},{"floor":38,"key":"Yang"},{"floor":43,"key":"Nunchaku"},{"floor":44,"key":"Whetstone"},{"floor":45,"key":"Blood Vial"},{"floor":46,"key":"Dream Catcher"},{"floor":48,"key":"Bottled Flame"}],"event_choices":[{"damage_healed":0.0,"max_hp_gain":0.0,"max_hp_loss":0.0,"gold_gain":75.0,"event_name":"World of Goop","player_choice":"Gather Gold","floor":2.0,"gold_loss":0.0,"damage_taken":11.0},{"damage_healed":0.0,"max_hp_gain":5.0,"max_hp_loss":0.0,"gold_gain":0.0,"event_name":"Big Fish","player_choice":"Donut","floor":5.0,"gold_loss":0.0,"damage_taken":0.0},{"damage_healed":0,"gold_gain":0,"player_choice":"Fight","damage_taken":0,"max_hp_gain":0,"max_hp_loss":0,"event_name":"Colosseum","floor":30,"gold_loss":0},{"damage_healed":0,"gold_gain":0,"player_choice":"Fought Nobs","damage_taken":0,"max_hp_gain":0,"max_hp_loss":0,"event_name":"Colosseum","floor":30,"gold_loss":0},{"cards_removed":["Strike_P"],"damage_healed":0,"gold_gain":0,"player_choice":"Gave Gold","damage_taken":0,"max_hp_gain":0,"max_hp_loss":0,"event_name":"Beggar","floor":31,"gold_loss":75},{"cards_removed":["Eruption"],"damage_healed":0,"gold_gain":0,"player_choice":"Removed Attack","damage_taken":0,"max_hp_gain":0,"max_hp_loss":0,"event_name":"Falling","floor":37,"gold_loss":0},{"damage_healed":0,"gold_gain":0,"player_choice":"Ignored","damage_taken":0,"max_hp_gain":0,"max_hp_loss":0,"event_name":"Tomb of Lord Red Mask","floor":39,"gold_loss":0},{"damage_healed":0,"gold_gain":0,"player_choice":"Memory 2","damage_taken":5,"max_hp_gain":0,"max_hp_loss":0,"event_name":"SensoryStone","floor":41,"gold_loss":0}],"is_beta":false,"boss_relics":[{"not_picked":["Cursed Key","SlaversCollar"],"picked":"SacredBark"},{"not_picked":["Coffee Dripper","Runic Dome"],"picked":"Busted Crown"}],"items_purged_floors":[3,19,42],"is_endless":false,"potions_floor_spawned":[1,11,16,18,21,28,30,30,35,36,48],"ascension_level":0}}