{"host":"mqhvlr3kpxebko0t","time":1613026477,"event":{"mods":["AchievementEnabler","BaseMod","Colored Map","Colored Powertips","KOR Keyword Fix","Keyboard Shortcuts","Minty Spire (QoL Compilation)","StSLib","SuperFastMode"],"gold_per_floor":[110,35,51,51,51,78,78,105,105,105,115,115,133,150,150,229,229,240,50,63,63,88,88,88,88,88,88,104,123,142,176,176,176,176],"floor_reached":33,"language":"KOR","playtime":451,"items_purged":["Strike_G","Strike_G"],"score":504,"play_id":"925a85cc-f0ae-404a-b549-990cee68f3a8","local_time":"20210211155437","is_ascension_mode":true,"campfire_choices":[{"data":"Bouncing Flask","floor":7,"key":"SMITH"},{"data":"Crippling Poison","floor":10,"key":"SMITH"},{"data":"Neutralize","floor":12,"key":"SMITH"},{"floor":15,"key":"REST"},{"data":"Footwork","floor":23,"key":"SMITH"},{"data":"Noxious Fumes","floor":25,"key":"SMITH"},{"floor":27,"key":"REST"},{"floor":32,"key":"REST"}],"circlet_count":0,"master_deck":["AscendersBane","Strike_G","Strike_G","Strike_G","Defend_G","Defend_G","Defend_G","Defend_G","Defend_G","Survivor","Neutralize+1","Bouncing Flask+1","Decay","Crippling Poison+1","Cloak And Dagger+1","PiercingWail+1","Corpse Explosion+1","Footwork+1","Reflex+1","Noxious Fumes+1"],"relics":["Ring of the Snake","NeowsBlessing","Molten Egg 2","Toxic Egg 2","Art of War","Busted Crown","Juzu Bracelet","Dream Catcher","Red Mask"],"acts_visited":["Exordium","TheCity"],"potions_floor_usage":[8,31],"damage_taken":[{"damage":0,"enemies":"Small Slimes","floor":1,"turns":1},{"damage":0,"enemies":"Cultist","floor":3,"turns":1},{"damage":0,"enemies":"3 Sentries","floor":6,"turns":2},{"damage":21,"enemies":"Gremlin Nob","floor":8,"turns":4},{"damage":1,"enemies":"Jaw Worm","floor":11,"turns":3},{"damage":9,"enemies":"Lots of Slimes","floor":13,"turns":2},{"damage":1,"enemies":"Blue Slaver","floor":14,"turns":4},{"damage":39,"enemies":"The Guardian","floor":16,"turns":11},{"damage":19,"enemies":"3 Byrds","floor":18,"turns":3},{"damage":11,"enemies":"2 Thieves","floor":20,"turns":3},{"damage":0,"enemies":"Centurion and Healer","floor":28,"turns":6},{"damage":12,"enemies":"Snake Plant","floor":29,"turns":5},{"damage":12,"enemies":"Sentry and Sphere","floor":30,"turns":5},{"damage":11,"enemies":"Masked Bandits","floor":31,"turns":3},{"damage":43,"enemies":"Champ","floor":33,"turns":9}],"seed_played":"-8630071676819243408","potions_obtained":[{"floor":1,"key":"SteroidPotion"},{"floor":11,"key":"Swift Potion"},{"floor":28,"key":"Strength Potion"},{"floor":30,"key":"FairyPotion"}],"is_trial":false,"path_per_floor":["M","$","M","$","?","E","R","E","T","R","M","R","M","M","R","B",null,"M","$","M","?","T","R","?","R","T","R","M","M","M","?","R","B"],"character_chosen":"THE_SILENT","items_purchased":["Reflex+1"],"campfire_rested":3,"item_purchase_floors":[19],"current_hp_per_floor":[59,59,59,59,59,59,59,38,38,38,37,37,28,27,46,7,51,32,32,21,21,21,21,21,21,21,40,40,28,16,5,24,0,0],"gold":176,"neow_bonus":"THREE_ENEMY_KILL","is_daily":false,"chose_seed":false,"campfire_upgraded":5,"win_rate":0.0,"timestamp":1613026477,"path_taken":["M","$","M","$","?","E","R","E","T","R","M","R","?","M","R","BOSS","M","$","?","?","?","R","?","R","T","R","M","M","M","?","R","BOSS"],"items_purchased_type":["Card"],"build_version":"2020-12-22","purchased_purges":2,"victory":false,"max_hp_per_floor":[66,66,66,66,66,66,66,66,66,66,66,66,66,66,66,66,66,66,66,66,66,66,66,66,66,66,66,66,66,66,66,66,66,66],"card_choices":[{"not_picked":["Accuracy","Backflip"],"picked":"Bouncing Flask","floor":1},{"not_picked":["Infinite Blades","Dodge and Roll","Outmaneuver"],"picked":"SKIP","floor":3},{"not_picked":["Leg Sweep","Riddle With Holes+1"],"picked":"Crippling Poison","floor":6},{"not_picked":["Phantasmal Killer+1","Blur+1"],"picked":"Cloak And Dagger+1","floor":8},{"not_picked":["Bane+1","Dodge and Roll+1"],"picked":"PiercingWail+1","floor":11},{"not_picked":["Dagger Spray+1","Blade Dance+1","Bouncing Flask+1"],"picked":"SKIP","floor":13},{"not_picked":["Dagger Spray+1","Sucker Punch+1","Finisher+1"],"picked":"SKIP","floor":14},{"not_picked":["Burst+1","Envenom"],"picked":"Corpse Explosion+1","floor":16},{"not_picked":[],"picked":"Footwork","floor":18},{"not_picked":["Acrobatics+1"],"picked":"SKIP","floor":20},{"not_picked":["Terror+1"],"picked":"SKIP","floor":28},{"not_picked":["Dodge and Roll+1"],"picked":"SKIP","floor":29},{"not_picked":["Setup+1"],"picked":"SKIP","floor":30}],"player_experience":706963,"relics_obtained":[{"floor":6,"key":"Molten Egg 2"},{"floor":8,"key":"Toxic Egg 2"},{"floor":9,"key":"Art of War"},{"floor":22,"key":"Juzu Bracelet"},{"floor":26,"key":"Dream Catcher"},{"floor":31,"key":"Red Mask"}],"event_choices":[{"damage_healed":0,"gold_gain":0,"player_choice":"Cursed","damage_taken":0,"max_hp_gain":0,"max_hp_loss":0,"event_name":"Wheel of Change","floor":5,"gold_loss":0,"cards_obtained":["Decay"]},{"damage_healed":0,"gold_gain":0,"player_choice":"Ignored","damage_taken":0,"max_hp_gain":0,"max_hp_loss":0,"event_name":"Ghosts","floor":21,"gold_loss":0},{"damage_healed":0,"gold_gain":0,"player_choice":"Read","damage_taken":0,"max_hp_gain":0,"max_hp_loss":0,"event_name":"The Library","floor":24,"gold_loss":0,"cards_obtained":["Noxious Fumes"]},{"damage_healed":0,"gold_gain":0,"player_choice":"Fought Bandits","damage_taken":0,"max_hp_gain":0,"max_hp_loss":0,"event_name":"Masked Bandits","floor":31,"gold_loss":0}],"is_beta":false,"boss_relics":[{"not_picked":["Snecko Eye","Runic Pyramid"],"picked":"Busted Crown"}],"items_purged_floors":[2,19],"is_endless":false,"potions_floor_spawned":[1,11,28,29,30],"killed_by":"Champ","ascension_level":16}}