{"host":"zq15pup7vna0uxo1","time":1613055224,"event":{"mods":["BaseMod","Bestiary","Colored Map","Downfall","Minty Spire (QoL Compilation)","Replay The Spire","StSLib","The Cursed","The Marked","The Servant 0.9.4"],"gold_per_floor":[115,131,131,148,158,158,188,188,234,234,66,104,124,143,143,240,349,373,229,252,282,299,299,321,434,434,434,434,457,457,466,466,574,624,634,489,516,616,541,541,579,609,689,705,718,718,750,677,677,677],"floor_reached":51,"language":"ENG","playtime":2873,"items_purged":["Pain"],"score":880,"play_id":"74e34d1f-1a91-4be3-8fa0-4718b13905a4","local_time":"20210211155344","is_ascension_mode":true,"campfire_choices":[{"data":"Perfected Strike","floor":6,"key":"SMITH"},{"data":"Metallicize","floor":8,"key":"SMITH"},{"data":"ReplayTheSpireMod:Strike From Hell","floor":10,"key":"SMITH"},{"floor":15,"key":"REST"},{"data":"Spot Weakness","floor":23,"key":"SMITH"},{"data":"Hemogenesis","floor":27,"key":"SMITH"},{"data":"Burning Pact","floor":32,"key":"SMITH"},{"data":"Feed","floor":40,"key":"SMITH"}],"circlet_count":0,"master_deck":["Strike_R","Strike_R","Strike_R","Strike_R+1","Strike_R","Defend_R","Defend_R+1","Defend_R","Bash","Metallicize+1","Perfected Strike+1","ReplayTheSpireMod:Strike From Hell+1","Cleave+1","Hemogenesis+1","Burning Pact+1","CurseOfTheBell","Flex","ReplayTheSpireMod:LeadingStrike+1","Spot Weakness+1","Perfected Strike","Clash+1","Twin Strike","ReplayTheSpireMod:Strike From Hell","True Grit+1","Feed+1","Perfected Strike","ReplayTheSpireMod:Strike From Hell","ReplayTheSpireMod:LeadingStrike+1","ReplayTheSpireMod:Strike From Hell","Parasite","Inflame"],"relics":["Burning Blood","Replay:Bottled Snecko","Replay:Wax Seal","Anchor","CeramicFish","Replay:Grab Bag","Painkiller Herb","Replay:Wanted Poster","Calling Bell","Centennial Puzzle","Divine Protection","Prayer Wheel","Strawberry","Shuriken","MutagenicStrength","WarpedTongs","Tiny House","Whetstone","Blue Candle","Bottled Tornado","ReplayTheSpireMod:Ring of Addiction","SacredBark","White Beast Statue","ReplayTheSpireMod:Ring of Collecting","ReplayTheSpireMod:Spearhead"],"acts_visited":["Exordium","TheCity","TheBeyond"],"potions_floor_usage":[16,16,22,33,33,41,44,50,50],"damage_taken":[{"damage":9,"enemies":"Small Slimes","floor":1,"turns":4},{"damage":0,"enemies":"Cultist","floor":2,"turns":4},{"damage":4,"enemies":"Jaw Worm","floor":4,"turns":3},{"damage":0,"enemies":"Large Slime","floor":5,"turns":5},{"damage":13,"enemies":"3 Sentries","floor":7,"turns":8},{"damage":18,"enemies":"Lagavulin","floor":12,"turns":6},{"damage":3,"enemies":"Gremlin Gang","floor":13,"turns":4},{"damage":4,"enemies":"3 Louse","floor":14,"turns":3},{"damage":37,"enemies":"The Guardian","floor":16,"turns":13},{"damage":15,"enemies":"Spheric Guardian","floor":18,"turns":4},{"damage":25,"enemies":"3 Byrds","floor":20,"turns":8},{"damage":33,"enemies":"Snake Plant","floor":21,"turns":5},{"damage":16,"enemies":"Snecko","floor":22,"turns":4},{"damage":4,"enemies":"Cultist and Chosen","floor":24,"turns":4},{"damage":0,"enemies":"3 Cultists","floor":29,"turns":3},{"damage":53,"enemies":"Automaton","floor":33,"turns":7},{"damage":9,"enemies":"3 Darklings","floor":35,"turns":5},{"damage":32,"enemies":"3 Shapes","floor":37,"turns":4},{"damage":6,"enemies":"Nemesis","floor":41,"turns":5},{"damage":0,"enemies":"3 Darklings","floor":42,"turns":4},{"damage":12,"enemies":"Spire Growth","floor":44,"turns":4},{"damage":0,"enemies":"4 Shapes","floor":45,"turns":5},{"damage":25,"enemies":"Writhing Mass","floor":47,"turns":4},{"damage":130,"enemies":"Time Eater","floor":50,"turns":11}],"seed_played":"-2353181514992982427","potions_obtained":[{"floor":1,"key":"Block Potion"},{"floor":7,"key":"Weak Potion"},{"floor":13,"key":"HeartOfIron"},{"floor":18,"key":"Slimebound:ThreeZeroPotion"},{"floor":24,"key":"Block Potion"},{"floor":29,"key":"DuplicationPotion"},{"floor":34,"key":"DistilledChaos"},{"floor":35,"key":"Regen Potion"},{"floor":41,"key":"hexamod:SoulburnPotion"},{"floor":44,"key":"PowerPotion"},{"floor":46,"key":"Energy Potion"},{"floor":47,"key":"Adrenaline Potion"}],"is_trial":false,"path_per_floor":["M","M","?","M","M","R","E","R","T","R","$","E","M","M","R_BF","B",null,"?","T","?","?","?","T","?","?","T","T","T","?","?","?","T","B",null,"?","T","?","?","T","T","E","?","T","?","?","?","?","?","T","B",null],"character_chosen":"IRONCLAD","items_purchased":["Anchor","Cleave","Strawberry","Whetstone"],"campfire_rested":1,"item_purchase_floors":[11,11,19,36],"current_hp_per_floor":[69,75,75,77,83,83,76,76,76,76,76,64,67,69,96,70,96,87,94,88,66,61,61,68,68,68,68,68,82,82,82,82,46,108,105,105,90,90,90,90,98,108,108,113,119,119,108,108,119,41],"gold":677,"neow_bonus":"TWENTY_PERCENT_HP_BONUS","is_daily":false,"chose_seed":false,"campfire_upgraded":7,"win_rate":0.0,"timestamp":1613055224,"path_taken":["M","M","?","M","M","R","E","R","T","R","$","E","M","M","R_BF","BOSS","?","T","?","?","?","T","?","?","T","T","T","?","?","?","T","BOSS","?","T","?","?","T","T","E","?","T","?","?","?","?","?","T","BOSS"],"items_purchased_type":["Relic","Card","Relic","Relic"],"build_version":"2020-12-22","purchased_purges":1,"victory":true,"max_hp_per_floor":[96,96,96,96,96,96,96,96,96,96,96,96,96,96,96,96,96,96,103,103,103,103,103,103,103,103,103,103,103,103,103,103,103,108,108,108,111,111,111,111,111,115,115,119,119,119,119,119,119,117],"card_choices":[{"not_picked":["Thunderclap","Armaments"],"picked":"Metallicize","floor":1},{"not_picked":["Second Wind","Sword Boomerang"],"picked":"Perfected Strike","floor":2},{"not_picked":["Anger","Abandon"],"picked":"ReplayTheSpireMod:Strike From Hell","floor":4},{"not_picked":["Sentinel","True Grit","Replay:Undeath\u0027s Touch"],"picked":"SKIP","floor":5},{"not_picked":["Havoc","Defy Death","Metallicize"],"picked":"SKIP","floor":7},{"not_picked":["Entrench","Clothesline"],"picked":"Hemogenesis","floor":12},{"not_picked":["Carnage","Feel No Pain"],"picked":"Burning Pact","floor":13},{"not_picked":["Dark Embrace","Shrug It Off","Anger"],"picked":"SKIP","floor":14},{"not_picked":["ReplayTheSpireMod:Strike From Hell","True Grit"],"picked":"Flex","floor":18},{"not_picked":["Havoc","Intimidate","Anger"],"picked":"SKIP","floor":18},{"not_picked":["Clothesline","Hemokinesis"],"picked":"ReplayTheSpireMod:LeadingStrike+1","floor":20},{"not_picked":["Demonic Infusion","Body Slam","Flex"],"picked":"SKIP","floor":20},{"not_picked":["Warcry","Clothesline"],"picked":"Spot Weakness","floor":21},{"not_picked":["Flex","Life Link"],"picked":"Perfected Strike","floor":21},{"not_picked":["Carnage","Rampage","Bludgeon"],"picked":"SKIP","floor":22},{"not_picked":["Wild Strike","Iron Wave","Clothesline"],"picked":"SKIP","floor":22},{"not_picked":["Anger","Rampage"],"picked":"Clash+1","floor":24},{"not_picked":["Searing Blow","Battle Trance+1","Wild Strike"],"picked":"SKIP","floor":24},{"not_picked":["Blood for Blood","Eclipse"],"picked":"Twin Strike","floor":25},{"not_picked":["Clothesline","Second Wind"],"picked":"ReplayTheSpireMod:Strike From Hell","floor":25},{"not_picked":["Sentinel","Armaments+1"],"picked":"True Grit+1","floor":29},{"not_picked":["Limit Break","Headbutt+1","Fire Breathing+1"],"picked":"SKIP","floor":29},{"not_picked":["Impervious","Juggernaut"],"picked":"Feed","floor":33},{"not_picked":["Shockwave","Armaments","Clothesline"],"picked":"SKIP","floor":35},{"not_picked":["Havoc+1","Combust","Whirlwind"],"picked":"SKIP","floor":35},{"not_picked":["Dual Wield","Body Slam+1"],"picked":"Perfected Strike","floor":37},{"not_picked":["Whirlwind","Burning Pact","Disarm+1"],"picked":"SKIP","floor":37},{"not_picked":["Impervious","Flex+1"],"picked":"ReplayTheSpireMod:Strike From Hell","floor":41},{"not_picked":["Body Slam+1","Heavy Blade+1"],"picked":"ReplayTheSpireMod:LeadingStrike","floor":42},{"not_picked":["Warcry","Dropkick"],"picked":"ReplayTheSpireMod:Strike From Hell","floor":42},{"not_picked":["Body Slam+1","Disarm","ReplayTheSpireMod:Limb From Limb+1"],"picked":"SKIP","floor":44},{"not_picked":["Metallicize","Iron Wave+1","Bloodletting"],"picked":"SKIP","floor":44},{"not_picked":["Hemogenesis","Headbutt","Seeing Red"],"picked":"SKIP","floor":45},{"not_picked":["Headbutt+1","Body Slam+1","Dual Wield"],"picked":"SKIP","floor":45},{"not_picked":["Clothesline","Iron Wave+1"],"picked":"Inflame","floor":47},{"not_picked":["True Grit+1","Entrench","Sword Boomerang+1"],"picked":"SKIP","floor":47}],"player_experience":1186202,"relics_obtained":[{"floor":7,"key":"Replay:Bottled Snecko"},{"floor":9,"key":"Replay:Wax Seal"},{"floor":12,"key":"CeramicFish"},{"floor":17,"key":"Centennial Puzzle"},{"floor":17,"key":"Divine Protection"},{"floor":17,"key":"Prayer Wheel"},{"floor":26,"key":"Shuriken"},{"floor":41,"key":"Blue Candle"},{"floor":43,"key":"Bottled Tornado"},{"floor":46,"key":"ReplayTheSpireMod:Ring of Addiction"},{"floor":46,"key":"SacredBark"},{"floor":46,"key":"White Beast Statue"},{"floor":46,"key":"ReplayTheSpireMod:Ring of Collecting"}],"event_choices":[{"cards_removed":["Defend_R"],"damage_healed":0,"gold_gain":0,"player_choice":"Purged","damage_taken":0,"max_hp_gain":0,"max_hp_loss":0,"event_name":"Purifier","floor":3,"gold_loss":0},{"damage_healed":0,"gold_gain":0,"player_choice":"Inject Mutagens","damage_taken":0,"relics_obtained":["MutagenicStrength"],"max_hp_gain":0,"max_hp_loss":0,"event_name":"Drug Dealer","floor":30,"gold_loss":0},{"damage_healed":0,"gold_gain":0,"player_choice":"Rummage","damage_taken":0,"relics_obtained":["WarpedTongs"],"max_hp_gain":0,"max_hp_loss":0,"event_name":"Accursed Blacksmith","floor":31,"gold_loss":0,"cards_obtained":["Pain"]},{"damage_healed":0,"gold_gain":100,"player_choice":"Pray","damage_taken":0,"max_hp_gain":0,"max_hp_loss":0,"event_name":"Golden Shrine","floor":38,"gold_loss":0},{"damage_healed":0,"gold_gain":0,"player_choice":"Paid Gold","damage_taken":0,"relics_obtained":["ReplayTheSpireMod:Spearhead"],"max_hp_gain":0,"max_hp_loss":0,"event_name":"WeMeetAgain","floor":48,"gold_loss":73}],"is_beta":false,"boss_relics":[{"not_picked":["Fusion Hammer","Sozu"],"picked":"Replay:Grab Bag"},{"not_picked":["Runic Dome","Busted Crown"],"picked":"Painkiller Herb"},{"not_picked":["Velvet Choker","Coffee Dripper"],"picked":"Replay:Wanted Poster"},{"not_picked":["Runic Pyramid","Runic Cube"],"picked":"Calling Bell"},{"not_picked":["Mark of Pain","Honey Jar"],"picked":"Tiny House"}],"items_purged_floors":[39],"is_endless":false,"potions_floor_spawned":[1,7,13,14,18,24,29,35,41,44,47],"ascension_level":2}}