{"host":"4gr5irrdjh39ysed","time":1613008504,"event":{"mods":["AchievementEnabler","BaseMod","Colored Map","Downfall","Hermit","Minty Spire (QoL Compilation)","Random Character Button","StSLib","The Construct","The Cursed","The Disciple","The Hierophant","The Mystic","The Necromancer","The Runesmith"],"gold_per_floor":[114,114,39,49,49,83,103,131,131,146,146,177,77,77,77,151,151,168,186,97,109,109,135,150,75,99,99,117,134,169,119,119,196,196,206,218,218,218,29,29,63,63,63,63,73,593,593,254,254,254,254,254,2,33,33],"floor_reached":56,"language":"ENG","playtime":4046,"items_purged":["Defend_B","Dualcast","downfall:Aged","Zap+1"],"score":2005,"play_id":"cf68beaa-191f-4ea5-aba5-77a751028f36","local_time":"20210210185504","is_ascension_mode":true,"campfire_choices":[{"floor":11,"key":"RECALL"},{"floor":15,"key":"REST"},{"floor":32,"key":"REST"},{"floor":40,"key":"REST"},{"floor":42,"key":"REST"},{"floor":44,"key":"REST"},{"floor":47,"key":"REST"},{"floor":49,"key":"REST"},{"floor":52,"key":"REST"}],"circlet_count":0,"master_deck":["AscendersBane","Strike_B","Strike_B","Strike_B+1","Strike_B","Streamline+1","Go for the Eyes","Streamline+1","Machine Learning","Beam Cell","Streamline","Gash","Hyperbeam","Sweeping Beam","Melter","Scrape","J.A.X.","Sweeping Beam+1","Go for the Eyes","Gash+1","Core Surge","Swift Strike","Gash","FTL+1","downfall:Icky","Sunder+1","Flash of Steel","Scrape","Reboot","PanicButton"],"relics":["Empty Cage","Darkstone Periapt","Runesmith:Nanobots","Whetstone","Bottled Tornado","Symbiotic Virus","Fusion Hammer","Sundial","Vajra","Thread and Needle","Sozu","downfall:ExtraCursedKey","Regal Pillow","Dream Catcher","Membership Card","Orichalcum","Happy Flower"],"acts_visited":["Exordium","TheCity","TheBeyond","TheEnding"],"potions_floor_usage":[16,21,28,33,55],"damage_taken":[{"damage":21,"enemies":"2 Louse","floor":1,"turns":3},{"damage":19,"enemies":"Jaw Worm","floor":4,"turns":3},{"damage":60,"enemies":"3 Sentries","floor":6,"turns":7},{"damage":7,"enemies":"Small Slimes","floor":7,"turns":3},{"damage":51,"enemies":"Lagavulin","floor":8,"turns":6},{"damage":15,"enemies":"2 Fungi Beasts","floor":10,"turns":3},{"damage":28,"enemies":"Gremlin Nob","floor":12,"turns":4},{"damage":12,"enemies":"Slime Boss","floor":16,"turns":7},{"damage":33,"enemies":"3 Byrds","floor":18,"turns":4},{"damage":39,"enemies":"Shell Parasite","floor":19,"turns":4},{"damage":42,"enemies":"Snake Plant","floor":21,"turns":4},{"damage":23,"enemies":"Slavers","floor":23,"turns":2},{"damage":31,"enemies":"Centurion and Healer","floor":24,"turns":3},{"damage":9,"enemies":"3 Cultists","floor":28,"turns":3},{"damage":45,"enemies":"Snake Plant","floor":29,"turns":4},{"damage":24,"enemies":"Gremlin Leader","floor":30,"turns":4},{"damage":68,"enemies":"Collector","floor":33,"turns":7},{"damage":20,"enemies":"3 Darklings","floor":35,"turns":3},{"damage":84,"enemies":"3 Shapes","floor":36,"turns":3},{"damage":73,"enemies":"Reptomancer","floor":41,"turns":4},{"damage":112,"enemies":"Transient","floor":45,"turns":6},{"damage":54,"enemies":"Maw","floor":46,"turns":6},{"damage":263,"enemies":"Time Eater","floor":50,"turns":11},{"damage":81,"enemies":"Shield and Spear","floor":54,"turns":5},{"damage":214,"enemies":"The Heart","floor":55,"turns":8}],"seed_played":"3356563462458021194","potions_obtained":[{"floor":4,"key":"BlessingOfTheForge"},{"floor":7,"key":"Block Potion"},{"floor":8,"key":"champ:CounterPotion"},{"floor":19,"key":"GamblersBrew"},{"floor":23,"key":"Block Potion"},{"floor":30,"key":"Guardian:BlockOnCardUsePotion"},{"floor":33,"key":"Slimebound:ThreeZeroPotion"}],"is_trial":false,"path_per_floor":["M","?","?","M","$","E","M","E","T","M","R","E","$","?","R","B",null,"M","M","$","M","?","E","M","?","T","$","M","M","E","?","R","B",null,"M","M","?","?","$","R","E","R","T","R","M","M","R","$","R","B",null,"R","$","E","B",null],"character_chosen":"DEFECT","items_purchased":["Gash","Scrape","Swift Strike","Membership Card","Flash of Steel","Orichalcum","Reboot","PanicButton"],"campfire_rested":8,"item_purchase_floors":[13,20,39,48,48,53,53,53],"current_hp_per_floor":[2043,2038,2038,2019,2019,1959,1952,1901,1901,1886,1886,1858,1858,1237,1858,1846,2015,1982,1943,1943,1901,1901,1878,1847,1847,1847,1847,1838,1793,1769,1769,2071,2003,2054,2034,1950,1950,1950,1950,2071,1998,2071,2083,2083,1971,1917,2083,2083,2083,1820,2017,2083,2083,2002,1788],"gold":33,"neow_bonus":"BOSS_RELIC","is_daily":false,"chose_seed":false,"campfire_upgraded":0,"win_rate":0.0,"timestamp":1613008504,"path_taken":["M","?","?","M","$","E","M","E","T","M","R","E","$","?","R","BOSS","M","M","$","M","?","E","M","?","T","$","M","M","E","?","R","BOSS","M","?","?","?","$","R","E","R","T","R","M","M","R","$","R","BOSS","R","$","E","BOSS"],"items_purchased_type":["Card","Card","Card","Relic","Card","Relic","Card","Card"],"build_version":"2020-12-22","purchased_purges":4,"victory":true,"max_hp_per_floor":[2071,2071,2071,2071,2071,2071,2071,2071,2071,2071,2071,2071,2071,2071,2071,2071,2071,2071,2071,2071,2071,2071,2071,2071,2071,2071,2071,2071,2071,2071,2071,2071,2071,2071,2071,2071,2071,2071,2071,2071,2071,2071,2083,2083,2083,2083,2083,2083,2083,2083,2083,2083,2083,2083,2083],"card_choices":[{"not_picked":["Barrage","Beam Cell"],"picked":"Streamline","floor":1},{"not_picked":["Coolheaded","Leap"],"picked":"Storm","floor":4},{"not_picked":["Compile Driver","Beam Cell"],"picked":"Go for the Eyes","floor":6},{"not_picked":["Force Field","Static Discharge"],"picked":"Streamline","floor":7},{"not_picked":["Coolheaded","Sweeping Beam"],"picked":"Machine Learning","floor":8},{"not_picked":["Redo","Steam Power"],"picked":"Beam Cell","floor":10},{"not_picked":["Blizzard","Genetic Algorithm"],"picked":"Streamline","floor":12},{"not_picked":["Fission","Reboot"],"picked":"Hyperbeam","floor":16},{"not_picked":["Fusion","Stack"],"picked":"Sweeping Beam","floor":18},{"not_picked":["Coolheaded","Sweeping Beam"],"picked":"Melter","floor":19},{"not_picked":["Hologram","Cold Snap","Steam"],"picked":"SKIP","floor":21},{"not_picked":["Static Discharge","Thunder Strike"],"picked":"Sweeping Beam+1","floor":23},{"not_picked":["Hello World","Stack"],"picked":"Go for the Eyes","floor":24},{"not_picked":["Chaos","Turbo+1"],"picked":"Gash+1","floor":28},{"not_picked":["Cold Snap","Conserve Battery","Steam"],"picked":"SKIP","floor":29},{"not_picked":["Barrage","Hello World","Hologram"],"picked":"SKIP","floor":30},{"not_picked":["Reboot","Buffer"],"picked":"Core Surge","floor":33},{"not_picked":["Redo","Barrage","Beam Cell"],"picked":"SKIP","floor":35},{"not_picked":["Coolheaded","Steam","Rebound"],"picked":"SKIP","floor":36},{"not_picked":["Static Discharge","Buffer"],"picked":"Gash","floor":41},{"not_picked":["Steam","Loop+1"],"picked":"FTL+1","floor":42},{"not_picked":["Rebound","Sweeping Beam+1","Tempest"],"picked":"SKIP","floor":45},{"not_picked":["Leap","Ball Lightning"],"picked":"Sunder+1","floor":46},{"not_picked":["Reprogram","Coolheaded+1"],"picked":"Scrape","floor":52},{"not_picked":["Self Repair","Heatsinks","Barrage"],"picked":"SKIP","floor":54}],"player_experience":348186,"relics_obtained":[{"floor":6,"key":"Runesmith:Nanobots"},{"floor":8,"key":"Whetstone"},{"floor":9,"key":"Bottled Tornado"},{"floor":12,"key":"Symbiotic Virus"},{"floor":23,"key":"Sundial"},{"floor":26,"key":"Vajra"},{"floor":30,"key":"Thread and Needle"},{"floor":41,"key":"Dream Catcher"},{"floor":54,"key":"Happy Flower"}],"event_choices":[{"damage_healed":0,"gold_gain":0,"player_choice":"Success","damage_taken":5,"relics_obtained":["Darkstone Periapt"],"max_hp_gain":0,"max_hp_loss":0,"event_name":"Scrap Ooze","floor":2,"gold_loss":0},{"cards_removed":["Defend_B"],"damage_healed":0,"gold_gain":0,"player_choice":"Card Removal","damage_taken":0,"max_hp_gain":0,"max_hp_loss":0,"event_name":"The Cleric","floor":3,"gold_loss":75},{"damage_healed":0,"gold_gain":0,"player_choice":"Entered Light","damage_taken":621,"max_hp_gain":0,"max_hp_loss":0,"event_name":"Shining Light","floor":14,"gold_loss":0,"cards_upgraded":["Strike_B","Zap"]},{"damage_healed":0,"gold_gain":0,"player_choice":"Obtain J.A.X.","damage_taken":0,"max_hp_gain":0,"max_hp_loss":0,"event_name":"Drug Dealer","floor":22,"gold_loss":0,"cards_obtained":["J.A.X."]},{"cards_removed":["Storm"],"damage_healed":0,"gold_gain":0,"player_choice":"Gave Gold","damage_taken":0,"max_hp_gain":0,"max_hp_loss":0,"event_name":"Beggar","floor":25,"gold_loss":75},{"damage_healed":0,"gold_gain":0,"player_choice":"Bet on Owner","damage_taken":0,"max_hp_gain":0,"max_hp_loss":0,"event_name":"The Joust","floor":31,"gold_loss":50},{"damage_healed":0,"gold_gain":0,"player_choice":"Gave Potion","damage_taken":0,"relics_obtained":["Regal Pillow"],"max_hp_gain":0,"max_hp_loss":0,"event_name":"WeMeetAgain","floor":38,"gold_loss":0}],"is_beta":false,"boss_relics":[{"not_picked":["Calling Bell","Astrolabe"],"picked":"Fusion Hammer"},{"not_picked":["SlaversCollar","bronze:MakeshiftBattery"],"picked":"Sozu"}],"items_purged_floors":[13,39,48,53],"is_endless":false,"potions_floor_spawned":[4,7,8,19,23,30,33,41,46,54],"ascension_level":17}}