{"host":"coame8l8goqx0svj","time":1613052194,"event":{"mods":["BaseMod","Downfall","Minty Spire (QoL Compilation)","StSLib"],"gold_per_floor":[99,111,129,143,162,162,185,219,235,235,252,252,252,252,266,367,367,367,380,393,407,507,507,507,507],"floor_reached":23,"language":"ENG","playtime":2481,"items_purged":[],"score":277,"play_id":"38d05614-6919-49e9-ab74-602fb4211bb5","local_time":"20210211150314","is_ascension_mode":true,"campfire_choices":[{"data":"bronze:Replicate","floor":1,"key":"SMITH"},{"data":"bronze:InfiniteLoop","floor":10,"key":"SMITH"},{"floor":12,"key":"REST"},{"data":"bronze:Frontload","floor":18,"key":"SMITH"}],"circlet_count":0,"master_deck":["bronze:Strike","bronze:Strike","bronze:Strike","bronze:Defend","bronze:Defend","bronze:Defend","bronze:Defend","bronze:Replicate+1","bronze:Goto","bronze:Constructor","bronze:Frontload+1","bronze:Frontload+1","bronze:InfiniteLoop+1","bronze:Optimize+1","bronze:AlphaBuild","Decay","bronze:FindAndReplace","bronze:Philosophize+1","bronze:Fortify"],"relics":["Velvet Choker","Bronze Scales","Oddly Smooth Stone","bronze:ElectromagneticCoil","TungstenRod","Kunai"],"acts_visited":["Exordium","TheCity"],"potions_floor_usage":[13,16,19,20,22,23],"damage_taken":[{"damage":0,"enemies":"Cultist","floor":2,"turns":4},{"damage":0,"enemies":"Jaw Worm","floor":3,"turns":4},{"damage":0,"enemies":"Small Slimes","floor":4,"turns":4},{"damage":0,"enemies":"3 Louse","floor":5,"turns":4},{"damage":8,"enemies":"3 Sentries","floor":8,"turns":8},{"damage":3,"enemies":"Lots of Slimes","floor":9,"turns":4},{"damage":0,"enemies":"Blue Slaver","floor":11,"turns":4},{"damage":0,"enemies":"Gremlin Nob","floor":13,"turns":1},{"damage":2,"enemies":"Large Slime","floor":15,"turns":4},{"damage":15,"enemies":"DF_ARCHETYPE_STREAMLINE","floor":16,"turns":6},{"damage":10,"enemies":"Spheric Guardian","floor":19,"turns":4},{"damage":20,"enemies":"3 Cultists","floor":20,"turns":6},{"damage":8,"enemies":"Shelled Parasite and Fungi","floor":21,"turns":7},{"damage":20,"enemies":"SI_SHIV_ARCHETYPE","floor":22,"turns":10},{"damage":13,"enemies":"Sentry and Sphere","floor":23,"turns":4}],"seed_played":"-5219100832654665525","potions_obtained":[{"floor":3,"key":"PowerPotion"},{"floor":8,"key":"SmokeBomb"},{"floor":15,"key":"SpeedPotion"},{"floor":16,"key":"Slimebound:ThreeZeroPotion"},{"floor":19,"key":"hexamod:SoulburnPotion"},{"floor":22,"key":"Fire Potion"}],"is_trial":false,"path_per_floor":["R","M","M","M","M","?","T","E","M","R","M","R","E","?","M","B",null,"R","M","M","M","?","M"],"character_chosen":"THE_AUTOMATON","items_purchased":[],"campfire_rested":1,"item_purchase_floors":[],"current_hp_per_floor":[63,63,63,63,63,63,63,55,52,52,52,70,70,70,68,53,66,66,56,36,28,8,0,0,0],"gold":507,"neow_bonus":"BOSS_RELIC","is_daily":false,"chose_seed":false,"campfire_upgraded":3,"win_rate":0.0,"timestamp":1613052194,"path_taken":["R","M","M","M","?","?","T","E","M","R","M","R","E","?","M","BOSS","R","M","M","?","?","M"],"items_purchased_type":[],"build_version":"2020-12-22","purchased_purges":0,"victory":false,"max_hp_per_floor":[70,70,70,70,70,70,70,70,70,70,70,70,70,70,70,70,70,70,70,70,70,70,70,70,70],"card_choices":[{"not_picked":["bronze:WildBeam","bronze:Allocate"],"picked":"bronze:Constructor","floor":2},{"not_picked":["bronze:OilSpill","bronze:InfiniteBeams"],"picked":"bronze:Frontload","floor":3},{"not_picked":["bronze:GetLatest","bronze:Shield"],"picked":"bronze:Frontload","floor":4},{"not_picked":["bronze:Separator","bronze:Frontload","bronze:OilSpill"],"picked":"SKIP","floor":5},{"not_picked":["bronze:Invalidate","bronze:WildBeam","bronze:Iterate"],"picked":"SKIP","floor":8},{"not_picked":["bronze:GetLatest","bronze:FineTuning"],"picked":"bronze:Optimize","floor":9},{"not_picked":["bronze:Shield","bronze:Refactor"],"picked":"bronze:AlphaBuild","floor":11},{"not_picked":["bronze:Refactor","bronze:DelayedGuard","bronze:Branch"],"picked":"SKIP","floor":15},{"not_picked":["bronze:TinkerersToolbox","bronze:BurnOut"],"picked":"bronze:FindAndReplace","floor":16},{"not_picked":["bronze:InfiniteBeams+1","bronze:WhirlingStrike","bronze:DelayedSlice"],"picked":"SKIP","floor":19},{"not_picked":["bronze:Backtrace","bronze:DelayedSlice","bronze:MaxOutput"],"picked":"SKIP","floor":20},{"not_picked":["bronze:Branch","bronze:ThunderWave"],"picked":"bronze:Philosophize+1","floor":21},{"not_picked":["bronze:DelayedSlice","bronze:ClassDefault"],"picked":"bronze:Fortify","floor":22}],"player_experience":1800391,"relics_obtained":[{"floor":7,"key":"Bronze Scales"},{"floor":8,"key":"Oddly Smooth Stone"},{"floor":22,"key":"TungstenRod"},{"floor":22,"key":"Kunai"}],"event_choices":[],"is_beta":false,"boss_relics":[{"not_picked":["Black Star","Cursed Key"],"picked":"bronze:ElectromagneticCoil"}],"items_purged_floors":[],"is_endless":false,"potions_floor_spawned":[3,8,13,15,16,19,22],"killed_by":"Sentry and Sphere","ascension_level":7}}