{"host":"dowi7cgbhepuzvpj","time":1613042390,"event":{"mods":["AchievementEnabler","BaseMod","Keyboard Shortcuts","Minty Spire (QoL Compilation)","Permanent Neow","Quick Restart","StSLib","SuperFastMode"],"gold_per_floor":[110,110,614,626,626,668,222,251,251,301,301,314,333,365,365,442,442,453,469,469,489,509,543,543,561,614,341,351,351,401,431,431,505,505,522,547,558,251,267,267,278,278,278,54,74,74,109,89,89,89,89,89,89,61,90,90],"floor_reached":57,"language":"KOR","playtime":2303,"items_purged":["Strike_R","Strike_R","Strike_R","Strike_R"],"score":3005,"play_id":"e812b69b-98f8-48b3-89c1-62a933b144e3","local_time":"20210211201950","is_ascension_mode":true,"campfire_choices":[{"floor":11.0,"key":"REST"},{"data":"Sword Boomerang","floor":15.0,"key":"SMITH"},{"floor":24.0,"key":"RECALL"},{"floor":32.0,"key":"REST"},{"floor":40,"key":"REST"},{"floor":42,"key":"REST"},{"floor":49,"key":"REST"},{"floor":53,"key":"REST"}],"circlet_count":0,"master_deck":["AscendersBane","Strike_R","Defend_R+1","Defend_R","Defend_R","Defend_R","Bash","Flash of Steel","Shrug It Off+1","Rage+1","Cleave","Sword Boomerang+1","True Grit+1","Flame Barrier+1","Double Tap+1","Reaper+1","Metallicize+1","Dual Wield+1","Metallicize+1","Shrug It Off+1","Evolve+1","Flash of Steel+1","Sword Boomerang+1","Entrench+1","Barricade+1","Body Slam+1","Brutality+1","Warcry+1","Feel No Pain+1","Warcry+1","Dark Embrace+1","Madness+1","Madness+1","Headbutt+1"],"relics":["Burning Blood","Toxic Egg 2","Brimstone","Bag of Marbles","MawBank","War Paint","Medical Kit","Akabeko","Oddly Smooth Stone","Orichalcum","Fusion Hammer","Molten Egg 2","Frozen Egg 2","Bottled Lightning","Nunchaku","Bottled Tornado","Lantern","SlaversCollar","Bird Faced Urn","Vajra","HornCleat","Anchor","Kunai","Art of War"],"acts_visited":["Exordium","TheCity","TheBeyond","TheEnding"],"potions_floor_usage":[56],"damage_taken":[{"damage":1.0,"enemies":"2 Louse","floor":1.0,"turns":3.0},{"damage":0.0,"enemies":"Cultist","floor":4.0,"turns":2.0},{"damage":35.0,"enemies":"3 Sentries","floor":6.0,"turns":7.0},{"damage":4.0,"enemies":"Lagavulin","floor":8.0,"turns":4.0},{"damage":0.0,"enemies":"Small Slimes","floor":12.0,"turns":2.0},{"damage":0.0,"enemies":"2 Fungi Beasts","floor":13.0,"turns":2.0},{"damage":8.0,"enemies":"3 Sentries","floor":14.0,"turns":5.0},{"damage":30.0,"enemies":"Hexaghost","floor":16.0,"turns":5.0},{"damage":3.0,"enemies":"Shell Parasite","floor":18.0,"turns":3.0},{"damage":0.0,"enemies":"3 Byrds","floor":19.0,"turns":2.0},{"damage":9.0,"enemies":"Centurion and Healer","floor":21.0,"turns":5.0},{"damage":16.0,"enemies":"Cultist and Chosen","floor":22.0,"turns":6.0},{"damage":8.0,"enemies":"Slavers","floor":23.0,"turns":5.0},{"damage":22.0,"enemies":"Snake Plant","floor":25.0,"turns":4.0},{"damage":1.0,"enemies":"Snecko","floor":28.0,"turns":3.0},{"damage":24.0,"enemies":"Book of Stabbing","floor":31.0,"turns":5.0},{"damage":0.0,"enemies":"Automaton","floor":33.0,"turns":5.0},{"damage":9.0,"enemies":"3 Shapes","floor":35.0,"turns":2.0},{"damage":3.0,"enemies":"Mind Bloom Boss Battle","floor":36.0,"turns":4.0},{"damage":30.0,"enemies":"3 Darklings","floor":37.0,"turns":4.0},{"damage":13,"enemies":"Writhing Mass","floor":39,"turns":7},{"damage":12,"enemies":"Transient","floor":41,"turns":6},{"damage":19,"enemies":"4 Shapes","floor":45,"turns":5},{"damage":4,"enemies":"Giant Head","floor":47,"turns":5},{"damage":55,"enemies":"Awakened One","floor":50,"turns":9},{"damage":3,"enemies":"Donu and Deca","floor":51,"turns":4},{"damage":118,"enemies":"Shield and Spear","floor":55,"turns":6},{"damage":141,"enemies":"The Heart","floor":56,"turns":11}],"seed_played":"-7591320767503826790","potions_obtained":[{"floor":1.0,"key":"ElixirPotion"},{"floor":8.0,"key":"DuplicationPotion"},{"floor":12.0,"key":"SpeedPotion"},{"floor":16.0,"key":"PowerPotion"},{"floor":22.0,"key":"Fruit Juice"},{"floor":28.0,"key":"BloodPotion"},{"floor":31.0,"key":"FairyPotion"}],"is_trial":false,"path_per_floor":["M","?","$","M","?","E","$","E","T","?","R","M","M","E","R","B",null,"M","M","?","M","M","E","R","M","T","$","M","M","?","E","R","B",null,"M","?","M","$","M","R","M","R","T","$","M","?","E","?","R","B","B",null,"R","$","E","B",null],"character_chosen":"IRONCLAD","items_purchased":["Brimstone","Bag of Marbles","Rage+1","Medical Kit","Akabeko","Sword Boomerang","Flash of Steel+1","Sword Boomerang+1","Vajra","Anchor","Warcry+1","Headbutt+1"],"campfire_rested":6,"item_purchase_floors":[3,3,3,7,7,7,27,27,38,44,44,54],"current_hp_per_floor":[73,73,73,75,40,11,11,13,13,13,35,41,47,45,45,21,62,75,75,75,75,78,80,80,64,64,64,69,69,69,67,80,80,80,80,80,80,80,78,80,78,80,80,80,75,61,80,80,80,71,80,80,80,80,44,20],"gold":90,"neow_bonus":"RANDOM_COLORLESS","is_daily":false,"chose_seed":false,"campfire_upgraded":1,"win_rate":0.0,"timestamp":1613042390,"path_taken":["M","?","?","M","?","E","$","E","T","?","R","M","M","E","R","BOSS","M","?","?","M","M","E","R","M","T","?","M","M","?","E","R","BOSS","M","?","M","$","M","R","M","R","T","$","M","?","E","?","R","BOSS","BOSS","R","$","E","BOSS"],"items_purchased_type":["Relic","Relic","Card","Relic","Relic","Card","Card","Card","Relic","Relic","Card","Card"],"build_version":"2020-12-22","purchased_purges":4,"victory":true,"max_hp_per_floor":[75,75,75,75,75,75,75,75,75,75,75,75,75,75,75,75,75,75,75,75,75,80,80,80,80,80,80,80,80,80,80,80,80,80,80,80,80,80,80,80,80,80,80,80,80,80,80,80,80,80,80,80,80,80,80,80],"card_choices":[{"not_picked":["Panacea","Swift Strike"],"picked":"Flash of Steel","floor":0.0},{"not_picked":["Warcry","Twin Strike"],"picked":"Shrug It Off","floor":1.0},{"not_picked":["Dual Wield+1","Thunderclap","Clothesline"],"picked":"SKIP","floor":4.0},{"not_picked":["Bludgeon","Clash"],"picked":"Cleave","floor":6.0},{"not_picked":["Clothesline","Havoc+1"],"picked":"True Grit+1","floor":8.0},{"not_picked":["Wild Strike","Flex+1"],"picked":"Flame Barrier+1","floor":12.0},{"not_picked":["Flex+1","Anger","Thunderclap"],"picked":"SKIP","floor":13.0},{"not_picked":["Brutality","Feel No Pain"],"picked":"Double Tap+1","floor":14.0},{"not_picked":["Exhume+1","Barricade"],"picked":"Reaper","floor":16.0},{"not_picked":["Sever Soul+1","Wild Strike+1","Dropkick+1"],"picked":"SKIP","floor":18.0},{"not_picked":["Cleave+1","Thunderclap+1"],"picked":"Metallicize+1","floor":19.0},{"not_picked":["Carnage+1","Cleave+1","Dual Wield+1"],"picked":"SKIP","floor":21.0},{"not_picked":["Carnage+1","Cleave+1"],"picked":"Dual Wield+1","floor":21.0},{"not_picked":["Uppercut+1","Clothesline+1"],"picked":"Metallicize+1","floor":22.0},{"not_picked":["Spot Weakness+1","Pummel+1"],"picked":"Shrug It Off+1","floor":23.0},{"not_picked":["Anger+1","Wild Strike+1"],"picked":"Evolve+1","floor":25.0},{"not_picked":["Havoc+1","Rupture+1"],"picked":"Entrench+1","floor":28.0},{"not_picked":["Feed+1","Intimidate+1"],"picked":"Body Slam+1","floor":31.0},{"not_picked":["Fiend Fire+1","Corruption+1"],"picked":"Brutality+1","floor":33.0},{"not_picked":["Body Slam+1","Whirlwind+1"],"picked":"Warcry+1","floor":35.0},{"not_picked":["Armaments+1","Thunderclap+1"],"picked":"Feel No Pain+1","floor":36.0},{"not_picked":["Flex+1","Evolve+1","Anger+1"],"picked":"SKIP","floor":37.0},{"not_picked":["Clash+1","Fire Breathing+1","Shrug It Off+1"],"picked":"SKIP","floor":39},{"not_picked":["Heavy Blade+1","Juggernaut+1","Thunderclap+1"],"picked":"SKIP","floor":41},{"not_picked":["Iron Wave+1","Seeing Red+1"],"picked":"Dark Embrace+1","floor":45},{"not_picked":["Carnage+1","Dark Embrace+1","Dropkick+1"],"picked":"SKIP","floor":47},{"not_picked":["Anger+1","Second Wind+1","Uppercut+1"],"picked":"SKIP","floor":55}],"player_experience":876551,"relics_obtained":[{"floor":6.0,"key":"War Paint"},{"floor":8.0,"key":"Oddly Smooth Stone"},{"floor":14.0,"key":"Orichalcum"},{"floor":23.0,"key":"Bottled Lightning"},{"floor":26.0,"key":"Nunchaku"},{"floor":31.0,"key":"Lantern"},{"floor":36.0,"key":"Bird Faced Urn"},{"floor":43,"key":"HornCleat"},{"floor":47,"key":"Kunai"},{"floor":55,"key":"Art of War"}],"event_choices":[{"damage_healed":0.0,"max_hp_gain":0.0,"max_hp_loss":0.0,"gold_gain":0.0,"event_name":"WeMeetAgain","player_choice":"Gave Potion","floor":2.0,"gold_loss":0.0,"damage_taken":0.0,"relics_obtained":["Toxic Egg 2"]},{"damage_healed":0.0,"max_hp_gain":0.0,"max_hp_loss":0.0,"gold_gain":0.0,"event_name":"Scrap Ooze","player_choice":"Success","floor":5.0,"gold_loss":0.0,"damage_taken":35.0,"relics_obtained":["MawBank"]},{"damage_healed":0.0,"max_hp_gain":0.0,"max_hp_loss":0.0,"gold_gain":50.0,"event_name":"Golden Shrine","player_choice":"Pray","floor":10.0,"gold_loss":0.0,"damage_taken":0.0},{"damage_healed":0.0,"max_hp_gain":0.0,"max_hp_loss":0.0,"gold_gain":0.0,"event_name":"Upgrade Shrine","player_choice":"Upgraded","floor":20.0,"gold_loss":0.0,"damage_taken":0.0,"cards_upgraded":["Reaper"]},{"damage_healed":0.0,"max_hp_gain":0.0,"max_hp_loss":0.0,"gold_gain":50.0,"event_name":"Nest","player_choice":"Stole From Cult","floor":30.0,"gold_loss":0.0,"damage_taken":0.0},{"damage_healed":0.0,"max_hp_gain":0.0,"max_hp_loss":0.0,"gold_gain":0.0,"event_name":"MindBloom","player_choice":"Fight","floor":36.0,"gold_loss":0.0,"damage_taken":0.0},{"damage_healed":0,"gold_gain":0,"player_choice":"Embrace Madness","damage_taken":14,"max_hp_gain":0,"max_hp_loss":0,"event_name":"Winding Halls","floor":46,"gold_loss":0,"cards_obtained":["Madness","Madness"]},{"damage_healed":0,"gold_gain":0,"player_choice":"Bought 1 Potion","damage_taken":0,"max_hp_gain":0,"max_hp_loss":0,"event_name":"The Woman in Blue","floor":48,"gold_loss":0}],"is_beta":false,"boss_relics":[{"not_picked":["SacredBark","Coffee Dripper"],"picked":"Fusion Hammer"},{"not_picked":["Black Star","Velvet Choker"],"picked":"SlaversCollar"}],"items_purged_floors":[3,7,27,38],"is_endless":false,"potions_floor_spawned":[1,8,12,14,16,19,22,28,31,33,35,47,55],"ascension_level":20}}