{"host":"mvinazi1z8y868kt","time":1613042941,"event":{"mods":["AchievementEnabler","Act Like it!","BaseMod","Friendly Minions","Minty Spire (QoL Compilation)","Quick Restart","StSLib"],"gold_per_floor":[111,111,126,142,160,186,202,230,230,259,112,143,156,174,174,269,269,259,273,273,273,198,232,232,260,260,295,295,330,347,447,447,547,547,566,53,53,71,88,118,152,177,177,187,187,218,271,3,3,3,3,3,3,31,31,31],"floor_reached":55,"language":"ZHS","playtime":6377,"items_purged":[],"score":1294,"play_id":"105d8e4a-9bd7-48b5-9b04-eb740119aaae","local_time":"20210211062901","is_ascension_mode":true,"campfire_choices":[{"data":"Barricade","floor":15.0,"key":"SMITH"},{"floor":24.0,"key":"RECALL"},{"data":"Body Slam","floor":28.0,"key":"SMITH"},{"data":"Body Slam","floor":32.0,"key":"SMITH"},{"data":"Juggernaut","floor":45.0,"key":"SMITH"},{"data":"Bash","floor":49.0,"key":"SMITH"},{"data":"Ghostly","floor":52.0,"key":"SMITH"}],"circlet_count":0,"master_deck":["Strike_R+1","Strike_R+1","Defend_R","Defend_R","Defend_R","Defend_R","Bash+1","Bloodletting","Pommel Strike","Metallicize","Ghostly Armor","Barricade+1","Spot Weakness","Body Slam+1","Body Slam+1","Rage","Armaments","Juggernaut+1","True Grit+1","True Grit+1","Thunderclap+1","Ghostly","Ghostly","Ghostly","Ghostly","Ghostly+1","Evolve","Body Slam+1","Flex+1","Finesse","Master of Strategy","Forethought","Panache","Dramatic Entrance","Inflame+1","Rupture","Panache","Feel No Pain+1"],"relics":["Burning Blood","NeowsBlessing","Champion Belt","Odd Mushroom","Lantern","Smiling Mask","Orichalcum","Mummified Hand","Astrolabe","Anchor","InkBottle","Red Mask","WingedGreaves","Peace Pipe","Self Forming Clay","Coffee Dripper","Bottled Tornado","Boot","Calipers","The Courier","Bottled Flame","Art of War","Centennial Puzzle","HandDrill","Incense Burner"],"acts_visited":["Exordium","TheCity","TheBeyond","TheEnding"],"potions_floor_usage":[55,55],"damage_taken":[{"damage":0.0,"enemies":"Cultist","floor":1.0,"turns":1.0},{"damage":0.0,"enemies":"Jaw Worm","floor":3.0,"turns":1.0},{"damage":0.0,"enemies":"2 Louse","floor":4.0,"turns":1.0},{"damage":14.0,"enemies":"Looter","floor":5.0,"turns":3.0},{"damage":24.0,"enemies":"Gremlin Nob","floor":6.0,"turns":4.0},{"damage":6.0,"enemies":"2 Fungi Beasts","floor":7.0,"turns":5.0},{"damage":45.0,"enemies":"The Mushroom Lair","floor":8.0,"turns":6.0},{"damage":3.0,"enemies":"Lagavulin","floor":10.0,"turns":7.0},{"damage":9.0,"enemies":"3 Sentries","floor":12.0,"turns":8.0},{"damage":1.0,"enemies":"3 Louse","floor":13.0,"turns":4.0},{"damage":8.0,"enemies":"Exordium Wildlife","floor":14.0,"turns":4.0},{"damage":2.0,"enemies":"Hexaghost","floor":16.0,"turns":9.0},{"damage":16.0,"enemies":"2 Thieves","floor":18.0,"turns":4.0},{"damage":4.0,"enemies":"Shell Parasite","floor":19.0,"turns":7.0},{"damage":26.0,"enemies":"Slavers","floor":23.0,"turns":7.0},{"damage":1.0,"enemies":"Gremlin Leader","floor":25.0,"turns":6.0},{"damage":1.0,"enemies":"Masked Bandits","floor":27.0,"turns":7.0},{"damage":0.0,"enemies":"Book of Stabbing","floor":29.0,"turns":6.0},{"damage":0.0,"enemies":"Snake Plant","floor":30.0,"turns":6.0},{"damage":0.0,"enemies":"Colosseum Slavers","floor":31.0,"turns":6.0},{"damage":0.0,"enemies":"Colosseum Nobs","floor":31.0,"turns":6.0},{"damage":7.0,"enemies":"Automaton","floor":33.0,"turns":9.0},{"damage":14.0,"enemies":"3 Shapes","floor":35.0,"turns":4.0},{"damage":0.0,"enemies":"Orb Walker","floor":38.0,"turns":2.0},{"damage":0.0,"enemies":"4 Shapes","floor":39.0,"turns":4.0},{"damage":0.0,"enemies":"Reptomancer","floor":40.0,"turns":6.0},{"damage":0.0,"enemies":"Giant Head","floor":41.0,"turns":6.0},{"damage":0.0,"enemies":"Reptomancer","floor":42.0,"turns":6.0},{"damage":0.0,"enemies":"Maw","floor":44.0,"turns":7.0},{"damage":0.0,"enemies":"Nemesis","floor":46.0,"turns":7.0},{"damage":0.0,"enemies":"Donu and Deca","floor":50.0,"turns":7.0},{"damage":22.0,"enemies":"Shield and Spear","floor":54.0,"turns":5.0},{"damage":26,"enemies":"The Heart","floor":55,"turns":8}],"seed_played":"2801199163159110294","potions_obtained":[{"floor":4.0,"key":"CultistPotion"},{"floor":5.0,"key":"LiquidBronze"},{"floor":7.0,"key":"SmokeBomb"},{"floor":10.0,"key":"DistilledChaos"},{"floor":14.0,"key":"Explosive Potion"},{"floor":19.0,"key":"Energy Potion"},{"floor":27.0,"key":"Swift Potion"},{"floor":29.0,"key":"DuplicationPotion"},{"floor":39.0,"key":"ColorlessPotion"},{"floor":46.0,"key":"Swift Potion"}],"is_trial":false,"path_per_floor":["M","?","M","M","M","E","M","?","T","E","$","E","M","M","R","B",null,"M","M","?","?","?","E","R","E","T","?","R","E","M","?","R","B",null,"M","$","?","M","M","E","E","E","T","M","R","E","T","$","R","B",null,"R","$","E","B"],"character_chosen":"IRONCLAD","items_purchased":["Orichalcum","Bottled Tornado","Finesse","Master of Strategy","HandDrill","Panache"],"campfire_rested":0,"item_purchase_floors":[11,36,36,36,48,48],"current_hp_per_floor":[80,64,70,76,68,50,50,11,11,14,14,11,16,14,14,18,80,70,72,57,42,42,22,22,27,27,32,32,38,42,42,42,41,42,34,34,24,30,36,42,42,42,42,42,42,42,42,42,42,42,42,42,42,26,0,0],"gold":31,"neow_bonus":"THREE_ENEMY_KILL","is_daily":false,"chose_seed":false,"campfire_upgraded":6,"win_rate":0.0,"timestamp":1613042941,"path_taken":["M","?","M","M","M","E","M","?","T","E","?","E","M","M","R","BOSS","M","M","?","?","?","E","R","E","T","?","R","E","M","?","R","BOSS","M","$","?","M","M","E","E","E","T","M","R","E","?","?","R","BOSS","R","$","E","BOSS"],"items_purchased_type":["Relic","Relic","Card","Card","Relic","Card"],"build_version":"2020-12-22","purchased_purges":0,"victory":false,"max_hp_per_floor":[80,80,80,80,80,80,80,80,80,80,80,80,80,80,80,80,80,80,80,85,42,42,42,42,42,42,42,42,42,42,42,42,42,42,42,42,42,42,42,42,42,42,42,42,42,42,42,42,42,42,42,42,42,42,42,42],"card_choices":[{"not_picked":["Pommel Strike","Clothesline"],"picked":"Bloodletting","floor":1.0},{"not_picked":["Armaments","True Grit"],"picked":"Pommel Strike","floor":3.0},{"not_picked":["Cleave","Clothesline"],"picked":"Metallicize","floor":4.0},{"not_picked":["Feed","Battle Trance"],"picked":"Ghostly Armor","floor":5.0},{"not_picked":["Wild Strike","Warcry"],"picked":"Barricade","floor":6.0},{"not_picked":["Evolve","Havoc"],"picked":"Spot Weakness","floor":7.0},{"not_picked":["Heavy Blade","Shrug It Off"],"picked":"Body Slam","floor":8.0},{"not_picked":["Infernal Blade","Shrug It Off"],"picked":"Body Slam","floor":10.0},{"not_picked":["Clash","Power Through"],"picked":"Rage","floor":12.0},{"not_picked":["Twin Strike","Searing Blow"],"picked":"True Grit","floor":13.0},{"not_picked":["Dropkick","Burning Pact"],"picked":"Armaments","floor":14.0},{"not_picked":["Demon Form","Bludgeon"],"picked":"Juggernaut","floor":16.0},{"not_picked":["Shrug It Off","Carnage","Iron Wave"],"picked":"SKIP","floor":18.0},{"not_picked":["Warcry","Iron Wave","Cleave"],"picked":"SKIP","floor":19.0},{"not_picked":["Flex","Havoc+1","Perfected Strike"],"picked":"SKIP","floor":23.0},{"not_picked":["Rampage","Pommel Strike+1","Headbutt"],"picked":"SKIP","floor":25.0},{"not_picked":["Whirlwind+1","Dropkick"],"picked":"Evolve","floor":27.0},{"not_picked":["Pummel","Headbutt","Perfected Strike"],"picked":"SKIP","floor":29.0},{"not_picked":["Pommel Strike+1","Sever Soul"],"picked":"Body Slam+1","floor":30.0},{"not_picked":["Pummel","Corruption"],"picked":"Flex+1","floor":31.0},{"not_picked":["Flex+1","Shrug It Off","True Grit"],"picked":"SKIP","floor":35.0},{"not_picked":["Panacea","Madness"],"picked":"Forethought","floor":37.0},{"not_picked":["Forethought","Trip"],"picked":"Panache","floor":37.0},{"not_picked":["PanicButton","Bandage Up"],"picked":"Dramatic Entrance","floor":37.0},{"not_picked":["Battle Trance","True Grit","Perfected Strike"],"picked":"SKIP","floor":38.0},{"not_picked":["Twin Strike+1","Power Through+1","Perfected Strike+1"],"picked":"SKIP","floor":39.0},{"not_picked":["Bloodletting","Anger+1","Clash"],"picked":"SKIP","floor":40.0},{"not_picked":["Rage","Thunderclap","Shrug It Off+1"],"picked":"SKIP","floor":41.0},{"not_picked":["Rampage","Clothesline"],"picked":"Inflame+1","floor":42.0},{"not_picked":["Feed","Hemokinesis","Clothesline+1"],"picked":"SKIP","floor":44.0},{"not_picked":["Clothesline","Clash+1"],"picked":"Rupture","floor":46.0},{"not_picked":["Spot Weakness+1","Perfected Strike+1"],"picked":"Feel No Pain+1","floor":54.0}],"player_experience":102245,"relics_obtained":[{"floor":6.0,"key":"Champion Belt"},{"floor":8.0,"key":"Odd Mushroom"},{"floor":9.0,"key":"Lantern"},{"floor":10.0,"key":"Smiling Mask"},{"floor":12.0,"key":"Mummified Hand"},{"floor":23.0,"key":"Anchor"},{"floor":25.0,"key":"InkBottle"},{"floor":27.0,"key":"Red Mask"},{"floor":29.0,"key":"WingedGreaves"},{"floor":31.0,"key":"Peace Pipe"},{"floor":31.0,"key":"Self Forming Clay"},{"floor":40.0,"key":"Boot"},{"floor":41.0,"key":"Calipers"},{"floor":42.0,"key":"The Courier"},{"floor":43.0,"key":"Bottled Flame"},{"floor":46.0,"key":"Art of War"},{"floor":47.0,"key":"Centennial Puzzle"},{"floor":54.0,"key":"Incense Burner"}],"event_choices":[{"damage_healed":0.0,"max_hp_gain":0.0,"max_hp_loss":0.0,"gold_gain":0.0,"event_name":"Shining Light","player_choice":"Entered Light","floor":2.0,"gold_loss":0.0,"damage_taken":16.0,"cards_upgraded":["Strike_R","Strike_R"]},{"damage_healed":0.0,"max_hp_gain":0.0,"max_hp_loss":0.0,"gold_gain":0.0,"event_name":"Mushrooms","player_choice":"Fought Mushrooms","floor":8.0,"gold_loss":0.0,"damage_taken":0.0},{"damage_healed":0.0,"max_hp_gain":5.0,"max_hp_loss":0.0,"gold_gain":0.0,"event_name":"Forgotten Altar","player_choice":"Shed Blood","floor":20.0,"gold_loss":0.0,"damage_taken":20.0},{"damage_healed":0.0,"max_hp_gain":0.0,"max_hp_loss":43.0,"gold_gain":0.0,"event_name":"Ghosts","player_choice":"Became a Ghost","floor":21.0,"gold_loss":0.0,"damage_taken":0.0,"cards_obtained":["Ghostly","Ghostly","Ghostly","Ghostly","Ghostly"]},{"cards_removed":["True Grit"],"damage_healed":0.0,"max_hp_gain":0.0,"max_hp_loss":0.0,"gold_gain":0.0,"event_name":"Beggar","player_choice":"Gave Gold","floor":22.0,"gold_loss":75.0,"damage_taken":0.0},{"damage_healed":0.0,"max_hp_gain":0.0,"max_hp_loss":0.0,"gold_gain":0.0,"event_name":"Masked Bandits","player_choice":"Fought Bandits","floor":27.0,"gold_loss":0.0,"damage_taken":0.0},{"damage_healed":0.0,"max_hp_gain":0.0,"max_hp_loss":0.0,"gold_gain":0.0,"event_name":"Colosseum","player_choice":"Fight","floor":31.0,"gold_loss":0.0,"damage_taken":0.0},{"damage_healed":0.0,"max_hp_gain":0.0,"max_hp_loss":0.0,"gold_gain":0.0,"event_name":"Colosseum","player_choice":"Fought Nobs","floor":31.0,"gold_loss":0.0,"damage_taken":0.0},{"damage_healed":0.0,"max_hp_gain":0.0,"max_hp_loss":0.0,"gold_gain":0.0,"event_name":"SensoryStone","player_choice":"Memory 3","floor":37.0,"gold_loss":0.0,"damage_taken":10.0}],"is_beta":false,"boss_relics":[{"not_picked":["Circlet","Runic Dome"],"picked":"Astrolabe"},{"not_picked":["Fusion Hammer","Black Blood"],"picked":"Coffee Dripper"}],"items_purged_floors":[],"is_endless":false,"potions_floor_spawned":[4,5,7,10,14,19,27,29,39,44,46],"killed_by":"The Heart","ascension_level":2}}