{"host":"soyfmymeou4emntr","time":1613025383,"event":{"mods":["BaseMod","Minty Spire (QoL Compilation)","Permanent Neow","Relic Sorter","Relic Stats","StSLib"],"gold_per_floor":[117,66,66,85,105,105,131,142,212,224,243,243,271,271,271,345,345,361,374,299,299,312,346,346,380,457,473,57,91,71,96,96,168,168,179,204,204,218,233,233,250,279,279,322,331,331,345,355,355,355,355,355,355,90,117,117],"floor_reached":57,"language":"ENG","playtime":9021,"items_purged":["Strike_B","Defend_B"],"score":3179,"play_id":"a69d058b-c16a-412d-8be6-61f128a4b7aa","local_time":"20210210233623","is_ascension_mode":true,"campfire_choices":[{"data":"Defragment","floor":6.0,"key":"SMITH"},{"floor":12.0,"key":"REST"},{"floor":15.0,"key":"REST"},{"data":"Fission","floor":24.0,"key":"SMITH"},{"data":"Ghostly","floor":32.0,"key":"SMITH"},{"floor":40.0,"key":"RECALL"},{"data":"Fusion","floor":46.0,"key":"SMITH"},{"data":"Ghostly","floor":49.0,"key":"SMITH"},{"data":"Ghostly","floor":53.0,"key":"SMITH"}],"circlet_count":0,"master_deck":["AscendersBane","Defend_B","Zap","Dualcast","Consume+1","Barrage","Defragment+1","Coolheaded","Electrodynamics","Leap","Coolheaded","Cold Snap","Chill","Echo Form","Darkness","Turbo","Ghostly+1","Ghostly+1","Ghostly+1","Fission+1","Skim","Self Repair","Reinforced Body","Reprogram","Defragment","Hologram+1","Glacier+1","Go for the Eyes+1","Defragment+1","Self Repair+1","Turbo+1","Beam Cell+1","Biased Cognition","Loop+1","Ball Lightning","Fusion+1","Sweeping Beam"],"relics":["Cracked Core","Incense Burner","Mummified Hand","DataDisk","Inserter","Prayer Wheel","Toy Ornithopter","Matryoshka","Anchor","MealTicket","Dream Catcher","Question Card","Astrolabe","FossilizedHelix","Pear","Strawberry","CeramicFish","Vajra","Happy Flower"],"acts_visited":["Exordium","TheCity","TheBeyond","TheEnding"],"potions_floor_usage":[56,56],"damage_taken":[{"damage":1.0,"enemies":"Cultist","floor":1.0,"turns":3.0},{"damage":6.0,"enemies":"2 Louse","floor":4.0,"turns":3.0},{"damage":4.0,"enemies":"Small Slimes","floor":5.0,"turns":4.0},{"damage":18.0,"enemies":"Lagavulin","floor":7.0,"turns":8.0},{"damage":5.0,"enemies":"Looter","floor":8.0,"turns":4.0},{"damage":6.0,"enemies":"Large Slime","floor":10.0,"turns":4.0},{"damage":13.0,"enemies":"3 Louse","floor":11.0,"turns":2.0},{"damage":14.0,"enemies":"Gremlin Nob","floor":13.0,"turns":4.0},{"damage":14.0,"enemies":"Slime Boss","floor":16.0,"turns":8.0},{"damage":21.0,"enemies":"2 Thieves","floor":18.0,"turns":4.0},{"damage":8.0,"enemies":"Spheric Guardian","floor":19.0,"turns":5.0},{"damage":0.0,"enemies":"Centurion and Healer","floor":22.0,"turns":6.0},{"damage":2.0,"enemies":"Book of Stabbing","floor":23.0,"turns":8.0},{"damage":6.0,"enemies":"Gremlin Leader","floor":25.0,"turns":8.0},{"damage":5.0,"enemies":"Cultist and Chosen","floor":27.0,"turns":4.0},{"damage":0.0,"enemies":"Book of Stabbing","floor":29.0,"turns":7.0},{"damage":5.0,"enemies":"Gremlin Leader","floor":31.0,"turns":8.0},{"damage":19.0,"enemies":"Champ","floor":33.0,"turns":19.0},{"damage":0.0,"enemies":"Orb Walker","floor":35.0,"turns":16.0},{"damage":0.0,"enemies":"Mind Bloom Boss Battle","floor":36.0,"turns":10.0},{"damage":0.0,"enemies":"3 Darklings","floor":38.0,"turns":6.0},{"damage":0.0,"enemies":"Maw","floor":39.0,"turns":8.0},{"damage":0.0,"enemies":"4 Shapes","floor":41.0,"turns":4.0},{"damage":0.0,"enemies":"Reptomancer","floor":42.0,"turns":8.0},{"damage":0.0,"enemies":"Giant Head","floor":44.0,"turns":8.0},{"damage":0.0,"enemies":"Spire Growth","floor":47.0,"turns":7.0},{"damage":0.0,"enemies":"Sphere and 2 Shapes","floor":48.0,"turns":9.0},{"damage":0.0,"enemies":"Awakened One","floor":50.0,"turns":19.0},{"damage":0.0,"enemies":"Time Eater","floor":51.0,"turns":19.0},{"damage":0.0,"enemies":"Shield and Spear","floor":55.0,"turns":9.0},{"damage":22,"enemies":"The Heart","floor":56,"turns":16}],"seed_played":"6688170213688067643","potions_obtained":[{"floor":0.0,"key":"Strength Potion"},{"floor":0.0,"key":"Ancient Potion"},{"floor":10.0,"key":"SpeedPotion"},{"floor":16.0,"key":"Swift Potion"},{"floor":18.0,"key":"GamblersBrew"},{"floor":23.0,"key":"Energy Potion"},{"floor":29.0,"key":"DistilledChaos"},{"floor":36.0,"key":"Strength Potion"},{"floor":41.0,"key":"GamblersBrew"},{"floor":55.0,"key":"ColorlessPotion"}],"is_trial":false,"path_per_floor":["M","$","?","M","M","R","E","M","T","M","M","R","E","?","R","B",null,"M","M","?","?","M","E","R","E","T","M","$","E","?","E","R","B",null,"M","?","?","M","M","R","M","E","T","E","?","R","M","M","R","B","B",null,"R","$","E","B",null],"character_chosen":"DEFECT","items_purchased":["Barrage","Anchor","MealTicket","Vajra"],"campfire_rested":2,"item_purchase_floors":[2,28,28,54],"current_hp_per_floor":[63,63,63,57,53,53,35,30,30,24,11,32,18,41,62,48,65,44,36,36,35,35,33,33,27,27,22,22,34,34,35,35,23,32,35,35,45,45,45,45,45,55,62,62,62,62,62,62,62,62,62,62,62,62,62,62],"gold":117,"neow_bonus":"THREE_SMALL_POTIONS","is_daily":false,"chose_seed":false,"campfire_upgraded":6,"win_rate":0.0,"timestamp":1613025383,"path_taken":["M","?","?","M","M","R","E","M","T","M","?","R","E","?","R","BOSS","M","M","?","?","M","E","R","E","T","M","$","E","?","E","R","BOSS","M","?","?","?","M","R","M","E","T","E","?","R","M","M","R","BOSS","BOSS","R","$","E","BOSS"],"items_purchased_type":["Card","Relic","Relic","Relic"],"build_version":"2020-12-22","purchased_purges":2,"victory":true,"max_hp_per_floor":[71,71,71,71,71,71,71,71,71,71,71,71,71,71,71,71,71,71,71,71,35,35,35,35,35,35,35,35,35,35,35,35,35,35,35,35,45,45,45,45,45,55,62,62,62,62,62,62,62,62,62,62,62,62,62,62],"relic_stats":{"Dream Catcher":0,"Inserter":[104],"Happy Flower":[5],"counters":[31,246],"Mummified Hand":[164],"Astrolabe":["Glacier","Go for the Eyes","Defragment"],"CeramicFish":18,"Prayer Wheel":8,"MealTicket":0,"Question Card":19,"obtain_stats":[{"Inserter":17,"Pear":42,"Happy Flower":55,"Astrolabe":34,"CeramicFish":44,"Vajra":54,"Incense Burner":7,"Question Card":31,"DataDisk":13,"Anchor":28,"Dream Catcher":29,"Matryoshka":26,"Mummified Hand":9,"Strawberry":43,"Prayer Wheel":23,"MealTicket":28,"Cracked Core":0,"Toy Ornithopter":25,"FossilizedHelix":36},{"Inserter":9,"Pear":24,"Happy Flower":30,"Astrolabe":18,"CeramicFish":25,"Vajra":29,"Incense Burner":4,"Question Card":17,"DataDisk":8,"Anchor":15,"Dream Catcher":16,"Matryoshka":14,"Mummified Hand":5,"Strawberry":24,"Prayer Wheel":13,"MealTicket":15,"Cracked Core":0,"Toy Ornithopter":14,"FossilizedHelix":20},{"Inserter":40,"Pear":161,"Happy Flower":231,"Astrolabe":109,"CeramicFish":169,"Vajra":222,"Incense Burner":18,"Question Card":90,"DataDisk":32,"Anchor":75,"Dream Catcher":82,"Matryoshka":71,"Mummified Hand":22,"Strawberry":161,"Prayer Wheel":63,"MealTicket":75,"Cracked Core":0,"Toy Ornithopter":71,"FossilizedHelix":135}],"Toy Ornithopter":11},"card_choices":[{"not_picked":["Compile Driver","Chill"],"picked":"Consume","floor":1.0},{"not_picked":["Sunder","Hello World"],"picked":"Defragment","floor":4.0},{"not_picked":["Rebound","Sweeping Beam"],"picked":"Coolheaded","floor":5.0},{"not_picked":["Chill","Self Repair"],"picked":"Electrodynamics","floor":7.0},{"not_picked":["Rip and Tear","Hologram"],"picked":"Leap","floor":8.0},{"not_picked":["Conserve Battery","Steam"],"picked":"Coolheaded","floor":10.0},{"not_picked":["Hologram","Compile Driver"],"picked":"Cold Snap","floor":11.0},{"not_picked":["Heatsinks","Stack"],"picked":"Chill","floor":13.0},{"not_picked":["Core Surge","Reboot"],"picked":"Echo Form","floor":16.0},{"not_picked":["Rebound","Steam Power"],"picked":"Darkness","floor":18.0},{"not_picked":["Compile Driver","Beam Cell"],"picked":"Turbo","floor":19.0},{"not_picked":["Loop","Gash"],"picked":"Fission","floor":22.0},{"not_picked":["Rebound","Gash"],"picked":"Skim","floor":23.0},{"not_picked":["Compile Driver","Cold Snap+1"],"picked":"Self Repair","floor":25.0},{"not_picked":["Stack","Recycle"],"picked":"Reinforced Body","floor":27.0},{"not_picked":["Sunder","FTL"],"picked":"Reprogram","floor":27.0},{"not_picked":["Conserve Battery","Ball Lightning+1"],"picked":"Defragment","floor":29.0},{"not_picked":["Rebound","Streamline"],"picked":"Hologram+1","floor":31.0},{"not_picked":["Hyperbeam","Thunder Strike","Core Surge"],"picked":"Machine Learning","floor":33.0},{"not_picked":["Go for the Eyes","Steam+1","Streamline"],"picked":"Self Repair+1","floor":35.0},{"not_picked":["Cold Snap+1","Reinforced Body","Hello World"],"picked":"Turbo+1","floor":35.0},{"not_picked":["Gash+1","Streamline","Compile Driver"],"picked":"Beam Cell+1","floor":36.0},{"not_picked":["Scrape+1","Storm","Rebound+1"],"picked":"Biased Cognition","floor":38.0},{"not_picked":["Gash+1","White Noise+1","Beam Cell","Streamline"],"picked":"SKIP","floor":38.0},{"not_picked":["Hologram","Conserve Battery","Beam Cell"],"picked":"Loop+1","floor":39.0},{"not_picked":["Consume","Darkness","Ball Lightning","Beam Cell+1"],"picked":"SKIP","floor":39.0},{"not_picked":["Barrage","Coolheaded","Sweeping Beam","Reprogram"],"picked":"SKIP","floor":41.0},{"not_picked":["Cold Snap","Redo+1","Streamline","Coolheaded"],"picked":"SKIP","floor":41.0},{"not_picked":["Creative AI","Leap","Compile Driver+1"],"picked":"Ball Lightning","floor":42.0},{"not_picked":["Leap","Reprogram+1","Defragment"],"picked":"Fusion","floor":44.0},{"not_picked":["Leap","Scrape+1","Sweeping Beam+1","Turbo"],"picked":"SKIP","floor":47.0},{"not_picked":["Turbo","Defragment","Recycle","Hyperbeam"],"picked":"SKIP","floor":47.0},{"not_picked":["Cold Snap","Compile Driver","Conserve Battery","Go for the Eyes"],"picked":"SKIP","floor":48.0},{"not_picked":["Streamline","Leap","Creative AI","Sweeping Beam+1"],"picked":"SKIP","floor":48.0},{"not_picked":["Hello World+1","White Noise+1","Sweeping Beam","Barrage"],"picked":"SKIP","floor":55.0}],"player_experience":3217286,"relics_obtained":[{"floor":7.0,"key":"Incense Burner"},{"floor":9.0,"key":"Mummified Hand"},{"floor":13.0,"key":"DataDisk"},{"floor":23.0,"key":"Prayer Wheel"},{"floor":25.0,"key":"Toy Ornithopter"},{"floor":26.0,"key":"Matryoshka"},{"floor":29.0,"key":"Dream Catcher"},{"floor":31.0,"key":"Question Card"},{"floor":36.0,"key":"FossilizedHelix"},{"floor":42.0,"key":"Pear"},{"floor":43.0,"key":"Strawberry"},{"floor":44.0,"key":"CeramicFish"},{"floor":55.0,"key":"Happy Flower"}],"event_choices":[{"damage_healed":0.0,"max_hp_gain":0.0,"max_hp_loss":0.0,"gold_gain":0.0,"event_name":"Accursed Blacksmith","player_choice":"Forge","floor":3.0,"gold_loss":0.0,"damage_taken":0.0,"cards_upgraded":["Consume"]},{"damage_healed":23.0,"max_hp_gain":0.0,"max_hp_loss":0.0,"gold_gain":0.0,"event_name":"Big Fish","player_choice":"Banana","floor":14.0,"gold_loss":0.0,"damage_taken":0.0},{"cards_removed":["Strike_B"],"damage_healed":0.0,"max_hp_gain":0.0,"max_hp_loss":0.0,"gold_gain":0.0,"event_name":"Beggar","player_choice":"Gave Gold","floor":20.0,"gold_loss":75.0,"damage_taken":0.0},{"damage_healed":0.0,"max_hp_gain":0.0,"max_hp_loss":36.0,"gold_gain":0.0,"event_name":"Ghosts","player_choice":"Became a Ghost","floor":21.0,"gold_loss":0.0,"damage_taken":0.0,"cards_obtained":["Ghostly","Ghostly","Ghostly"]},{"damage_healed":0.0,"max_hp_gain":0.0,"max_hp_loss":0.0,"gold_gain":0.0,"event_name":"The Woman in Blue","player_choice":"Bought 1 Potion","floor":30.0,"gold_loss":0.0,"damage_taken":0.0},{"damage_healed":0.0,"max_hp_gain":0.0,"max_hp_loss":0.0,"gold_gain":0.0,"event_name":"MindBloom","player_choice":"Fight","floor":36.0,"gold_loss":0.0,"damage_taken":0.0},{"cards_removed":["Machine Learning"],"damage_healed":0.0,"max_hp_gain":10.0,"max_hp_loss":0.0,"gold_gain":0.0,"event_name":"Bonfire Elementals","player_choice":"Offered Rare","floor":37.0,"gold_loss":0.0,"damage_taken":0.0},{"damage_healed":0.0,"max_hp_gain":0.0,"max_hp_loss":0.0,"gold_gain":0.0,"cards_transformed":["Defend_B"],"event_name":"Transmorgrifier","player_choice":"Transformed","floor":45.0,"gold_loss":0.0,"damage_taken":0.0,"cards_obtained":["Sweeping Beam"]}],"is_beta":false,"boss_relics":[{"not_picked":["Nuclear Battery","Runic Dome"],"picked":"Inserter"},{"not_picked":["Snecko Eye","Fusion Hammer"],"picked":"Astrolabe"}],"items_purged_floors":[28,54],"is_endless":false,"potions_floor_spawned":[7,10,11,16,18,22,23,29,36,41,42,44,47,55],"ascension_level":20}}