{"host":"b7dyfc527bmrkvbm","time":1613065089,"event":{"mods":["2.2 Compatiblity","Act Like it!","BaseMod","BetterRewards","Conspire","Downfall","Hubris","Infinite Spire","Mimic Mod","Minty Spire (QoL Compilation)","Replay The Spire","Shop Mod","StSLib","The Jungle"],"gold_per_floor":[99,111,286,286,301,131,131,50,64,76,105,22,22,39,39,39,39],"floor_reached":16,"language":"ENG","playtime":1817,"items_purged":["downfall:Bewildered"],"score":104,"play_id":"29ac359e-24b5-4aec-b529-2d9bb2a7b953","local_time":"20210211123809","is_ascension_mode":false,"campfire_choices":[{"floor":1,"key":"RECALL"}],"circlet_count":0,"master_deck":["hexamod:Defend","hexamod:Defend","hexamod:Defend","hexamod:Sear","hexamod:Float","hexamod:UnleashSpirits","hexamod:HeatShield","Doubt","hexamod:NightmareGuise","hexamod:SuperheatedStrike","hexamod:SearingWound","hexamod:GhostLash","hexamod:FourthSeal","hexamod:SpectersWail","hexamod:GhostShield","hexamod:PhantomCloak+1","Apotheosis","ReplayTheSpireMod:IOU","expansioncontent:AwakenDeath","hexamod:GhostOfSpirePresent","hexamod:Haunt","hexamod:GhostShield","hexamod:NightmareStrike","hexamod:FlamesFromBeyond"],"relics":["hexamod:SpiritBrand","BargainBundle","Replay:Wax Seal","MerchantsRug","Replay:Bottled Snecko","hubris:Teleporter"],"acts_visited":["Exordium"],"potions_floor_usage":[10,11,16,16,16],"damage_taken":[{"damage":0,"enemies":"2 Louse","floor":2,"turns":4},{"damage":1,"enemies":"conspire:RoseBush","floor":5,"turns":3},{"damage":0,"enemies":"downfall:FleeingMerchant","floor":6,"turns":4},{"damage":0,"enemies":"Cultist","floor":8,"turns":3},{"damage":15,"enemies":"Lots of Slimes","floor":9,"turns":3},{"damage":6,"enemies":"2 Fungi Beasts","floor":10,"turns":3},{"damage":58,"enemies":"Gremlin Nob","floor":11,"turns":7},{"damage":30,"enemies":"Exordium Wildlife","floor":12,"turns":5},{"damage":36,"enemies":"Blue Slaver","floor":15,"turns":6},{"damage":37,"enemies":"DF_ARCHETYPE_STREAMLINE","floor":16,"turns":6}],"seed_played":"5312299355103041110","potions_obtained":[{"floor":5,"key":"Milkshake"},{"floor":8,"key":"Elixir"},{"floor":9,"key":"bronze:BurnAndBuffPotion"},{"floor":10,"key":"EssenceOfSteel"},{"floor":11,"key":"Fire Potion"},{"floor":12,"key":"Flashbang"},{"floor":12,"key":"Ancient Potion"},{"floor":15,"key":"LifebloodPotion"}],"is_trial":false,"path_per_floor":["R","M","?","?","M","$","T","M","M","M","E","M","?","M","B"],"character_chosen":"THE_SPIRIT","items_purchased":["BargainBundle","Replay:Wax Seal","hexamod:SpectersWail","hexamod:GhostShield","hexamod:PhantomCloak+1","Apotheosis","Dexterity Potion","Swift Potion","MerchantsRug","DuplicationPotion","expansioncontent:AwakenDeath"],"campfire_rested":0,"item_purchase_floors":[6,6,6,6,6,6,6,6,6,6,6],"current_hp_per_floor":[70,70,70,70,69,69,69,69,54,48,30,30,30,30,0,0,0],"gold":39,"neow_bonus":"TRANSFORM_CARD","is_daily":false,"chose_seed":false,"campfire_upgraded":0,"win_rate":0.0,"timestamp":1613065089,"path_taken":["R","M","?","?","M","$","T","M","?","M","E","?","?","M","BOSS"],"items_purchased_type":["Relic","Relic","Card","Card","Card","Card","Potion","Potion","Relic","Potion","Card"],"build_version":"2020-12-22","purchased_purges":1,"victory":false,"max_hp_per_floor":[70,70,70,70,70,70,70,70,70,70,70,70,70,70,70,70,70],"card_choices":[{"not_picked":["hexamod:Hexaguard","hexamod:NightmareStrike"],"picked":"hexamod:HeatShield","floor":2},{"not_picked":["hexamod:BacktrackSmack","hexamod:HeatMetal"],"picked":"hexamod:GhostLash","floor":5},{"not_picked":["hexamod:Firestarter","hexamod:InspiringFlames"],"picked":"hexamod:FourthSeal","floor":6},{"not_picked":["hexamod:InspiringFlames","hexamod:GhostLash"],"picked":"hexamod:GhostOfSpirePresent","floor":8},{"not_picked":["hexamod:NecessarySacrifice","hexamod:HauntingEcho"],"picked":"hexamod:Haunt","floor":9},{"not_picked":["hexamod:PhantomCloak","hexamod:HeatMetal"],"picked":"hexamod:GhostShield","floor":10},{"not_picked":["hexamod:RadiantFlame","hexamod:AdvancingGuard"],"picked":"hexamod:NightmareStrike","floor":11},{"not_picked":["hexamod:SecondSeal","hexamod:PhantomFireball"],"picked":"hexamod:FlamesFromBeyond","floor":12},{"not_picked":["hexamod:AdvancingGuard","hexamod:Incineration","hexamod:HauntingEcho"],"picked":"SKIP","floor":15}],"player_experience":452625,"relics_obtained":[{"floor":7,"key":"Replay:Bottled Snecko"},{"floor":11,"key":"hubris:Teleporter"}],"event_choices":[],"is_beta":false,"boss_relics":[],"items_purged_floors":[6],"is_endless":false,"potions_floor_spawned":[5,12,15],"killed_by":"DF_ARCHETYPE_STREAMLINE","ascension_level":0}}