{"host":"yecadp3kwkksam5a","time":1613022586,"event":{"mods":["100% Spire Juice","BaseMod","Minty Spire (QoL Compilation)","StSLib","SuperFastMode","The Cursed","WarShipGirlsR/??á´Ò³R mod"],"gold_per_floor":[118,130,147,161,17,42,42,57,57,67,67,77,152,165,165,265,265,252,264,67,67,78,109,109,109,109],"floor_reached":25,"language":"KOR","playtime":1105,"items_purged":["TheCursedMod:Defend_TheCursed","TheCursedMod:Defend_TheCursed"],"score":250,"play_id":"fc46b128-2039-45e8-9d2a-dab643cc664a","local_time":"20210211144946","is_ascension_mode":true,"campfire_choices":[{"data":"TheCursedMod:SpitefulPlan","floor":7.0,"key":"SMITH"},{"data":"TheCursedMod:LuckyCharm","floor":15,"key":"SMITH"},{"data":"TheCursedMod:CircleOfBlood","floor":24,"key":"SMITH"}],"circlet_count":0,"master_deck":["TheCursedMod:Strike_TheCursed","TheCursedMod:Strike_TheCursed","TheCursedMod:Defend_TheCursed","TheCursedMod:Defend_TheCursed","TheCursedMod:CursedWand","TheCursedMod:CleanUpWorkshop","TheCursedMod:Dregs","TheCursedMod:SpitefulPlan+1","TheCursedMod:SurpriseAttack","TheCursedMod:SurpriseAttack","TheCursedMod:VoidForm","TheCursedMod:LuckyCharm+1","TheCursedMod:CircleOfBlood","TheCursedMod:SurpriseAttack","TheCursedMod:CursedAmulet","TheCursedMod:FleshFromBone","TheCursedMod:HellfireBreathing","TheCursedMod:DarkBarrier","TheCursedMod:Evocation+1","Deep Breath","TheCursedMod:Evocation+1","TheCursedMod:CircleOfBlood+1"],"relics":["Empty Cage","Sundial","Letter Opener","Cursed Key","Nunchaku"],"acts_visited":["Exordium","TheCity"],"potions_floor_usage":[23],"damage_taken":[{"damage":0.0,"enemies":"2 Louse","floor":1.0,"turns":3.0},{"damage":7.0,"enemies":"Small Slimes","floor":2.0,"turns":5.0},{"damage":8.0,"enemies":"Jaw Worm","floor":3.0,"turns":4.0},{"damage":1.0,"enemies":"Red Slaver","floor":4.0,"turns":3.0},{"damage":22.0,"enemies":"Gremlin Nob","floor":6.0,"turns":4.0},{"damage":37.0,"enemies":"Gremlin Gang","floor":8.0,"turns":6.0},{"damage":3.0,"enemies":"Blue Slaver","floor":10.0,"turns":4.0},{"damage":0.0,"enemies":"Red Slaver","floor":12.0,"turns":5.0},{"damage":8,"enemies":"Gremlin Gang","floor":14,"turns":5},{"damage":29,"enemies":"The Guardian","floor":16,"turns":7},{"damage":8,"enemies":"2 Thieves","floor":18,"turns":4},{"damage":15,"enemies":"Shell Parasite","floor":19,"turns":6},{"damage":26,"enemies":"Sentry and Sphere","floor":22,"turns":6},{"damage":20,"enemies":"Slavers","floor":23,"turns":7},{"damage":19,"enemies":"Snake Plant","floor":25,"turns":1}],"seed_played":"1126371918158447872","potions_obtained":[{"floor":1.0,"key":"PowerPotion"},{"floor":2.0,"key":"SteroidPotion"},{"floor":12.0,"key":"EssenceOfSteel"},{"floor":14,"key":"FairyPotion"},{"floor":16,"key":"Energy Potion"},{"floor":22,"key":"GamblersBrew"}],"is_trial":false,"path_per_floor":["M","M","M","M","$","E","R","M","T","M","?","M","?","M","R","B",null,"M","M","$","?","M","E","R","M"],"character_chosen":"THE_CURSED","items_purchased":["TheCursedMod:LuckyCharm","Deep Breath"],"campfire_rested":0,"item_purchase_floors":[5,20],"current_hp_per_floor":[75,68,60,59,59,37,37,6,6,5,30,32,21,19,19,22,75,67,56,56,56,34,14,14,0,0],"gold":109,"neow_bonus":"BOSS_RELIC","is_daily":false,"chose_seed":false,"campfire_upgraded":3,"win_rate":0.0,"timestamp":1613022586,"path_taken":["M","M","M","M","$","E","R","M","T","M","?","M","?","M","R","BOSS","M","M","$","?","?","E","R","M"],"items_purchased_type":["Card","Card"],"build_version":"2020-12-22","purchased_purges":2,"victory":false,"max_hp_per_floor":[75,75,75,75,75,75,75,75,75,75,75,75,75,75,75,75,75,75,75,75,75,75,75,75,75,75],"card_choices":[{"not_picked":["TheCursedMod:CursedAmulet","TheCursedMod:CircleOfBlood"],"picked":"TheCursedMod:SpitefulPlan","floor":1.0},{"not_picked":["TheCursedMod:AbyssShockwave","TheCursedMod:VitalStrike"],"picked":"TheCursedMod:SurpriseAttack","floor":2.0},{"not_picked":["TheCursedMod:CursedBlade","TheCursedMod:RavingStaff"],"picked":"TheCursedMod:SurpriseAttack","floor":3.0},{"not_picked":["TheCursedMod:TacticalStrike","TheCursedMod:Stigma"],"picked":"TheCursedMod:VoidForm","floor":4.0},{"not_picked":["TheCursedMod:RavingStaff","TheCursedMod:ManaBullet"],"picked":"TheCursedMod:CircleOfBlood","floor":6.0},{"not_picked":["TheCursedMod:RavingStaff","TheCursedMod:TacticalStrike"],"picked":"TheCursedMod:SurpriseAttack","floor":8.0},{"not_picked":["TheCursedMod:Mangle","TheCursedMod:CircleOfCorruption"],"picked":"TheCursedMod:CursedAmulet","floor":10.0},{"not_picked":["TheCursedMod:Wield","TheCursedMod:Torture"],"picked":"TheCursedMod:FleshFromBone","floor":12.0},{"not_picked":["TheCursedMod:SpitefulPray","TheCursedMod:RavingStaff"],"picked":"TheCursedMod:HellfireBreathing","floor":14},{"not_picked":["TheCursedMod:UltimatePain","TheCursedMod:DemonicPact"],"picked":"TheCursedMod:DarkBarrier","floor":16},{"not_picked":["TheCursedMod:CursedArmor","TheCursedMod:WearCloak"],"picked":"TheCursedMod:Evocation+1","floor":18},{"not_picked":["TheCursedMod:Obscuration","TheCursedMod:CircleOfFlame","TheCursedMod:WearCloak+1"],"picked":"SKIP","floor":19},{"not_picked":["TheCursedMod:Stigma","TheCursedMod:BlessingInDisguise"],"picked":"TheCursedMod:Evocation+1","floor":22},{"not_picked":["TheCursedMod:HellsGateOpen","TheCursedMod:SpitefulStrike"],"picked":"TheCursedMod:CircleOfBlood","floor":23}],"player_experience":608197,"relics_obtained":[{"floor":6.0,"key":"Sundial"},{"floor":9.0,"key":"Letter Opener"},{"floor":23,"key":"Nunchaku"}],"event_choices":[{"damage_healed":25.0,"max_hp_gain":0.0,"max_hp_loss":0.0,"gold_gain":0.0,"event_name":"Big Fish","player_choice":"Banana","floor":11.0,"gold_loss":0.0,"damage_taken":0.0},{"damage_healed":0.0,"max_hp_gain":0.0,"max_hp_loss":0.0,"gold_gain":75.0,"event_name":"World of Goop","player_choice":"Gather Gold","floor":13.0,"gold_loss":0.0,"damage_taken":11.0},{"damage_healed":0,"gold_gain":0,"player_choice":"Bought 0 Potions","damage_taken":0,"max_hp_gain":0,"max_hp_loss":0,"event_name":"The Woman in Blue","floor":21,"gold_loss":0}],"is_beta":false,"boss_relics":[{"not_picked":["Calling Bell","Snecko Eye"],"picked":"Cursed Key"}],"items_purged_floors":[5,20],"is_endless":false,"potions_floor_spawned":[1,2,12,14,16,22],"killed_by":"Snake Plant","ascension_level":2}}