{"host":"eft627g0ddukeijo","time":1613033224,"event":{"mods":["AchievementEnabler","BaseMod","Bestiary","Better Note","Block Reminder","Colored Powertips","Filter the Spire","Highlight Path","Minty Spire (QoL Compilation)","Permanent Neow","Quick Restart","Rare Cards Sparkle","Relic Stats","Slay-I","StSLib","Weighted Paths"],"gold_per_floor":[112,112,112,131,148,148,223,223,248,260,271,303,303,180,180,285,285,300,300,313,24,123,138,149,149,226,226,236,236,161,261,261,362,362,378,378,433,333,333,333,348,368,368,368,385,398,398,98,98,98,98,98,24,54,54,54],"floor_reached":55,"language":"ENG","playtime":2936,"items_purged":["Strike_R","Strike_R"],"score":978,"play_id":"a646917e-01b1-498f-99fd-5e3f60df65c0","local_time":"20210211174704","is_ascension_mode":true,"campfire_choices":[{"floor":6.0,"key":"RECALL"},{"floor":8.0,"key":"REST"},{"floor":15.0,"key":"REST"},{"floor":25.0,"key":"REST"},{"data":"Heavy Blade","floor":27.0,"key":"SMITH"},{"data":"Spot Weakness","floor":29.0,"key":"SMITH"},{"data":"Disarm","floor":32.0,"key":"SMITH"},{"floor":40.0,"key":"REST"},{"floor":44.0,"key":"REST"},{"floor":47.0,"key":"REST"},{"data":"Limit Break","floor":49.0,"key":"SMITH"},{"data":"Disarm","floor":52.0,"key":"SMITH"}],"circlet_count":0,"master_deck":["Strike_R+1","Strike_R","Defend_R","Defend_R","Defend_R","Defend_R","Bash+1","Headbutt","Pommel Strike","Shrug It Off","Iron Wave","Inflame","Heavy Blade+1","Disarm+1","Bludgeon","Disarm+1","Shockwave","Inflame+1","Spot Weakness+1","Armaments+1","Reaper","Limit Break+1","Offering"],"relics":["Burning Blood","Whetstone","Blood Vial","Matryoshka","Frozen Egg 2","Velvet Choker","ClockworkSouvenir","Boot","Pear","Charon\u0027s Ashes","Shuriken","Philosopher\u0027s Stone","StoneCalendar","Ornamental Fan","Brimstone","Happy Flower"],"acts_visited":["Exordium","TheCity","TheBeyond","TheEnding"],"potions_floor_usage":[],"damage_taken":[{"damage":12.0,"enemies":"Jaw Worm","floor":1.0,"turns":3.0},{"damage":6.0,"enemies":"Cultist","floor":4.0,"turns":3.0},{"damage":0.0,"enemies":"2 Louse","floor":5.0,"turns":2.0},{"damage":32.0,"enemies":"Exordium Wildlife","floor":10.0,"turns":4.0},{"damage":21.0,"enemies":"Blue Slaver","floor":11.0,"turns":3.0},{"damage":20.0,"enemies":"Gremlin Nob","floor":12.0,"turns":3.0},{"damage":43.0,"enemies":"The Guardian","floor":16.0,"turns":12.0},{"damage":11.0,"enemies":"3 Byrds","floor":18.0,"turns":7.0},{"damage":19.0,"enemies":"Shell Parasite","floor":20.0,"turns":6.0},{"damage":8.0,"enemies":"Snake Plant","floor":23.0,"turns":4.0},{"damage":1.0,"enemies":"Centurion and Healer","floor":24.0,"turns":4.0},{"damage":16.0,"enemies":"3 Cultists","floor":28.0,"turns":5.0},{"damage":20.0,"enemies":"Colosseum Slavers","floor":31.0,"turns":3.0},{"damage":7.0,"enemies":"Colosseum Nobs","floor":31.0,"turns":3.0},{"damage":51.0,"enemies":"Champ","floor":33.0,"turns":10.0},{"damage":34.0,"enemies":"Orb Walker","floor":35.0,"turns":5.0},{"damage":36.0,"enemies":"2 Orb Walkers","floor":37.0,"turns":5.0},{"damage":12.0,"enemies":"3 Shapes","floor":41.0,"turns":3.0},{"damage":49.0,"enemies":"Jaw Worm Horde","floor":42.0,"turns":4.0},{"damage":32.0,"enemies":"Spire Growth","floor":45.0,"turns":5.0},{"damage":5.0,"enemies":"3 Darklings","floor":46.0,"turns":4.0},{"damage":80.0,"enemies":"Awakened One","floor":50.0,"turns":7.0},{"damage":79.0,"enemies":"Shield and Spear","floor":54.0,"turns":3.0},{"damage":135,"enemies":"The Heart","floor":55,"turns":6}],"seed_played":"7599361989665845022","potions_obtained":[{"floor":10.0,"key":"SkillPotion"},{"floor":12.0,"key":"Block Potion"},{"floor":16.0,"key":"SteroidPotion"},{"floor":23.0,"key":"SneckoOil"},{"floor":28.0,"key":"Fire Potion"},{"floor":31.0,"key":"Swift Potion"},{"floor":35.0,"key":"ElixirPotion"},{"floor":37.0,"key":"PowerPotion"},{"floor":41.0,"key":"EssenceOfSteel"}],"is_trial":false,"path_per_floor":["M","?","?","M","M","R","?","R","T","M","M","E","T","$","R","B",null,"M","?","M","$","?","M","M","R","T","R","M","R","$","?","R","B",null,"M","?","?","$","?","R","M","M","T","R","M","M","R","$","R","B",null,"R","$","E","B"],"character_chosen":"IRONCLAD","items_purchased":["Heavy Blade","Disarm","ClockworkSouvenir","Fruit Juice","Inflame+1","Brimstone","Offering","LiquidMemories"],"campfire_rested":6,"item_purchase_floors":[14,14,21,21,21,48,48,53],"current_hp_per_floor":[66,66,66,66,72,72,61,80,80,54,41,29,29,29,53,18,65,62,62,51,56,56,56,63,85,95,95,85,85,85,74,74,31,79,53,53,41,41,41,69,65,51,51,79,55,58,86,86,86,53,85,85,85,89,0,0],"gold":54,"neow_bonus":"RANDOM_COMMON_RELIC","is_daily":false,"chose_seed":false,"campfire_upgraded":5,"win_rate":0.0,"timestamp":1613033224,"path_taken":["M","?","?","M","?","R","?","R","T","M","M","E","?","?","R","BOSS","M","?","M","$","?","?","M","R","T","R","M","R","$","?","R","BOSS","M","?","?","$","?","R","M","M","T","R","?","M","R","?","R","BOSS","R","$","E","BOSS"],"items_purchased_type":["Card","Card","Relic","Potion","Card","Relic","Card","Potion"],"build_version":"2020-12-22","purchased_purges":2,"victory":false,"max_hp_per_floor":[80,80,80,80,80,80,80,80,80,80,80,80,80,80,80,80,80,80,80,80,85,85,85,85,85,95,95,95,95,95,95,95,95,95,95,95,95,95,95,95,95,95,95,95,95,95,95,95,95,95,95,95,95,95,95,95],"relic_stats":{"Blood Vial":38,"Happy Flower":[2],"counters":[24,114],"Shuriken":[10],"Ornamental Fan":[24],"StoneCalendar":[0],"Charon\u0027s Ashes":[109],"Whetstone":["Strike_R","Bash"],"Boot":[0],"obtain_stats":[{"Pear":26,"Happy Flower":54,"Velvet Choker":17,"StoneCalendar":37,"Charon\u0027s Ashes":31,"Whetstone":0,"Frozen Egg 2":13,"Boot":26,"Burning Blood":0,"ClockworkSouvenir":21,"Blood Vial":9,"Matryoshka":12,"Shuriken":31,"Ornamental Fan":43,"Brimstone":48,"Philosopher\u0027s Stone":34},{"Pear":11,"Happy Flower":23,"Velvet Choker":7,"StoneCalendar":17,"Charon\u0027s Ashes":14,"Whetstone":0,"Frozen Egg 2":6,"Boot":11,"Burning Blood":0,"ClockworkSouvenir":9,"Blood Vial":3,"Matryoshka":6,"Shuriken":14,"Ornamental Fan":19,"Brimstone":21,"Philosopher\u0027s Stone":15},{"Pear":51,"Happy Flower":108,"Velvet Choker":30,"StoneCalendar":82,"Charon\u0027s Ashes":62,"Whetstone":0,"Frozen Egg 2":18,"Boot":51,"Burning Blood":0,"ClockworkSouvenir":43,"Blood Vial":8,"Matryoshka":18,"Shuriken":62,"Ornamental Fan":89,"Brimstone":98,"Philosopher\u0027s Stone":72}],"Burning Blood":138},"card_choices":[{"not_picked":["True Grit","Anger"],"picked":"Headbutt","floor":1.0},{"not_picked":["Flex","Warcry"],"picked":"Pommel Strike","floor":4.0},{"not_picked":["Warcry","Second Wind","Havoc"],"picked":"SKIP","floor":5.0},{"not_picked":["Evolve","Anger"],"picked":"Shrug It Off","floor":10.0},{"not_picked":["Wild Strike","Flex"],"picked":"Iron Wave","floor":11.0},{"not_picked":["Twin Strike","Sever Soul"],"picked":"Inflame","floor":12.0},{"not_picked":["Brutality+1","Corruption+1"],"picked":"Bludgeon","floor":16.0},{"not_picked":["Sever Soul","Clothesline+1"],"picked":"Disarm","floor":18.0},{"not_picked":["Dark Embrace+1","Flex"],"picked":"Shockwave","floor":20.0},{"not_picked":["Heavy Blade","Shrug It Off"],"picked":"Spot Weakness","floor":23.0},{"not_picked":["Twin Strike","Sentinel"],"picked":"Armaments+1","floor":24.0},{"not_picked":["Wild Strike","Sentinel+1","Dual Wield"],"picked":"SKIP","floor":28.0},{"not_picked":["Exhume","Brutality+1"],"picked":"Reaper","floor":33.0},{"not_picked":["Pommel Strike+1","Sword Boomerang","Perfected Strike"],"picked":"SKIP","floor":35.0},{"not_picked":["Feel No Pain+1","Anger+1"],"picked":"Limit Break","floor":41.0},{"not_picked":["Havoc+1","Power Through","Twin Strike+1"],"picked":"SKIP","floor":42.0},{"not_picked":["Pommel Strike","Thunderclap","Burning Pact+1"],"picked":"SKIP","floor":45.0},{"not_picked":["Warcry","Blood for Blood+1","Twin Strike"],"picked":"SKIP","floor":46.0},{"not_picked":["Demon Form+1","Ghostly Armor+1","Body Slam"],"picked":"SKIP","floor":54.0}],"player_experience":562054,"relics_obtained":[{"floor":9.0,"key":"Blood Vial"},{"floor":12.0,"key":"Matryoshka"},{"floor":13.0,"key":"Frozen Egg 2"},{"floor":26.0,"key":"Boot"},{"floor":26.0,"key":"Pear"},{"floor":31.0,"key":"Charon\u0027s Ashes"},{"floor":31.0,"key":"Shuriken"},{"floor":37.0,"key":"StoneCalendar"},{"floor":43.0,"key":"Ornamental Fan"},{"floor":54.0,"key":"Happy Flower"}],"event_choices":[{"damage_healed":0.0,"max_hp_gain":0.0,"max_hp_loss":0.0,"gold_gain":0.0,"event_name":"Liars Game","player_choice":"Ignored","floor":2.0,"gold_loss":0.0,"damage_taken":0.0},{"cards_removed":["Strike_R"],"damage_healed":0.0,"max_hp_gain":0.0,"max_hp_loss":0.0,"gold_gain":0.0,"event_name":"Bonfire Elementals","player_choice":"Offered Basic","floor":3.0,"gold_loss":0.0,"damage_taken":0.0},{"damage_healed":0.0,"max_hp_gain":0.0,"max_hp_loss":0.0,"gold_gain":75.0,"event_name":"World of Goop","player_choice":"Gather Gold","floor":7.0,"gold_loss":0.0,"damage_taken":11.0},{"cards_removed":["Strike_R"],"damage_healed":0.0,"max_hp_gain":0.0,"max_hp_loss":0.0,"gold_gain":0.0,"event_name":"betterNote:BetterNote","player_choice":"Give","floor":19.0,"gold_loss":0.0,"damage_taken":0.0,"cards_obtained":["Strike_R"]},{"damage_healed":0.0,"max_hp_gain":0.0,"max_hp_loss":0.0,"gold_gain":99.0,"event_name":"Nest","player_choice":"Stole From Cult","floor":22.0,"gold_loss":0.0,"damage_taken":0.0},{"damage_healed":0.0,"max_hp_gain":0.0,"max_hp_loss":0.0,"gold_gain":0.0,"event_name":"Colosseum","player_choice":"Fight","floor":31.0,"gold_loss":0.0,"damage_taken":0.0},{"damage_healed":0.0,"max_hp_gain":0.0,"max_hp_loss":0.0,"gold_gain":0.0,"event_name":"Colosseum","player_choice":"Fought Nobs","floor":31.0,"gold_loss":0.0,"damage_taken":0.0},{"damage_healed":0.0,"max_hp_gain":0.0,"max_hp_loss":0.0,"gold_gain":0.0,"event_name":"SensoryStone","player_choice":"Memory 1","floor":36.0,"gold_loss":0.0,"damage_taken":0.0},{"damage_healed":0.0,"max_hp_gain":0.0,"max_hp_loss":0.0,"gold_gain":0.0,"event_name":"Mysterious Sphere","player_choice":"Fight","floor":37.0,"gold_loss":0.0,"damage_taken":0.0},{"damage_healed":0.0,"max_hp_gain":0.0,"max_hp_loss":0.0,"gold_gain":0.0,"event_name":"SecretPortal","player_choice":"Ignored","floor":39.0,"gold_loss":0.0,"damage_taken":0.0}],"is_beta":false,"boss_relics":[{"not_picked":["Mark of Pain","Runic Dome"],"picked":"Velvet Choker"},{"not_picked":["Tiny House","Coffee Dripper"],"picked":"Philosopher\u0027s Stone"}],"items_purged_floors":[30,38],"is_endless":false,"potions_floor_spawned":[10,12,16,23,28,31,31,35,37,41],"killed_by":"The Heart","ascension_level":9}}