{"host":"i09pxcjttd31eh4q","time":1613063022,"event":{"mods":["AchievementEnabler","BaseMod","Colored Map","Keyboard Shortcuts","Minty Spire (QoL Compilation)","StSLib","SuperFastMode"],"gold_per_floor":[116,41,41,41,41,69,69,97,97,97,111,131,147,167,167,245,245,218,230,155,168,178,178,178,9,9,25,25,43,61,89,89,89,89],"floor_reached":33,"language":"KOR","playtime":723,"items_purged":["Defend_P"],"score":618,"play_id":"c47de912-ea5d-4fb1-bf46-c8832841e300","local_time":"20210212020342","is_ascension_mode":true,"campfire_choices":[{"data":"Eruption","floor":7.0,"key":"SMITH"},{"floor":10.0,"key":"RECALL"},{"data":"EmptyFist","floor":15.0,"key":"SMITH"},{"data":"MentalFortress","floor":23.0,"key":"SMITH"},{"data":"Scrawl","floor":28.0,"key":"SMITH"},{"floor":32.0,"key":"REST"}],"circlet_count":0,"master_deck":["AscendersBane","Strike_P","Strike_P","Strike_P","Defend_P+1","Defend_P","Eruption+1","Vigilance+1","EmptyFist+1","Scrawl+1","MentalFortress+1"],"relics":["PureWater","NeowsBlessing","Damaru","Boot","Turnip","SacredBark","Bag of Preparation","Red Mask"],"acts_visited":["Exordium","TheCity"],"potions_floor_usage":[33],"damage_taken":[{"damage":0.0,"enemies":"Small Slimes","floor":1.0,"turns":2.0},{"damage":0.0,"enemies":"Gremlin Nob","floor":6.0,"turns":1.0},{"damage":0.0,"enemies":"Lagavulin","floor":8.0,"turns":1.0},{"damage":2.0,"enemies":"2 Louse","floor":11.0,"turns":3.0},{"damage":0.0,"enemies":"Jaw Worm","floor":12.0,"turns":3.0},{"damage":0.0,"enemies":"Large Slime","floor":13.0,"turns":6.0},{"damage":7.0,"enemies":"2 Fungi Beasts","floor":14.0,"turns":4.0},{"damage":10.0,"enemies":"Hexaghost","floor":16.0,"turns":7.0},{"damage":0.0,"enemies":"2 Thieves","floor":18.0,"turns":4.0},{"damage":17.0,"enemies":"Spheric Guardian","floor":19.0,"turns":3.0},{"damage":14.0,"enemies":"Chosen and Byrds","floor":21.0,"turns":7.0},{"damage":12.0,"enemies":"Snake Plant","floor":22.0,"turns":3.0},{"damage":0.0,"enemies":"Centurion and Healer","floor":27.0,"turns":4.0},{"damage":0.0,"enemies":"Shelled Parasite and Fungi","floor":29.0,"turns":5.0},{"damage":14.0,"enemies":"Snake Plant","floor":30.0,"turns":4.0},{"damage":6.0,"enemies":"Masked Bandits","floor":31.0,"turns":5.0},{"damage":48,"enemies":"Automaton","floor":33,"turns":12}],"seed_played":"5437320811573803384","potions_obtained":[{"floor":8.0,"key":"Weak Potion"},{"floor":11.0,"key":"Energy Potion"},{"floor":13.0,"key":"EntropicBrew"},{"floor":19.0,"key":"Regen Potion"},{"floor":21.0,"key":"SkillPotion"}],"is_trial":false,"path_per_floor":["M","?","?","?","$","E","R","E","T","R","M","M","M","M","R","B",null,"M","M","$","M","M","R","?","$","T","M","R","M","M","?","R","B"],"character_chosen":"WATCHER","items_purchased":["Bag of Preparation"],"campfire_rested":1,"item_purchase_floors":[25],"current_hp_per_floor":[61,61,61,41,41,41,41,41,41,41,39,39,39,32,32,22,57,57,40,40,68,56,56,56,56,56,56,56,56,42,36,56,8,8],"gold":89,"neow_bonus":"THREE_ENEMY_KILL","is_daily":false,"chose_seed":false,"campfire_upgraded":4,"win_rate":0.0,"timestamp":1613063022,"path_taken":["M","?","?","?","?","E","R","E","T","R","M","M","M","M","R","BOSS","M","M","$","M","M","R","?","$","T","M","R","M","M","?","R","BOSS"],"items_purchased_type":["Relic"],"build_version":"2020-12-22","purchased_purges":1,"victory":false,"max_hp_per_floor":[68,68,68,68,68,68,68,68,68,68,68,68,68,68,68,68,68,68,68,68,68,68,68,68,68,68,68,68,68,68,68,68,68,68],"card_choices":[{"not_picked":["Consecrate","Crescendo","EmptyBody"],"picked":"SKIP","floor":1.0},{"not_picked":["Sanctity","Protect","Halt"],"picked":"SKIP","floor":6.0},{"not_picked":["Pray","Evaluate","Crescendo"],"picked":"SKIP","floor":8.0},{"not_picked":["ThirdEye","Consecrate","Blasphemy"],"picked":"SKIP","floor":11.0},{"not_picked":["Indignation","Fasting2"],"picked":"EmptyFist","floor":12.0},{"not_picked":["EmptyBody","SashWhip","EmptyFist"],"picked":"SKIP","floor":13.0},{"not_picked":["EmptyBody","Protect","JustLucky"],"picked":"SKIP","floor":14.0},{"not_picked":["Brilliance","Establishment"],"picked":"Scrawl","floor":16.0},{"not_picked":["ThirdEye","Protect","WreathOfFlame"],"picked":"SKIP","floor":18.0},{"not_picked":["EmptyFist","LikeWater+1","JustLucky"],"picked":"SKIP","floor":19.0},{"not_picked":["Crescendo","PathToVictory","CrushJoints"],"picked":"SKIP","floor":21.0},{"not_picked":["Indignation","EmptyBody"],"picked":"MentalFortress","floor":22.0},{"not_picked":["Protect","Wish","Halt"],"picked":"SKIP","floor":27.0},{"not_picked":["FlyingSleeves","ThirdEye","Meditate"],"picked":"SKIP","floor":29.0},{"not_picked":["BowlingBash","CrushJoints","Perseverance"],"picked":"SKIP","floor":30.0}],"player_experience":904204,"relics_obtained":[{"floor":6.0,"key":"Damaru"},{"floor":8.0,"key":"Boot"},{"floor":9.0,"key":"Turnip"},{"floor":31.0,"key":"Red Mask"}],"event_choices":[{"cards_removed":["Strike_P"],"damage_healed":0.0,"max_hp_gain":0.0,"max_hp_loss":0.0,"gold_gain":0.0,"event_name":"The Cleric","player_choice":"Card Removal","floor":2.0,"gold_loss":75.0,"damage_taken":0.0},{"cards_removed":["Defend_P"],"damage_healed":0.0,"max_hp_gain":0.0,"max_hp_loss":0.0,"gold_gain":0.0,"event_name":"Living Wall","player_choice":"Forget","floor":3.0,"gold_loss":0.0,"damage_taken":0.0},{"damage_healed":0.0,"max_hp_gain":0.0,"max_hp_loss":0.0,"gold_gain":0.0,"event_name":"Shining Light","player_choice":"Entered Light","floor":4.0,"gold_loss":0.0,"damage_taken":20.0,"cards_upgraded":["Defend_P","Vigilance"]},{"damage_healed":0.0,"max_hp_gain":0.0,"max_hp_loss":0.0,"gold_gain":0.0,"event_name":"Cursed Tome","player_choice":"Ignored","floor":24.0,"gold_loss":0.0,"damage_taken":0.0},{"damage_healed":0.0,"max_hp_gain":0.0,"max_hp_loss":0.0,"gold_gain":0.0,"event_name":"Masked Bandits","player_choice":"Fought Bandits","floor":31.0,"gold_loss":0.0,"damage_taken":0.0}],"is_beta":false,"boss_relics":[{"not_picked":["Coffee Dripper","Fusion Hammer"],"picked":"SacredBark"}],"items_purged_floors":[20],"is_endless":false,"potions_floor_spawned":[8,11,13,19,21,22],"killed_by":"Automaton","ascension_level":20}}