{"host":"LaserWall","time":1613057259,"event":{"mods":["BaseMod","Minty Spire (QoL Compilation)","Relic Stats"],"gold_per_floor":[110,128,203,153,171,171,201,201,201,213,68,68,98,108,108,205,205,217,132,132,144,105,105,105],"floor_reached":23,"language":"ENG","playtime":1478,"items_purged":["Strike_P"],"score":229,"play_id":"be3b8d5b-385b-4a48-b366-184ba5274738","local_time":"20210211102739","is_ascension_mode":true,"campfire_choices":[{"data":"Conclude","floor":6.0,"key":"SMITH"},{"floor":8.0,"key":"REST"},{"data":"Eruption","floor":15.0,"key":"SMITH"}],"circlet_count":0,"master_deck":["Strike_P","Strike_P+1","Defend_P","Defend_P","Defend_P","Eruption+1","Vigilance+1","Conclude+1","Perseverance","EmptyMind","TalkToTheHand","Wireheading","TalkToTheHand","LikeWater","Collect","Meditate","LessonLearned","Wallop"],"relics":["Sozu","Thread and Needle","Kunai","Damaru","Fusion Hammer","Singing Bowl","Nilry\u0027s Codex"],"acts_visited":["Exordium","TheCity"],"potions_floor_usage":[],"damage_taken":[{"damage":0.0,"enemies":"Cultist","floor":1.0,"turns":4.0},{"damage":5.0,"enemies":"Small Slimes","floor":2.0,"turns":2.0},{"damage":0.0,"enemies":"2 Louse","floor":5.0,"turns":2.0},{"damage":20.0,"enemies":"Lagavulin","floor":7.0,"turns":7.0},{"damage":0.0,"enemies":"Large Slime","floor":10.0,"turns":2.0},{"damage":4.0,"enemies":"3 Sentries","floor":13.0,"turns":4.0},{"damage":7.0,"enemies":"3 Louse","floor":14.0,"turns":2.0},{"damage":19.0,"enemies":"The Guardian","floor":16.0,"turns":11.0},{"damage":5,"enemies":"Shell Parasite","floor":18,"turns":7},{"damage":13,"enemies":"2 Thieves","floor":21,"turns":3},{"damage":41,"enemies":"Slavers","floor":23,"turns":5}],"seed_played":"-8545930467763178241","potions_obtained":[],"is_trial":false,"path_per_floor":["M","M","?","?","M","R","E","R","T","M","$","?","E","M","R","B",null,"M","?","?","M","$","E"],"character_chosen":"WATCHER","items_purchased":["TalkToTheHand","Wallop"],"campfire_rested":1,"item_purchase_floors":[11,22],"current_hp_per_floor":[72,67,56,56,56,56,36,57,57,57,57,57,53,46,46,27,72,67,67,51,40,40,0,0],"gold":105,"neow_bonus":"BOSS_RELIC","is_daily":false,"chose_seed":false,"campfire_upgraded":2,"win_rate":0.0,"timestamp":1613057259,"path_taken":["M","M","?","?","M","R","E","R","T","M","$","?","E","M","R","BOSS","M","?","?","M","$","E"],"items_purchased_type":["Card","Card"],"build_version":"2020-12-18","purchased_purges":1,"victory":false,"max_hp_per_floor":[72,72,72,72,72,72,72,72,72,72,72,72,72,72,72,72,72,72,72,72,74,74,74,74],"relic_stats":{"Sozu":4,"Singing Bowl":2,"counters":[11,49],"Kunai":[12],"obtain_stats":[{"Sozu":0,"Singing Bowl":19,"Nilry\u0027s Codex":20,"Damaru":13,"Thread and Needle":7,"Fusion Hammer":17,"Kunai":9,"PureWater":0},{"Sozu":0,"Singing Bowl":9,"Nilry\u0027s Codex":9,"Damaru":6,"Thread and Needle":4,"Fusion Hammer":8,"Kunai":4,"PureWater":0},{"Sozu":0,"Singing Bowl":41,"Nilry\u0027s Codex":41,"Damaru":21,"Thread and Needle":15,"Fusion Hammer":34,"Kunai":15,"PureWater":0}]},"card_choices":[{"not_picked":["Halt","Weave"],"picked":"Conclude","floor":1.0},{"not_picked":["JustLucky","Protect"],"picked":"Perseverance","floor":2.0},{"not_picked":["ThirdEye","Indignation"],"picked":"EmptyMind","floor":5.0},{"not_picked":["Protect","Crescendo"],"picked":"TalkToTheHand","floor":7.0},{"not_picked":["Pray","BowlingBash"],"picked":"Wireheading","floor":10.0},{"not_picked":["Perseverance","Consecrate"],"picked":"Collect","floor":13.0},{"not_picked":["Evaluate","FollowUp"],"picked":"Meditate","floor":14.0},{"not_picked":["Ragnarok","Brilliance"],"picked":"LessonLearned","floor":16.0},{"not_picked":["FlyingSleeves","Evaluate","DeceiveReality"],"picked":"SKIP","floor":18},{"not_picked":["Protect","ThirdEye","Perseverance"],"picked":"Singing Bowl","floor":21}],"player_experience":224430,"relics_obtained":[{"floor":7.0,"key":"Thread and Needle"},{"floor":9.0,"key":"Kunai"},{"floor":13.0,"key":"Damaru"},{"floor":20,"key":"Nilry\u0027s Codex"}],"event_choices":[{"damage_healed":0.0,"max_hp_gain":0.0,"max_hp_loss":0.0,"gold_gain":75.0,"event_name":"World of Goop","player_choice":"Gather Gold","floor":3.0,"gold_loss":0.0,"damage_taken":11.0},{"cards_removed":["Strike_P"],"damage_healed":0.0,"max_hp_gain":0.0,"max_hp_loss":0.0,"gold_gain":0.0,"event_name":"The Cleric","player_choice":"Card Removal","floor":4.0,"gold_loss":50.0,"damage_taken":0.0},{"damage_healed":0.0,"max_hp_gain":0.0,"max_hp_loss":0.0,"gold_gain":0.0,"cards_transformed":["Defend_P"],"event_name":"Living Wall","player_choice":"Change","floor":12.0,"gold_loss":0.0,"damage_taken":0.0,"cards_obtained":["LikeWater"]},{"damage_healed":0,"gold_gain":0,"player_choice":"Obtained Relic","damage_taken":0,"relics_obtained":["Singing Bowl"],"max_hp_gain":0,"max_hp_loss":0,"event_name":"Addict","floor":19,"gold_loss":85},{"damage_healed":0,"gold_gain":0,"player_choice":"Obtained Book","damage_taken":16,"max_hp_gain":0,"max_hp_loss":0,"event_name":"Cursed Tome","floor":20,"gold_loss":0}],"is_beta":true,"boss_relics":[{"not_picked":["Tiny House","SlaversCollar"],"picked":"Fusion Hammer"}],"items_purged_floors":[11],"is_endless":false,"potions_floor_spawned":[5,10,13,14],"killed_by":"Slavers","ascension_level":3}}