{"host":"lg52aq764g9v2r4m","time":1613009897,"event":{"mods":["2.2 Compatiblity","BaseMod","Minty Spire (QoL Compilation)"],"gold_per_floor":[110,129,129,129,146,173,2,32,44,56,97,109,132,144,156,168,168],"floor_reached":16,"language":"ENG","playtime":2677,"items_purged":[],"score":150,"play_id":"3460cdd7-93df-471e-ae3b-18ead9ef4791","local_time":"20210210211817","is_ascension_mode":true,"campfire_choices":[{"data":"Double Tap","floor":10,"key":"SMITH"},{"data":"Whirlwind","floor":12,"key":"SMITH"},{"data":"Bash","floor":15,"key":"SMITH"}],"circlet_count":0,"master_deck":["Strike_R","Strike_R","Strike_R","Strike_R","Defend_R","Defend_R","Defend_R","Defend_R","Bash+1","Headbutt","Shrug It Off","Double Tap+1","Thunderclap","Whirlwind+1","Thunderclap","Iron Wave","Shrug It Off"],"relics":["Burning Blood","NeowsBlessing","Blood Vial","Meat on the Bone","Chemical X","MawBank","Matryoshka","Nunchaku","Strawberry","Bottled Lightning"],"acts_visited":["Exordium"],"potions_floor_usage":[6,6,11],"damage_taken":[{"damage":0,"enemies":"Small Slimes","floor":1,"turns":2},{"damage":0,"enemies":"Jaw Worm","floor":2,"turns":1},{"damage":0,"enemies":"2 Louse","floor":5,"turns":1},{"damage":0,"enemies":"3 Sentries","floor":6,"turns":9},{"damage":28,"enemies":"Gremlin Nob","floor":8,"turns":4},{"damage":1,"enemies":"3 Sentries","floor":11,"turns":3},{"damage":8,"enemies":"Red Slaver","floor":13,"turns":3},{"damage":85,"enemies":"Hexaghost","floor":16,"turns":11}],"seed_played":"4679147980015768242","potions_obtained":[{"floor":1,"key":"HeartOfIron"},{"floor":5,"key":"EssenceOfSteel"},{"floor":8,"key":"Regen Potion"}],"is_trial":false,"path_per_floor":["M","M","?","?","M","E","$","E","T","R","E","R","M","T","R","B"],"character_chosen":"IRONCLAD","items_purchased":["Chemical X","Thunderclap"],"campfire_rested":0,"item_purchase_floors":[7,7],"current_hp_per_floor":[80,80,62,62,70,78,78,58,58,58,74,74,74,81,81,0,0],"gold":168,"neow_bonus":"THREE_ENEMY_KILL","is_daily":false,"chose_seed":false,"campfire_upgraded":3,"win_rate":0.0,"timestamp":1613009897,"path_taken":["M","M","?","?","M","E","$","E","T","R","E","R","M","?","R","BOSS"],"items_purchased_type":["Relic","Card"],"build_version":"2020-12-22","purchased_purges":0,"victory":false,"max_hp_per_floor":[80,80,80,80,80,80,80,80,80,80,80,80,80,87,87,87,87],"card_choices":[{"not_picked":["Infernal Blade","Shrug It Off"],"picked":"Headbutt","floor":1},{"not_picked":["Sword Boomerang","Clash"],"picked":"Shrug It Off","floor":2},{"not_picked":["Iron Wave","Anger"],"picked":"Thunderclap","floor":5},{"not_picked":["Infernal Blade","Anger"],"picked":"Whirlwind","floor":6},{"not_picked":["True Grit","Pommel Strike"],"picked":"Iron Wave","floor":8},{"not_picked":["Hemokinesis","Heavy Blade","Warcry"],"picked":"SKIP","floor":11},{"not_picked":["Infernal Blade","Thunderclap"],"picked":"Shrug It Off","floor":13}],"player_experience":53417,"relics_obtained":[{"floor":6,"key":"Meat on the Bone"},{"floor":8,"key":"MawBank"},{"floor":9,"key":"Matryoshka"},{"floor":11,"key":"Nunchaku"},{"floor":14,"key":"Strawberry"},{"floor":14,"key":"Bottled Lightning"}],"event_choices":[{"damage_healed":0,"gold_gain":0,"player_choice":"Success","damage_taken":18,"relics_obtained":["Blood Vial"],"max_hp_gain":0,"max_hp_loss":0,"event_name":"Scrap Ooze","floor":3,"gold_loss":0},{"damage_healed":0,"gold_gain":0,"cards_transformed":["Strike_R"],"player_choice":"Change","damage_taken":0,"max_hp_gain":0,"max_hp_loss":0,"event_name":"Living Wall","floor":4,"gold_loss":0,"cards_obtained":["Double Tap"]}],"is_beta":false,"boss_relics":[],"items_purged_floors":[],"is_endless":false,"potions_floor_spawned":[1,5,8],"killed_by":"Hexaghost","ascension_level":1}}