{"host":"m0bekkrd201b63ug","time":1613056265,"event":{"mods":["AchievementEnabler","BaseMod","Colored Powertips","Minty Spire (QoL Compilation)","Rare Cards Sparkle","StSLib","SuperFastMode","everything is the same but u backflip on backflip","slay the spire mod where everything is the same but ironclad has a cowboy hat"],"gold_per_floor":[119,144,144,109,89,89,115,141,141,158,158,15,38,48,48,136,136,150,173,199,227,227,227,54,54,54,63,91,91,91,25,25,25,25],"floor_reached":33,"language":"ENG","playtime":1005,"items_purged":["Strike_G"],"score":490,"play_id":"6d442e2c-d1ea-4ab3-9880-edac7a4de9cd","local_time":"20210211131105","is_ascension_mode":true,"campfire_choices":[{"data":"Noxious Fumes","floor":6.0,"key":"SMITH"},{"data":"Dodge and Roll","floor":11.0,"key":"SMITH"},{"floor":15.0,"key":"REST"},{"data":"Bane","floor":23.0,"key":"SMITH"},{"data":"Catalyst","floor":30,"key":"SMITH"},{"data":"Venomology","floor":32,"key":"SMITH"}],"circlet_count":0,"master_deck":["AscendersBane","Strike_G+1","Strike_G+1","Strike_G+1","Strike_G+1","Defend_G+1","Defend_G+1","Defend_G+1","Defend_G+1","Defend_G+1","Survivor","Neutralize","Noxious Fumes+1","Deadly Poison","Dodge and Roll+1","Burst","Bane+1","Corpse Explosion","Dodge and Roll+1","Poisoned Stab","Die Die Die","Venomology+1","Poisoned Stab","Writhe","Catalyst+1","Escape Plan"],"relics":["Ring of the Snake","CeramicFish","StoneCalendar","Lantern","Incense Burner","Coffee Dripper","Oddly Smooth Stone","Paper Crane"],"acts_visited":["Exordium","TheCity"],"potions_floor_usage":[28,28,33,33,33],"damage_taken":[{"damage":0.0,"enemies":"Jaw Worm","floor":1.0,"turns":5.0},{"damage":4.0,"enemies":"2 Louse","floor":2.0,"turns":3.0},{"damage":16.0,"enemies":"Gremlin Nob","floor":7.0,"turns":5.0},{"damage":0.0,"enemies":"Small Slimes","floor":8.0,"turns":4.0},{"damage":3.0,"enemies":"Red Slaver","floor":10.0,"turns":5.0},{"damage":4.0,"enemies":"Gremlin Gang","floor":13.0,"turns":4.0},{"damage":3.0,"enemies":"3 Louse","floor":14.0,"turns":6.0},{"damage":35.0,"enemies":"The Guardian","floor":16.0,"turns":9.0},{"damage":12.0,"enemies":"2 Thieves","floor":18.0,"turns":3.0},{"damage":0.0,"enemies":"Spheric Guardian","floor":19.0,"turns":4.0},{"damage":14.0,"enemies":"Snake Plant","floor":20.0,"turns":6.0},{"damage":17.0,"enemies":"Shelled Parasite and Fungi","floor":21.0,"turns":7.0},{"damage":3,"enemies":"Centurion and Healer","floor":28,"turns":5},{"damage":62,"enemies":"Collector","floor":33,"turns":7}],"seed_played":"2754465995477585266","potions_obtained":[{"floor":2.0,"key":"BlessingOfTheForge"},{"floor":5.0,"key":"EntropicBrew"},{"floor":8.0,"key":"ColorlessPotion"},{"floor":14.0,"key":"CultistPotion"},{"floor":20.0,"key":"SneckoOil"},{"floor":28,"key":"Regen Potion"}],"is_trial":false,"path_per_floor":["M","M","?","?","?","R","E","M","T","M","R","$","M","M","R","B",null,"M","M","M","M","?","R","$","?","T","?","M","?","R","$","R","B"],"character_chosen":"THE_SILENT","items_purchased":["Burst","Venomology","Poisoned Stab","Escape Plan"],"campfire_rested":1,"item_purchase_floors":[12,24,24,31],"current_hp_per_floor":[59,55,29,45,45,45,29,29,29,26,26,26,22,19,38,3,50,38,38,24,7,20,20,20,2,2,2,14,14,14,14,14,0,0],"gold":25,"neow_bonus":"RANDOM_COMMON_RELIC","is_daily":false,"chose_seed":false,"campfire_upgraded":5,"win_rate":0.0,"timestamp":1613056265,"path_taken":["M","M","?","?","?","R","E","M","T","M","R","$","?","M","R","BOSS","M","?","M","M","?","R","$","?","T","?","M","?","R","$","R","BOSS"],"items_purchased_type":["Card","Card","Card","Card"],"build_version":"2020-12-22","purchased_purges":1,"victory":false,"max_hp_per_floor":[66,66,66,66,66,66,66,66,66,66,66,66,66,66,66,66,66,66,66,66,66,66,66,66,71,71,71,71,71,71,71,71,71,71],"card_choices":[{"not_picked":["Dodge and Roll","Dagger Spray"],"picked":"Noxious Fumes","floor":1.0},{"not_picked":["Underhanded Strike","Choke"],"picked":"Deadly Poison","floor":2.0},{"not_picked":["Storm of Steel","Wraith Form v2","Riddle With Holes"],"picked":"SKIP","floor":7.0},{"not_picked":["Flying Knee","Concentrate"],"picked":"Dodge and Roll","floor":8.0},{"not_picked":["Masterful Stab","Cloak And Dagger","Slice"],"picked":"SKIP","floor":10.0},{"not_picked":["Outmaneuver","Flying Knee"],"picked":"Bane","floor":13.0},{"not_picked":["Caltrops","Finisher","Quick Slash"],"picked":"SKIP","floor":14.0},{"not_picked":["A Thousand Cuts","Unload"],"picked":"Corpse Explosion","floor":16.0},{"not_picked":["Dagger Throw","Underhanded Strike","Deadly Poison"],"picked":"SKIP","floor":18.0},{"not_picked":["Outmaneuver","Blade Dance"],"picked":"Dodge and Roll+1","floor":19.0},{"not_picked":["Masterful Stab","Dagger Spray+1"],"picked":"Poisoned Stab","floor":20.0},{"not_picked":["All Out Attack","Quick Slash"],"picked":"Die Die Die","floor":21.0},{"not_picked":["Backflip","Deadly Poison"],"picked":"Catalyst","floor":28}],"player_experience":236640,"relics_obtained":[{"floor":7.0,"key":"Lantern"},{"floor":9.0,"key":"Incense Burner"},{"floor":26,"key":"Oddly Smooth Stone"}],"event_choices":[{"damage_healed":0.0,"max_hp_gain":0.0,"max_hp_loss":0.0,"gold_gain":0.0,"event_name":"Scrap Ooze","player_choice":"Success","floor":3.0,"gold_loss":0.0,"damage_taken":26.0,"relics_obtained":["StoneCalendar"]},{"damage_healed":16.0,"max_hp_gain":0.0,"max_hp_loss":0.0,"gold_gain":0.0,"event_name":"The Cleric","player_choice":"Healed","floor":4.0,"gold_loss":35.0,"damage_taken":0.0},{"damage_healed":0.0,"max_hp_gain":0.0,"max_hp_loss":0.0,"gold_gain":0.0,"event_name":"The Woman in Blue","player_choice":"Bought 1 Potion","floor":5.0,"gold_loss":0.0,"damage_taken":0.0},{"damage_healed":13.0,"max_hp_gain":0.0,"max_hp_loss":0.0,"gold_gain":0.0,"event_name":"The Library","player_choice":"Heal","floor":22.0,"gold_loss":0.0,"damage_taken":0.0},{"damage_healed":0,"gold_gain":0,"player_choice":"Shed Blood","damage_taken":23,"max_hp_gain":5,"max_hp_loss":0,"event_name":"Forgotten Altar","floor":25,"gold_loss":0},{"damage_healed":0,"gold_gain":0,"player_choice":"Opened","damage_taken":0,"relics_obtained":["Paper Crane"],"max_hp_gain":0,"max_hp_loss":0,"event_name":"The Mausoleum","floor":27,"gold_loss":0,"cards_obtained":["Writhe"]},{"damage_healed":0,"gold_gain":0,"player_choice":"Simplicity","damage_taken":0,"max_hp_gain":0,"max_hp_loss":0,"event_name":"Back to Basics","floor":29,"gold_loss":0,"cards_upgraded":["Strike_G","Strike_G","Strike_G","Strike_G","Defend_G","Defend_G","Defend_G","Defend_G","Defend_G"]}],"is_beta":false,"boss_relics":[{"not_picked":["Empty Cage","Runic Dome"],"picked":"Coffee Dripper"}],"items_purged_floors":[12],"is_endless":false,"potions_floor_spawned":[2,8,14,20,28],"killed_by":"Collector","ascension_level":16}}