{"host":"3n5xmnb54n2y5mb4","time":1613018524,"event":{"mods":["BaseMod","Colored Map","Colored Powertips","Downfall","Minty Spire (QoL Compilation)","Permanent Neow","StSLib","Unceasing Turn Reminder","everything is the same but u backflip on backflip"],"gold_per_floor":[99,117,128,140,140,24,24,24,41,60,93,193,93,93,103,201,201,201,211,224,224,224,224],"floor_reached":21,"language":"ENG","playtime":1343,"items_purged":["Regret"],"score":181,"play_id":"6da72756-c1cf-4bfd-95b3-a5a92ea69ed0","local_time":"20210210234204","is_ascension_mode":false,"campfire_choices":[{"data":"sneckomod:Unknown","floor":1,"key":"SMITH"},{"floor":13,"key":"REST"},{"data":"sneckomod:Nope","floor":18,"key":"SMITH"}],"circlet_count":0,"master_deck":["sneckomod:Strike","sneckomod:Strike","sneckomod:Strike","sneckomod:Defend","sneckomod:Defend","sneckomod:Defend","sneckomod:TailWhip","sneckomod:SnekBite+1","sneckomod:Unknown+1","sneckomod:Unknown","sneckomod:UnknownDraw","sneckomod:SerpentIdol","sneckomod:SoulRoll","sneckomod:QuickMove","sneckomod:Unknown1Cost","sneckomod:SoulDraw","sneckomod:Unknown0Cost","sneckomod:UnknownRarePower+1","Parasite","sneckomod:Nope+1","sneckomod:MorePower+1","sneckomod:UnknownRareAttack+1","sneckomod:UnendingSupply+1","sneckomod:UnknownCommonAttack+1","sneckomod:UnknownUncommonSkill+1"],"relics":["sneckomod:SneckoSoul","FossilizedHelix","Letter Opener","Frozen Egg 2","Du-Vu Doll","downfall:HeartBlessingGreen","Busted Crown"],"acts_visited":["Exordium","TheCity"],"potions_floor_usage":[11,16,16],"damage_taken":[{"damage":0,"enemies":"Small Slimes","floor":2,"turns":2},{"damage":6,"enemies":"Jaw Worm","floor":3,"turns":3},{"damage":2,"enemies":"2 Louse","floor":4,"turns":2},{"damage":2,"enemies":"downfall:FleeingMerchant","floor":6,"turns":4},{"damage":3,"enemies":"Large Slime","floor":9,"turns":5},{"damage":0,"enemies":"Exordium Wildlife","floor":10,"turns":1},{"damage":28,"enemies":"3 Sentries","floor":11,"turns":9},{"damage":6,"enemies":"Lots of Slimes","floor":15,"turns":4},{"damage":17,"enemies":"SI_SHIV_ARCHETYPE","floor":16,"turns":15},{"damage":45,"enemies":"Shell Parasite","floor":19,"turns":10},{"damage":32,"enemies":"Cultist and Chosen","floor":20,"turns":4},{"damage":15,"enemies":"3 Cultists","floor":21,"turns":4}],"seed_played":"7189330679165197884","potions_obtained":[{"floor":3,"key":"SkillPotion"},{"floor":9,"key":"Dexterity Potion"},{"floor":15,"key":"sneckomod:MuddlingPotion"},{"floor":16,"key":"Strength Potion"}],"is_trial":false,"path_per_floor":["R","M","M","M","?","$","T","?","M","M","E","?","R","?","M","B",null,"R","M","M","M"],"character_chosen":"THE_SNECKO","items_purchased":["sneckomod:Unknown1Cost"],"campfire_rested":1,"item_purchase_floors":[6],"current_hp_per_floor":[90,90,84,82,82,80,80,68,65,65,37,37,64,86,80,63,90,90,45,13,0,0,0],"gold":224,"neow_bonus":"UPGRADE_CARD","is_daily":false,"chose_seed":false,"campfire_upgraded":2,"win_rate":0.0,"timestamp":1613018524,"path_taken":["R","M","M","M","?","$","T","?","M","M","E","?","R","?","M","BOSS","R","M","M","M"],"items_purchased_type":["Card"],"build_version":"2020-12-22","purchased_purges":1,"victory":false,"max_hp_per_floor":[90,90,90,90,90,90,90,90,90,90,90,90,90,90,90,90,90,90,90,90,90,90,90],"card_choices":[{"not_picked":["sneckomod:DiceBoulder","sneckomod:UnknownCommonAttack"],"picked":"sneckomod:UnknownDraw","floor":2},{"not_picked":["sneckomod:DiceBlock","sneckomod:UnknownStrike"],"picked":"sneckomod:SerpentIdol","floor":3},{"not_picked":["sneckomod:UnknownCommonSkill","sneckomod:SnekBeam"],"picked":"sneckomod:SoulRoll","floor":4},{"not_picked":["sneckomod:UnknownCommonSkill","sneckomod:DiceBoulder"],"picked":"sneckomod:QuickMove","floor":6},{"not_picked":["sneckomod:UnknownUncommonSkill","sneckomod:SnekBeam"],"picked":"sneckomod:SoulDraw","floor":9},{"not_picked":["sneckomod:Nope","sneckomod:UnknownExhaust"],"picked":"sneckomod:Unknown0Cost","floor":10},{"not_picked":["sneckomod:UnknownUncommonPower+1","sneckomod:ImprovisedAttack"],"picked":"sneckomod:UnknownRarePower+1","floor":11},{"not_picked":["sneckomod:Unknown2Cost","sneckomod:DiceCrush"],"picked":"sneckomod:Nope","floor":15},{"not_picked":["sneckomod:UnlimitedRolls+1","sneckomod:DangerNoodle"],"picked":"sneckomod:MorePower+1","floor":16},{"not_picked":["sneckomod:UnknownBlock+1","sneckomod:UnknownUncommonSkill+1"],"picked":"sneckomod:UnknownRareAttack+1","floor":19},{"not_picked":[],"picked":"sneckomod:UnendingSupply+1","floor":19},{"not_picked":["sneckomod:Unknown1Cost+1","sneckomod:Unknown0Cost+1"],"picked":"sneckomod:UnknownCommonAttack+1","floor":20},{"not_picked":[],"picked":"sneckomod:UnknownUncommonSkill+1","floor":20}],"player_experience":1039922,"relics_obtained":[{"floor":7,"key":"Letter Opener"},{"floor":11,"key":"Du-Vu Doll"}],"event_choices":[{"damage_healed":0,"gold_gain":0,"player_choice":"Box","damage_taken":0,"relics_obtained":["FossilizedHelix"],"max_hp_gain":0,"max_hp_loss":0,"event_name":"Big Fish","floor":5,"gold_loss":0,"cards_obtained":["Regret"]},{"damage_healed":0,"gold_gain":0,"player_choice":"Success","damage_taken":12,"relics_obtained":["Frozen Egg 2"],"max_hp_gain":0,"max_hp_loss":0,"event_name":"Scrap Ooze","floor":8,"gold_loss":0},{"damage_healed":22,"gold_gain":0,"player_choice":"Healed and dodged fight","damage_taken":0,"max_hp_gain":0,"max_hp_loss":0,"event_name":"Mushrooms","floor":14,"gold_loss":0,"cards_obtained":["Parasite"]}],"is_beta":false,"boss_relics":[{"not_picked":["Velvet Choker","Tiny House"],"picked":"Busted Crown"}],"items_purged_floors":[6],"is_endless":false,"potions_floor_spawned":[3,9,15,16],"killed_by":"3 Cultists","ascension_level":0}}