{"host":"l2dnabsh5e0fsksb","time":1613026981,"event":{"mods":["2.2 Compatiblity","BaseMod","Downfall","Minty Spire (QoL Compilation)","Quick Restart","StSLib"],"gold_per_floor":[99,109,109,123,108,108,131,131,149,49,76,86,115,100,116,211,211,211,228,240,260,260,295,295,305,305,339,357,357,388,121,131,229,229,229,240,252,265,53,83,83,83,83,112,141,41,56,106,126,126],"floor_reached":51,"language":"ENG","playtime":3506,"items_purged":[],"score":1128,"play_id":"46990c8c-314b-42b6-aeea-22183be60005","local_time":"20210211173301","is_ascension_mode":true,"campfire_choices":[{"data":"hexamod:Sear","floor":1.0,"key":"SMITH"},{"data":"hexamod:Incineration","floor":6.0,"key":"SMITH"},{"floor":8.0,"key":"RECALL"},{"data":"hexamod:Toasty","floor":10.0,"key":"SMITH"},{"data":"hexamod:HexaLevel","floor":18.0,"key":"SMITH"},{"floor":26.0,"key":"REST"},{"floor":29.0,"key":"REST"},{"data":"hexamod:SoulSteal","floor":35,"key":"SMITH"},{"floor":42,"key":"REST"},{"floor":43,"key":"REST"},{"floor":46,"key":"REST"}],"circlet_count":0,"master_deck":["hexamod:Strike+1","hexamod:Strike","hexamod:Strike+1","hexamod:Defend","hexamod:Defend+1","hexamod:Defend+1","hexamod:Sear+1","hexamod:Float+1","hexamod:PhantomFireball+1","hexamod:Hexaguard+1","hexamod:Incineration+1","hexamod:FlamesFromBeyond","hexamod:FlamesFromBeyond+1","hexamod:SoulSteal+1","hexamod:SwordOfDarkness+1","hexamod:ExtraCrispy","hexamod:ExtraCrispy+1","hexamod:Firestarter+1","hexamod:HexaLevel+1","hexamod:ShieldOfDarkness+1","hexamod:SwordOfDarkness+1","hexamod:GhostLash+1","hexamod:FastForward+1","hexamod:SixthSeal","hexamod:GhostOfSpireFuture+1","hexamod:NecessarySacrifice","hexamod:NightmareGuise+1","hexamod:SwordOfDarkness+1","hexamod:WildfireWeapon+1","hexamod:GhostOfSpireFuture+1","hexamod:ShieldOfDarkness+1","hexamod:SpectralAdrenaline+1","hexamod:Firestarter+1","hexamod:FlamesFromBeyond+1","hexamod:FlamesFromBeyond+1","hexamod:VolcanoVisage+1"],"relics":["hexamod:SpiritBrand","Omamori","downfall:HeartBlessingRed","Mercury Hourglass","White Beast Statue","Black Star","Gambling Chip","Ancient Tea Set","Letter Opener","WingedGreaves","Frozen Egg 2","Torii","hexamod:SoulOfChaos","Meat on the Bone","expansioncontent:StudyCardRelic","Bronze Scales","HornCleat","HandDrill","Anchor","Thread and Needle","Pear","bronze:DecasWashers","Toy Ornithopter","Bottled Lightning","downfall:HeartBlessingBlue","champ:DuelingGlove"],"acts_visited":["Exordium","TheCity","TheBeyond"],"potions_floor_usage":[40,44,45,49,50,50,50],"damage_taken":[{"damage":0.0,"enemies":"Cultist","floor":2.0,"turns":3.0},{"damage":2.0,"enemies":"Jaw Worm","floor":4.0,"turns":3.0},{"damage":0.0,"enemies":"downfall:FleeingMerchant","floor":5.0,"turns":4.0},{"damage":9.0,"enemies":"2 Louse","floor":9.0,"turns":2.0},{"damage":8.0,"enemies":"Lagavulin","floor":11.0,"turns":3.0},{"damage":0.0,"enemies":"2 Fungi Beasts","floor":12.0,"turns":3.0},{"damage":0.0,"enemies":"Gremlin Nob","floor":13.0,"turns":2.0},{"damage":10.0,"enemies":"downfall:FleeingMerchant","floor":14.0,"turns":4.0},{"damage":4.0,"enemies":"Red Slaver","floor":15.0,"turns":2.0},{"damage":36.0,"enemies":"IC_STATUS_ARCHETYPE","floor":16.0,"turns":5.0},{"damage":5.0,"enemies":"3 Byrds","floor":19.0,"turns":3.0},{"damage":15.0,"enemies":"Shelled Parasite and Fungi","floor":20.0,"turns":3.0},{"damage":7.0,"enemies":"3 Cultists","floor":21.0,"turns":3.0},{"damage":39.0,"enemies":"Book of Stabbing","floor":23.0,"turns":5.0},{"damage":14.0,"enemies":"Snake Plant","floor":25.0,"turns":2.0},{"damage":20.0,"enemies":"Slavers","floor":27.0,"turns":3.0},{"damage":6.0,"enemies":"Chosen and Byrds","floor":28.0,"turns":5.0},{"damage":27.0,"enemies":"Book of Stabbing","floor":30.0,"turns":5.0},{"damage":4.0,"enemies":"downfall:FleeingMerchant","floor":31.0,"turns":4.0},{"damage":16.0,"enemies":"Centurion and Healer","floor":32.0,"turns":3.0},{"damage":18,"enemies":"SI_MIRROR_ARCHETYPE","floor":33,"turns":10},{"damage":7,"enemies":"Orb Walker","floor":36,"turns":4},{"damage":1,"enemies":"3 Shapes","floor":37,"turns":3},{"damage":10,"enemies":"Jaw Worm Horde","floor":38,"turns":5},{"damage":0,"enemies":"downfall:FleeingMerchant","floor":39,"turns":3},{"damage":50,"enemies":"Giant Head","floor":40,"turns":8},{"damage":52,"enemies":"Reptomancer","floor":44,"turns":6},{"damage":40,"enemies":"Nemesis","floor":45,"turns":5},{"damage":0,"enemies":"Transient","floor":47,"turns":5},{"damage":0,"enemies":"Transient","floor":48,"turns":5},{"damage":0,"enemies":"Maw","floor":49,"turns":5},{"damage":33,"enemies":"WA_ARCHETYPE_DIVINITY","floor":50,"turns":9}],"seed_played":"-7522625591134682297","potions_obtained":[{"floor":2.0,"key":"SkillPotion"},{"floor":4.0,"key":"Guardian:BlockOnCardUsePotion"},{"floor":13.0,"key":"LiquidBronze"},{"floor":15.0,"key":"Regen Potion"},{"floor":16.0,"key":"Block Potion"},{"floor":19.0,"key":"Regen Potion"},{"floor":20.0,"key":"SpeedPotion"},{"floor":21.0,"key":"Energy Potion"},{"floor":23.0,"key":"SneckoOil"},{"floor":25.0,"key":"hexamod:SoulburnPotion"},{"floor":27.0,"key":"Ancient Potion"},{"floor":28.0,"key":"hexamod:InfernoChargePotion"},{"floor":30.0,"key":"PowerPotion"},{"floor":31.0,"key":"hexamod:SoulburnPotion"},{"floor":32.0,"key":"SmokeBomb"},{"floor":33,"key":"hexamod:SoulburnPotion"},{"floor":36,"key":"Energy Potion"},{"floor":40,"key":"DistilledChaos"},{"floor":44,"key":"ColorlessPotion"},{"floor":45,"key":"hexamod:DoubleChargePotion"},{"floor":47,"key":"Block Potion"},{"floor":49,"key":"ColorlessPotion"}],"is_trial":false,"path_per_floor":["R","M","?","M","$","R","T","R","M","R","E","M","E","$","M","B",null,"R","M","M","M","?","E","T","M","R","E","M","R","E","$","M","B",null,"R","M","M","M","$","E","T","R","R","E","E","R","M","?","M","B",null],"character_chosen":"THE_SPIRIT","items_purchased":["Meat on the Bone","Bronze Scales","HornCleat","HandDrill"],"campfire_rested":5,"item_purchase_floors":[31,39,39,39],"current_hp_per_floor":[70,70,70,68,68,68,68,68,59,59,51,51,51,41,37,15,70,70,65,50,43,80,41,41,32,56,36,30,54,27,23,19,13,80,80,73,72,62,62,24,24,48,72,42,14,54,54,54,59,53],"gold":126,"neow_bonus":"TRANSFORM_CARD","is_daily":false,"chose_seed":false,"campfire_upgraded":5,"win_rate":0.0,"timestamp":1613026981,"path_taken":["R","M","?","?","$","R","T","R","M","R","E","M","E","$","M","BOSS","R","M","M","?","?","E","T","M","R","E","?","R","E","$","M","BOSS","R","M","M","?","$","E","T","R","R","E","E","R","M","?","M","BOSS"],"items_purchased_type":["Relic","Relic","Relic","Relic"],"build_version":"2020-12-22","purchased_purges":0,"victory":true,"max_hp_per_floor":[70,70,70,70,70,70,70,70,70,70,70,70,70,70,70,70,70,70,70,70,70,80,80,80,80,80,80,80,80,80,80,80,80,80,80,80,80,80,80,80,80,80,80,90,90,100,100,100,100,100],"card_choices":[{"not_picked":["hexamod:InspiringFlames","hexamod:PhantomFireball"],"picked":"hexamod:Hexaguard","floor":2.0},{"not_picked":["hexamod:BurningTouch","hexamod:Firestarter"],"picked":"hexamod:FlamesFromBeyond","floor":4.0},{"not_picked":["hexamod:Incineration","hexamod:Hexaguard"],"picked":"hexamod:FlamesFromBeyond","floor":5.0},{"not_picked":["hexamod:NightmareGuise","hexamod:BacktrackSmack"],"picked":"hexamod:Toasty","floor":9.0},{"not_picked":["hexamod:SpectralAdrenaline","hexamod:GhostLash"],"picked":"hexamod:SoulSteal","floor":11.0},{"not_picked":["hexamod:GhostShield","hexamod:HeatMetal"],"picked":"hexamod:SwordOfDarkness","floor":12.0},{"not_picked":["hexamod:DynamicBlow","hexamod:NightmareStrike"],"picked":"hexamod:ExtraCrispy","floor":13.0},{"not_picked":["hexamod:GhostLash","hexamod:ParanormalForm"],"picked":"hexamod:ExtraCrispy","floor":14.0},{"not_picked":["hexamod:SuperheatedStrike","hexamod:GhostShield"],"picked":"hexamod:Firestarter","floor":15.0},{"not_picked":["hexamod:ApocalypticArmor","hexamod:ParanormalForm"],"picked":"hexamod:HexaLevel","floor":16.0},{"not_picked":["hexamod:ThermalTransfer","hexamod:Again+1"],"picked":"hexamod:ShieldOfDarkness","floor":19.0},{"not_picked":["hexamod:HauntingEcho","hexamod:HeatShield"],"picked":"hexamod:SwordOfDarkness+1","floor":20.0},{"not_picked":["hexamod:FlamesFromBeyond","hexamod:BacktrackSmack"],"picked":"hexamod:GhostLash","floor":21.0},{"not_picked":["hexamod:SuperheatedStrike","hexamod:GhostShield"],"picked":"hexamod:FastForward","floor":23.0},{"not_picked":["hexamod:ExtraCrispy","hexamod:SpectralAdrenaline"],"picked":"hexamod:SixthSeal","floor":25.0},{"not_picked":["hexamod:ApocalypseNow","hexamod:SwordOfDarkness+1"],"picked":"hexamod:GhostOfSpireFuture+1","floor":27.0},{"not_picked":["hexamod:SpectersWail","hexamod:BacktrackSmack+1"],"picked":"hexamod:NecessarySacrifice","floor":28.0},{"not_picked":["hexamod:NightmareStrike","hexamod:NightmareGuise","hexamod:FastForward"],"picked":"SKIP","floor":30.0},{"not_picked":["hexamod:FlamesFromBeyond","hexamod:SuperheatedStrike"],"picked":"hexamod:NightmareGuise","floor":31.0},{"not_picked":["hexamod:EtherealExpedition","hexamod:InspiringFlames"],"picked":"hexamod:SwordOfDarkness+1","floor":32.0},{"not_picked":["hexamod:ApocalypticArmor+1","hexamod:HexaLevel+1"],"picked":"hexamod:WildfireWeapon+1","floor":33},{"not_picked":["hexamod:SecondSeal","hexamod:FastForward"],"picked":"hexamod:GhostOfSpireFuture+1","floor":36},{"not_picked":["hexamod:NightmareStrike","hexamod:SpectersWail"],"picked":"hexamod:ShieldOfDarkness+1","floor":37},{"not_picked":["hexamod:NightmareStrike+1","hexamod:BurningTouch","hexamod:PhantomFireball+1"],"picked":"SKIP","floor":38},{"not_picked":["hexamod:PhantomFireball","hexamod:SwordOfDarkness+1"],"picked":"hexamod:SpectralAdrenaline+1","floor":39},{"not_picked":["hexamod:Again","hexamod:FlameSwitch","hexamod:NightmareStrike"],"picked":"SKIP","floor":40},{"not_picked":["hexamod:PhantomFireball+1","hexamod:NightmareGuise"],"picked":"hexamod:Firestarter+1","floor":44},{"not_picked":["hexamod:SuperheatedStrike+1","hexamod:BacktrackSmack+1"],"picked":"hexamod:FlamesFromBeyond+1","floor":45},{"not_picked":["hexamod:NightmareStrike","hexamod:SuperheatedStrike+1"],"picked":"hexamod:FlamesFromBeyond+1","floor":47},{"not_picked":["hexamod:NightmareStrike","hexamod:HeatShield"],"picked":"hexamod:VolcanoVisage+1","floor":48},{"not_picked":["hexamod:Incineration+1","hexamod:NightmareStrike","hexamod:Hexaguard"],"picked":"SKIP","floor":49}],"player_experience":1922295,"relics_obtained":[{"floor":7.0,"key":"Omamori"},{"floor":11.0,"key":"Mercury Hourglass"},{"floor":13.0,"key":"White Beast Statue"},{"floor":23.0,"key":"Gambling Chip"},{"floor":23.0,"key":"Ancient Tea Set"},{"floor":24.0,"key":"Letter Opener"},{"floor":27.0,"key":"WingedGreaves"},{"floor":27.0,"key":"Frozen Egg 2"},{"floor":30.0,"key":"Torii"},{"floor":30.0,"key":"hexamod:SoulOfChaos"},{"floor":40,"key":"Anchor"},{"floor":40,"key":"Thread and Needle"},{"floor":44,"key":"Pear"},{"floor":44,"key":"bronze:DecasWashers"},{"floor":45,"key":"Toy Ornithopter"},{"floor":45,"key":"Bottled Lightning"},{"floor":48,"key":"champ:DuelingGlove"}],"event_choices":[{"cards_removed":["hexamod:Toasty"],"damage_healed":27.0,"max_hp_gain":10.0,"max_hp_loss":0.0,"gold_gain":0.0,"event_name":"Bonfire Elementals","player_choice":"Offered Rare","floor":22.0,"gold_loss":0.0,"damage_taken":0.0}],"is_beta":false,"boss_relics":[{"not_picked":["SacredBark","Calling Bell"],"picked":"Black Star"},{"not_picked":["Runic Pyramid","Snecko Eye"],"picked":"expansioncontent:StudyCardRelic"}],"items_purged_floors":[],"is_endless":false,"potions_floor_spawned":[2,4,13,14,15,16,19,20,21,23,25,27,28,30,31,32,33,36,37,38,39,40,44,45,47,48,49],"ascension_level":3}}