{"host":"r20plk0ye00cesdc","time":1613036657,"event":{"mods":["BaseMod","Better Third Choice","Colored Powertips","Downfall","GifTheSpireLib","Minty Spire (QoL Compilation)","Quick Restart","StSLib"],"gold_per_floor":[99,118,132,143,154,165,220,407,453,465,477,500,512,549,581,688,700,712,738,750,779,806,831,867,889,801,828,850,881,913,951,978,1088,1100,1012,1034,1064,1076,1108,1120,1132,1162,1174,1186,1229,612,512,529,541,541,541,576,171,171,171,171],"floor_reached":57,"language":"ENG","playtime":5007,"items_purged":[],"score":1301,"play_id":"b5de50db-c142-470e-b052-f1d2270d4790","local_time":"20210211044417","is_ascension_mode":false,"campfire_choices":[{"data":"Slimebound:Split","floor":1.0,"key":"SMITH"},{"data":"Slimebound:FlameTackle","floor":11,"key":"SMITH"},{"floor":13,"key":"REST"},{"data":"Slimebound:DuplicatedForm","floor":18,"key":"SMITH"},{"floor":26,"key":"RECALL"},{"data":"Slimebound:GrowthPunch","floor":35,"key":"SMITH"},{"data":"Slimebound:OozeBath","floor":40,"key":"SMITH"},{"data":"Slimebound:BestDefense","floor":43,"key":"SMITH"},{"data":"Slimebound:SlimeSlap","floor":47,"key":"SMITH"},{"floor":54,"key":"REST"}],"circlet_count":0,"master_deck":["Slimebound:Tackle","Slimebound:Defend_Slimebound","Slimebound:Defend_Slimebound","Slimebound:Defend_Slimebound","Slimebound:Split+1","Slimebound:CorrosiveSpit","Slimebound:LeechingTouch","Slimebound:FinishingTackle","Slimebound:FlameTackle+1","Slimebound:Prepare","Slimebound:SlimeSpikes","Slimebound:GoopSpray","Slimebound:LivingWall","Slimebound:HauntingLick","Slimebound:GrowthPunch+1","Slimebound:DuplicatedForm+1","Slimebound:FormOfPuddle+1","Slimebound:Equalize+1","Slimebound:RollThrough+1","Slimebound:BestDefense+1","Slimebound:LivingWall+1","Slimebound:DisruptingSlam+1","Slimebound:Schlurp","Slimebound:SplitMire","Slimebound:RejuvenatingLick","Slimebound:FlameTackle+1","Slimebound:GoopSpray","Slimebound:ForwardTackle+1","Slimebound:OozeBath+1","Slimebound:SplitLeeching","Slimebound:SamplingLick","Slimebound:SlimeSpikes+1","Slimebound:SlimeBrawl+1","Slimebound:LevelUp+1","Slimebound:FormOfPuddle+1","Slimebound:SlimeSlap+1","Slimebound:SlimeBrawl","Slimebound:Prepare","Slimebound:DuplicatedForm","Slimebound:MassRepurpose"],"relics":["Sozu","MawBank","Pear","Bronze Scales","Astrolabe","downfall:HeartBlessingBlue","Nunchaku","SlaversCollar","downfall:HeartBlessingRed","Slimebound:MaxSlimesRelic","Strawberry","ClockworkSouvenir","Gremlin Horn","downfall:HeartBlessingGreen","FossilizedHelix","Bottled Lightning","Pen Nib"],"acts_visited":["Exordium","TheCity","TheBeyond","TheEnding"],"potions_floor_usage":[],"damage_taken":[{"damage":0.0,"enemies":"Small Slimes","floor":2.0,"turns":3.0},{"damage":0.0,"enemies":"Cultist","floor":3.0,"turns":3.0},{"damage":7.0,"enemies":"Jaw Worm","floor":4.0,"turns":2.0},{"damage":5.0,"enemies":"Red Slaver","floor":5.0,"turns":3.0},{"damage":15.0,"enemies":"2 Fungi Beasts","floor":6.0,"turns":3.0},{"damage":18,"enemies":"3 Sentries","floor":9,"turns":6},{"damage":0,"enemies":"Large Slime","floor":12,"turns":4},{"damage":0,"enemies":"Lagavulin","floor":14,"turns":7},{"damage":2,"enemies":"Blue Slaver","floor":15,"turns":4},{"damage":15,"enemies":"WA_ARCHETYPE_RETAIN","floor":16,"turns":5},{"damage":35,"enemies":"Spheric Guardian","floor":19,"turns":5},{"damage":27,"enemies":"Centurion and Healer","floor":21,"turns":8},{"damage":24,"enemies":"Snake Plant","floor":22,"turns":4},{"damage":35,"enemies":"Shelled Parasite and Fungi","floor":23,"turns":5},{"damage":18,"enemies":"Snecko","floor":25,"turns":5},{"damage":25,"enemies":"Centurion and Healer","floor":27,"turns":6},{"damage":1,"enemies":"Shelled Parasite and Fungi","floor":28,"turns":5},{"damage":15,"enemies":"Cultist and Chosen","floor":29,"turns":4},{"damage":15,"enemies":"Snecko","floor":30,"turns":4},{"damage":28,"enemies":"Book of Stabbing","floor":31,"turns":6},{"damage":22,"enemies":"Centurion and Healer","floor":32,"turns":5},{"damage":57,"enemies":"SI_MIRROR_ARCHETYPE","floor":33,"turns":10},{"damage":30,"enemies":"Orb Walker","floor":36,"turns":3},{"damage":19,"enemies":"3 Darklings","floor":37,"turns":5},{"damage":19,"enemies":"Writhing Mass","floor":39,"turns":7},{"damage":18,"enemies":"Maw","floor":42,"turns":8},{"damage":16,"enemies":"Giant Head","floor":45,"turns":8},{"damage":0,"enemies":"downfall:FleeingMerchant","floor":46,"turns":4},{"damage":23,"enemies":"3 Darklings","floor":48,"turns":5},{"damage":27,"enemies":"Writhing Mass","floor":49,"turns":5},{"damage":65,"enemies":"IC_BLOCK_ARCHETYPE","floor":50,"turns":10},{"damage":42,"enemies":"downfall:CharBossMerchant","floor":52,"turns":8},{"damage":41,"enemies":"downfall:NeowBoss","floor":55,"turns":13},{"damage":9,"enemies":"downfall:NeowBossFinal","floor":56,"turns":7}],"seed_played":"-2177142609535165581","potions_obtained":[],"is_trial":false,"path_per_floor":["R","M","M","M","M","M","T","?","E","?","R","M","R","E","M","B",null,"R","M","?","M","M","M","T","M","R","M","M","M","M","E","M","B",null,"R","M","M","?","M","R","T","M","R","?","E","$","R","M","M","B",null,"E","$","R","B","B",null],"character_chosen":"SLIMEBOUND","items_purchased":["Slimebound:SlimeSlap","Slimebound:SlimeBrawl","ClockworkSouvenir","Gremlin Horn","Bottled Lightning","Pen Nib"],"campfire_rested":2,"item_purchase_floors":[46,46,46,46,53,53],"current_hp_per_floor":[65,65,65,58,53,38,38,38,30,30,30,30,52,52,50,35,75,75,55,55,49,58,50,50,65,75,71,82,85,85,72,65,29,85,85,82,84,84,80,80,80,77,77,77,92,92,92,84,72,49,92,72,72,92,66,84],"gold":171,"neow_bonus":"BOSS_RELIC","is_daily":false,"chose_seed":false,"campfire_upgraded":7,"win_rate":0.0,"timestamp":1613036657,"path_taken":["R","M","M","M","M","M","T","?","E","?","R","M","R","E","M","BOSS","R","M","?","M","M","M","T","M","R","M","M","?","M","E","M","BOSS","R","M","M","?","M","R","T","M","R","?","E","$","R","?","M","BOSS","E","$","R","BOSS","BOSS"],"items_purchased_type":["Card","Card","Relic","Relic","Relic","Relic"],"build_version":"2020-12-22","purchased_purges":0,"victory":true,"max_hp_per_floor":[65,65,65,65,65,65,65,65,75,75,75,75,75,75,75,75,75,75,75,75,75,75,75,75,75,85,85,85,85,85,85,85,85,85,85,85,85,85,85,85,85,85,85,85,92,92,92,92,92,92,92,92,92,92,92,92],"card_choices":[{"not_picked":["Slimebound:Chomp","Slimebound:SplitLeeching"],"picked":"Slimebound:LeechingTouch","floor":2.0},{"not_picked":["Slimebound:SplitMire","Slimebound:SplitAcid"],"picked":"Slimebound:FinishingTackle","floor":3.0},{"not_picked":["Slimebound:LeechingTouch","Slimebound:LeechEnergy"],"picked":"Slimebound:FlameTackle","floor":4.0},{"not_picked":["Slimebound:PressTheAttack","Slimebound:Gluttony"],"picked":"Slimebound:Prepare","floor":5.0},{"not_picked":["Slimebound:Prepare","Slimebound:GoopTackle"],"picked":"Slimebound:SlimeSpikes","floor":6.0},{"not_picked":["Slimebound:Gluttony","Slimebound:FormOfPuddle"],"picked":"Slimebound:Replication","floor":9},{"not_picked":["Slimebound:Teamwork","Slimebound:GoopSpray"],"picked":"Slimebound:LivingWall","floor":12},{"not_picked":["Slimebound:TongueLash","Slimebound:WasteNot"],"picked":"Slimebound:HauntingLick","floor":14},{"not_picked":["Slimebound:SplitAcid","Slimebound:SlimeBarrage"],"picked":"Slimebound:GrowthPunch","floor":15},{"not_picked":["Slimebound:PrepareCrush","Slimebound:OozeBath"],"picked":"Slimebound:DuplicatedForm","floor":16},{"not_picked":["Slimebound:LeechEnergy","Slimebound:RejuvenatingLick"],"picked":"Slimebound:BestDefense","floor":19},{"not_picked":["Slimebound:Prepare","Slimebound:FlameTackle"],"picked":"Slimebound:LivingWall+1","floor":21},{"not_picked":["Slimebound:GoopSpray","Slimebound:RollThrough"],"picked":"Slimebound:DisruptingSlam+1","floor":22},{"not_picked":["Slimebound:HauntingLick","Slimebound:LeechEnergy+1"],"picked":"Slimebound:Schlurp","floor":23},{"not_picked":["Slimebound:RejuvenatingLick+1","Slimebound:FormOfPuddle+1"],"picked":"Slimebound:SplitMire","floor":25},{"not_picked":["Slimebound:Prepare","Slimebound:ProtectTheBoss"],"picked":"Slimebound:RejuvenatingLick","floor":27},{"not_picked":["Slimebound:LeechLife","Slimebound:SplitLeeching","Slimebound:DisruptingSlam"],"picked":"SKIP","floor":28},{"not_picked":["Slimebound:SplitBruiser+1","Slimebound:SamplingLick+1"],"picked":"Slimebound:FlameTackle+1","floor":29},{"not_picked":["Slimebound:LeechingTouch+1","Slimebound:SplitMire+1"],"picked":"Slimebound:GoopSpray","floor":30},{"not_picked":["Slimebound:HauntingLick","Slimebound:SplitMire"],"picked":"Slimebound:ForwardTackle+1","floor":31},{"not_picked":["Slimebound:Schlurp","Slimebound:SpikyOuterGoop"],"picked":"Slimebound:LevelUp","floor":32},{"not_picked":["Slimebound:MinionMaster","Slimebound:SelfFormingGoo"],"picked":"Slimebound:OozeBath","floor":33},{"not_picked":["Slimebound:FormOfPuddle","Slimebound:GoopTackle"],"picked":"Slimebound:SplitLeeching","floor":36},{"not_picked":["Slimebound:SplitBruiser+1","Slimebound:SplitMire"],"picked":"Slimebound:SamplingLick","floor":37},{"not_picked":["Slimebound:FinishingTackle+1","Slimebound:SplitAcid+1"],"picked":"Slimebound:SlimeSpikes+1","floor":39},{"not_picked":["Slimebound:LeechEnergy+1","Slimebound:ForwardTackle"],"picked":"Slimebound:SlimeBrawl+1","floor":42},{"not_picked":["Slimebound:SplitLeeching","Slimebound:SplitBruiser+1"],"picked":"Slimebound:LevelUp+1","floor":45},{"not_picked":["Slimebound:RejuvenatingLick","Slimebound:SplitBruiser"],"picked":"Slimebound:FormOfPuddle+1","floor":46},{"not_picked":["Slimebound:SamplingLick","Slimebound:LeechingTouch"],"picked":"Slimebound:Prepare","floor":48},{"not_picked":["Slimebound:SplitLeeching+1","Slimebound:LeechingTouch+1"],"picked":"Slimebound:DuplicatedForm","floor":49},{"not_picked":["Slimebound:GoopSpray+1","Slimebound:GoopTackle+1"],"picked":"Slimebound:MassRepurpose","floor":52}],"player_experience":267879,"relics_obtained":[{"floor":7,"key":"MawBank"},{"floor":9,"key":"Pear"},{"floor":14,"key":"Bronze Scales"},{"floor":31,"key":"Nunchaku"},{"floor":41,"key":"Slimebound:MaxSlimesRelic"},{"floor":45,"key":"Strawberry"},{"floor":52,"key":"FossilizedHelix"}],"event_choices":[{"cards_removed":["Doubt"],"damage_healed":0,"gold_gain":0,"player_choice":"Took Card","damage_taken":0,"max_hp_gain":0,"max_hp_loss":0,"event_name":"NoteForYourself","floor":10,"gold_loss":0,"cards_obtained":["Slimebound:GoopSpray"]},{"cards_removed":["Slimebound:LevelUp"],"damage_healed":0,"gold_gain":0,"player_choice":"Removed Power","damage_taken":0,"max_hp_gain":0,"max_hp_loss":0,"event_name":"Falling","floor":38,"gold_loss":0}],"is_beta":false,"boss_relics":[{"not_picked":["Snecko Eye","Coffee Dripper"],"picked":"Astrolabe"},{"not_picked":["Runic Pyramid","SacredBark"],"picked":"SlaversCollar"}],"items_purged_floors":[],"is_endless":false,"potions_floor_spawned":[3,4,15,16,22,25,28,29,31,32,36,37,39,48],"ascension_level":0}}