{"host":"n43wxkei7kulhi8o","time":1613068797,"event":{"mods":["BaseMod","Bestiary","Block Reminder","Colored Map","Colored Powertips","Curses Come First","Custom Start","Dark Map","Highlight Path","Minty Spire (QoL Compilation)","Relic Stats","StSLib"],"gold_per_floor":[118,118,118,118,130,130,150,160,184,184,197,207,207,218,218,315,315,332,332,359,371,394,406,435,447,459,471,494,532,557,581,593,710,722,750,812,835,865,877,889,920,943,955,983,850,850,255,255,255,255,255],"floor_reached":50,"language":"ENG","playtime":2959,"items_purged":["Writhe","Parasite"],"score":461,"play_id":"6fdecb35-b0bd-4e7e-970a-48c58995196c","local_time":"20210211133957","is_ascension_mode":false,"campfire_choices":[{"data":"Sweeping Beam","floor":6,"key":"SMITH"},{"data":"Conserve Battery","floor":10,"key":"SMITH"},{"data":"Multi-Cast","floor":15,"key":"SMITH"},{"data":"Electrodynamics","floor":23,"key":"SMITH"},{"data":"Bite","floor":25,"key":"SMITH"},{"data":"Bite","floor":27,"key":"SMITH"},{"data":"Defragment","floor":32,"key":"SMITH"},{"data":"Thunder Strike","floor":40,"key":"SMITH"},{"data":"Capacitor","floor":49,"key":"SMITH"}],"circlet_count":0,"master_deck":["Defend_B+1","Defend_B+1","Defend_B+1","Defend_B+1","Zap+1","Dualcast+1","Multi-Cast+1","Sweeping Beam+1","Ball Lightning","Conserve Battery+1","Electrodynamics+1","Ball Lightning","Bite+1","Bite+1","Bite","Bite","Bite","Melter","Thunder Strike+1","Defragment+1","Coolheaded","Reboot","Cold Snap","Echo Form","Loop+1","Capacitor+1","Conserve Battery","Good Instincts"],"relics":["Cracked Core","Odd Mushroom","Akabeko","SacredBark","MawBank","Cables","Red Mask","Sozu","Torii","Blue Candle","Lantern","Pen Nib","Toolbox"],"acts_visited":["Exordium","TheCity","TheBeyond"],"potions_floor_usage":[16,16,16,29,29,33,33,50],"damage_taken":[{"damage":6,"enemies":"2 Louse","floor":1,"turns":3},{"damage":0,"enemies":"Small Slimes","floor":5,"turns":3},{"damage":0,"enemies":"The Mushroom Lair","floor":7,"turns":2},{"damage":0,"enemies":"Jaw Worm","floor":8,"turns":2},{"damage":5,"enemies":"Looter","floor":11,"turns":2},{"damage":10,"enemies":"Exordium Thugs","floor":12,"turns":3},{"damage":1,"enemies":"Exordium Wildlife","floor":14,"turns":4},{"damage":33,"enemies":"Hexaghost","floor":16,"turns":10},{"damage":15,"enemies":"Shell Parasite","floor":18,"turns":5},{"damage":2,"enemies":"Chosen","floor":22,"turns":4},{"damage":0,"enemies":"3 Cultists","floor":24,"turns":2},{"damage":2,"enemies":"Cultist and Chosen","floor":28,"turns":3},{"damage":0,"enemies":"Masked Bandits","floor":29,"turns":2},{"damage":5,"enemies":"Centurion and Healer","floor":30,"turns":2},{"damage":16,"enemies":"Shelled Parasite and Fungi","floor":31,"turns":4},{"damage":22,"enemies":"Collector","floor":33,"turns":6},{"damage":5,"enemies":"3 Darklings","floor":35,"turns":3},{"damage":8,"enemies":"Mind Bloom Boss Battle","floor":36,"turns":6},{"damage":11,"enemies":"Orb Walker","floor":37,"turns":3},{"damage":21,"enemies":"Maw","floor":38,"turns":7},{"damage":9,"enemies":"3 Darklings","floor":41,"turns":3},{"damage":0,"enemies":"Sphere and 2 Shapes","floor":42,"turns":3},{"damage":14,"enemies":"Writhing Mass","floor":44,"turns":5},{"damage":63,"enemies":"Awakened One","floor":50,"turns":9}],"seed_played":"8685912146789158163","potions_obtained":[{"floor":5,"key":"EntropicBrew"},{"floor":12,"key":"Block Potion"},{"floor":14,"key":"PotionOfCapacity"},{"floor":24,"key":"SkillPotion"},{"floor":28,"key":"Strength Potion"},{"floor":29,"key":"DuplicationPotion"},{"floor":30,"key":"Explosive Potion"}],"is_trial":false,"path_per_floor":["M","?","?","$","M","R","?","M","T","R","M","M","?","M","R","B",null,"M","?","T","?","M","R","M","R","T","R","M","?","M","M","R","B",null,"M","?","M","M","?","R","M","M","T","M","$","?","$","?","R","B"],"character_chosen":"DEFECT","items_purchased":["Capacitor","Lantern","Pen Nib","Toolbox","Conserve Battery"],"campfire_rested":0,"item_purchase_floors":[45,47,47,47,47],"current_hp_per_floor":[69,54,54,54,54,54,54,54,54,54,49,39,64,63,63,30,75,60,52,52,52,50,50,50,50,50,50,52,52,49,42,42,37,52,47,47,44,34,47,47,40,43,43,44,44,44,44,44,44,0,0],"gold":255,"neow_bonus":"ONE_RANDOM_RARE_CARD","is_daily":false,"chose_seed":false,"campfire_upgraded":9,"win_rate":0.0,"timestamp":1613068797,"path_taken":["M","?","?","$","M","R","?","M","T","R","M","M","?","M","R","BOSS","M","?","?","?","M","R","M","R","T","R","M","?","M","M","R","BOSS","M","?","M","M","?","R","M","M","T","?","$","?","$","?","R","BOSS"],"items_purchased_type":["Card","Relic","Relic","Relic","Card"],"build_version":"2020-12-22","purchased_purges":2,"victory":false,"max_hp_per_floor":[75,75,75,75,75,75,75,75,75,75,75,75,75,75,75,75,75,75,52,52,52,52,52,52,52,52,52,52,52,52,52,52,52,52,52,52,52,52,52,52,52,52,52,52,52,52,49,49,49,49,49],"relic_stats":{"Sozu":3,"Torii":17,"counters":[24,96],"Blue Candle":[1],"Pen Nib":[1],"MawBank":300,"obtain_stats":[{"Lantern":47,"Torii":36,"SacredBark":17,"Blue Candle":43,"Pen Nib":47,"Odd Mushroom":7,"MawBank":20,"Akabeko":9,"Cables":26,"Sozu":34,"Toolbox":47,"Red Mask":29,"Cracked Core":0},{"Lantern":23,"Torii":18,"SacredBark":8,"Blue Candle":22,"Pen Nib":23,"Odd Mushroom":3,"MawBank":9,"Akabeko":4,"Cables":11,"Sozu":16,"Toolbox":23,"Red Mask":13,"Cracked Core":0},{"Lantern":87,"Torii":66,"SacredBark":29,"Blue Candle":82,"Pen Nib":87,"Odd Mushroom":8,"MawBank":34,"Akabeko":10,"Cables":40,"Sozu":57,"Toolbox":87,"Red Mask":45,"Cracked Core":0}],"Cables":[50,48,2,0,0]},"card_choices":[{"not_picked":["Rip and Tear","Lockon"],"picked":"Sweeping Beam","floor":1},{"not_picked":["Go for the Eyes","Doom and Gloom"],"picked":"Ball Lightning","floor":5},{"not_picked":["Loop","Sweeping Beam"],"picked":"Conserve Battery","floor":7},{"not_picked":["Redo","Hello World","Rainbow"],"picked":"SKIP","floor":8},{"not_picked":["Force Field","Stack","Chill"],"picked":"SKIP","floor":11},{"not_picked":["Redo","Skim","Force Field"],"picked":"SKIP","floor":12},{"not_picked":["Force Field","Beam Cell","Conserve Battery"],"picked":"SKIP","floor":14},{"not_picked":["Creative AI","Echo Form"],"picked":"Electrodynamics","floor":16},{"not_picked":["Streamline","Go for the Eyes"],"picked":"Ball Lightning","floor":18},{"not_picked":["Skim","Hologram+1","Go for the Eyes"],"picked":"SKIP","floor":22},{"not_picked":["Genetic Algorithm+1","Redo"],"picked":"Melter","floor":24},{"not_picked":["Reprogram","Gash","White Noise"],"picked":"SKIP","floor":28},{"not_picked":["Reinforced Body","Undo"],"picked":"Thunder Strike","floor":29},{"not_picked":["Fusion","Ball Lightning+1"],"picked":"Defragment","floor":30},{"not_picked":["Stack","Barrage+1"],"picked":"Coolheaded","floor":31},{"not_picked":["All For One","Amplify"],"picked":"Reboot","floor":33},{"not_picked":["Barrage","Hologram+1","Compile Driver+1"],"picked":"SKIP","floor":35},{"not_picked":["Steam Power+1","Turbo+1"],"picked":"Cold Snap","floor":37},{"not_picked":["Rebound+1","Steam+1","Turbo"],"picked":"SKIP","floor":38},{"not_picked":["Rebound","Steam","Darkness"],"picked":"SKIP","floor":41},{"not_picked":["Stack+1","Compile Driver"],"picked":"Echo Form","floor":42},{"not_picked":["Conserve Battery","Hologram+1"],"picked":"Loop+1","floor":44},{"not_picked":["Enlightenment","Finesse"],"picked":"Good Instincts","floor":48}],"player_experience":690087,"relics_obtained":[{"floor":7,"key":"Odd Mushroom"},{"floor":9,"key":"Akabeko"},{"floor":20,"key":"MawBank"},{"floor":26,"key":"Cables"},{"floor":29,"key":"Red Mask"},{"floor":36,"key":"Torii"},{"floor":43,"key":"Blue Candle"}],"event_choices":[{"damage_healed":0,"gold_gain":0,"player_choice":"Entered Light","damage_taken":15,"max_hp_gain":0,"max_hp_loss":0,"event_name":"Shining Light","floor":2,"gold_loss":0,"cards_upgraded":["Defend_B","Dualcast"]},{"damage_healed":0,"gold_gain":0,"player_choice":"Grow","damage_taken":0,"max_hp_gain":0,"max_hp_loss":0,"event_name":"Living Wall","floor":3,"gold_loss":0,"cards_upgraded":["Zap"]},{"damage_healed":0,"gold_gain":0,"player_choice":"Fought Mushrooms","damage_taken":0,"max_hp_gain":0,"max_hp_loss":0,"event_name":"Mushrooms","floor":7,"gold_loss":0},{"damage_healed":25,"gold_gain":0,"player_choice":"Banana","damage_taken":0,"max_hp_gain":0,"max_hp_loss":0,"event_name":"Big Fish","floor":13,"gold_loss":0},{"damage_healed":0,"gold_gain":0,"player_choice":"Became a vampire","damage_taken":0,"max_hp_gain":0,"max_hp_loss":23,"event_name":"Vampires","floor":19,"gold_loss":0,"cards_obtained":["Bite","Bite","Bite","Bite","Bite"]},{"damage_healed":0,"gold_gain":0,"player_choice":"Simplicity","damage_taken":0,"max_hp_gain":0,"max_hp_loss":0,"event_name":"Back to Basics","floor":21,"gold_loss":0,"cards_upgraded":["Defend_B","Defend_B","Defend_B"]},{"damage_healed":0,"gold_gain":0,"player_choice":"Fought Bandits","damage_taken":0,"max_hp_gain":0,"max_hp_loss":0,"event_name":"Masked Bandits","floor":29,"gold_loss":0},{"damage_healed":0,"gold_gain":0,"player_choice":"Fight","damage_taken":0,"max_hp_gain":0,"max_hp_loss":0,"event_name":"MindBloom","floor":36,"gold_loss":0},{"damage_healed":13,"gold_gain":0,"player_choice":"Writhe","damage_taken":0,"max_hp_gain":0,"max_hp_loss":0,"event_name":"Winding Halls","floor":39,"gold_loss":0,"cards_obtained":["Writhe"]},{"damage_healed":0,"gold_gain":0,"player_choice":"Ignored","damage_taken":0,"max_hp_gain":0,"max_hp_loss":0,"event_name":"Mysterious Sphere","floor":46,"gold_loss":0},{"damage_healed":0,"gold_gain":0,"player_choice":"Memory 1","damage_taken":0,"max_hp_gain":0,"max_hp_loss":0,"event_name":"SensoryStone","floor":48,"gold_loss":0}],"is_beta":false,"boss_relics":[{"not_picked":["Velvet Choker","Tiny House"],"picked":"SacredBark"},{"not_picked":["Astrolabe","Black Star"],"picked":"Sozu"}],"items_purged_floors":[45,47],"is_endless":false,"potions_floor_spawned":[5,12,14,24,28,29,30,35,41,42],"killed_by":"Awakened One","ascension_level":0}}