{"host":"4c7oxphrh4ok8x7u","time":1613060745,"event":{"mods":["100% Spire Juice","2.2 Compatiblity","Act Like it!","Arknights","Aspiration","BaseMod","Beaked The Cultist","Better Skull","Better Vampires","BetterRewards","Bossed Relics","Challenge The Spire","Conjunction","Conspire","Custom Start","Dota2Spire","Downfall","Ekko","Evolution","Fiend Mod","Friendly Minions","FruityMod","GifTheSpireLib","Good Game Mod","Halation","Hermit","HololiveMod","Hubris","Hyrulean Relics","Jedi Mod","Jess\u0027s Bottle","Kratos Character Expansion","Minty Spire (QoL Compilation)","MostiFishMod","Permanent Neow","Poor People Problems","Prisma Mod","Quarter Circle Forward PUNCH!","RatMod","Reliquary","Replay The Spire","Robot Space Explorer","SCP261 Mod","Shade Mod","Slay the Relics Exporter","Small Relic Pack","Spicy Shops","Spikes Relics","Spires And Sneckos","StS++","StSLib","Stuff the Spire","The Animator","The Blue Laboratory","The Death Knight","The Edgeheg","The Exalted","The Fake Hero","The Marked","The Necromancer","The Servant 0.9.4","The Trickster","The Wild Card","TheVacant","TheWitcher","Wandering Minibosses","WarShipGirlsR/????R mod"],"gold_per_floor":[111,131,45,59,70,99,99,27,27,54,54,54,66,99,99,195,195,213,77,94,94,111,111,111],"floor_reached":23,"language":"RUS","playtime":1102,"items_purged":["Regret"],"score":236,"play_id":"390e38f5-bfa7-4726-9455-44c22ff51617","local_time":"20210211192545","is_ascension_mode":false,"campfire_choices":[{"floor":7,"key":"REST"},{"floor":11,"key":"REST"},{"floor":15,"key":"REST"}],"circlet_count":0,"master_deck":["theVacant:VacantStarterStrike","theVacant:VacantStarterStrike","theVacant:VacantStarterStrike","theVacant:VacantStarterStrike","theVacant:VacantStarterDefend","theVacant:VacantStarterDefend","theVacant:VacantStarterDefend","theVacant:VacantStarterDefend","theVacant:Release","theVacant:Crunch","ats:Sword Rain","theVacant:Hex","theVacant:PitOfDespair","conspire:Banana","theVacant:Gloom","theVacant:Carve","theVacant:IntoTheAbyss","theVacant:Acceptance","theVacant:Husk","theVacant:ShriekingBlast","theVacant:CleanseSoul","theVacant:WhenDarknessComes","theVacant:Spinshield","Clumsy","theVacant:Husk"],"relics":["theVacant:BrassGoblet","EVO:Axolotl","DaveBox","REME:ComplimentaryCards","Chemical X","aspiration:Nostalgia","sneckomod:SneckoSoul","SynthV:TestCard","ats:Originium","Dream Catcher","Medical Kit","Bromod:ArcaneDeflection","reliquary:Stiletto","StuffTheSpire:RedRose","Darkstone Periapt","JellyFishMachine","aspiration:EmptySkull"],"acts_visited":["Exordium","TheCity"],"potions_floor_usage":[22,22],"damage_taken":[{"damage":0,"enemies":"Cultist","floor":1,"turns":3},{"damage":2,"enemies":"Jaw Worm","floor":2,"turns":3},{"damage":1,"enemies":"2 Louse","floor":4,"turns":3},{"damage":20,"enemies":"Exordium Wildlife","floor":5,"turns":3},{"damage":36,"enemies":"Lagavulin","floor":6,"turns":6},{"damage":31,"enemies":"3 Sentries","floor":10,"turns":5},{"damage":16,"enemies":"Looter","floor":13,"turns":3},{"damage":22,"enemies":"Lagavulin","floor":14,"turns":7},{"damage":32,"enemies":"Fading Forest","floor":16,"turns":11},{"damage":27,"enemies":"Spheric Guardian","floor":18,"turns":4},{"damage":18,"enemies":"Shell Parasite","floor":20,"turns":4},{"damage":43,"enemies":"Snecko","floor":22,"turns":6},{"damage":13,"enemies":"Gremlin Leader","floor":23,"turns":1}],"seed_played":"994487372932724894","potions_obtained":[{"floor":1,"key":"jedi:holywater"},{"floor":10,"key":"hexamod:SoulburnPotion"},{"floor":14,"key":"Weak Potion"},{"floor":20,"key":"Fruit Juice"}],"is_trial":false,"path_per_floor":["M","M","$","M","M","E","R","$","T","E","R","?","M","E","R","B",null,"M","$","M","?","M","E"],"character_chosen":"THE_VACANT","items_purchased":["conspire:Banana","Medical Kit","aspiration:EmptySkull"],"campfire_rested":3,"item_purchase_floors":[3,8,19],"current_hp_per_floor":[80,78,78,78,59,24,48,48,48,18,43,43,28,7,32,11,87,61,67,49,49,12,0,0],"gold":111,"neow_bonus":"NOSTALGIA","is_daily":false,"chose_seed":false,"campfire_upgraded":0,"win_rate":0.0,"timestamp":1613060745,"path_taken":["M","?","?","?","M","E","R","$","T","E","R","?","M","E","R","BOSS","M","$","M","?","M","E"],"items_purchased_type":["Card","Relic","Relic"],"build_version":"2020-12-22","purchased_purges":1,"victory":false,"max_hp_per_floor":[80,80,80,81,82,83,83,83,83,84,84,84,85,86,86,87,87,88,94,94,94,100,100,100],"card_choices":[{"not_picked":["theVacant:Fling","theVacant:Sneeze"],"picked":"theVacant:Hex","floor":1},{"not_picked":["theVacant:LashOut","theVacant:Enrage","theVacant:GraveDigger","theVacant:Barrage"],"picked":"theVacant:PitOfDespair","floor":2},{"not_picked":["theVacant:Dig","theVacant:Cower","theVacant:Reconnect","theVacant:CursedBlast"],"picked":"theVacant:Gloom","floor":4},{"not_picked":["theVacant:TwistFate","theVacant:ShriekingBlast","theVacant:Enrage","theVacant:Showdown"],"picked":"theVacant:Carve","floor":5},{"not_picked":["theVacant:MindBreak","theVacant:Dig","theVacant:ShriekingBlast","theVacant:Recover"],"picked":"theVacant:IntoTheAbyss","floor":6},{"not_picked":["theVacant:Enrage","theVacant:Spinshield","theVacant:Anguish","theVacant:SpiritOrb"],"picked":"theVacant:Acceptance","floor":7},{"not_picked":["theVacant:VoidEmbrace","theVacant:Enrage","theVacant:Return","theVacant:BurdenBreak"],"picked":"theVacant:Husk","floor":10},{"not_picked":["theVacant:Yeet","theVacant:ShutAway","theVacant:Hex","theVacant:WaitInWrath"],"picked":"theVacant:ShriekingBlast","floor":11},{"not_picked":["theVacant:FranticBlow","theVacant:GraveWave","theVacant:Enrage","theVacant:Cower","theVacant:SpiritOrb"],"picked":"SKIP","floor":13},{"not_picked":["theVacant:PitOfDespair","theVacant:Snowball","theVacant:Acceptance","theVacant:FiendFrost"],"picked":"theVacant:CleanseSoul","floor":14},{"not_picked":["theVacant:DeathSpiral","theVacant:Rejection","theVacant:FromNothing","theVacant:VoidForm"],"picked":"theVacant:WhenDarknessComes","floor":16},{"not_picked":["theVacant:Throttle","theVacant:Necromancy+1","theVacant:BrassMagnet+1","theVacant:OnSecondThought"],"picked":"theVacant:Spinshield","floor":18},{"not_picked":["theVacant:EmptyShield","theVacant:TwistFate","theVacant:Barrage+1","theVacant:BattleScars","theVacant:Thoughtseize"],"picked":"SKIP","floor":20},{"not_picked":["theVacant:Recover","theVacant:BattleScars","theVacant:SurpriseAttack+1","theVacant:FranticBlow"],"picked":"theVacant:Husk","floor":22}],"player_experience":944131,"relics_obtained":[{"floor":1,"key":"SynthV:TestCard"},{"floor":6,"key":"ats:Originium"},{"floor":6,"key":"Dream Catcher"},{"floor":9,"key":"Bromod:ArcaneDeflection"},{"floor":10,"key":"ats:Originium"},{"floor":10,"key":"reliquary:Stiletto"},{"floor":14,"key":"ats:Originium"},{"floor":14,"key":"Darkstone Periapt"}],"event_choices":[],"is_beta":false,"boss_relics":[{"not_picked":["Replay:Ancient Bell","Pandora\u0027s Box"],"picked":"JellyFishMachine"}],"items_purged_floors":[19],"is_endless":false,"potions_floor_spawned":[1,10,14,20],"killed_by":"Gremlin Leader","ascension_level":0}}