{"host":"xo0glkmxta74xh34","time":1613069133,"event":{"mods":["BaseMod","Downfall","Minty Spire (QoL Compilation)","Reliquary","Replay The Spire","StSLib"],"gold_per_floor":[99,174,189,204,204,242,242,280,280,299,318,337,337,97,116,241,241,241,260,279,298,348,377,377,272,272,291,291,320,349,44,73,198,198,198,227,183,222,261,261,286,305,305,356,412,441,441,499,528,528],"floor_reached":51,"language":"ENG","playtime":3144,"items_purged":["Injury","Regret"],"score":825,"play_id":"d4be33c9-36c0-491b-b6d6-e9a834a98cdf","local_time":"20210211124533","daily_mods":["Shiny","Uncertain Future","DeadlyEvents"],"is_ascension_mode":false,"campfire_choices":[{"data":"hexamod:ForkedFlame","floor":1.0,"key":"SMITH"},{"floor":9.0,"key":"REST"},{"floor":13.0,"key":"REST"},{"data":"hexamod:TimeOfNeed","floor":18.0,"key":"SMITH"},{"data":"hexamod:TurnItUp","floor":26,"key":"SMITH"},{"data":"hexamod:UnleashSpirits","floor":28,"key":"SMITH"},{"data":"hexamod:VolcanoVisage","floor":35,"key":"SMITH"},{"data":"hexamod:WildfireWeapon","floor":43,"key":"SMITH"},{"data":"hexamod:WildfireWeapon","floor":47,"key":"SMITH"}],"circlet_count":0,"master_deck":["hexamod:Toasty+1","hexamod:UnleashSpirits+1","hexamod:HexaLevel+1","hexamod:WildfireWeapon+1","hexamod:VolcanoVisage+1","hexamod:ApocalypseNow+1","hexamod:FlameSwitch+1","hexamod:TimeOfNeed+1","hexamod:ForkedFlame+1","hexamod:SearingWound+1","hexamod:GhostflameInferno+1","hexamod:ParanormalForm+1","hexamod:GiftsFromTheDead+1","hexamod:ApocalypticArmor","hexamod:UnlimitedPower+1","hexamod:TurnItUp+1","hexamod:TimeWarp+1","hexamod:GhostOfSpirePresent+1","hexamod:VolcanoVisage+1","hexamod:FirstSeal","hexamod:SoulSteal+1","hexamod:ApocalypseNow+1","hexamod:WildfireWeapon+1","hexamod:PowerFromBeyond+1","hexamod:FirstSeal","hexamod:FourthSeal","hexamod:SoulSteal+1","hexamod:Hexaguard+1","hexamod:SecondSeal","hexamod:SearingWound+1","hexamod:UnlimitedPower+1","hexamod:SecondSeal","hexamod:ThirdSeal","hexamod:EmpoweredFlame+1","hexamod:SixthSeal","hexamod:GhostShield+1","hexamod:HeatCrush","hexamod:HexaLevel"],"relics":["hexamod:SpiritBrand","Golden Idol","Mango","Mercury Hourglass","Pen Nib","Blood Vial","Snecko Heart","reliquary:RoseTintedGlasses","Bottled Flame","ReplayTheSpireMod:CursedCoin","Lantern","Membership Card","Turnip","reliquary:Craggleroot","Durian","Gremlin Horn","DollysMirror","Potion Belt","Pondfish Scales","hexamod:TheBrokenSeal","Bag of Preparation","reliquary:PorcupineQuills"],"acts_visited":["Exordium","TheCity","TheBeyond"],"potions_floor_usage":[27,29,30,31,32,33,33,45,45,48,50,50,50,50],"damage_taken":[{"damage":5.0,"enemies":"2 Louse","floor":3.0,"turns":3.0},{"damage":11.0,"enemies":"Jaw Worm","floor":4.0,"turns":3.0},{"damage":21.0,"enemies":"3 Sentries","floor":6.0,"turns":5.0},{"damage":15.0,"enemies":"Lagavulin","floor":8.0,"turns":5.0},{"damage":6.0,"enemies":"Cultist","floor":10.0,"turns":3.0},{"damage":20.0,"enemies":"Exordium Wildlife","floor":11.0,"turns":4.0},{"damage":15.0,"enemies":"Looter","floor":12.0,"turns":3.0},{"damage":1.0,"enemies":"downfall:FleeingMerchant","floor":14.0,"turns":4.0},{"damage":0.0,"enemies":"Large Slime","floor":15.0,"turns":3.0},{"damage":0.0,"enemies":"Slime Boss","floor":16.0,"turns":3.0},{"damage":30.0,"enemies":"Spheric Guardian","floor":19.0,"turns":5.0},{"damage":16.0,"enemies":"Cultist and Chosen","floor":20.0,"turns":4.0},{"damage":20.0,"enemies":"Shelled Parasite and Fungi","floor":21.0,"turns":4.0},{"damage":21.0,"enemies":"Snake Plant","floor":23.0,"turns":4.0},{"damage":10,"enemies":"downfall:FleeingMerchant","floor":25,"turns":4},{"damage":5,"enemies":"Cultist and Chosen","floor":27,"turns":3},{"damage":18,"enemies":"3 Cultists","floor":29,"turns":3},{"damage":30,"enemies":"Snecko","floor":30,"turns":4},{"damage":20,"enemies":"downfall:FleeingMerchant","floor":31,"turns":4},{"damage":9,"enemies":"Centurion and Healer","floor":32,"turns":4},{"damage":37,"enemies":"IC_MUSHROOM_ARCHETYPE","floor":33,"turns":5},{"damage":17,"enemies":"3 Darklings","floor":36,"turns":3},{"damage":0,"enemies":"downfall:FleeingMerchant","floor":37,"turns":1},{"damage":9,"enemies":"Orb Walker","floor":38,"turns":2},{"damage":9,"enemies":"3 Darklings","floor":39,"turns":3},{"damage":16,"enemies":"Sphere and 2 Shapes","floor":42,"turns":3},{"damage":59,"enemies":"Reptomancer","floor":45,"turns":7},{"damage":11,"enemies":"Spire Growth","floor":46,"turns":3},{"damage":58,"enemies":"Nemesis","floor":48,"turns":5},{"damage":6,"enemies":"3 Darklings","floor":49,"turns":3},{"damage":69,"enemies":"DF_ARCHETYPE_ORBS","floor":50,"turns":6}],"seed_played":"-587577638262706789","potions_obtained":[{"floor":3.0,"key":"hexamod:InfernoChargePotion"},{"floor":8.0,"key":"Milkshake"},{"floor":10.0,"key":"LiquidBronze"},{"floor":11.0,"key":"Adrenaline Potion"},{"floor":14.0,"key":"ColorlessPotion"},{"floor":19.0,"key":"Guardian:BlockOnCardUsePotion"},{"floor":20.0,"key":"FairyPotion"},{"floor":21.0,"key":"Flashbang"},{"floor":23.0,"key":"DistilledChaos"},{"floor":25,"key":"hexamod:EctoCoolerPotion"},{"floor":27,"key":"LiquidMemories"},{"floor":29,"key":"Explosive Potion"},{"floor":30,"key":"LifebloodPotion"},{"floor":31,"key":"Block Potion"},{"floor":32,"key":"hexamod:SoulburnPotion"},{"floor":33,"key":"Guardian:BlockOnCardUsePotion"},{"floor":33,"key":"AttackPotion"},{"floor":42,"key":"Reflective Coating"},{"floor":45,"key":"hexamod:InfernoChargePotion"},{"floor":45,"key":"SkillPotion"},{"floor":48,"key":"GamblersBrew"},{"floor":48,"key":"SkillPotion"},{"floor":49,"key":"EssenceOfSteel"}],"is_trial":false,"path_per_floor":["R","?","M","M","?","E","T","E","R","M","M","M","R","$","M","B",null,"R","M","M","M","T","M","T","$","R","M","R","M","M","$","M","B",null,"R","M","$","M","M","?","T","M","R","?","E","M","R","E","M","B",null],"character_chosen":"THE_SPIRIT","items_purchased":["Blood Vial","ReplayTheSpireMod:CursedCoin","Lantern","Membership Card","Turnip","Durian","Gremlin Horn","DollysMirror","hexamod:SecondSeal"],"campfire_rested":2,"item_purchase_floors":[14,25,25,31,31,37,37,37,37],"current_hp_per_floor":[70,59,54,43,43,43,43,35,60,68,62,54,79,84,84,84,84,84,68,68,64,64,59,59,72,72,76,76,67,46,42,49,28,84,84,74,81,74,81,81,81,81,81,46,92,90,90,48,51,29],"gold":528,"neow_bonus":"","is_daily":true,"chose_seed":false,"campfire_upgraded":7,"win_rate":0.0,"timestamp":1613069133,"path_taken":["R","?","M","M","?","?","T","E","R","M","M","M","R","$","M","BOSS","R","M","M","M","?","M","T","$","R","M","R","M","?","?","M","BOSS","R","M","$","M","M","?","T","M","R","?","?","M","R","E","M","BOSS"],"items_purchased_type":["Relic","Relic","Relic","Relic","Relic","Relic","Relic","Relic","Card"],"build_version":"2020-12-22","purchased_purges":2,"victory":true,"max_hp_per_floor":[70,70,70,70,70,84,84,84,84,84,84,84,84,84,84,84,84,84,84,84,84,84,84,84,84,84,84,84,84,84,84,84,84,84,84,84,89,89,89,89,89,89,89,89,99,99,99,99,99,99],"card_choices":[{"not_picked":["hexamod:BurningTouch","hexamod:NightmareStrike","hexamod:GhostflameBarrier"],"picked":"SKIP","floor":3.0},{"not_picked":["hexamod:FourthSeal","hexamod:ThirdSeal"],"picked":"hexamod:FirstSeal","floor":4.0},{"not_picked":["hexamod:Firestarter","hexamod:FastForward","hexamod:SuperheatedStrike"],"picked":"SKIP","floor":4.0},{"not_picked":["hexamod:DynamicBlow","hexamod:ShieldOfDarkness"],"picked":"hexamod:VolcanoVisage","floor":6.0},{"not_picked":["hexamod:SixthSeal","hexamod:SecondSeal"],"picked":"hexamod:FourthSeal","floor":8.0},{"not_picked":["hexamod:FlamesFromBeyond","hexamod:FastForward"],"picked":"hexamod:FirstSeal","floor":8.0},{"not_picked":["hexamod:GhostOfSpirePresent","hexamod:ShieldOfDarkness","hexamod:InspiringFlames"],"picked":"SKIP","floor":10.0},{"not_picked":["hexamod:NightmareStrike","hexamod:SpectersWail"],"picked":"hexamod:ThirdSeal","floor":11.0},{"not_picked":["hexamod:HeatShield","hexamod:SwordOfDarkness"],"picked":"hexamod:SoulSteal","floor":12.0},{"not_picked":["hexamod:GhostflameBarrier","hexamod:HauntingEcho","hexamod:NightmareGuise"],"picked":"SKIP","floor":12.0},{"not_picked":["hexamod:SoulSteal","hexamod:TimeOfNeed"],"picked":"hexamod:ApocalypseNow","floor":14.0},{"not_picked":["hexamod:CatchUp","hexamod:SwordOfDarkness","hexamod:AdvancingGuard"],"picked":"SKIP","floor":14.0},{"not_picked":["hexamod:ThermalTransfer","hexamod:GhostShield","hexamod:AdvancingGuard"],"picked":"SKIP","floor":15.0},{"not_picked":["hexamod:GhostLash","hexamod:EtherealExpedition","hexamod:RetreatToShadows"],"picked":"SKIP","floor":15.0},{"not_picked":["hexamod:GhostflameInferno","hexamod:HexaLevel"],"picked":"hexamod:WildfireWeapon","floor":16.0},{"not_picked":["hexamod:SpectersWail","hexamod:Haunt"],"picked":"hexamod:PowerFromBeyond","floor":19.0},{"not_picked":["hexamod:Firestarter","hexamod:PhantomCloak","hexamod:BacktrackSmack"],"picked":"SKIP","floor":19.0},{"not_picked":["hexamod:SuperheatedStrike","hexamod:PhantomFireball"],"picked":"hexamod:FirstSeal","floor":20.0},{"not_picked":["hexamod:SixthSeal","hexamod:ThirdSeal"],"picked":"hexamod:SecondSeal","floor":20.0},{"not_picked":["hexamod:PhantomFireball+1","hexamod:SpectralAdrenaline","hexamod:NightmareGuise"],"picked":"SKIP","floor":21.0},{"not_picked":["hexamod:TurnItUp","hexamod:HeatMetal"],"picked":"hexamod:FourthSeal","floor":23.0},{"not_picked":["hexamod:SkipABeat","hexamod:DynamicBlow+1","hexamod:ThermalTransfer"],"picked":"SKIP","floor":23.0},{"not_picked":["hexamod:DynamicBlow","hexamod:NecessarySacrifice"],"picked":"hexamod:SoulSteal+1","floor":25},{"not_picked":["hexamod:RecurringNightmare+1","hexamod:Again","hexamod:FlamesFromBeyond"],"picked":"SKIP","floor":27},{"not_picked":["hexamod:EtherealExpedition","hexamod:Rewind+1","hexamod:HeatMetal+1"],"picked":"SKIP","floor":27},{"not_picked":["hexamod:NightmareGuise+1","hexamod:ExtraCrispy","hexamod:Hexaguard"],"picked":"SKIP","floor":29},{"not_picked":["hexamod:SecondSeal","hexamod:Hexaguard+1","hexamod:GhostOfSpirePresent"],"picked":"SKIP","floor":30},{"not_picked":["hexamod:SpectersWail","hexamod:SuperheatedStrike+1","hexamod:NightmareGuise"],"picked":"SKIP","floor":31},{"not_picked":["hexamod:SpectersWail","hexamod:SwordOfDarkness","hexamod:NightmareStrike"],"picked":"SKIP","floor":31},{"not_picked":["hexamod:GhostLash","hexamod:SpectralSpark"],"picked":"hexamod:Hexaguard+1","floor":32},{"not_picked":["hexamod:HauntingEcho","hexamod:FastForward","hexamod:BurningTouch+1"],"picked":"SKIP","floor":32},{"not_picked":["hexamod:FirstSeal","hexamod:FourthSeal"],"picked":"hexamod:SecondSeal","floor":33},{"not_picked":["hexamod:GhostOfSpirePresent","hexamod:ApocalypseNow"],"picked":"hexamod:SearingWound","floor":33},{"not_picked":["hexamod:BacktrackSmack","hexamod:FirstSeal","hexamod:SpectralAdrenaline"],"picked":"SKIP","floor":36},{"not_picked":["hexamod:Firestarter+1","hexamod:InspiringFlames+1","hexamod:BacktrackSmack+1"],"picked":"SKIP","floor":37},{"not_picked":["hexamod:Hexaguard+1","hexamod:SpectralSpark"],"picked":"hexamod:ThirdSeal","floor":38},{"not_picked":["hexamod:FastForward+1","hexamod:NightmareGuise+1"],"picked":"hexamod:EmpoweredFlame+1","floor":39},{"not_picked":["hexamod:InspiringFlames+1","hexamod:ThermalTransfer+1","hexamod:SpectralSpark"],"picked":"SKIP","floor":39},{"not_picked":["hexamod:ThirdSeal","hexamod:FirstSeal"],"picked":"hexamod:SixthSeal","floor":42},{"not_picked":["hexamod:PhantomCloak","hexamod:GhostOfSpireFuture+1","hexamod:GhostOfSpirePresent"],"picked":"SKIP","floor":42},{"not_picked":["hexamod:RecurringNightmare+1","hexamod:Hexaguard","hexamod:NightmareStrike+1"],"picked":"SKIP","floor":42},{"not_picked":["hexamod:ThermalTransfer+1","hexamod:InspiringFlames+1","hexamod:GhostLash+1"],"picked":"SKIP","floor":45},{"not_picked":["hexamod:WildfireWeapon","hexamod:SuperheatedStrike","hexamod:Again"],"picked":"SKIP","floor":45},{"not_picked":["hexamod:ThermalTransfer","hexamod:FastForward","hexamod:PhantomFireball"],"picked":"SKIP","floor":45},{"not_picked":["hexamod:NightmareGuise","hexamod:SwordOfDarkness+1","hexamod:ThermalTransfer+1"],"picked":"SKIP","floor":46},{"not_picked":["hexamod:Rewind","hexamod:Hexaguard+1"],"picked":"hexamod:GhostShield+1","floor":48},{"not_picked":["hexamod:NecessarySacrifice","hexamod:ExtraCrispy"],"picked":"hexamod:HeatCrush","floor":48},{"not_picked":["hexamod:SuperheatedStrike+1","hexamod:HeatMetal+1"],"picked":"hexamod:HexaLevel","floor":49}],"player_experience":452933,"relics_obtained":[{"floor":6.0,"key":"Mango"},{"floor":7.0,"key":"Mercury Hourglass"},{"floor":8.0,"key":"Pen Nib"},{"floor":22.0,"key":"reliquary:RoseTintedGlasses"},{"floor":24.0,"key":"Bottled Flame"},{"floor":41,"key":"Potion Belt"},{"floor":44,"key":"Pondfish Scales"},{"floor":45,"key":"Bag of Preparation"},{"floor":48,"key":"reliquary:PorcupineQuills"}],"event_choices":[{"damage_healed":0.0,"max_hp_gain":0.0,"max_hp_loss":0.0,"gold_gain":75.0,"event_name":"World of Goop","player_choice":"Gather Gold","floor":2.0,"gold_loss":0.0,"damage_taken":11.0},{"damage_healed":0.0,"max_hp_gain":0.0,"max_hp_loss":0.0,"gold_gain":0.0,"event_name":"Golden Idol","player_choice":"Take Wound","floor":5.0,"gold_loss":0.0,"damage_taken":0.0,"relics_obtained":["Golden Idol"],"cards_obtained":["Injury"]}],"is_beta":false,"boss_relics":[{"not_picked":["Painkiller Herb","Replay:Grab Bag"],"picked":"Snecko Heart"},{"not_picked":["hexamod:IceCube","Runic Dome"],"picked":"reliquary:Craggleroot"}],"items_purged_floors":[14,25],"is_endless":false,"potions_floor_spawned":[3,8,11,21,27,29,30,32,42,45,48],"ascension_level":0}}