{"host":"n3yraofadl2d9nwo","time":1613063904,"event":{"mods":["BaseMod","Friendly Minions","Marisa????????","Minty Spire (QoL Compilation)","StSLib","The Animator"],"gold_per_floor":[118,131,131,151,166,166,201,233,258,272,347,347,373,373,373,483,483,510,520,536,536,536],"floor_reached":21,"language":"ENG","playtime":1856,"items_purged":[],"score":193,"play_id":"6572286f-080e-4552-b0c0-82727c65564d","local_time":"20210211181824","is_ascension_mode":false,"campfire_choices":[{"data":"animator:MumenRider","floor":6,"key":"SMITH"},{"floor":12,"key":"REST"},{"data":"animator:EmiyaShirou","floor":15,"key":"SMITH"}],"circlet_count":0,"master_deck":["animator:Strike_Overlord","animator:Defend_Overlord","animator:Strike","animator:Strike","animator:Strike","animator:Defend","animator:Defend","animator:Defend","animator:Cocytus","animator:Demiurge","animator:Kazuma","animator:MumenRider+1","animator:Shinoa","animator:Shuna","animator:Cocytus","animator:KyokoSakura","animator:PandorasActor","animator:EmiyaShirou+1","animator:Entoma+1","animator:Ainz","animator:Spearman","animator:Nanami"],"relics":["animator:LivingPicture","animator:TheMissingPiece","animator:PurgingStone","Question Card","Bag of Preparation","Lantern","Art of War","Black Star"],"acts_visited":["Exordium","TheCity"],"potions_floor_usage":[5,16,19,21],"damage_taken":[{"damage":1,"enemies":"Small Slimes","floor":1,"turns":5},{"damage":1,"enemies":"2 Louse","floor":2,"turns":3},{"damage":1,"enemies":"Jaw Worm","floor":4,"turns":5},{"damage":11,"enemies":"Lots of Slimes","floor":5,"turns":5},{"damage":17,"enemies":"Lagavulin","floor":7,"turns":6},{"damage":0,"enemies":"Large Slime","floor":8,"turns":7},{"damage":5,"enemies":"Blue Slaver","floor":10,"turns":3},{"damage":7,"enemies":"3 Sentries","floor":13,"turns":7},{"damage":18,"enemies":"The Guardian","floor":16,"turns":11},{"damage":2,"enemies":"3 Byrds","floor":18,"turns":5},{"damage":13,"enemies":"2 Thieves","floor":19,"turns":4},{"damage":51,"enemies":"3 Cultists","floor":20,"turns":8},{"damage":7,"enemies":"Snake Plant","floor":21,"turns":2}],"seed_played":"2770848651737605889","potions_obtained":[{"floor":4,"key":"Fire Potion"},{"floor":5,"key":"DuplicationPotion"},{"floor":10,"key":"FearPotion"},{"floor":18,"key":"Explosive Potion"}],"is_trial":false,"path_per_floor":["M","M","?","M","M","R","E","M","T","M","?","R","E","T","R","B",null,"M","M","M","M"],"character_chosen":"THE_ANIMATOR","items_purchased":[],"campfire_rested":1,"item_purchase_floors":[],"current_hp_per_floor":[65,64,52,51,40,40,23,23,23,18,7,26,20,20,20,2,67,65,54,3,0,0],"gold":536,"neow_bonus":"THREE_CARDS","is_daily":false,"chose_seed":false,"campfire_upgraded":2,"win_rate":0.0,"timestamp":1613063904,"path_taken":["M","M","?","M","M","R","E","M","T","M","?","R","E","?","R","BOSS","M","M","M","M"],"items_purchased_type":[],"build_version":"2020-12-22","purchased_purges":0,"victory":false,"max_hp_per_floor":[66,66,66,66,66,66,66,66,66,66,66,66,67,67,67,67,67,67,69,69,69,69],"card_choices":[{"not_picked":["animator:DolaSchwi","animator:YuiTsuruno"],"picked":"animator:Kazuma","floor":0},{"not_picked":["animator:Chung","animator:Shinoa"],"picked":"animator:MumenRider","floor":1},{"not_picked":["animator:Genos","animator:Rider"],"picked":"animator:Shinoa","floor":2},{"not_picked":["animator:ChaikaBohdan","animator:HiiragiShinya","animator:DolaCouronne"],"picked":"animator:Shuna","floor":4},{"not_picked":["animator:Demiurge","animator:Evileye","animator:Entoma"],"picked":"animator:Cocytus","floor":5},{"not_picked":["animator:Nanami","animator:IrohaTamaki","animator:Evileye"],"picked":"animator:KyokoSakura","floor":7},{"not_picked":["animator:Evileye","animator:HiiragiShinya","animator:Chung"],"picked":"animator:PandorasActor","floor":8},{"not_picked":["animator:SayakaMiki","animator:IrohaTamaki","animator:Rider"],"picked":"animator:EmiyaShirou","floor":10},{"not_picked":["animator:PandorasActor","animator:Cocytus","animator:Demiurge"],"picked":"animator:Entoma","floor":13},{"not_picked":["animator:Wiz","animator:HomuraAkemi","animator:Boros"],"picked":"animator:Ainz","floor":16},{"not_picked":["animator:Fredrika","animator:Entoma","animator:Priestess"],"picked":"animator:Spearman","floor":18},{"not_picked":["animator:Shigure","animator:LizardPriest","animator:Verdia+1","animator:DolaRiku"],"picked":"SKIP","floor":19},{"not_picked":["animator:Aisha","animator:ShinjiMatou","animator:Assassin"],"picked":"animator:Nanami","floor":20}],"player_experience":842600,"relics_obtained":[{"floor":7,"key":"Bag of Preparation"},{"floor":9,"key":"Lantern"},{"floor":13,"key":"Art of War"}],"event_choices":[{"damage_healed":0,"gold_gain":0,"player_choice":"Success","damage_taken":12,"relics_obtained":["Question Card"],"max_hp_gain":0,"max_hp_loss":0,"event_name":"Scrap Ooze","floor":3,"gold_loss":0},{"damage_healed":0,"gold_gain":75,"player_choice":"Gather Gold","damage_taken":11,"max_hp_gain":0,"max_hp_loss":0,"event_name":"World of Goop","floor":11,"gold_loss":0}],"is_beta":false,"boss_relics":[{"not_picked":["Coffee Dripper","Mark of Pain"],"picked":"Black Star"}],"items_purged_floors":[],"is_endless":false,"potions_floor_spawned":[4,5,10,18],"killed_by":"Snake Plant","ascension_level":0}}