{"host":"qy1e0kd24tpj3i2m","time":1613072723,"event":{"mods":["Act Like it!","BaseMod","Better Skull","Better Vampires","Colored Map","Colored Powertips","Custom Start","Faster Ascension Climbing","Friendly Minions","GifTheSpireLib","Gremlin Skip","Highlight Path","Minty Spire (QoL Compilation)","Permanent Neow","Poor People Problems","Quick Restart","Red Circlet Mod","Relic Filter Mod","Relic Sorter","Reorder Act Four","SacredBarkPlus","Shop Mod","StSLib","SuperFastMode","Transform Curses","没有小屋子和绿帽子啦"],"gold_per_floor":[112,112,112,112,387,428,22,22,90,130,149,169,7,25,25,121,121,146,159,1,22,22,22],"floor_reached":22,"language":"ZHS","playtime":1485,"items_purged":["Regret"],"score":588,"play_id":"3f36be95-c016-4c74-a906-a78b73a1b88c","local_time":"20210212044523","is_ascension_mode":true,"campfire_choices":[{"data":"Exhume","floor":8.0,"key":"SMITH"},{"data":"Disarm","floor":15.0,"key":"SMITH"}],"circlet_count":0,"master_deck":["AscendersBane","Bash","Iron Wave","Exhume+1","Feel No Pain","Pommel Strike","True Grit","Flex","Disarm+1","Burning Pact","Reaper","Double Tap","Feel No Pain","Barricade","Reckless Charge","Double Tap","Dual Wield","Fire Breathing","Dark Embrace","Demon Form","Anger","Inflame","Heavy Blade","Carnage","Disarm","Clothesline+1"],"relics":["Burning Blood","NeowsBlessing","Golden Idol","Calipers","Medical Kit","Ancient Tea Set","Darkstone Periapt","Kunai","Orrery","Pandora\u0027s Box","ClockworkSouvenir"],"acts_visited":["Exordium","TheCity"],"potions_floor_usage":[21],"damage_taken":[{"damage":0.0,"enemies":"Jaw Worm","floor":1.0,"turns":1.0},{"damage":0.0,"enemies":"3 Sentries","floor":6.0,"turns":1.0},{"damage":0.0,"enemies":"Lagavulin","floor":10.0,"turns":1.0},{"damage":9.0,"enemies":"2 Louse","floor":11.0,"turns":2.0},{"damage":1.0,"enemies":"Small Slimes","floor":12.0,"turns":4.0},{"damage":36.0,"enemies":"Gremlin Gang","floor":14.0,"turns":5.0},{"damage":0.0,"enemies":"Hexaghost","floor":16.0,"turns":16.0},{"damage":0.0,"enemies":"Chosen","floor":18.0,"turns":4.0},{"damage":56.0,"enemies":"Shell Parasite","floor":19.0,"turns":8.0},{"damage":35,"enemies":"Centurion and Healer","floor":21,"turns":9},{"damage":0,"enemies":"Snake Plant","floor":22,"turns":2}],"seed_played":"965780110415628430","potions_obtained":[{"floor":6.0,"key":"ElixirPotion"},{"floor":11.0,"key":"FearPotion"},{"floor":14.0,"key":"Swift Potion"},{"floor":19.0,"key":"DuplicationPotion"}],"is_trial":false,"path_per_floor":["M","?","?","?","?","E","$","R","T","E","M","M","$","M","R","B",null,"M","M","$","M","M"],"character_chosen":"IRONCLAD","items_purchased":["Medical Kit","Ancient Tea Set","Orrery","ClockworkSouvenir"],"campfire_rested":0,"item_purchase_floors":[7,7,13,20],"current_hp_per_floor":[74,79,79,51,51,57,57,57,57,63,60,65,65,45,45,59,75,80,38,38,17,17,17],"gold":22,"neow_bonus":"THREE_ENEMY_KILL","is_daily":false,"chose_seed":false,"campfire_upgraded":2,"win_rate":0.0,"timestamp":1613072723,"path_taken":["M","?","?","?","?","E","$","R","T","E","M","M","$","M","R","BOSS","M","?","$","M","M"],"items_purchased_type":["Relic","Relic","Relic","Relic"],"build_version":"2020-12-22","purchased_purges":1,"victory":false,"max_hp_per_floor":[75,80,80,80,80,80,80,80,80,80,80,80,80,80,80,80,80,80,80,80,80,80,80],"card_choices":[{"not_picked":["Flex","Twin Strike"],"picked":"Iron Wave","floor":1.0},{"not_picked":["Second Wind","Bloodletting"],"picked":"Exhume","floor":6.0},{"not_picked":["Headbutt","Anger"],"picked":"Feel No Pain","floor":10.0},{"not_picked":["Dropkick","Shrug It Off"],"picked":"Pommel Strike","floor":11.0},{"not_picked":["Wild Strike","Pummel"],"picked":"True Grit","floor":12.0},{"not_picked":["Pommel Strike","Wild Strike"],"picked":"Flex","floor":13.0},{"not_picked":["Headbutt","Pommel Strike"],"picked":"Disarm","floor":13.0},{"not_picked":["Cleave","Body Slam"],"picked":"Burning Pact","floor":13.0},{"not_picked":["Pommel Strike","Armaments"],"picked":"Reaper","floor":13.0},{"not_picked":["Reckless Charge","Iron Wave"],"picked":"Double Tap","floor":13.0},{"not_picked":["Anger","Blood for Blood"],"picked":"Feel No Pain","floor":14.0},{"not_picked":["Reaper","Fiend Fire"],"picked":"Barricade","floor":16.0},{"not_picked":["Anger","Inflame"],"picked":"Carnage","floor":18.0},{"not_picked":["Ghostly Armor","Pommel Strike"],"picked":"Disarm","floor":19.0},{"not_picked":["Cleave","Barricade"],"picked":"Clothesline+1","floor":21}],"player_experience":1028539,"relics_obtained":[{"floor":6.0,"key":"Calipers"},{"floor":9.0,"key":"Darkstone Periapt"},{"floor":10.0,"key":"Kunai"}],"event_choices":[{"damage_healed":0.0,"max_hp_gain":5.0,"max_hp_loss":0.0,"gold_gain":0.0,"event_name":"Big Fish","player_choice":"Donut","floor":2.0,"gold_loss":0.0,"damage_taken":0.0},{"damage_healed":0.0,"max_hp_gain":0.0,"max_hp_loss":0.0,"gold_gain":0.0,"event_name":"Shining Light","player_choice":"Ignored","floor":3.0,"gold_loss":0.0,"damage_taken":0.0},{"damage_healed":0.0,"max_hp_gain":0.0,"max_hp_loss":0.0,"gold_gain":0.0,"event_name":"Golden Idol","player_choice":"Take Damage","floor":4.0,"gold_loss":0.0,"damage_taken":28.0,"relics_obtained":["Golden Idol"]},{"damage_healed":0.0,"max_hp_gain":0.0,"max_hp_loss":0.0,"gold_gain":275.0,"event_name":"Golden Shrine","player_choice":"Desecrate","floor":5.0,"gold_loss":0.0,"damage_taken":0.0,"cards_obtained":["Regret"]}],"is_beta":false,"boss_relics":[{"not_picked":["SacredBark","Black Blood"],"picked":"Pandora\u0027s Box"}],"items_purged_floors":[7],"is_endless":false,"potions_floor_spawned":[6,11,14,19],"killed_by":"Snake Plant","ascension_level":20}}