{"host":"3ghcx3e93lhog3cp","time":1613078356,"event":{"mods":["AchievementEnabler","BaseMod","Downfall","Minty Spire (QoL Compilation)","Replay The Spire","StSLib"],"gold_per_floor":[118,118,136,136,150,180,196,196,196,196,222,222,255,255,255,356,356,376,391,26,125,143,143,143,171,171,171,171,190,220,234,234,333,333,345,7,7,26,45,45,145,145,145,171,184,198,13,13,13,13,13,13,13,42,42],"floor_reached":56,"language":"ENG","playtime":6481,"items_purged":["Strike_G","Strike_G","Hallucinations"],"score":1756,"play_id":"17187eef-9add-43cf-aed9-192f606a401b","local_time":"20210211131916","is_ascension_mode":true,"campfire_choices":[{"data":"Noxious Fumes","floor":8,"key":"SMITH"},{"data":"Catalyst","floor":10,"key":"SMITH"},{"data":"Strike_G","floor":15,"key":"PURGE"},{"data":"Dodge and Roll","floor":23,"key":"SMITH"},{"data":"Corpse Explosion","floor":27,"key":"SMITH"},{"data":"Footwork","floor":32,"key":"SMITH"},{"floor":40,"key":"RECALL"},{"data":"Burst","floor":42,"key":"SMITH"},{"data":"Draining Mist","floor":49,"key":"SMITH"},{"data":"Backflip","floor":52,"key":"SMITH"}],"circlet_count":0,"master_deck":["Defend_G+1","Defend_G","Defend_G","Defend_G","Survivor","Neutralize","Adrenaline","Noxious Fumes+1","Deadly Poison","Dodge and Roll+1","Deadly Poison","Catalyst+1","ReplayTheSpireMod:Speed Training","Corpse Explosion+1","PiercingWail","Predator","Backflip+1","Footwork+1","Crippling Poison+1","Burst+1","Impatience","Caltrops+1","Draining Mist+1","Draining Mist"],"relics":["Ring of the Snake","Oddly Smooth Stone","Replay:Bottled Flurry","WingedGreaves","Lantern","Ring of Fury","Ring of Hypnosis","Replay:Grab Bag","Painkiller Herb","Coffee Dripper","SlaversCollar","FossilizedHelix","Pet Ghost","Turnip","Simple Rune","Nilry\u0027s Codex","Red Mask","ChewingGum","HornCleat","Snake Skull","TungstenRod"],"acts_visited":["Exordium","TheCity","TheBeyond","TheEnding"],"potions_floor_usage":[6,6,6,16,16,29,30,33,33,35,46],"damage_taken":[{"damage":0,"enemies":"Small Slimes","floor":1,"turns":4},{"damage":1,"enemies":"Jaw Worm","floor":3,"turns":4},{"damage":0,"enemies":"2 Louse","floor":5,"turns":2},{"damage":23,"enemies":"Lagavulin","floor":6,"turns":6},{"damage":0,"enemies":"Looter","floor":7,"turns":4},{"damage":9,"enemies":"Gremlin Nob","floor":11,"turns":3},{"damage":9,"enemies":"Lagavulin","floor":13,"turns":5},{"damage":16,"enemies":"Fading Forest","floor":16,"turns":11},{"damage":12,"enemies":"Chosen","floor":18,"turns":5},{"damage":15,"enemies":"2 Thieves","floor":19,"turns":3},{"damage":0,"enemies":"Centurion and Healer","floor":22,"turns":6},{"damage":0,"enemies":"Slavers","floor":25,"turns":3},{"damage":0,"enemies":"Cultist and Chosen","floor":29,"turns":3},{"damage":2,"enemies":"Masked Bandits","floor":30,"turns":3},{"damage":0,"enemies":"3 Cultists","floor":31,"turns":2},{"damage":3,"enemies":"Pondfish","floor":33,"turns":9},{"damage":0,"enemies":"3 Darklings","floor":35,"turns":3},{"damage":0,"enemies":"Orb Walker","floor":38,"turns":3},{"damage":0,"enemies":"Writhing Mass","floor":39,"turns":4},{"damage":0,"enemies":"Nemesis","floor":44,"turns":5},{"damage":0,"enemies":"Jaw Worm Horde","floor":45,"turns":3},{"damage":2,"enemies":"Spire Growth","floor":46,"turns":4},{"damage":0,"enemies":"Awakened One","floor":50,"turns":13},{"damage":0,"enemies":"Shield and Spear","floor":54,"turns":5},{"damage":16,"enemies":"The Heart","floor":55,"turns":9}],"seed_played":"-835637525517883339","potions_obtained":[{"floor":1,"key":"AttackPotion"},{"floor":3,"key":"champ:CounterPotion"},{"floor":5,"key":"Venom Potion"},{"floor":11,"key":"Explosive Potion"},{"floor":13,"key":"Adrenaline Potion"},{"floor":22,"key":"DistilledChaos"},{"floor":25,"key":"Explosive Potion"},{"floor":29,"key":"Doom Potion"},{"floor":31,"key":"Explosive Potion"},{"floor":33,"key":"champ:CounterPotion"},{"floor":39,"key":"AttackPotion"},{"floor":44,"key":"sneckomod:MuddlingPotion"}],"is_trial":false,"path_per_floor":["M","?","M","?","M","E","M","R","T","R","E","?","E","?","R","B",null,"?","?","T","?","?","T","T","E","T","T","?","?","?","?","T","B",null,"?","T","?","?","?","T","?","T","T","E","?","?","T","?","T","B",null,"T","T","E","B",null],"character_chosen":"THE_SILENT","items_purchased":["FossilizedHelix","HornCleat","Draining Mist"],"campfire_rested":0,"item_purchase_floors":[20,36,47],"current_hp_per_floor":[70,70,69,62,62,39,39,39,39,39,30,30,21,21,21,17,70,58,43,43,43,43,43,43,43,43,43,27,27,25,25,25,22,70,70,70,70,70,70,70,70,70,70,70,70,68,68,68,68,68,70,70,70,70,54],"gold":42,"neow_bonus":"ONE_RANDOM_RARE_CARD","is_daily":false,"chose_seed":false,"campfire_upgraded":8,"win_rate":0.0,"timestamp":1613078356,"path_taken":["M","?","M","?","?","E","M","R","T","R","E","?","E","?","R","BOSS","?","?","T","?","?","T","?","E","T","T","?","?","?","?","T","BOSS","?","T","?","?","?","T","?","T","T","E","?","?","?","?","T","BOSS","T","T","E","BOSS"],"items_purchased_type":["Relic","Relic","Card"],"build_version":"2020-12-22","purchased_purges":3,"victory":true,"max_hp_per_floor":[70,70,70,70,70,70,70,70,70,70,70,70,70,70,70,70,70,70,70,70,70,70,70,70,70,70,70,70,70,70,70,70,70,70,70,70,70,70,70,70,70,70,70,70,70,70,70,70,70,70,70,70,70,70,70],"card_choices":[{"not_picked":["Acrobatics","Flechettes"],"picked":"Noxious Fumes","floor":1},{"not_picked":["Deflect","Cloak And Dagger"],"picked":"Deadly Poison","floor":3},{"not_picked":["ReplayTheSpireMod:Scrap Shanks","Deflect"],"picked":"Dodge and Roll","floor":5},{"not_picked":["Slice","Flechettes"],"picked":"Deadly Poison","floor":6},{"not_picked":["Backflip","ReplayTheSpireMod:Shiv Toss"],"picked":"Catalyst","floor":7},{"not_picked":["Dagger Throw","Underhanded Strike","All Out Attack"],"picked":"SKIP","floor":11},{"not_picked":["Flying Knee","Poisoned Stab"],"picked":"ReplayTheSpireMod:Speed Training","floor":13},{"not_picked":["Tools of the Trade","Venomology"],"picked":"Corpse Explosion","floor":16},{"not_picked":["Flechettes","Quick Slash"],"picked":"PiercingWail","floor":18},{"not_picked":["Calculated Gamble","Outmaneuver+1"],"picked":"Predator","floor":19},{"not_picked":["Prepared","Dagger Throw","Setup"],"picked":"SKIP","floor":22},{"not_picked":["Riddle With Holes","Cloak And Dagger"],"picked":"Backflip","floor":25},{"not_picked":["Acrobatics","All Out Attack+1"],"picked":"Footwork","floor":29},{"not_picked":["Sucker Punch","ReplayTheSpireMod:Shiv Toss+1"],"picked":"Crippling Poison+1","floor":31},{"not_picked":["Bullet Time","Die Die Die"],"picked":"Burst","floor":33},{"not_picked":["Dodge and Roll","Reflex+1","Slice+1"],"picked":"SKIP","floor":35},{"not_picked":["Mind Blast","Deep Breath"],"picked":"Impatience","floor":37},{"not_picked":["Well Laid Plans+1","Deflect+1"],"picked":"Caltrops+1","floor":38},{"not_picked":["Quick Slash","Dagger Throw+1","Poisoned Stab"],"picked":"SKIP","floor":39},{"not_picked":["Accuracy","Sucker Punch","PiercingWail"],"picked":"SKIP","floor":44},{"not_picked":["Skewer","Blade Dance+1","Accuracy+1"],"picked":"SKIP","floor":45},{"not_picked":["Heel Hook+1","Flechettes+1","Cloak And Dagger"],"picked":"SKIP","floor":46},{"not_picked":["Escape Plan+1","Sucker Punch","Masterful Stab+1"],"picked":"SKIP","floor":54}],"player_experience":271510,"relics_obtained":[{"floor":6,"key":"Oddly Smooth Stone"},{"floor":9,"key":"Replay:Bottled Flurry"},{"floor":11,"key":"WingedGreaves"},{"floor":13,"key":"Lantern"},{"floor":14,"key":"Ring of Fury"},{"floor":14,"key":"Ring of Hypnosis"},{"floor":24,"key":"Pet Ghost"},{"floor":25,"key":"Turnip"},{"floor":26,"key":"Simple Rune"},{"floor":28,"key":"Nilry\u0027s Codex"},{"floor":30,"key":"Red Mask"},{"floor":44,"key":"Snake Skull"},{"floor":54,"key":"TungstenRod"}],"event_choices":[{"cards_removed":["Strike_G"],"damage_healed":0,"gold_gain":0,"player_choice":"Forget","damage_taken":0,"max_hp_gain":0,"max_hp_loss":0,"event_name":"Living Wall","floor":2,"gold_loss":0},{"cards_removed":["Defend_G"],"damage_healed":0,"gold_gain":0,"player_choice":"Card Removal","damage_taken":7,"max_hp_gain":0,"max_hp_loss":0,"event_name":"Golden Wing","floor":4,"gold_loss":0},{"damage_healed":0,"gold_gain":0,"player_choice":"Ignored","damage_taken":0,"max_hp_gain":0,"max_hp_loss":0,"event_name":"Liars Game","floor":12,"gold_loss":0},{"damage_healed":0,"gold_gain":99,"player_choice":"Stole From Cult","damage_taken":0,"max_hp_gain":0,"max_hp_loss":0,"event_name":"Nest","floor":21,"gold_loss":0},{"damage_healed":0,"gold_gain":0,"player_choice":"Obtained Book","damage_taken":16,"max_hp_gain":0,"max_hp_loss":0,"event_name":"Cursed Tome","floor":28,"gold_loss":0},{"damage_healed":0,"gold_gain":0,"player_choice":"Fought Bandits","damage_taken":0,"max_hp_gain":0,"max_hp_loss":0,"event_name":"Masked Bandits","floor":30,"gold_loss":0},{"damage_healed":0,"gold_gain":0,"player_choice":"Memory 1","damage_taken":0,"max_hp_gain":0,"max_hp_loss":0,"event_name":"SensoryStone","floor":37,"gold_loss":0},{"damage_healed":0,"gold_gain":100,"player_choice":"Pray","damage_taken":0,"max_hp_gain":0,"max_hp_loss":0,"event_name":"Golden Shrine","floor":41,"gold_loss":0},{"cards_removed":["Strike_G"],"damage_healed":0,"gold_gain":0,"player_choice":"Purged","damage_taken":0,"max_hp_gain":0,"max_hp_loss":0,"event_name":"Purifier","floor":48,"gold_loss":0}],"is_beta":false,"boss_relics":[{"not_picked":["Pandora\u0027s Box","Busted Crown"],"picked":"Replay:Grab Bag"},{"not_picked":["Fusion Hammer","Replay:Bronze Core"],"picked":"Painkiller Herb"},{"not_picked":["Philosopher\u0027s Stone","Cursed Key"],"picked":"Coffee Dripper"},{"not_picked":["Empty Cage","Calling Bell"],"picked":"SlaversCollar"},{"not_picked":["Replay:Ancient Bell","bronze:MakeshiftBattery"],"picked":"ChewingGum"}],"items_purged_floors":[20,36,47],"is_endless":false,"potions_floor_spawned":[1,3,5,11,13,22,25,29,31,33,39,44],"ascension_level":3}}