{"host":"fp8agajml3w3zuy9","time":1613042445,"event":{"mods":["AchievementEnabler","BaseMod","BetterRewards","Card Forge","DeckTracker","Minty Spire (QoL Compilation)","Permanent Neow","Relic Filter","StSLib","The Senshi"],"gold_per_floor":[119,119,134,284,301,335,335,367,459,546,616,647,693,716,728,812,824,854,899,826,838,866,906,930,942,954,979,1020,1032,751,764,764,841,841,857,882,882,894,906,906,939,1161,1188,1239,642,677,29,58,58,58,58,58,58,91,91],"floor_reached":56,"language":"ENG","playtime":2109,"items_purged":[],"score":2878,"play_id":"85a73aa9-d08c-4a66-a288-93f110beaf9b","local_time":"20210211112045","is_ascension_mode":true,"campfire_choices":[{"floor":7,"key":"RECALL"},{"floor":15,"key":"REST"},{"floor":29,"key":"REST"},{"floor":32,"key":"REST"},{"floor":40,"key":"REST"},{"floor":49,"key":"REST"},{"floor":52,"key":"REST"}],"circlet_count":0,"master_deck":["AscendersBane","Bloodletting+1","Flex+1","Double Tap+1","Offering+1","Limit Break+1","Inflame+1","Rupture+1","Reaper+1","Seeing Red+1","Spot Weakness+1","Thunderclap+1","Whirlwind+1","Master of Strategy+1","RitualDagger+1","Bloodletting+1","Ghostly Armor+1","Offering+1","Exhume+1"],"relics":["Black Blood","Hammer of Thor","Seething Fire","Anvil of the Gods","Gambling Chip","Vajra","MawBank","theSenshi:SuperSailorFukuRelic","Oddly Smooth Stone","Red Mask","HornCleat","Omamori","Red Skull","Ornamental Fan","Lantern","Potion Belt","Runic Cube","Unceasing Top","Pen Nib","Anchor","Ginger","Happy Flower","Du-Vu Doll","HandDrill","Meat on the Bone","Dead Branch","Juzu Bracelet","Frozen Eye","Letter Opener","Centennial Puzzle"],"acts_visited":["Exordium","TheCity","TheBeyond","TheEnding"],"potions_floor_usage":[19,55,55,55],"damage_taken":[{"damage":6,"enemies":"Jaw Worm","floor":1,"turns":1},{"damage":0,"enemies":"Small Slimes","floor":3,"turns":1},{"damage":0,"enemies":"2 Louse","floor":5,"turns":1},{"damage":9,"enemies":"3 Sentries","floor":6,"turns":1},{"damage":12,"enemies":"Lagavulin","floor":8,"turns":4},{"damage":0,"enemies":"Exordium Wildlife","floor":12,"turns":2},{"damage":0,"enemies":"3 Sentries","floor":13,"turns":1},{"damage":0,"enemies":"Looter","floor":14,"turns":1},{"damage":8,"enemies":"Hexaghost","floor":16,"turns":1},{"damage":0,"enemies":"3 Byrds","floor":18,"turns":1},{"damage":0,"enemies":"Masked Bandits","floor":19,"turns":1},{"damage":0,"enemies":"Shell Parasite","floor":22,"turns":1},{"damage":0,"enemies":"Slavers","floor":23,"turns":1},{"damage":0,"enemies":"Snecko","floor":24,"turns":1},{"damage":7,"enemies":"Cultist and Chosen","floor":27,"turns":2},{"damage":5,"enemies":"Gremlin Leader","floor":28,"turns":1},{"damage":8,"enemies":"Centurion and Healer","floor":31,"turns":1},{"damage":5,"enemies":"Collector","floor":33,"turns":3},{"damage":0,"enemies":"Orb Walker","floor":35,"turns":1},{"damage":2,"enemies":"Mind Bloom Boss Battle","floor":36,"turns":2},{"damage":5,"enemies":"3 Shapes","floor":38,"turns":1},{"damage":0,"enemies":"Spire Growth","floor":39,"turns":1},{"damage":0,"enemies":"Reptomancer","floor":41,"turns":1},{"damage":0,"enemies":"2 Orb Walkers","floor":44,"turns":2},{"damage":0,"enemies":"Giant Head","floor":46,"turns":2},{"damage":0,"enemies":"Nemesis","floor":48,"turns":1},{"damage":0,"enemies":"Time Eater","floor":50,"turns":1},{"damage":0,"enemies":"Shield and Spear","floor":54,"turns":1},{"damage":28,"enemies":"The Heart","floor":55,"turns":3}],"seed_played":"5983816371544741157","potions_obtained":[{"floor":5,"key":"Fire Potion"},{"floor":8,"key":"Strength Potion"},{"floor":12,"key":"DistilledChaos"},{"floor":18,"key":"Energy Potion"},{"floor":23,"key":"SteroidPotion"},{"floor":33,"key":"DuplicationPotion"},{"floor":35,"key":"Fire Potion"},{"floor":36,"key":"SkillPotion"}],"is_trial":false,"path_per_floor":["M","?","M","?","M","E","R","E","T","?","?","M","E","M","R","B",null,"M","?","?","?","M","E","M","?","T","M","E","R","$","M","R","B",null,"M","?","?","M","M","R","E","?","T","?","$","E","$","E","R","B",null,"R","$","E","B",null],"character_chosen":"IRONCLAD","items_purchased":["Lantern","Potion Belt","Happy Flower","Du-Vu Doll","HandDrill","Dead Branch","Swift Potion","Juzu Bracelet","Frozen Eye"],"campfire_rested":6,"item_purchase_floors":[30,30,45,45,45,47,47,47,47],"current_hp_per_floor":[50,50,56,56,70,67,67,75,75,64,64,70,75,75,75,73,75,75,75,75,75,75,75,75,75,75,75,75,75,75,75,75,75,75,75,75,75,75,75,75,75,75,75,75,75,75,75,75,75,75,75,75,75,75,59],"gold":91,"neow_bonus":"ONE_RARE_RELIC","is_daily":false,"chose_seed":false,"campfire_upgraded":0,"win_rate":0.0,"timestamp":1613042445,"path_taken":["M","?","M","?","M","E","R","E","T","?","?","M","E","M","R","BOSS","M","?","?","?","M","E","M","?","T","?","E","R","?","M","R","BOSS","M","?","?","M","M","R","E","?","T","?","?","E","$","E","R","BOSS","R","$","E","BOSS"],"items_purchased_type":["Relic","Relic","Relic","Relic","Relic","Relic","Potion","Relic","Relic"],"build_version":"2020-12-22","purchased_purges":0,"victory":true,"max_hp_per_floor":[75,75,75,75,75,75,75,75,75,75,75,75,75,75,75,75,75,75,75,75,75,75,75,75,75,75,75,75,75,75,75,75,75,75,75,75,75,75,75,75,75,75,75,75,75,75,75,75,75,75,75,75,75,75,75],"card_choices":[{"not_picked":["Body Slam","Flame Barrier","Havoc"],"picked":"SKIP","floor":1},{"not_picked":["Rampage","Havoc","Clothesline"],"picked":"SKIP","floor":3},{"not_picked":["Body Slam","Whirlwind","Cleave"],"picked":"SKIP","floor":5},{"not_picked":["Inflame","Dark Embrace","Feel No Pain"],"picked":"SKIP","floor":6},{"not_picked":["Battle Trance","Flame Barrier","Headbutt"],"picked":"SKIP","floor":8},{"not_picked":["Whirlwind","Twin Strike","Heavy Blade"],"picked":"SKIP","floor":12},{"not_picked":["Feed","Flame Barrier","Demon Form"],"picked":"SKIP","floor":13},{"not_picked":["Iron Wave","Cleave","Second Wind"],"picked":"SKIP","floor":14},{"not_picked":["Pummel","Heavy Blade","Headbutt"],"picked":"SKIP","floor":18},{"not_picked":["Clothesline","Havoc","Body Slam"],"picked":"SKIP","floor":22},{"not_picked":["Combust","Limit Break","Carnage"],"picked":"SKIP","floor":23},{"not_picked":["True Grit","Perfected Strike+1","Iron Wave"],"picked":"SKIP","floor":24},{"not_picked":["Thunderclap","Flame Barrier","Flex+1"],"picked":"SKIP","floor":27},{"not_picked":["Hemokinesis","Sentinel","Havoc"],"picked":"SKIP","floor":28},{"not_picked":["Feel No Pain","Iron Wave","Thunderclap"],"picked":"SKIP","floor":31},{"not_picked":["Whirlwind","Feel No Pain","Infernal Blade+1"],"picked":"SKIP","floor":35},{"not_picked":["True Grit+1","Flex+1","Sever Soul"],"picked":"SKIP","floor":38},{"not_picked":["Pommel Strike","Dark Embrace+1"],"picked":"Shockwave+1","floor":39},{"not_picked":["Reckless Charge+1","Wild Strike","Sever Soul"],"picked":"SKIP","floor":41},{"not_picked":["Pommel Strike","Corruption"],"picked":"Perfected Strike","floor":46},{"not_picked":["Berserk","Headbutt","Armaments"],"picked":"SKIP","floor":48},{"not_picked":["Feel No Pain","Clothesline","True Grit"],"picked":"SKIP","floor":54}],"player_experience":427901,"relics_obtained":[{"floor":6,"key":"Vajra"},{"floor":8,"key":"MawBank"},{"floor":9,"key":"theSenshi:SuperSailorFukuRelic"},{"floor":13,"key":"Oddly Smooth Stone"},{"floor":19,"key":"Red Mask"},{"floor":23,"key":"Red Skull"},{"floor":28,"key":"Ornamental Fan"},{"floor":36,"key":"Unceasing Top"},{"floor":41,"key":"Pen Nib"},{"floor":43,"key":"Anchor"},{"floor":44,"key":"Ginger"},{"floor":46,"key":"Meat on the Bone"},{"floor":48,"key":"Letter Opener"},{"floor":54,"key":"Centennial Puzzle"}],"event_choices":[{"damage_healed":0,"gold_gain":0,"player_choice":"Leave","damage_taken":0,"max_hp_gain":0,"max_hp_loss":0,"event_name":"The Cleric","floor":2,"gold_loss":0},{"damage_healed":0,"gold_gain":150,"player_choice":"AGREE","damage_taken":0,"max_hp_gain":0,"max_hp_loss":0,"event_name":"Liars Game","floor":4,"gold_loss":0,"cards_obtained":["Doubt"]},{"damage_healed":0,"gold_gain":75,"player_choice":"Gather Gold","damage_taken":11,"max_hp_gain":0,"max_hp_loss":0,"event_name":"World of Goop","floor":10,"gold_loss":0},{"damage_healed":0,"gold_gain":58,"player_choice":"Gained Gold","damage_taken":0,"max_hp_gain":0,"max_hp_loss":0,"event_name":"Golden Wing","floor":11,"gold_loss":0},{"damage_healed":0,"gold_gain":0,"player_choice":"Fought Bandits","damage_taken":0,"max_hp_gain":0,"max_hp_loss":0,"event_name":"Masked Bandits","floor":19,"gold_loss":0},{"damage_healed":0,"gold_gain":0,"player_choice":"Obtained Relic","damage_taken":0,"relics_obtained":["HornCleat"],"max_hp_gain":0,"max_hp_loss":0,"event_name":"Addict","floor":20,"gold_loss":85},{"damage_healed":0,"gold_gain":0,"player_choice":"Opened","damage_taken":0,"relics_obtained":["Omamori"],"max_hp_gain":0,"max_hp_loss":0,"event_name":"The Mausoleum","floor":21,"gold_loss":0,"cards_obtained":["Writhe"]},{"damage_healed":0,"gold_gain":0,"player_choice":"Copied","damage_taken":0,"max_hp_gain":0,"max_hp_loss":0,"event_name":"Duplicator","floor":25,"gold_loss":0,"cards_obtained":["AscendersBane"]},{"damage_healed":0,"gold_gain":0,"player_choice":"Fight","damage_taken":0,"max_hp_gain":0,"max_hp_loss":0,"event_name":"MindBloom","floor":36,"gold_loss":0},{"cards_removed":["Demon Form"],"damage_healed":0,"gold_gain":0,"player_choice":"Removed Power","damage_taken":0,"max_hp_gain":0,"max_hp_loss":0,"event_name":"Falling","floor":37,"gold_loss":0},{"damage_healed":0,"gold_gain":222,"player_choice":"Wore Mask","damage_taken":0,"max_hp_gain":0,"max_hp_loss":0,"event_name":"Tomb of Lord Red Mask","floor":42,"gold_loss":0},{"damage_healed":0,"gold_gain":0,"player_choice":"Fight","damage_taken":0,"max_hp_gain":0,"max_hp_loss":0,"event_name":"Mysterious Sphere","floor":44,"gold_loss":0}],"is_beta":false,"boss_relics":[{"not_picked":["Empty Cage","Sozu"],"picked":"Black Blood"},{"not_picked":["Pandora\u0027s Box","Velvet Choker"],"picked":"Runic Cube"}],"items_purged_floors":[],"is_endless":false,"potions_floor_spawned":[5,8,12,16,18,23,28,33,35,36,39,44],"ascension_level":15}}