{"host":"3c8x8j1h2jyrixpf","time":1613084767,"event":{"mods":["BaseMod","Colored Powertips","Highlight Path","Minty Spire (QoL Compilation)","StSLib"],"gold_per_floor":[115,130,130,21,36,70,70,88,88,88,53,78,78,97,97,195,195,208,108,18,29,40,70,70,70,70,100,100,100,126,92,92,188,188,199,34,0,14,27,27,60,75,75,125,141,141,141,170,170,170,170,170,28,59,59],"floor_reached":56,"language":"ENG","playtime":2784,"items_purged":["Strike_R","Strike_R","Strike_R"],"score":1879,"play_id":"9cc8bb4a-bce2-4a48-a404-3a4653b1d224","local_time":"20210211170607","is_ascension_mode":true,"campfire_choices":[{"data":"Whirlwind","floor":7.0,"key":"SMITH"},{"data":"Berserk","floor":10.0,"key":"SMITH"},{"data":"Armaments","floor":15.0,"key":"SMITH"},{"floor":24.0,"key":"REST"},{"data":"Disarm","floor":29.0,"key":"SMITH"},{"data":"Rupture","floor":32.0,"key":"SMITH"},{"floor":40.0,"key":"RECALL"},{"data":"Juggernaut","floor":46,"key":"SMITH"},{"data":"Flame Barrier","floor":49,"key":"SMITH"},{"data":"Flame Barrier","floor":52,"key":"SMITH"}],"circlet_count":0,"master_deck":["AscendersBane","Strike_R+1","Defend_R","Defend_R+1","Defend_R","Bash","Infernal Blade","Uppercut+1","Rupture+1","Berserk+1","Whirlwind+1","Armaments+1","Corruption","Reaper","Disarm+1","J.A.X.","Barricade","Entrench","Reaper","Flame Barrier+1","Flame Barrier+1","Juggernaut+1","Impervious","Flame Barrier+1"],"relics":["Burning Blood","Oddly Smooth Stone","Singing Bowl","Calipers","Snecko Eye","Mango","Mercury Hourglass","Nunchaku","Nloth\u0027s Gift","Turnip","Sozu","Red Mask","Akabeko","Incense Burner","Omamori","War Paint"],"acts_visited":["Exordium","TheCity","TheBeyond","TheEnding"],"potions_floor_usage":[55],"damage_taken":[{"damage":0.0,"enemies":"Cultist","floor":1.0,"turns":1.0},{"damage":0.0,"enemies":"2 Louse","floor":2.0,"turns":1.0},{"damage":0.0,"enemies":"Jaw Worm","floor":5.0,"turns":1.0},{"damage":55.0,"enemies":"Gremlin Nob","floor":6.0,"turns":5.0},{"damage":11.0,"enemies":"Looter","floor":8.0,"turns":3.0},{"damage":20.0,"enemies":"Lagavulin","floor":12.0,"turns":5.0},{"damage":6.0,"enemies":"Lots of Slimes","floor":14.0,"turns":2.0},{"damage":19.0,"enemies":"The Guardian","floor":16.0,"turns":15.0},{"damage":18.0,"enemies":"Spheric Guardian","floor":18.0,"turns":5.0},{"damage":15.0,"enemies":"2 Thieves","floor":21.0,"turns":4.0},{"damage":19.0,"enemies":"Snecko","floor":22.0,"turns":4.0},{"damage":35.0,"enemies":"Book of Stabbing","floor":23.0,"turns":5.0},{"damage":14.0,"enemies":"Gremlin Leader","floor":27.0,"turns":4.0},{"damage":20.0,"enemies":"Slavers","floor":30.0,"turns":4.0},{"damage":50.0,"enemies":"Champ","floor":33.0,"turns":9.0},{"damage":38.0,"enemies":"3 Shapes","floor":35.0,"turns":7.0},{"damage":18.0,"enemies":"3 Darklings","floor":38.0,"turns":5.0},{"damage":5.0,"enemies":"Transient","floor":39.0,"turns":5.0},{"damage":60.0,"enemies":"Reptomancer","floor":41.0,"turns":9.0},{"damage":5.0,"enemies":"Spire Growth","floor":42.0,"turns":4.0},{"damage":3,"enemies":"Mind Bloom Boss Battle","floor":44,"turns":4},{"damage":13,"enemies":"3 Darklings","floor":45,"turns":4},{"damage":7,"enemies":"Nemesis","floor":48,"turns":9},{"damage":60,"enemies":"Awakened One","floor":50,"turns":12},{"damage":54,"enemies":"Shield and Spear","floor":54,"turns":8},{"damage":34,"enemies":"The Heart","floor":55,"turns":11}],"seed_played":"-1307012727281064358","potions_obtained":[{"floor":2.0,"key":"GamblersBrew"},{"floor":14.0,"key":"Dexterity Potion"},{"floor":16.0,"key":"SneckoOil"},{"floor":30.0,"key":"BloodPotion"},{"floor":33.0,"key":"Fire Potion"}],"is_trial":false,"path_per_floor":["M","M","?","$","M","E","R","M","T","R","?","E","?","M","R","B",null,"M","$","?","M","M","E","R","?","T","E","?","R","E","$","R","B",null,"M","$","?","M","M","R","E","M","T","?","M","R","?","E","R","B",null,"R","$","E","B",null],"character_chosen":"IRONCLAD","items_purchased":["Rupture","Entrench","Flame Barrier","Impervious"],"campfire_rested":1,"item_purchase_floors":[4,31,36,53],"current_hp_per_floor":[78,80,73,73,79,30,30,25,25,25,45,31,31,33,33,20,67,55,55,55,58,52,37,67,67,67,89,89,89,91,91,91,77,96,102,102,102,104,106,106,81,93,93,98,112,112,112,114,114,86,107,107,107,91,83],"gold":59,"neow_bonus":"THREE_ENEMY_KILL","is_daily":false,"chose_seed":false,"campfire_upgraded":8,"win_rate":0.0,"timestamp":1613084767,"path_taken":["M","?","?","$","M","E","R","M","T","R","?","E","?","M","R","BOSS","M","?","?","?","M","E","R","?","T","E","?","R","E","$","R","BOSS","M","?","?","M","M","R","E","M","T","?","M","R","?","E","R","BOSS","R","$","E","BOSS"],"items_purchased_type":["Card","Card","Card","Card"],"build_version":"2020-12-22","purchased_purges":3,"victory":true,"max_hp_per_floor":[80,80,80,80,80,80,80,80,80,80,80,80,80,82,82,82,82,82,82,82,84,86,100,100,100,100,102,102,102,102,102,102,102,102,104,104,104,104,106,106,106,108,108,110,112,112,112,114,114,114,114,114,114,114,114],"card_choices":[{"not_picked":["Clash","Havoc"],"picked":"Infernal Blade","floor":1.0},{"not_picked":["Anger","Infernal Blade"],"picked":"Uppercut","floor":2.0},{"not_picked":["Cleave","Rampage"],"picked":"Berserk","floor":5.0},{"not_picked":["Intimidate","Sever Soul"],"picked":"Whirlwind","floor":6.0},{"not_picked":["Heavy Blade","Perfected Strike"],"picked":"Armaments","floor":8.0},{"not_picked":["Anger","Second Wind"],"picked":"Corruption","floor":12.0},{"not_picked":["Sever Soul","Rupture","Heavy Blade"],"picked":"Singing Bowl","floor":14.0},{"not_picked":["Brutality","Immolate"],"picked":"Reaper","floor":16.0},{"not_picked":["Clothesline","Iron Wave"],"picked":"Hemokinesis","floor":18.0},{"not_picked":["Thunderclap+1","Dual Wield","Sword Boomerang+1"],"picked":"Singing Bowl","floor":21.0},{"not_picked":["Armaments","Perfected Strike","Infernal Blade"],"picked":"Singing Bowl","floor":22.0},{"not_picked":["Iron Wave","Twin Strike+1"],"picked":"Disarm","floor":23.0},{"not_picked":["Armaments","Wild Strike","Cleave"],"picked":"Singing Bowl","floor":27.0},{"not_picked":["Iron Wave","Cleave"],"picked":"Barricade","floor":30.0},{"not_picked":["Barricade","Offering"],"picked":"Reaper","floor":33.0},{"not_picked":["Seeing Red+1","Anger","Pommel Strike"],"picked":"Singing Bowl","floor":35.0},{"not_picked":["Shrug It Off","Hemokinesis"],"picked":"Flame Barrier","floor":38.0},{"not_picked":["Berserk","Anger","Perfected Strike+1"],"picked":"Singing Bowl","floor":39.0},{"not_picked":["Sever Soul","Brutality"],"picked":"Juggernaut","floor":41.0},{"not_picked":["Intimidate","Sentinel","Warcry"],"picked":"Singing Bowl","floor":42.0},{"not_picked":["Sword Boomerang","Clash","Shrug It Off"],"picked":"Singing Bowl","floor":44},{"not_picked":["Twin Strike","Wild Strike","Sentinel"],"picked":"Singing Bowl","floor":45},{"not_picked":["Brutality","Spot Weakness","Sentinel"],"picked":"Singing Bowl","floor":48},{"not_picked":["Iron Wave+1","Reaper"],"picked":"Flame Barrier","floor":54}],"player_experience":231910,"relics_obtained":[{"floor":6.0,"key":"Oddly Smooth Stone"},{"floor":9.0,"key":"Singing Bowl"},{"floor":12.0,"key":"Calipers"},{"floor":23.0,"key":"Mango"},{"floor":26.0,"key":"Mercury Hourglass"},{"floor":27.0,"key":"Nunchaku"},{"floor":30.0,"key":"Turnip"},{"floor":41.0,"key":"Akabeko"},{"floor":44,"key":"Incense Burner"},{"floor":48,"key":"Omamori"},{"floor":54,"key":"War Paint"}],"event_choices":[{"cards_removed":["Strike_R"],"damage_healed":0.0,"max_hp_gain":0.0,"max_hp_loss":0.0,"gold_gain":0.0,"event_name":"Golden Wing","player_choice":"Card Removal","floor":3.0,"gold_loss":0.0,"damage_taken":7.0},{"damage_healed":20.0,"max_hp_gain":0.0,"max_hp_loss":0.0,"gold_gain":0.0,"event_name":"The Cleric","player_choice":"Healed","floor":11.0,"gold_loss":35.0,"damage_taken":0.0},{"damage_healed":0.0,"max_hp_gain":0.0,"max_hp_loss":0.0,"gold_gain":0.0,"event_name":"Upgrade Shrine","player_choice":"Upgraded","floor":13.0,"gold_loss":0.0,"damage_taken":0.0,"cards_upgraded":["Uppercut"]},{"cards_removed":["Defend_R"],"damage_healed":0.0,"max_hp_gain":0.0,"max_hp_loss":0.0,"gold_gain":0.0,"event_name":"Designer","player_choice":"Upgrade and Remove","floor":20.0,"gold_loss":90.0,"damage_taken":0.0,"cards_upgraded":["Strike_R"]},{"damage_healed":0.0,"max_hp_gain":0.0,"max_hp_loss":0.0,"gold_gain":0.0,"event_name":"Drug Dealer","player_choice":"Obtain J.A.X.","floor":25.0,"gold_loss":0.0,"damage_taken":0.0,"cards_obtained":["J.A.X."]},{"damage_healed":0.0,"max_hp_gain":0.0,"max_hp_loss":0.0,"gold_gain":0.0,"event_name":"N\u0027loth","player_choice":"Traded Relic","floor":28.0,"relics_lost":["NeowsBlessing"],"gold_loss":0.0,"damage_taken":0.0,"relics_obtained":["Nloth\u0027s Gift"]},{"damage_healed":0.0,"max_hp_gain":0.0,"max_hp_loss":0.0,"gold_gain":0.0,"event_name":"Tomb of Lord Red Mask","player_choice":"Paid","floor":37.0,"gold_loss":34.0,"damage_taken":0.0,"relics_obtained":["Red Mask"]},{"damage_healed":0,"gold_gain":0,"player_choice":"Fight","damage_taken":0,"max_hp_gain":0,"max_hp_loss":0,"event_name":"MindBloom","floor":44,"gold_loss":0},{"cards_removed":["Hemokinesis"],"damage_healed":0,"gold_gain":0,"player_choice":"Removed Attack","damage_taken":0,"max_hp_gain":0,"max_hp_loss":0,"event_name":"Falling","floor":47,"gold_loss":0}],"is_beta":false,"boss_relics":[{"not_picked":["Pandora\u0027s Box","Tiny House"],"picked":"Snecko Eye"},{"not_picked":["Black Blood","SacredBark"],"picked":"Sozu"}],"items_purged_floors":[4,19,36],"is_endless":false,"potions_floor_spawned":[2,14,16,18,30,33,41,44,45,54],"ascension_level":12}}