{"host":"qc8p2flj7wsy3zpg","time":1613010747,"event":{"mods":["BaseMod","Highlight Path","Minty Spire (QoL Compilation)","Monster List Patch","Relic Stats","StSLib"],"gold_per_floor":[113,126,126,142,161,161,179,179,204,218,218,218,239,255,255,383,383,404,404,418,21,45,45,68,87,157,176,200,221,221,244,244,244,244],"floor_reached":33,"language":"ENG","playtime":811,"items_purged":[],"score":249,"play_id":"298e6653-c801-49ef-85a0-311e1f261cb4","local_time":"20210210203227","is_ascension_mode":false,"campfire_choices":[{"data":"Riddle With Holes","floor":6,"key":"SMITH"},{"data":"Poisoned Stab","floor":12,"key":"SMITH"},{"floor":15,"key":"REST"},{"data":"Eviscerate","floor":23,"key":"SMITH"},{"floor":30,"key":"REST"},{"floor":32,"key":"REST"}],"circlet_count":0,"master_deck":["Strike_G","Strike_G","Strike_G","Strike_G","Strike_G","Defend_G","Defend_G","Defend_G","Defend_G","Defend_G","Survivor","Neutralize+1","Poisoned Stab+1","Sucker Punch","Riddle With Holes+1","Slice","Dagger Throw","Poisoned Stab","Unload+1","Flying Knee","Eviscerate+1","Catalyst","Leg Sweep","Riddle With Holes+1","Dagger Spray+1","Predator+1","Glass Knife+1"],"relics":["Ring of the Snake","Golden Idol","Pen Nib","Snecko Eye","Orrery","Molten Egg 2","Letter Opener"],"acts_visited":["Exordium","TheCity"],"potions_floor_usage":[7,16,16,27,28,33,33,33],"damage_taken":[{"damage":10,"enemies":"Small Slimes","floor":1,"turns":4},{"damage":5,"enemies":"2 Louse","floor":2,"turns":3},{"damage":4,"enemies":"Cultist","floor":4,"turns":3},{"damage":14,"enemies":"Exordium Thugs","floor":5,"turns":6},{"damage":16,"enemies":"Large Slime","floor":7,"turns":2},{"damage":2,"enemies":"Looter","floor":10,"turns":3},{"damage":13,"enemies":"Exordium Thugs","floor":13,"turns":4},{"damage":7,"enemies":"Blue Slaver","floor":14,"turns":2},{"damage":22,"enemies":"Hexaghost","floor":16,"turns":8},{"damage":14,"enemies":"3 Byrds","floor":18,"turns":5},{"damage":0,"enemies":"Spheric Guardian","floor":20,"turns":2},{"damage":7,"enemies":"Centurion and Healer","floor":22,"turns":6},{"damage":15,"enemies":"Snecko","floor":24,"turns":4},{"damage":0,"enemies":"3 Cultists","floor":25,"turns":3},{"damage":23,"enemies":"Snake Plant","floor":27,"turns":4},{"damage":0,"enemies":"Centurion and Healer","floor":28,"turns":2},{"damage":0,"enemies":"Sentry and Sphere","floor":29,"turns":3},{"damage":4,"enemies":"3 Cultists","floor":31,"turns":3},{"damage":60,"enemies":"Automaton","floor":33,"turns":6}],"seed_played":"-5315846809442454625","potions_obtained":[{"floor":1,"key":"PowerPotion"},{"floor":4,"key":"Fire Potion"},{"floor":7,"key":"Block Potion"},{"floor":14,"key":"SteroidPotion"},{"floor":18,"key":"SteroidPotion"},{"floor":22,"key":"EssenceOfSteel"},{"floor":28,"key":"Weak Potion"},{"floor":29,"key":"BlessingOfTheForge"}],"is_trial":false,"path_per_floor":["M","M","?","M","M","R","M","?","T","M","?","R","M","M","R","B",null,"M","?","M","$","M","R","M","M","T","M","M","M","R","M","R","B"],"character_chosen":"THE_SILENT","items_purchased":["Orrery","Molten Egg 2"],"campfire_rested":3,"item_purchase_floors":[21,21],"current_hp_per_floor":[60,55,55,51,37,37,21,21,21,19,40,40,27,20,39,17,65,51,51,51,51,44,44,29,29,29,6,6,6,25,21,40,0,0],"gold":244,"neow_bonus":"UPGRADE_CARD","is_daily":false,"chose_seed":false,"campfire_upgraded":3,"win_rate":0.0,"timestamp":1613010747,"path_taken":["M","M","?","M","M","R","M","?","T","M","?","R","M","M","R","BOSS","M","?","M","$","M","R","M","M","T","M","M","M","R","?","R","BOSS"],"items_purchased_type":["Relic","Relic"],"build_version":"2020-12-22","purchased_purges":0,"victory":false,"max_hp_per_floor":[70,70,65,65,65,65,65,65,65,65,65,65,65,65,65,65,65,65,65,65,65,65,65,65,65,65,65,65,65,65,65,65,65,65],"relic_stats":{"counters":[19,73],"Golden Idol":86,"Snecko Eye":[84,74,64,73],"Pen Nib":[14],"Letter Opener":[0],"obtain_stats":[{"Golden Idol":3,"Snecko Eye":17,"Orrery":21,"Molten Egg 2":21,"Pen Nib":9,"Letter Opener":26,"Ring of the Snake":0},{"Golden Idol":2,"Snecko Eye":9,"Orrery":11,"Molten Egg 2":11,"Pen Nib":5,"Letter Opener":14,"Ring of the Snake":0},{"Golden Idol":7,"Snecko Eye":35,"Orrery":42,"Molten Egg 2":42,"Pen Nib":18,"Letter Opener":55,"Ring of the Snake":0}],"Ring of the Snake":[38]},"card_choices":[{"not_picked":["Slice","Distraction"],"picked":"Poisoned Stab","floor":2},{"not_picked":["Prepared","Backflip"],"picked":"Sucker Punch","floor":4},{"not_picked":["Venomology","Well Laid Plans"],"picked":"Riddle With Holes","floor":5},{"not_picked":["Expertise","Deflect"],"picked":"Slice","floor":7},{"not_picked":["Dodge and Roll","Prepared"],"picked":"Dagger Throw","floor":13},{"not_picked":["Backflip","Dagger Throw"],"picked":"Poisoned Stab","floor":14},{"not_picked":["After Image","Storm of Steel"],"picked":"Unload","floor":16},{"not_picked":["Dodge and Roll","Setup"],"picked":"Flying Knee","floor":18},{"not_picked":["Noxious Fumes","Heel Hook+1"],"picked":"Eviscerate","floor":20},{"not_picked":["Acrobatics","Slice+1"],"picked":"Catalyst","floor":21},{"not_picked":["Dagger Throw+1","Footwork"],"picked":"Leg Sweep","floor":22},{"not_picked":["Blur","Flying Knee+1"],"picked":"Riddle With Holes+1","floor":24},{"not_picked":["Backstab+1","Escape Plan"],"picked":"Dagger Spray+1","floor":25},{"not_picked":["Heel Hook+1","Calculated Gamble"],"picked":"Predator+1","floor":27},{"not_picked":["PiercingWail+1","Blade Dance"],"picked":"Glass Knife+1","floor":29}],"player_experience":2361969,"relics_obtained":[{"floor":9,"key":"Pen Nib"},{"floor":26,"key":"Letter Opener"}],"event_choices":[{"damage_healed":0,"gold_gain":0,"player_choice":"Lose Max HP","damage_taken":0,"relics_obtained":["Golden Idol"],"max_hp_gain":0,"max_hp_loss":5,"event_name":"Golden Idol","floor":3,"gold_loss":0},{"damage_healed":0,"gold_gain":0,"player_choice":"Searched \u00270\u0027 times","damage_taken":0,"max_hp_gain":0,"max_hp_loss":0,"event_name":"Dead Adventurer","floor":8,"gold_loss":0},{"damage_healed":21,"gold_gain":0,"player_choice":"Banana","damage_taken":0,"max_hp_gain":0,"max_hp_loss":0,"event_name":"Big Fish","floor":11,"gold_loss":0},{"damage_healed":0,"gold_gain":0,"player_choice":"Upgraded","damage_taken":0,"max_hp_gain":0,"max_hp_loss":0,"event_name":"Upgrade Shrine","floor":19,"gold_loss":0,"cards_upgraded":["Unload"]}],"is_beta":false,"boss_relics":[{"not_picked":["Black Star","Sozu"],"picked":"Snecko Eye"}],"items_purged_floors":[],"is_endless":false,"potions_floor_spawned":[1,4,7,14,18,22,25,28,29],"killed_by":"Automaton","ascension_level":0}}