{"host":"c6u7e77myxvw4d0m","time":1613070142,"event":{"mods":["AchievementEnabler","BaseMod","Bestiary","Colored Map","Colored Powertips","Minty Spire (QoL Compilation)","Rare Cards Sparkle","Relic Stats","everything is the same but u backflip on backflip"],"gold_per_floor":[110,123,48,48,59,84,95,95,122,148,298,314,314,332,332,406,406,420,435,447,460,471,471,497,497,521,560,572,584,195,209,209,281,281,294,313,18,31,44,44,58,78,129,143,143,175,186,3,3,3,3,3],"floor_reached":51,"language":"ENG","playtime":7082,"items_purged":["Doubt","Strike_G"],"score":1470,"play_id":"b9500326-7139-4a27-89de-5e7dd6f0d2e0","local_time":"20210211210222","is_ascension_mode":true,"campfire_choices":[{"floor":8.0,"key":"REST"},{"data":"Noxious Fumes","floor":13.0,"key":"SMITH"},{"data":"Deadly Poison","floor":15.0,"key":"SMITH"},{"floor":23,"key":"REST"},{"data":"Footwork","floor":25,"key":"SMITH"},{"floor":28,"key":"REST"},{"data":"Catalyst","floor":32,"key":"SMITH"},{"data":"Corpse Explosion","floor":40,"key":"SMITH"},{"floor":45,"key":"REST"},{"floor":49,"key":"REST"}],"circlet_count":0,"master_deck":["AscendersBane","Strike_G","Strike_G","Strike_G","Defend_G+1","Defend_G","Defend_G","Defend_G","Defend_G","Survivor","Neutralize","Poisoned Stab+1","Deadly Poison+1","Masterful Stab","Noxious Fumes+1","Bane","Envenom","Footwork+1","Cloak And Dagger","Corpse Explosion+1","Concentrate+1","Dodge and Roll","Blur","Caltrops+1","Catalyst+1","Flash of Steel","PiercingWail+1","Deadly Poison","Deadly Poison+1","Leg Sweep","PiercingWail+1","Blur+1","Catalyst","Sadistic Nature"],"relics":["Ring of the Snake","Bag of Marbles","Toy Ornithopter","Strawberry","Regal Pillow","Runic Pyramid","Mummified Hand","MealTicket","Nloth\u0027s Gift","Toolbox","Velvet Choker","Membership Card","Lantern","PreservedInsect","Darkstone Periapt","War Paint"],"acts_visited":["Exordium","TheCity","TheBeyond"],"potions_floor_usage":[21,24,27,33,33,44,46,46,50],"damage_taken":[{"damage":4.0,"enemies":"Small Slimes","floor":1.0,"turns":4.0},{"damage":0.0,"enemies":"2 Louse","floor":2.0,"turns":2.0},{"damage":0.0,"enemies":"Jaw Worm","floor":5.0,"turns":3.0},{"damage":36.0,"enemies":"Gremlin Nob","floor":6.0,"turns":4.0},{"damage":0.0,"enemies":"2 Fungi Beasts","floor":7.0,"turns":3.0},{"damage":0.0,"enemies":"3 Sentries","floor":10.0,"turns":6.0},{"damage":0.0,"enemies":"Red Slaver","floor":12.0,"turns":2.0},{"damage":11.0,"enemies":"Large Slime","floor":14.0,"turns":4.0},{"damage":26.0,"enemies":"Slime Boss","floor":16.0,"turns":8.0},{"damage":2,"enemies":"Chosen","floor":18,"turns":5},{"damage":12,"enemies":"Shell Parasite","floor":19,"turns":6},{"damage":19,"enemies":"Sentry and Sphere","floor":20,"turns":7},{"damage":7,"enemies":"Cultist and Chosen","floor":21,"turns":5},{"damage":3,"enemies":"Centurion and Healer","floor":22,"turns":6},{"damage":20,"enemies":"Gremlin Leader","floor":24,"turns":6},{"damage":40,"enemies":"Slavers","floor":27,"turns":4},{"damage":10,"enemies":"Snake Plant","floor":31,"turns":4},{"damage":47,"enemies":"Automaton","floor":33,"turns":9},{"damage":12,"enemies":"3 Darklings","floor":35,"turns":4},{"damage":0,"enemies":"Orb Walker","floor":36,"turns":3},{"damage":0,"enemies":"Jaw Worm Horde","floor":38,"turns":3},{"damage":0,"enemies":"4 Shapes","floor":39,"turns":2},{"damage":0,"enemies":"Sphere and 2 Shapes","floor":41,"turns":8},{"damage":1,"enemies":"Writhing Mass","floor":42,"turns":5},{"damage":67,"enemies":"Spire Growth","floor":44,"turns":6},{"damage":39,"enemies":"Giant Head","floor":46,"turns":8},{"damage":3,"enemies":"Transient","floor":47,"turns":6},{"damage":65,"enemies":"Donu and Deca","floor":50,"turns":8},{"damage":8,"enemies":"Time Eater","floor":51,"turns":2}],"seed_played":"8295008516177655682","potions_obtained":[{"floor":2.0,"key":"Poison Potion"},{"floor":6.0,"key":"Block Potion"},{"floor":7.0,"key":"SteroidPotion"},{"floor":14.0,"key":"Poison Potion"},{"floor":18,"key":"PowerPotion"},{"floor":22,"key":"SmokeBomb"},{"floor":24,"key":"DistilledChaos"},{"floor":27,"key":"AttackPotion"},{"floor":33,"key":"BlessingOfTheForge"},{"floor":36,"key":"Regen Potion"},{"floor":42,"key":"PowerPotion"},{"floor":44,"key":"GamblersBrew"},{"floor":47,"key":"SkillPotion"}],"is_trial":false,"path_per_floor":["M","M","?","?","M","E","M","R","T","E","?","M","R","M","R","B",null,"M","M","M","M","M","R","E","R","T","E","R","?","$","M","R","B",null,"M","M","$","M","M","R","M","M","T","M","R","E","M","$","R","B","B"],"character_chosen":"THE_SILENT","items_purchased":["Poison Potion","Toolbox","Flash of Steel","Membership Card","Lantern","Sadistic Nature","War Paint"],"campfire_rested":5,"item_purchase_floors":[30,30,30,37,37,48,48],"current_hp_per_floor":[55,55,55,55,55,19,19,38,45,50,50,55,55,44,44,18,59,57,45,26,24,21,57,42,42,42,7,43,43,58,48,48,11,58,46,46,61,61,61,61,61,60,60,13,49,20,17,32,68,8,0,0],"gold":3,"neow_bonus":"RANDOM_COMMON_RELIC","is_daily":false,"chose_seed":false,"campfire_upgraded":5,"win_rate":0.0,"timestamp":1613070142,"path_taken":["M","M","?","?","M","E","M","R","T","E","?","?","R","M","R","BOSS","M","M","M","M","M","R","E","R","T","E","R","?","$","M","R","BOSS","M","M","$","M","M","R","M","M","T","M","R","E","M","$","R","BOSS","BOSS"],"items_purchased_type":["Potion","Relic","Card","Relic","Relic","Card","Relic"],"build_version":"2020-12-22","purchased_purges":2,"victory":false,"max_hp_per_floor":[66,66,66,66,66,66,66,66,73,73,73,73,73,73,73,73,73,73,73,73,73,73,73,73,73,73,73,73,73,73,73,73,73,73,73,73,73,73,73,73,73,73,73,73,73,73,73,73,73,73,73,73],"relic_stats":{"Darkstone Periapt":0,"Regal Pillow":60,"counters":[29,143],"Mummified Hand":[44],"MealTicket":45,"PreservedInsect":130,"Nloth\u0027s Gift":0,"War Paint":["Defend_G","PiercingWail"],"obtain_stats":[{"Darkstone Periapt":46,"Regal Pillow":10,"Lantern":37,"Velvet Choker":34,"PreservedInsect":43,"War Paint":48,"MawBank":26,"Mummified Hand":24,"Strawberry":9,"Toolbox":30,"MealTicket":27,"Bag of Marbles":0,"Nloth\u0027s Gift":29,"Membership Card":37,"Toy Ornithopter":6,"Ring of the Snake":0,"Runic Pyramid":17},{"Darkstone Periapt":26,"Regal Pillow":6,"Lantern":20,"Velvet Choker":18,"PreservedInsect":24,"War Paint":27,"MawBank":15,"Mummified Hand":15,"Strawberry":5,"Toolbox":16,"MealTicket":16,"Bag of Marbles":0,"Nloth\u0027s Gift":16,"Membership Card":20,"Toy Ornithopter":4,"Ring of the Snake":0,"Runic Pyramid":9},{"Darkstone Periapt":127,"Regal Pillow":22,"Lantern":95,"Velvet Choker":88,"PreservedInsect":113,"War Paint":133,"MawBank":71,"Mummified Hand":71,"Strawberry":16,"Toolbox":75,"MealTicket":75,"Bag of Marbles":0,"Nloth\u0027s Gift":75,"Membership Card":95,"Toy Ornithopter":13,"Ring of the Snake":0,"Runic Pyramid":36}],"Toy Ornithopter":55,"Ring of the Snake":[58]},"card_choices":[{"not_picked":["Prepared","Backflip"],"picked":"Poisoned Stab","floor":1.0},{"not_picked":["Dagger Throw","Terror"],"picked":"Deadly Poison","floor":2.0},{"not_picked":["Flechettes","Sucker Punch"],"picked":"Masterful Stab","floor":5.0},{"not_picked":["Outmaneuver","Footwork"],"picked":"Noxious Fumes","floor":6.0},{"not_picked":["Cloak And Dagger","Outmaneuver"],"picked":"Bane","floor":7.0},{"not_picked":["Calculated Gamble","Acrobatics"],"picked":"Envenom","floor":10.0},{"not_picked":["Outmaneuver","Bouncing Flask"],"picked":"Footwork","floor":12.0},{"not_picked":["Underhanded Strike","Outmaneuver"],"picked":"Cloak And Dagger","floor":14.0},{"not_picked":["Bullet Time","Adrenaline"],"picked":"Corpse Explosion","floor":16.0},{"not_picked":["Sucker Punch","PiercingWail"],"picked":"Concentrate+1","floor":18},{"not_picked":["Underhanded Strike","Deflect"],"picked":"Dodge and Roll","floor":19},{"not_picked":["Slice","Quick Slash","Dagger Spray"],"picked":"SKIP","floor":20},{"not_picked":["Calculated Gamble","Escape Plan"],"picked":"Blur","floor":21},{"not_picked":["Expertise","Flying Knee","Unload"],"picked":"SKIP","floor":22},{"not_picked":["Cloak And Dagger","Dagger Spray"],"picked":"Caltrops+1","floor":24},{"not_picked":["Prepared","Accuracy"],"picked":"Catalyst","floor":27},{"not_picked":["Backflip+1","Deadly Poison"],"picked":"PiercingWail","floor":31},{"not_picked":["Backflip","Outmaneuver"],"picked":"Deadly Poison","floor":35},{"not_picked":["Eviscerate","Dagger Throw+1","Expertise"],"picked":"SKIP","floor":36},{"not_picked":["Expertise","Underhanded Strike+1"],"picked":"Deadly Poison+1","floor":38},{"not_picked":["Sucker Punch+1","Bouncing Flask"],"picked":"Leg Sweep","floor":39},{"not_picked":["Slice","Backflip","Blade Dance"],"picked":"SKIP","floor":41},{"not_picked":["Slice","Backflip","Blade Dance"],"picked":"SKIP","floor":41},{"not_picked":["Reflex","Deflect"],"picked":"PiercingWail+1","floor":42},{"not_picked":["Backstab+1","PiercingWail"],"picked":"Blur+1","floor":44},{"not_picked":["Calculated Gamble","Footwork"],"picked":"Catalyst","floor":46},{"not_picked":["Dodge and Roll","Reflex","Blade Dance+1"],"picked":"SKIP","floor":47}],"player_experience":791984,"relics_obtained":[{"floor":6.0,"key":"Toy Ornithopter"},{"floor":9.0,"key":"Strawberry"},{"floor":10.0,"key":"Regal Pillow"},{"floor":24,"key":"Mummified Hand"},{"floor":26,"key":"MawBank"},{"floor":27,"key":"MealTicket"},{"floor":43,"key":"PreservedInsect"},{"floor":46,"key":"Darkstone Periapt"}],"event_choices":[{"cards_removed":["Strike_G"],"damage_healed":0.0,"max_hp_gain":0.0,"max_hp_loss":0.0,"gold_gain":0.0,"event_name":"The Cleric","player_choice":"Card Removal","floor":3.0,"gold_loss":75.0,"damage_taken":0.0},{"damage_healed":0.0,"max_hp_gain":0.0,"max_hp_loss":0.0,"gold_gain":0.0,"event_name":"Living Wall","player_choice":"Grow","floor":4.0,"gold_loss":0.0,"damage_taken":0.0,"cards_upgraded":["Poisoned Stab"]},{"damage_healed":0.0,"max_hp_gain":0.0,"max_hp_loss":0.0,"gold_gain":150.0,"event_name":"Liars Game","player_choice":"AGREE","floor":11.0,"gold_loss":0.0,"damage_taken":0.0,"cards_obtained":["Doubt"]},{"damage_healed":0,"gold_gain":0,"player_choice":"Traded Relic","damage_taken":0,"relics_obtained":["Nloth\u0027s Gift"],"max_hp_gain":0,"max_hp_loss":0,"event_name":"N\u0027loth","floor":29,"relics_lost":["MawBank"],"gold_loss":0}],"is_beta":false,"boss_relics":[{"not_picked":["Fusion Hammer","Calling Bell"],"picked":"Runic Pyramid"},{"not_picked":["WristBlade","HoveringKite"],"picked":"Velvet Choker"}],"items_purged_floors":[30,37],"is_endless":false,"potions_floor_spawned":[2,6,7,14,18,22,24,27,33,36,41,42,44,47],"killed_by":"Time Eater","ascension_level":20}}