{"host":"johnydays","time":1613054518,"event":{"mods":["BaseMod","Bestiary","Block Reminder","Colored Map","Colored Powertips","DeckTracker","Highlight Path","Minty Spire (QoL Compilation)","Relic Stats","Slay-I","StSLib","SuperFastMode"],"gold_per_floor":[110,110,160,172,172,206,223,251,251,262,277,302,227,259,259,333,333,352,362,379,61,61,92,92,127,151,167,202,202,202,212,212,284,284,302,302,319,269,269,297,309,324,324,324,349,349,375,403,415,427],"floor_reached":51,"language":"ENG","playtime":2411,"items_purged":["Strike_G"],"score":1719,"play_id":"2dadbce7-b8dc-488f-b0b3-edd960c32dfe","local_time":"20210211144158","is_ascension_mode":true,"campfire_choices":[{"data":"Bouncing Flask","floor":15.0,"key":"SMITH"},{"floor":24.0,"key":"REST"},{"data":"Neutralize","floor":29.0,"key":"SMITH"},{"floor":32.0,"key":"REST"},{"floor":44.0,"key":"RECALL"},{"data":"Noxious Fumes","floor":46.0,"key":"SMITH"},{"data":"Survivor","floor":49.0,"key":"SMITH"}],"circlet_count":0,"master_deck":["AscendersBane","Strike_G","Strike_G","Defend_G","Defend_G","Defend_G","Defend_G","Defend_G","Survivor+1","Neutralize+1","Bouncing Flask+1","Noxious Fumes+1","Deflect+1","Backflip+1","Cloak And Dagger+1","Cloak And Dagger+1","Adrenaline+1","Crippling Poison+1","Burst+1","Acrobatics+1","Leg Sweep+1","Deadly Poison+1","Calculated Gamble+1","Blur+1","Adrenaline+1","Blur+1","Parasite","Crippling Poison+1","Escape Plan+1"],"relics":["Ring of the Snake","NeowsBlessing","Letter Opener","Toxic Egg 2","Lantern","Blue Candle","Matryoshka","Bag of Preparation","Black Star","Paper Crane","PreservedInsect","Tiny Chest","White Beast Statue","Anchor","Smiling Mask","Snake Skull","MealTicket","Ancient Tea Set","SlaversCollar","Happy Flower","Frozen Egg 2","Nunchaku","Kunai","Mummified Hand","Bronze Scales","MawBank","Eternal Feather"],"acts_visited":["Exordium","TheCity","TheBeyond"],"potions_floor_usage":[50,50],"damage_taken":[{"damage":0.0,"enemies":"2 Louse","floor":1.0,"turns":1.0},{"damage":0.0,"enemies":"Cultist","floor":4.0,"turns":1.0},{"damage":0.0,"enemies":"Gremlin Nob","floor":6.0,"turns":1.0},{"damage":1.0,"enemies":"Jaw Worm","floor":7.0,"turns":4.0},{"damage":6.0,"enemies":"3 Sentries","floor":8.0,"turns":6.0},{"damage":0.0,"enemies":"Gremlin Gang","floor":10.0,"turns":4.0},{"damage":4.0,"enemies":"Blue Slaver","floor":11.0,"turns":4.0},{"damage":8.0,"enemies":"Gremlin Nob","floor":12.0,"turns":3.0},{"damage":4.0,"enemies":"Lagavulin","floor":14.0,"turns":6.0},{"damage":8.0,"enemies":"Slime Boss","floor":16.0,"turns":9.0},{"damage":0.0,"enemies":"Spheric Guardian","floor":18.0,"turns":1.0},{"damage":8.0,"enemies":"Shell Parasite","floor":19.0,"turns":5.0},{"damage":10.0,"enemies":"Snake Plant","floor":20.0,"turns":4.0},{"damage":22.0,"enemies":"Gremlin Leader","floor":23.0,"turns":6.0},{"damage":3.0,"enemies":"Book of Stabbing","floor":25.0,"turns":5.0},{"damage":0.0,"enemies":"Cultist and Chosen","floor":27.0,"turns":3.0},{"damage":6.0,"enemies":"Slavers","floor":28.0,"turns":2.0},{"damage":0.0,"enemies":"3 Cultists","floor":31.0,"turns":2.0},{"damage":0.0,"enemies":"Champ","floor":33.0,"turns":10.0},{"damage":0.0,"enemies":"3 Darklings","floor":35.0,"turns":3.0},{"damage":0.0,"enemies":"3 Shapes","floor":37.0,"turns":5.0},{"damage":0.0,"enemies":"Giant Head","floor":40.0,"turns":6.0},{"damage":0.0,"enemies":"Writhing Mass","floor":41.0,"turns":4.0},{"damage":0.0,"enemies":"Sphere and 2 Shapes","floor":42.0,"turns":3.0},{"damage":0.0,"enemies":"Nemesis","floor":45.0,"turns":5.0},{"damage":0.0,"enemies":"Giant Head","floor":47.0,"turns":6.0},{"damage":0.0,"enemies":"Jaw Worm Horde","floor":48.0,"turns":3.0},{"damage":37,"enemies":"Time Eater","floor":50,"turns":12}],"seed_played":"-1684127048764419150","potions_obtained":[{"floor":1.0,"key":"Ancient Potion"},{"floor":4.0,"key":"Energy Potion"},{"floor":7.0,"key":"Poison Potion"},{"floor":11.0,"key":"PowerPotion"},{"floor":16.0,"key":"Fire Potion"},{"floor":18.0,"key":"Energy Potion"},{"floor":25.0,"key":"ColorlessPotion"},{"floor":27.0,"key":"Regen Potion"},{"floor":28.0,"key":"CultistPotion"},{"floor":33.0,"key":"AttackPotion"},{"floor":37.0,"key":"Strength Potion"},{"floor":40.0,"key":"Fire Potion"},{"floor":41.0,"key":"CultistPotion"},{"floor":45.0,"key":"DuplicationPotion"}],"is_trial":false,"path_per_floor":["M","?","?","M","?","E","M","E","T","M","M","E","?","E","R","B",null,"M","M","M","$","?","E","R","E","T","M","E","R","?","M","R","B",null,"M","?","M","$","?","E","M","M","T","R","E","R","E","M","R","B",null],"character_chosen":"THE_SILENT","items_purchased":["Paper Crane","Leg Sweep+1"],"campfire_rested":2,"item_purchase_floors":[21,21],"current_hp_per_floor":[59,59,53,53,53,53,52,46,46,46,42,34,34,30,30,22,55,55,47,37,37,37,15,34,31,31,31,25,25,25,25,44,59,64,64,64,64,66,66,66,66,66,66,66,66,66,66,66,66,29],"gold":439,"neow_bonus":"THREE_ENEMY_KILL","is_daily":false,"chose_seed":false,"campfire_upgraded":4,"win_rate":0.0,"timestamp":1613054518,"path_taken":["M","?","?","?","?","E","M","E","T","?","M","E","?","E","R","BOSS","M","M","M","$","?","E","R","E","T","M","E","R","?","M","R","BOSS","M","?","M","$","?","E","M","M","T","R","E","R","E","M","R","BOSS"],"items_purchased_type":["Relic","Card"],"build_version":"2020-12-18","purchased_purges":1,"victory":true,"max_hp_per_floor":[66,66,66,66,66,66,66,66,66,66,66,66,66,66,66,66,66,66,66,66,66,66,66,66,66,66,66,66,66,66,66,66,66,66,66,66,66,66,66,66,66,66,66,66,66,66,66,66,66,66],"relic_stats":{"Happy Flower":[11],"counters":[28,124],"Blue Candle":[0],"Eternal Feather":0,"PreservedInsect":394,"Snake Skull":[208],"Bag of Preparation":[38],"Letter Opener":[632],"Smiling Mask":25,"MawBank":48,"Nunchaku":[1],"Mummified Hand":[5],"Bronze Scales":[78],"Tiny Chest":0,"MealTicket":2,"Black Star":6,"Kunai":[1],"obtain_stats":[{"Lantern":8,"Snake Skull":26,"Bag of Preparation":14,"Smiling Mask":26,"Ancient Tea Set":28,"Nunchaku":43,"Matryoshka":12,"Mummified Hand":45,"Tiny Chest":23,"MealTicket":28,"Kunai":43,"Toxic Egg 2":6,"Ring of the Snake":0,"NeowsBlessing":0,"Happy Flower":40,"Blue Candle":9,"Eternal Feather":47,"PreservedInsect":23,"Letter Opener":5,"Paper Crane":21,"Frozen Egg 2":40,"MawBank":47,"White Beast Statue":25,"SlaversCollar":34,"Anchor":25,"Bronze Scales":45,"Black Star":17},{"Lantern":5,"Snake Skull":15,"Bag of Preparation":9,"Smiling Mask":15,"Ancient Tea Set":17,"Nunchaku":24,"Matryoshka":8,"Mummified Hand":25,"Tiny Chest":14,"MealTicket":17,"Kunai":24,"Toxic Egg 2":3,"Ring of the Snake":0,"NeowsBlessing":0,"Happy Flower":22,"Blue Candle":5,"Eternal Feather":26,"PreservedInsect":14,"Letter Opener":2,"Paper Crane":13,"Frozen Egg 2":22,"MawBank":26,"White Beast Statue":15,"SlaversCollar":19,"Anchor":15,"Bronze Scales":25,"Black Star":10},{"Lantern":13,"Snake Skull":60,"Bag of Preparation":30,"Smiling Mask":60,"Ancient Tea Set":65,"Nunchaku":98,"Matryoshka":24,"Mummified Hand":103,"Tiny Chest":55,"MealTicket":65,"Kunai":98,"Toxic Egg 2":3,"Ring of the Snake":0,"NeowsBlessing":0,"Happy Flower":91,"Blue Candle":13,"Eternal Feather":109,"PreservedInsect":55,"Letter Opener":2,"Paper Crane":49,"Frozen Egg 2":91,"MawBank":109,"White Beast Statue":60,"SlaversCollar":77,"Anchor":60,"Bronze Scales":103,"Black Star":39}],"Ring of the Snake":[56]},"card_choices":[{"not_picked":["Sucker Punch","Flying Knee"],"picked":"Bouncing Flask","floor":1.0},{"not_picked":["Crippling Poison","Dagger Throw"],"picked":"Noxious Fumes","floor":4.0},{"not_picked":["Flying Knee","A Thousand Cuts"],"picked":"Deflect+1","floor":6.0},{"not_picked":["Flechettes","Quick Slash"],"picked":"Backflip+1","floor":7.0},{"not_picked":["Choke","Blade Dance+1"],"picked":"Cloak And Dagger+1","floor":8.0},{"not_picked":["Deflect+1","Dash"],"picked":"Cloak And Dagger+1","floor":10.0},{"not_picked":["All Out Attack","Poisoned Stab","Outmaneuver+1"],"picked":"SKIP","floor":11.0},{"not_picked":["Masterful Stab","Concentrate+1"],"picked":"Adrenaline+1","floor":12.0},{"not_picked":["Reflex+1","Glass Knife"],"picked":"Crippling Poison+1","floor":14.0},{"not_picked":["Doppelganger+1","Bullet Time+1"],"picked":"Burst+1","floor":16.0},{"not_picked":["Dodge and Roll+1","Dagger Spray","Blade Dance+1"],"picked":"SKIP","floor":18.0},{"not_picked":["Underhanded Strike","Dagger Spray","Choke"],"picked":"SKIP","floor":19.0},{"not_picked":["Dagger Throw","Sucker Punch"],"picked":"Acrobatics+1","floor":20.0},{"not_picked":["Poisoned Stab","Envenom"],"picked":"Deadly Poison+1","floor":23.0},{"not_picked":["Slice","Outmaneuver+1","Noxious Fumes"],"picked":"SKIP","floor":25.0},{"not_picked":["All Out Attack","Prepared+1"],"picked":"Calculated Gamble+1","floor":27.0},{"not_picked":["Masterful Stab","PiercingWail+1"],"picked":"Blur+1","floor":28.0},{"not_picked":["Dodge and Roll+1","Sucker Punch"],"picked":"Blur+1","floor":31.0},{"not_picked":["Slice","Underhanded Strike","PiercingWail+1"],"picked":"SKIP","floor":35.0},{"not_picked":["Slice+1","Dagger Spray+1","All Out Attack"],"picked":"SKIP","floor":37.0},{"not_picked":["Heel Hook+1","Bouncing Flask+1","All Out Attack"],"picked":"SKIP","floor":40.0},{"not_picked":["Heel Hook+1","Bouncing Flask+1","All Out Attack"],"picked":"SKIP","floor":40.0},{"not_picked":["Dagger Spray+1","Deadly Poison+1"],"picked":"Crippling Poison+1","floor":41.0},{"not_picked":["Skewer","Dagger Spray","Flechettes"],"picked":"SKIP","floor":42.0},{"not_picked":["Flechettes","Poisoned Stab+1","Tactician+1"],"picked":"SKIP","floor":45.0},{"not_picked":["Leg Sweep+1","All Out Attack"],"picked":"Escape Plan+1","floor":47.0},{"not_picked":["Escape Plan+1","PiercingWail+1","Dagger Throw"],"picked":"SKIP","floor":48.0}],"player_experience":500919,"relics_obtained":[{"floor":6.0,"key":"Toxic Egg 2"},{"floor":8.0,"key":"Lantern"},{"floor":9.0,"key":"Blue Candle"},{"floor":12.0,"key":"Matryoshka"},{"floor":14.0,"key":"Bag of Preparation"},{"floor":23.0,"key":"PreservedInsect"},{"floor":23.0,"key":"Tiny Chest"},{"floor":25.0,"key":"White Beast Statue"},{"floor":25.0,"key":"Anchor"},{"floor":26.0,"key":"Smiling Mask"},{"floor":26.0,"key":"Snake Skull"},{"floor":28.0,"key":"MealTicket"},{"floor":28.0,"key":"Ancient Tea Set"},{"floor":40.0,"key":"Happy Flower"},{"floor":40.0,"key":"Frozen Egg 2"},{"floor":43.0,"key":"Nunchaku"},{"floor":43.0,"key":"Kunai"},{"floor":45.0,"key":"Mummified Hand"},{"floor":45.0,"key":"Bronze Scales"},{"floor":47.0,"key":"MawBank"},{"floor":47.0,"key":"Eternal Feather"}],"event_choices":[{"damage_healed":0.0,"max_hp_gain":0.0,"max_hp_loss":0.0,"gold_gain":0.0,"event_name":"Liars Game","player_choice":"Ignored","floor":2.0,"gold_loss":0.0,"damage_taken":0.0},{"damage_healed":0.0,"max_hp_gain":0.0,"max_hp_loss":0.0,"gold_gain":50.0,"event_name":"FaceTrader","player_choice":"Touch","floor":3.0,"gold_loss":0.0,"damage_taken":6.0},{"damage_healed":0.0,"max_hp_gain":0.0,"max_hp_loss":0.0,"gold_gain":0.0,"event_name":"WeMeetAgain","player_choice":"Gave Potion","floor":5.0,"gold_loss":0.0,"damage_taken":0.0,"relics_obtained":["Letter Opener"]},{"cards_removed":["Strike_G"],"damage_healed":0.0,"max_hp_gain":0.0,"max_hp_loss":0.0,"gold_gain":0.0,"event_name":"The Cleric","player_choice":"Card Removal","floor":13.0,"gold_loss":75.0,"damage_taken":0.0},{"damage_healed":0.0,"max_hp_gain":0.0,"max_hp_loss":0.0,"gold_gain":0.0,"event_name":"Ghosts","player_choice":"Ignored","floor":22.0,"gold_loss":0.0,"damage_taken":0.0},{"damage_healed":0.0,"max_hp_gain":0.0,"max_hp_loss":0.0,"gold_gain":0.0,"event_name":"Duplicator","player_choice":"Copied","floor":30.0,"gold_loss":0.0,"damage_taken":0.0,"cards_obtained":["Adrenaline"]},{"cards_removed":["Strike_G"],"damage_healed":0.0,"max_hp_gain":0.0,"max_hp_loss":0.0,"gold_gain":0.0,"event_name":"Falling","player_choice":"Removed Attack","floor":36.0,"gold_loss":0.0,"damage_taken":0.0},{"damage_healed":0.0,"max_hp_gain":0.0,"max_hp_loss":0.0,"gold_gain":0.0,"event_name":"Lab","player_choice":"Got Potions","floor":39.0,"gold_loss":0.0,"damage_taken":0.0}],"is_beta":true,"boss_relics":[{"not_picked":["Empty Cage","Philosopher\u0027s Stone"],"picked":"Black Star"},{"not_picked":["Coffee Dripper","Velvet Choker"],"picked":"SlaversCollar"}],"items_purged_floors":[38],"is_endless":false,"potions_floor_spawned":[1,4,7,11,16,18,25,27,28,31,33,35,37,40,41,42,45,47,48],"ascension_level":15}}