{"host":"hk3n60c9tb8azi3z","time":1613028026,"event":{"mods":["AchievementEnabler","BaseMod","Minty Spire (QoL Compilation)","Relic Sorter","Relic Stats"],"gold_per_floor":[116,66,66,66,40,75,75,103,103,129,129,155,5,37,37,134,134,152,9,9,9,9,41,73,108,153,182,182,217,242,298,298,393,393,409,479,552,959,378,460,549,574,574,699,791,878,241,304,304,334,334,334,5,30,30],"floor_reached":56,"language":"ENG","playtime":5351,"items_purged":["Defend_P","Defend_P","Bite","Bandage Up"],"score":2115,"play_id":"6b6a43d1-0476-44c7-a15f-3d2ef2d00e0b","local_time":"20210211082026","daily_mods":["Vintage","Allstar","Heirloom","Flight","Elite Swarm"],"is_ascension_mode":false,"campfire_choices":[{"data":"Apotheosis","floor":7.0,"key":"SMITH"},{"data":"MasterReality","floor":11.0,"key":"SMITH"},{"data":"LikeWater","floor":15.0,"key":"SMITH"},{"floor":28.0,"key":"RECALL"},{"data":"Scrawl","floor":32.0,"key":"SMITH"},{"data":"Ragnarok","floor":49,"key":"SMITH"},{"data":"Wish","floor":52,"key":"SMITH"}],"circlet_count":0,"master_deck":["Defend_P+1","Eruption","Vigilance","Good Instincts","Good Instincts","Apotheosis+1","Good Instincts","FlurryOfBlows","Scrawl","Vault","MasterReality+1","Blasphemy","LikeWater+1","ConjureBlade","Scrawl","Bite","Bite","Bite","Bite","DeusExMachina","Wish+1","Vault","DevaForm","SpiritShield","Wish+1","Scrawl+1","Scrawl","WreathOfFlame","InnerPeace+1","Scrawl","DevaForm","Omniscience","Ragnarok+1","DevaForm","Wish","Tantrum","Wish","WaveOfTheHand","Good Instincts","DeusExMachina"],"relics":["PureWater","Mango","HornCleat","Omamori","Regal Pillow","TeardropLocket","Question Card","Art of War","Prayer Wheel","SlaversCollar","Turnip","OrangePellets","InkBottle","Gremlin Horn","Shuriken","Toy Ornithopter","Vajra","Blue Candle","Bronze Scales","Bag of Marbles","CloakClasp","Philosopher\u0027s Stone","PreservedInsect","Happy Flower","Bag of Preparation","Old Coin","War Paint","ClockworkSouvenir","Ice Cream","Eternal Feather","Damaru","Darkstone Periapt","Bottled Flame","Peace Pipe","Frozen Eye","CaptainsWheel","Ginger","Membership Card","Akabeko"],"acts_visited":["Exordium","TheCity","TheBeyond","TheEnding"],"potions_floor_usage":[50,50,55],"damage_taken":[{"damage":0.0,"enemies":"Small Slimes","floor":1.0,"turns":3.0},{"damage":6.0,"enemies":"Lagavulin","floor":6.0,"turns":5.0},{"damage":12.0,"enemies":"Gremlin Nob","floor":8.0,"turns":4.0},{"damage":0.0,"enemies":"3 Sentries","floor":10.0,"turns":5.0},{"damage":0.0,"enemies":"Gremlin Nob","floor":12.0,"turns":3.0},{"damage":9.0,"enemies":"3 Sentries","floor":14.0,"turns":5.0},{"damage":0.0,"enemies":"Slime Boss","floor":16.0,"turns":3.0},{"damage":0.0,"enemies":"Chosen","floor":18.0,"turns":2.0},{"damage":0.0,"enemies":"Gremlin Leader","floor":23.0,"turns":4.0},{"damage":0.0,"enemies":"Slavers","floor":24.0,"turns":5.0},{"damage":0.0,"enemies":"Gremlin Leader","floor":25.0,"turns":3.0},{"damage":0.0,"enemies":"Book of Stabbing","floor":27.0,"turns":3.0},{"damage":0.0,"enemies":"Gremlin Leader","floor":29.0,"turns":5.0},{"damage":0.0,"enemies":"Book of Stabbing","floor":30.0,"turns":4.0},{"damage":0.0,"enemies":"Gremlin Leader","floor":31.0,"turns":4.0},{"damage":30.0,"enemies":"Collector","floor":33.0,"turns":6.0},{"damage":0.0,"enemies":"3 Shapes","floor":35.0,"turns":1.0},{"damage":10.0,"enemies":"Orb Walker","floor":36.0,"turns":5.0},{"damage":0.0,"enemies":"3 Darklings","floor":37.0,"turns":2.0},{"damage":31.0,"enemies":"2 Orb Walkers","floor":38.0,"turns":5.0},{"damage":0.0,"enemies":"Giant Head","floor":40.0,"turns":5.0},{"damage":0.0,"enemies":"Nemesis","floor":41.0,"turns":4.0},{"damage":0.0,"enemies":"Reptomancer","floor":42.0,"turns":3.0},{"damage":18.0,"enemies":"Giant Head","floor":44.0,"turns":4.0},{"damage":0.0,"enemies":"Reptomancer","floor":45.0,"turns":3.0},{"damage":0.0,"enemies":"Giant Head","floor":46.0,"turns":5.0},{"damage":0,"enemies":"Reptomancer","floor":48,"turns":1},{"damage":42,"enemies":"Awakened One","floor":50,"turns":7},{"damage":4,"enemies":"Shield and Spear","floor":54,"turns":6},{"damage":40,"enemies":"The Heart","floor":55,"turns":5}],"seed_played":"7145217302253291897","potions_obtained":[{"floor":8.0,"key":"Dexterity Potion"},{"floor":10.0,"key":"LiquidBronze"},{"floor":14.0,"key":"Block Potion"},{"floor":23.0,"key":"Swift Potion"},{"floor":25.0,"key":"FearPotion"},{"floor":31.0,"key":"FearPotion"},{"floor":33.0,"key":"Explosive Potion"},{"floor":35.0,"key":"Strength Potion"},{"floor":40.0,"key":"Fire Potion"},{"floor":42.0,"key":"BottledMiracle"},{"floor":45.0,"key":"SpeedPotion"}],"is_trial":true,"path_per_floor":["M","?","?","T","$","E","R","E","T","E","R","E","$","E","R","B",null,"M","$","?","?","?","E","E","E","T","E","R","E","E","E","R","B",null,"M","M","M","?","$","E","E","E","T","E","E","E","$","E","R","B",null,"R","$","E","B",null],"character_chosen":"WATCHER","items_purchased":["FlurryOfBlows","LikeWater","OrangePellets","InnerPeace","War Paint","ClockworkSouvenir","Ambrosia","Tantrum","Frozen Eye","CaptainsWheel","Membership Card","WaveOfTheHand","Good Instincts","SteroidPotion"],"campfire_rested":0,"item_purchase_floors":[5,13,19,39,39,39,39,47,47,47,53,53,53,53],"current_hp_per_floor":[86,86,69,69,69,63,63,57,57,61,61,67,67,64,64,70,86,86,86,86,86,60,60,60,60,60,60,60,60,60,60,60,39,60,60,60,60,41,41,60,60,60,60,51,60,60,60,60,60,27,60,60,60,60,26],"gold":30,"neow_bonus":"","is_daily":false,"chose_seed":false,"campfire_upgraded":6,"win_rate":0.0,"timestamp":1613028026,"path_taken":["M","?","?","?","?","E","R","E","T","E","R","E","$","E","R","BOSS","M","$","?","?","?","E","E","E","T","E","R","E","E","E","R","BOSS","M","M","M","?","$","E","E","E","T","E","E","E","$","E","R","BOSS","R","$","E","BOSS"],"items_purchased_type":["Card","Card","Relic","Card","Relic","Relic","Potion","Card","Relic","Relic","Relic","Card","Card","Potion"],"build_version":"2020-12-22","purchased_purges":4,"victory":true,"max_hp_per_floor":[86,86,86,86,86,86,86,86,86,86,86,86,86,86,86,86,86,86,86,86,86,60,60,60,60,60,60,60,60,60,60,60,60,60,60,60,60,60,60,60,60,60,60,60,60,60,60,60,60,60,60,60,60,60,60],"relic_stats":{"Darkstone Periapt":0,"Regal Pillow":0,"Gremlin Horn":[26,26],"Happy Flower":[16],"counters":[30,120],"Blue Candle":[0],"Eternal Feather":0,"PreservedInsect":663,"CloakClasp":[224],"Bag of Preparation":[24],"Ginger":[2],"War Paint":["InnerPeace","Wish"],"Question Card":21,"Peace Pipe":0,"OrangePellets":[4],"Shuriken":[33],"Bronze Scales":[203],"Prayer Wheel":0,"Turnip":[5],"Art of War":[24],"obtain_stats":[{"Ice Cream":40,"Darkstone Periapt":44,"Regal Pillow":6,"Gremlin Horn":23,"Vajra":26,"Mango":0,"CloakClasp":31,"Bag of Preparation":37,"TeardropLocket":8,"Ginger":48,"Old Coin":38,"ClockworkSouvenir":39,"Frozen Eye":47,"HornCleat":1,"Prayer Wheel":14,"Philosopher\u0027s Stone":34,"InkBottle":21,"Happy Flower":36,"Blue Candle":27,"Damaru":42,"Eternal Feather":41,"PreservedInsect":35,"Omamori":4,"War Paint":39,"Question Card":9,"Akabeko":54,"Peace Pipe":46,"SlaversCollar":17,"OrangePellets":19,"Bottled Flame":45,"CaptainsWheel":47,"Shuriken":24,"Bronze Scales":29,"Turnip":18,"Art of War":10,"Bag of Marbles":30,"Membership Card":53,"PureWater":0,"Toy Ornithopter":25},{"Ice Cream":21,"Darkstone Periapt":24,"Regal Pillow":2,"Gremlin Horn":9,"Vajra":11,"Mango":0,"CloakClasp":15,"Bag of Preparation":19,"TeardropLocket":3,"Ginger":27,"Old Coin":20,"ClockworkSouvenir":20,"Frozen Eye":26,"HornCleat":1,"Prayer Wheel":6,"Philosopher\u0027s Stone":16,"InkBottle":8,"Happy Flower":18,"Blue Candle":12,"Damaru":23,"Eternal Feather":22,"PreservedInsect":17,"Omamori":1,"War Paint":20,"Question Card":3,"Akabeko":29,"Peace Pipe":26,"SlaversCollar":7,"OrangePellets":8,"Bottled Flame":25,"CaptainsWheel":26,"Shuriken":10,"Bronze Scales":13,"Turnip":8,"Art of War":4,"Bag of Marbles":14,"Membership Card":28,"PureWater":0,"Toy Ornithopter":11},{"Ice Cream":82,"Darkstone Periapt":93,"Regal Pillow":8,"Gremlin Horn":34,"Vajra":42,"Mango":0,"CloakClasp":58,"Bag of Preparation":72,"TeardropLocket":12,"Ginger":102,"Old Coin":77,"ClockworkSouvenir":77,"Frozen Eye":101,"HornCleat":3,"Prayer Wheel":25,"Philosopher\u0027s Stone":64,"InkBottle":30,"Happy Flower":70,"Blue Candle":45,"Damaru":89,"Eternal Feather":86,"PreservedInsect":65,"Omamori":3,"War Paint":77,"Question Card":12,"Akabeko":115,"Peace Pipe":101,"SlaversCollar":28,"OrangePellets":30,"Bottled Flame":96,"CaptainsWheel":101,"Shuriken":39,"Bronze Scales":50,"Turnip":30,"Art of War":17,"Bag of Marbles":54,"Membership Card":109,"PureWater":0,"Toy Ornithopter":42}],"InkBottle":[58],"Toy Ornithopter":0},"card_choices":[{"not_picked":["ConjureBlade","Establishment"],"picked":"Scrawl","floor":6.0},{"not_picked":["DeusExMachina","Devotion"],"picked":"Vault","floor":8.0},{"not_picked":["Judgement","ConjureBlade","SpiritShield"],"picked":"MasterReality","floor":10.0},{"not_picked":["Judgement","Vault","Brilliance"],"picked":"Blasphemy","floor":12.0},{"not_picked":["DeusExMachina","MasterReality","Devotion"],"picked":"ConjureBlade","floor":14.0},{"not_picked":["MasterReality","Ragnarok","Vault"],"picked":"Scrawl","floor":16.0},{"not_picked":["Alpha","SpiritShield","Blasphemy"],"picked":"DeusExMachina","floor":23.0},{"not_picked":["ConjureBlade","Scrawl","Blasphemy"],"picked":"Wish","floor":24.0},{"not_picked":["Judgement","LessonLearned","MasterReality"],"picked":"Vault","floor":25.0},{"not_picked":["DeusExMachina","MasterReality","Judgement"],"picked":"DevaForm","floor":27.0},{"not_picked":["Brilliance","LessonLearned","Establishment"],"picked":"SpiritShield","floor":29.0},{"not_picked":["SpiritShield","LessonLearned","Ragnarok"],"picked":"Wish","floor":30.0},{"not_picked":["SpiritShield","DevaForm","LessonLearned"],"picked":"Scrawl","floor":31.0},{"not_picked":["Alpha","SpiritShield","Vault"],"picked":"Scrawl","floor":33.0},{"not_picked":["ReachHeaven+1","ThirdEye","BowlingBash+1"],"picked":"WreathOfFlame","floor":38.0},{"not_picked":["MasterReality","LessonLearned","ConjureBlade"],"picked":"Scrawl","floor":40.0},{"not_picked":["Vault","MasterReality","Alpha"],"picked":"DevaForm","floor":41.0},{"not_picked":["DevaForm","Establishment","Judgement"],"picked":"Omniscience","floor":42.0},{"not_picked":["SpiritShield","Scrawl","ConjureBlade"],"picked":"Ragnarok","floor":44.0},{"not_picked":["SpiritShield","Ragnarok","Establishment"],"picked":"DevaForm","floor":45.0},{"not_picked":["SpiritShield","Establishment","Judgement"],"picked":"Wish","floor":46.0},{"not_picked":["Judgement","Ragnarok","SpiritShield"],"picked":"Wish","floor":48},{"not_picked":["Judgement","MasterReality","LessonLearned"],"picked":"DeusExMachina","floor":54}],"player_experience":1669974,"relics_obtained":[{"floor":1.0,"key":"HornCleat"},{"floor":4.0,"key":"Omamori"},{"floor":6.0,"key":"Regal Pillow"},{"floor":8.0,"key":"TeardropLocket"},{"floor":9.0,"key":"Question Card"},{"floor":10.0,"key":"Art of War"},{"floor":14.0,"key":"Prayer Wheel"},{"floor":18.0,"key":"Turnip"},{"floor":23.0,"key":"Gremlin Horn"},{"floor":24.0,"key":"Shuriken"},{"floor":25.0,"key":"Toy Ornithopter"},{"floor":26.0,"key":"Vajra"},{"floor":27.0,"key":"Blue Candle"},{"floor":29.0,"key":"Bronze Scales"},{"floor":30.0,"key":"Bag of Marbles"},{"floor":31.0,"key":"CloakClasp"},{"floor":35.0,"key":"PreservedInsect"},{"floor":36.0,"key":"Happy Flower"},{"floor":37.0,"key":"Bag of Preparation"},{"floor":38.0,"key":"Old Coin"},{"floor":40.0,"key":"Ice Cream"},{"floor":41.0,"key":"Eternal Feather"},{"floor":42.0,"key":"Damaru"},{"floor":44.0,"key":"Darkstone Periapt"},{"floor":45.0,"key":"Bottled Flame"},{"floor":46.0,"key":"Peace Pipe"},{"floor":48,"key":"Ginger"},{"floor":54,"key":"Akabeko"}],"event_choices":[{"cards_removed":["Defend_P"],"damage_healed":0.0,"max_hp_gain":0.0,"max_hp_loss":0.0,"gold_gain":0.0,"event_name":"The Cleric","player_choice":"Card Removal","floor":2.0,"gold_loss":50.0,"damage_taken":0.0},{"damage_healed":0.0,"max_hp_gain":0.0,"max_hp_loss":0.0,"gold_gain":0.0,"event_name":"Shining Light","player_choice":"Entered Light","floor":3.0,"gold_loss":0.0,"damage_taken":17.0,"cards_upgraded":["Strike_P","Defend_P"]},{"cards_removed":["Strike_P"],"damage_healed":0.0,"max_hp_gain":0.0,"max_hp_loss":0.0,"gold_gain":0.0,"event_name":"Back to Basics","player_choice":"Elegance","floor":20.0,"gold_loss":0.0,"damage_taken":0.0},{"damage_healed":0.0,"max_hp_gain":0.0,"max_hp_loss":0.0,"gold_gain":0.0,"event_name":"Addict","player_choice":"Stole Relic","floor":21.0,"gold_loss":0.0,"damage_taken":0.0,"relics_obtained":["InkBottle"],"cards_obtained":["Shame"]},{"damage_healed":0.0,"max_hp_gain":0.0,"max_hp_loss":26.0,"gold_gain":0.0,"event_name":"Vampires","player_choice":"Became a vampire","floor":22.0,"gold_loss":0.0,"damage_taken":0.0,"cards_obtained":["Bite","Bite","Bite","Bite","Bite"]},{"damage_healed":0.0,"max_hp_gain":0.0,"max_hp_loss":0.0,"gold_gain":0.0,"event_name":"Mysterious Sphere","player_choice":"Fight","floor":38.0,"gold_loss":0.0,"damage_taken":0.0}],"is_beta":false,"boss_relics":[{"not_picked":["Runic Dome","Tiny House"],"picked":"SlaversCollar"},{"not_picked":["Coffee Dripper","Calling Bell"],"picked":"Philosopher\u0027s Stone"}],"items_purged_floors":[13,39,47,53],"is_endless":false,"potions_floor_spawned":[8,10,14,23,24,25,31,33,35,40,41,42,45,46],"ascension_level":0}}