{"host":"1izdfj84a6wseks8","time":1613072867,"event":{"mods":["2.2 Compatiblity","ATMod(阿瑾Mod)","AchievementEnabler","Act Like it!","Arknights","BaseMod","Better Vampires","Challenge The Spire","Colored Map","Colored Powertips","Curses Come First","Energized Spire","Gensokyo","Good Game Mod","Highlight Path","KinomotoSakuraMod(木之本樱)","Koishi","KomeijiMod","LagranYue(拉格朗・月)","Lobotomy","LobotomyExtend","Luminous","Marisa（F雨　魔理沙）","Minty Spire (QoL Compilation)","Potion Indicator Mod","Rare Cards Sparkle","Reimu（博丽灵梦）","Relic Filter Mod","Relic Stats","Reliquary","Remilia（蕾米莉亚）","Shop Mod","Slay the Relics Exporter","StSLib","TestMod","The Administrix","The Alterego","The Animator","The Bug Knight","The Servant 0.9.4","Waifu the Spire","WarShipGirlsR/战舰少女R mod","Warlord Emblem","Yakumo Yukari mod","Youmu（魂魄妖梦）","Yuyuko","【功能Mod】混沌之环修复补丁","篝火指南"],"gold_per_floor":[118,131,148,148,148,148,148,78,78,110,136,163,66,66,66,177,177,203,83,83,5,405,405,405,421,421,421,421],"floor_reached":27,"language":"ZHS","playtime":2158,"items_purged":[],"score":242,"play_id":"f3de14ab-3b66-48f1-9111-fa0499890385","local_time":"20210212034747","is_ascension_mode":false,"campfire_choices":[{"data":"rmod:basicallowance","floor":6,"key":"SMITH"},{"data":"rmod:openingtorpedo","floor":7,"key":"SMITH"},{"data":"rmod:chargemoney","floor":15,"key":"SMITH"},{"data":"rmod:ridicule","floor":24,"key":"SMITH"}],"circlet_count":0,"master_deck":["rmod:strick","rmod:strick","rmod:strick","rmod:defend","rmod:defend","rmod:defend+1","rmod:basicallowance+1","rmod:maingunfire","AT_RealColorLess+1","rmod:selfconfidence","rmod:diaomin+1","rmod:openingtorpedo+1","rmod:spoils","rmod:chargemoney+1","rmod:wife","rmod:expedition","rmod:ridicule+1","rmod:diamondstrike","Gensokyo:FourOfAKind","Gensokyo:FourOfAKind","Gensokyo:FourOfAKind","Gensokyo:FourOfAKind","rmod:sl","rmod:diamondstrike","rmod:punchline"],"relics":["rmod:firstchargereward","AT_ATBox","REME:ComplimentaryCards","testmod-TestBox","LetterFromLob","Gensokyo:PortableGap","reliquary:PurpleTingedLeaf","MerchantsRug","Gensokyo:OccultBall","testmod-IncinerationGenerator","Gensokyo:FoxMask","Sundial"],"acts_visited":["Gensokyo:Gensokyo","Gensokyo:Gensokyoer"],"potions_floor_usage":[12],"damage_taken":[{"damage":4,"enemies":"Gensokyo:Python","floor":1,"turns":3},{"damage":0,"enemies":"Gensokyo:3_Fairies","floor":2,"turns":3},{"damage":9,"enemies":"Gensokyo:Gryphon","floor":3,"turns":3},{"damage":12,"enemies":"Gensokyo:Cirno","floor":10,"turns":5},{"damage":8,"enemies":"Gensokyo:Aya","floor":11,"turns":6},{"damage":16,"enemies":"Gensokyo:5_Fairies","floor":12,"turns":4},{"damage":18,"enemies":"Gensokyo:Kokoro","floor":16,"turns":6},{"damage":0,"enemies":"Gensokyo:2_Gloops","floor":18,"turns":2},{"damage":19,"enemies":"Gensokyo:AngelMirror","floor":25,"turns":2},{"damage":22,"enemies":"Gensokyo:Slime_Group","floor":27,"turns":1}],"seed_played":"6960568076824187445","potions_obtained":[{"floor":3,"key":"Block Potion"},{"floor":10,"key":"BlessingOfTheForge"},{"floor":16,"key":"SteroidPotion"},{"floor":18,"key":"testmod-EscapePotion"}],"is_trial":false,"path_per_floor":["M","M","M","?","?","R","R","?","T","E","E","M","$","?","R","B",null,"M","?","?","$","?","?","R","M","T","M"],"character_chosen":"PRAEFECT","items_purchased":["MerchantsRug","rmod:expedition","rmod:sl","rmod:diamondstrike"],"campfire_rested":0,"item_purchase_floors":[13,13,21,21],"current_hp_per_floor":[64,64,55,55,55,55,55,55,55,43,36,21,21,21,21,4,50,50,50,35,35,35,35,35,16,16,0,0],"gold":421,"neow_bonus":"REMOVE_TWO","is_daily":false,"chose_seed":false,"campfire_upgraded":4,"win_rate":0.0,"timestamp":1613072867,"path_taken":["M","M","M","?","?","R","R","?","T","E","E","?","$","?","R","BOSS","M","?","?","?","?","?","R","M","T","?"],"items_purchased_type":["Relic","Card","Card","Card"],"build_version":"2020-12-22","purchased_purges":0,"victory":false,"max_hp_per_floor":[68,68,68,68,62,59,59,59,56,53,50,50,50,50,50,50,50,50,50,35,35,35,35,35,35,35,35,35],"relic_stats":{"counters":[10,35],"Sundial":[0],"obtain_stats":[{"testmod-Maize":0,"MerchantsRug":13,"AT_ATBox":0,"testmod-TestBox":0,"LagranYue:RandomDrawCardRelic":0,"testmod-IncinerationGenerator":17,"Gensokyo:PortableGap":5,"REME:ComplimentaryCards":0,"Sundial":26,"Gensokyo:OccultBall":14,"Gensokyo:FoxMask":19,"rmod:firstchargereward":0,"LetterFromLob":1,"reliquary:PurpleTingedLeaf":10,"WarlordEmblem:MantleLiam":11},{"testmod-Maize":0,"MerchantsRug":6,"AT_ATBox":0,"testmod-TestBox":0,"LagranYue:RandomDrawCardRelic":0,"testmod-IncinerationGenerator":7,"Gensokyo:PortableGap":3,"REME:ComplimentaryCards":0,"Sundial":9,"Gensokyo:OccultBall":6,"Gensokyo:FoxMask":8,"rmod:firstchargereward":0,"LetterFromLob":1,"reliquary:PurpleTingedLeaf":4,"WarlordEmblem:MantleLiam":5},{"testmod-Maize":0,"MerchantsRug":24,"AT_ATBox":0,"testmod-TestBox":0,"LagranYue:RandomDrawCardRelic":0,"testmod-IncinerationGenerator":30,"Gensokyo:PortableGap":9,"REME:ComplimentaryCards":0,"Sundial":34,"Gensokyo:OccultBall":24,"Gensokyo:FoxMask":32,"rmod:firstchargereward":0,"LetterFromLob":3,"reliquary:PurpleTingedLeaf":14,"WarlordEmblem:MantleLiam":20}]},"card_choices":[{"not_picked":["rmod:wolves","rmod:ammunitionsupply"],"picked":"rmod:selfconfidence","floor":1},{"not_picked":["rmod:intelligenceanalysis","rmod:capitalist"],"picked":"rmod:diaomin","floor":2},{"not_picked":["rmod:firesupport","rmod:selfconfidence"],"picked":"rmod:openingtorpedo","floor":3},{"not_picked":["rmod:intelligenceanalysis","rmod:victimresponsibility"],"picked":"rmod:spoils","floor":10},{"not_picked":["rmod:smokecover","rmod:lonelyqueen"],"picked":"rmod:chargemoney","floor":11},{"not_picked":["rmod:desperatesituation","rmod:intelligenceanalysis"],"picked":"rmod:wife","floor":12},{"not_picked":["rmod:stealaluminum","rmod:timeschanged"],"picked":"rmod:ridicule","floor":16},{"not_picked":["rmod:sl","rmod:expedition"],"picked":"rmod:diamondstrike","floor":18},{"not_picked":["rmod:steelsupply","rmod:intelligenceanalysis"],"picked":"rmod:punchline","floor":25}],"player_experience":58414,"relics_obtained":[{"floor":1,"key":"LetterFromLob"},{"floor":10,"key":"reliquary:PurpleTingedLeaf"},{"floor":11,"key":"WarlordEmblem:MantleLiam"},{"floor":16,"key":"Gensokyo:OccultBall"},{"floor":26,"key":"Sundial"}],"event_choices":[],"is_beta":false,"boss_relics":[{"not_picked":["Ectoplasm","Velvet Choker"],"picked":"testmod-IncinerationGenerator"}],"items_purged_floors":[],"is_endless":false,"potions_floor_spawned":[3,10,16,18],"killed_by":"Gensokyo:Slime_Group","ascension_level":0}}