{"host":"c6u7e77myxvw4d0m","time":1613085664,"event":{"mods":["AchievementEnabler","BaseMod","Bestiary","Colored Map","Colored Powertips","Minty Spire (QoL Compilation)","Rare Cards Sparkle","Relic Stats","everything is the same but u backflip on backflip"],"gold_per_floor":[111,123,140,157,176,176,176,195,244,256,268,24,54,70,70,149,149,149,10,10,10,10,10,10,10,10,10,10],"floor_reached":27,"language":"ENG","playtime":1236,"items_purged":["Strike_G","Strike_G"],"score":434,"play_id":"dce8ee84-5328-4fda-b350-5ac9678864d5","local_time":"20210212012104","is_ascension_mode":true,"campfire_choices":[{"data":"Quick Slash","floor":6,"key":"SMITH"},{"floor":11,"key":"REST"},{"floor":15,"key":"DIG"},{"floor":23,"key":"DIG"},{"floor":25,"key":"REST"}],"circlet_count":0,"master_deck":["AscendersBane","Strike_G","Strike_G","Defend_G","Defend_G","Defend_G","Defend_G","Defend_G","Survivor","Neutralize","Quick Slash+1","Quick Slash","Well Laid Plans","Bouncing Flask","Leg Sweep","Escape Plan","Crippling Poison","Poisoned Stab","Blur","Burst+1","Deadly Poison","Predator","Noxious Fumes","Catalyst"],"relics":["Ring of the Snake","Boot","MawBank","Shovel","Letter Opener","Ectoplasm","Ancient Tea Set","Darkstone Periapt"],"acts_visited":["Exordium","TheCity"],"potions_floor_usage":[7,16,24,27],"damage_taken":[{"damage":3,"enemies":"Jaw Worm","floor":1,"turns":3},{"damage":2,"enemies":"2 Louse","floor":2,"turns":3},{"damage":0,"enemies":"Cultist","floor":3,"turns":3},{"damage":2,"enemies":"Red Slaver","floor":4,"turns":3},{"damage":7,"enemies":"2 Fungi Beasts","floor":5,"turns":5},{"damage":0,"enemies":"Gremlin Nob","floor":7,"turns":2},{"damage":36,"enemies":"Gremlin Gang","floor":8,"turns":7},{"damage":1,"enemies":"Blue Slaver","floor":14,"turns":4},{"damage":40,"enemies":"Hexaghost","floor":16,"turns":11},{"damage":3,"enemies":"Chosen","floor":18,"turns":5},{"damage":10,"enemies":"Shell Parasite","floor":20,"turns":4},{"damage":24,"enemies":"Snake Plant","floor":21,"turns":4},{"damage":8,"enemies":"Centurion and Healer","floor":24,"turns":3},{"damage":25,"enemies":"Book of Stabbing","floor":27,"turns":4}],"seed_played":"-5809241047008626979","potions_obtained":[{"floor":2,"key":"SmokeBomb"},{"floor":16,"key":"FearPotion"},{"floor":21,"key":"SkillPotion"}],"is_trial":false,"path_per_floor":["M","M","M","M","M","R","E","M","T","?","R","$","?","M","R","B",null,"M","$","M","M","?","R","M","R","T","E"],"character_chosen":"THE_SILENT","items_purchased":["Poisoned Stab","Blur","Regen Potion","Predator"],"campfire_rested":2,"item_purchase_floors":[12,12,12,19],"current_hp_per_floor":[56,54,54,52,45,45,45,9,9,9,28,28,28,27,27,2,50,47,47,37,13,13,13,5,24,24,0,0],"gold":10,"neow_bonus":"RANDOM_COMMON_RELIC","is_daily":false,"chose_seed":false,"campfire_upgraded":1,"win_rate":0.0,"timestamp":1613085664,"path_taken":["M","M","M","M","M","R","E","M","T","?","R","$","?","M","R","BOSS","M","$","M","M","?","R","?","R","T","E"],"items_purchased_type":["Card","Card","Potion","Card"],"build_version":"2020-12-22","purchased_purges":2,"victory":false,"max_hp_per_floor":[66,66,66,66,66,66,66,66,66,66,66,66,66,66,66,66,66,66,66,66,66,66,66,66,66,66,66,66],"relic_stats":{"Darkstone Periapt":0,"Shovel":2,"counters":[14,61],"Ectoplasm":64,"Letter Opener":[48],"Boot":[49],"MawBank":36,"obtain_stats":[{"Darkstone Periapt":26,"Shovel":13,"Ectoplasm":17,"Letter Opener":15,"Boot":0,"MawBank":9,"Ancient Tea Set":23,"Ring of the Snake":0},{"Darkstone Periapt":13,"Shovel":7,"Ectoplasm":9,"Letter Opener":8,"Boot":0,"MawBank":7,"Ancient Tea Set":12,"Ring of the Snake":0},{"Darkstone Periapt":57,"Shovel":26,"Ectoplasm":41,"Letter Opener":30,"Boot":0,"MawBank":26,"Ancient Tea Set":54,"Ring of the Snake":0}],"Ring of the Snake":[28]},"card_choices":[{"not_picked":["Acrobatics","Cloak And Dagger"],"picked":"Quick Slash","floor":1},{"not_picked":["Backflip","Heel Hook"],"picked":"Quick Slash","floor":2},{"not_picked":["Dodge and Roll","Quick Slash"],"picked":"Well Laid Plans","floor":3},{"not_picked":["Backflip","Outmaneuver"],"picked":"Bouncing Flask","floor":4},{"not_picked":["Quick Slash","Endless Agony"],"picked":"Leg Sweep","floor":5},{"not_picked":["Catalyst","Backflip"],"picked":"Escape Plan","floor":8},{"not_picked":["Crippling Poison","Flechettes","Cloak And Dagger"],"picked":"SKIP","floor":14},{"not_picked":["Grand Finale","Glass Knife"],"picked":"Burst","floor":16},{"not_picked":["Cloak And Dagger+1","Well Laid Plans"],"picked":"Deadly Poison","floor":18},{"not_picked":["Bane","Backstab"],"picked":"Noxious Fumes","floor":20},{"not_picked":["Bane","Backflip"],"picked":"Catalyst","floor":21},{"not_picked":["Choke","Deflect","Bane"],"picked":"SKIP","floor":24}],"player_experience":799066,"relics_obtained":[{"floor":9,"key":"MawBank"},{"floor":15,"key":"Letter Opener"},{"floor":23,"key":"Ancient Tea Set"},{"floor":26,"key":"Darkstone Periapt"}],"event_choices":[{"damage_healed":0,"gold_gain":0,"cards_transformed":["Strike_G"],"player_choice":"Change","damage_taken":0,"max_hp_gain":0,"max_hp_loss":0,"event_name":"Living Wall","floor":10,"gold_loss":0,"cards_obtained":["Crippling Poison"]},{"damage_healed":0,"gold_gain":30,"player_choice":"Searched \u00272\u0027 times","damage_taken":0,"relics_obtained":["Shovel"],"max_hp_gain":0,"max_hp_loss":0,"event_name":"Dead Adventurer","floor":13,"gold_loss":0},{"damage_healed":0,"gold_gain":0,"player_choice":"Forge","damage_taken":0,"max_hp_gain":0,"max_hp_loss":0,"event_name":"Accursed Blacksmith","floor":22,"gold_loss":0,"cards_upgraded":["Burst"]}],"is_beta":false,"boss_relics":[{"not_picked":["WristBlade","Runic Dome"],"picked":"Ectoplasm"}],"items_purged_floors":[12,19],"is_endless":false,"potions_floor_spawned":[2,7,16,21],"killed_by":"Book of Stabbing","ascension_level":20}}