{"host":"FirstDane","time":1613015175,"event":{"mods":["BaseMod","Bestiary","Highlight Path","Minty Spire (QoL Compilation)","Relic Stats","Slay the Relics Exporter","StSLib"],"gold_per_floor":[361,82,96,115,132,165,165,199,245,245,7,20,37,56,56,135,135,146,28,42,92,107,107,107],"floor_reached":23,"language":"ENG","playtime":2714,"items_purged":["Strike_B","Strike_B"],"score":410,"play_id":"7df65f82-861c-4363-83ce-466a2cd1c8ef","local_time":"20210210214615","is_ascension_mode":true,"campfire_choices":[{"data":"Beam Cell","floor":7,"key":"SMITH"},{"floor":10,"key":"REST"},{"data":"Double Energy","floor":15,"key":"SMITH"}],"circlet_count":0,"master_deck":["AscendersBane","Strike_B","Strike_B","Defend_B","Defend_B","Defend_B","Defend_B","Zap","Dualcast","Beam Cell+1","Melter","FTL","Hologram","Multi-Cast","Reinforced Body","Cold Snap+1","Tempest","Go for the Eyes+1","Double Energy+1","Seek","Sweeping Beam+1","Double Energy","Skim","Chill+1"],"relics":["Cracked Core","Chemical X","Bag of Preparation","Molten Egg 2","Blood Vial","Nuclear Battery"],"acts_visited":["Exordium","TheCity"],"potions_floor_usage":[8,13,23],"damage_taken":[{"damage":3,"enemies":"Small Slimes","floor":1,"turns":4},{"damage":0,"enemies":"Cultist","floor":3,"turns":2},{"damage":2,"enemies":"Jaw Worm","floor":4,"turns":2},{"damage":4,"enemies":"Looter","floor":5,"turns":3},{"damage":20,"enemies":"Lagavulin","floor":6,"turns":7},{"damage":22,"enemies":"3 Sentries","floor":8,"turns":7},{"damage":0,"enemies":"Large Slime","floor":12,"turns":3},{"damage":0,"enemies":"3 Louse","floor":13,"turns":2},{"damage":0,"enemies":"Gremlin Gang","floor":14,"turns":3},{"damage":34,"enemies":"Hexaghost","floor":16,"turns":10},{"damage":0,"enemies":"Chosen","floor":18,"turns":1},{"damage":10,"enemies":"Shell Parasite","floor":20,"turns":4},{"damage":0,"enemies":"Sentry and Sphere","floor":22,"turns":1},{"damage":53,"enemies":"Gremlin Leader","floor":23,"turns":6}],"seed_played":"8359008740406570724","potions_obtained":[{"floor":1,"key":"Fire Potion"},{"floor":4,"key":"Ancient Potion"},{"floor":8,"key":"Swift Potion"},{"floor":20,"key":"FearPotion"},{"floor":22,"key":"LiquidBronze"}],"is_trial":false,"path_per_floor":["M","$","M","M","M","E","R","E","T","R","$","M","M","M","R","B",null,"M","$","M","?","M","E"],"character_chosen":"DEFECT","items_purchased":["Chemical X","Melter","Reinforced Body","Cold Snap+1","Double Energy","Skim"],"campfire_rested":1,"item_purchase_floors":[2,2,11,11,19,19],"current_hp_per_floor":[61,61,61,59,55,35,35,13,13,32,32,34,36,38,38,6,50,52,52,44,44,46,0,0],"gold":107,"neow_bonus":"TWO_FIFTY_GOLD","is_daily":false,"chose_seed":false,"campfire_upgraded":2,"win_rate":0.0,"timestamp":1613015175,"path_taken":["M","$","M","M","M","E","R","E","T","R","$","M","M","M","R","BOSS","M","$","M","?","?","E"],"items_purchased_type":["Relic","Card","Card","Card","Card","Card"],"build_version":"2020-12-18","purchased_purges":2,"victory":false,"max_hp_per_floor":[64,64,64,64,64,64,64,64,64,64,64,64,64,64,64,64,64,64,64,64,64,64,64,64],"relic_stats":{"Blood Vial":16,"counters":[14,55],"Bag of Preparation":[18],"Chemical X":[21],"obtain_stats":[{"Blood Vial":9,"Molten Egg 2":8,"Bag of Preparation":6,"Chemical X":2,"Cracked Core":0,"Nuclear Battery":17},{"Blood Vial":6,"Molten Egg 2":6,"Bag of Preparation":5,"Chemical X":1,"Cracked Core":0,"Nuclear Battery":10},{"Blood Vial":25,"Molten Egg 2":25,"Bag of Preparation":18,"Chemical X":4,"Cracked Core":0,"Nuclear Battery":43}]},"card_choices":[{"not_picked":["Chill","Turbo"],"picked":"Beam Cell","floor":1},{"not_picked":["Rebound","Static Discharge"],"picked":"FTL","floor":3},{"not_picked":["Steam","Steam Power"],"picked":"Hologram","floor":4},{"not_picked":["Beam Cell","Blizzard","Stack"],"picked":"SKIP","floor":5},{"not_picked":["Blizzard","Heatsinks","Barrage"],"picked":"SKIP","floor":6},{"not_picked":["Barrage+1","Gash+1"],"picked":"Multi-Cast","floor":8},{"not_picked":["Coolheaded","Sweeping Beam+1"],"picked":"Tempest","floor":12},{"not_picked":["Chaos","Streamline+1"],"picked":"Go for the Eyes+1","floor":13},{"not_picked":["Leap","Compile Driver+1"],"picked":"Double Energy","floor":14},{"not_picked":["Amplify","Rainbow"],"picked":"Seek","floor":16},{"not_picked":["Cold Snap+1","Turbo"],"picked":"Sweeping Beam+1","floor":18},{"not_picked":["Heatsinks","Coolheaded","Hello World"],"picked":"SKIP","floor":20},{"not_picked":["Hologram","Stack"],"picked":"Chill+1","floor":22}],"player_experience":4094882,"relics_obtained":[{"floor":6,"key":"Bag of Preparation"},{"floor":8,"key":"Molten Egg 2"},{"floor":9,"key":"Blood Vial"}],"event_choices":[{"damage_healed":0,"gold_gain":50,"player_choice":"Pray","damage_taken":0,"max_hp_gain":0,"max_hp_loss":0,"event_name":"Golden Shrine","floor":21,"gold_loss":0}],"is_beta":true,"boss_relics":[{"not_picked":["Inserter","Ectoplasm"],"picked":"Nuclear Battery"}],"items_purged_floors":[2,11],"is_endless":false,"potions_floor_spawned":[1,4,6,8,20,22],"killed_by":"Gremlin Leader","ascension_level":20}}