{"host":"ydujlihd8f5px9gp","time":1613085747,"event":{"mods":["AchievementEnabler","BaseMod","Block Reminder","Colored Map","Minty Spire (QoL Compilation)","StSLib","ojb\u0027s Info Mod"],"gold_per_floor":[111,124,144,144,155,155,190,190,190,190,38,38,38,52,52,52,52],"floor_reached":16,"language":"ENG","playtime":548,"items_purged":[],"score":145,"play_id":"41716d4e-f8a8-4022-aa0a-78a8bb1a6d14","local_time":"20210211212227","is_ascension_mode":true,"campfire_choices":[{"data":"Backstab","floor":6,"key":"SMITH"},{"data":"Dash","floor":8,"key":"SMITH"},{"data":"Survivor","floor":10,"key":"SMITH"},{"floor":15,"key":"REST"}],"circlet_count":0,"master_deck":["Strike_G","Strike_G","Strike_G","Strike_G","Strike_G","Defend_G","Defend_G","Defend_G","Defend_G","Defend_G","Survivor+1","Neutralize+1","Backstab+1","Calculated Gamble","Dash+1","Prepared"],"relics":["Ring of the Snake","Blood Vial","Strawberry","Mummified Hand","Pen Nib","Gambling Chip"],"acts_visited":["Exordium"],"potions_floor_usage":[7,16,16],"damage_taken":[{"damage":1,"enemies":"Small Slimes","floor":1,"turns":4},{"damage":0,"enemies":"2 Louse","floor":2,"turns":2},{"damage":0,"enemies":"Cultist","floor":3,"turns":3},{"damage":13,"enemies":"Exordium Thugs","floor":5,"turns":6},{"damage":52,"enemies":"Lagavulin","floor":7,"turns":11},{"damage":0,"enemies":"3 Louse","floor":14,"turns":3},{"damage":53,"enemies":"Hexaghost","floor":16,"turns":16}],"seed_played":"-2799665542000419293","potions_obtained":[{"floor":2,"key":"ColorlessPotion"},{"floor":3,"key":"Fruit Juice"},{"floor":5,"key":"LiquidMemories"},{"floor":14,"key":"Fire Potion"}],"is_trial":false,"path_per_floor":["M","M","M","?","M","R","E","R","T","R","$","?","?","M","R","B"],"character_chosen":"THE_SILENT","items_purchased":["Pen Nib"],"campfire_rested":1,"item_purchase_floors":[11],"current_hp_per_floor":[69,70,70,70,57,57,19,19,19,19,19,24,24,26,52,1,1],"gold":52,"neow_bonus":"RANDOM_COMMON_RELIC","is_daily":false,"chose_seed":false,"campfire_upgraded":3,"win_rate":0.0,"timestamp":1613085747,"path_taken":["M","M","M","?","M","R","E","R","T","R","$","?","?","?","R","BOSS"],"items_purchased_type":["Relic"],"build_version":"2020-12-22","purchased_purges":0,"victory":false,"max_hp_per_floor":[70,70,70,70,70,70,82,82,82,82,82,87,87,87,87,87,87],"card_choices":[{"not_picked":["Acrobatics","Deflect"],"picked":"Backstab","floor":1},{"not_picked":["Bane","Prepared"],"picked":"Calculated Gamble","floor":2},{"not_picked":["Flying Knee","PiercingWail","Deadly Poison"],"picked":"SKIP","floor":3},{"not_picked":["Finisher","Flying Knee","Poisoned Stab"],"picked":"SKIP","floor":5},{"not_picked":["Sucker Punch","Blur"],"picked":"Dash","floor":7},{"not_picked":["Poisoned Stab","Dodge and Roll"],"picked":"Prepared","floor":14}],"player_experience":158734,"relics_obtained":[{"floor":7,"key":"Strawberry"},{"floor":9,"key":"Mummified Hand"}],"event_choices":[{"damage_healed":0,"gold_gain":0,"player_choice":"Grow","damage_taken":0,"max_hp_gain":0,"max_hp_loss":0,"event_name":"Living Wall","floor":4,"gold_loss":0,"cards_upgraded":["Neutralize"]},{"damage_healed":0,"gold_gain":0,"player_choice":"Donut","damage_taken":0,"max_hp_gain":5,"max_hp_loss":0,"event_name":"Big Fish","floor":12,"gold_loss":0},{"damage_healed":0,"gold_gain":0,"player_choice":"Gave Potion","damage_taken":0,"relics_obtained":["Gambling Chip"],"max_hp_gain":0,"max_hp_loss":0,"event_name":"WeMeetAgain","floor":13,"gold_loss":0}],"is_beta":false,"boss_relics":[],"items_purged_floors":[],"is_endless":false,"potions_floor_spawned":[2,3,5,14],"killed_by":"Hexaghost","ascension_level":4}}