{"host":"yn1175etg9ni8l0q","time":1613054099,"event":{"mods":["AchievementEnabler","BaseMod","Colored Map","Colored Powertips","DeckTracker","Minty Spire (QoL Compilation)","Rare Cards Sparkle","Relic Stats","SuperFastMode","everything is the same but u backflip on backflip"],"gold_per_floor":[113,123,123,73,173,173,205,205,228,260,272,289,300,319,319,319,319],"floor_reached":16,"language":"KOR","playtime":265,"items_purged":[],"score":137,"play_id":"2be8451a-b547-4622-b2b7-f8a8139d703d","local_time":"20210211233459","is_ascension_mode":false,"campfire_choices":[{"data":"Zap","floor":6,"key":"SMITH"},{"data":"Biased Cognition","floor":8,"key":"SMITH"},{"data":"Dualcast","floor":15,"key":"SMITH"}],"circlet_count":0,"master_deck":["Strike_B","Strike_B","Strike_B","Defend_B","Defend_B","Defend_B","Defend_B","Zap+1","Dualcast+1","Melter","Biased Cognition+1","Coolheaded","Aggregate","Auto Shields","FTL+1","Turbo"],"relics":["Cracked Core","NeowsBlessing","Sundial","Bag of Preparation","Molten Egg 2"],"acts_visited":["Exordium"],"potions_floor_usage":[10,16],"damage_taken":[{"damage":0,"enemies":"2 Louse","floor":1,"turns":1},{"damage":0,"enemies":"Jaw Worm","floor":2,"turns":1},{"damage":0,"enemies":"3 Sentries","floor":7,"turns":1},{"damage":26,"enemies":"Lagavulin","floor":10,"turns":4},{"damage":3,"enemies":"Small Slimes","floor":11,"turns":2},{"damage":4,"enemies":"Gremlin Gang","floor":12,"turns":3},{"damage":5,"enemies":"3 Louse","floor":13,"turns":2},{"damage":2,"enemies":"Red Slaver","floor":14,"turns":2},{"damage":43,"enemies":"Slime Boss","floor":16,"turns":11}],"seed_played":"-6694651151722594107","potions_obtained":[{"floor":1,"key":"BlessingOfTheForge"},{"floor":2,"key":"Fire Potion"},{"floor":10,"key":"Energy Potion"},{"floor":14,"key":"SpeedPotion"}],"is_trial":false,"path_per_floor":["M","M","?","?","?","R","E","R","T","E","M","M","M","M","R","B"],"character_chosen":"DEFECT","items_purchased":[],"campfire_rested":0,"item_purchase_floors":[],"current_hp_per_floor":[75,75,80,80,80,80,80,80,80,54,51,47,42,40,40,0,0],"gold":319,"neow_bonus":"THREE_ENEMY_KILL","is_daily":false,"chose_seed":false,"campfire_upgraded":3,"win_rate":0.0,"timestamp":1613054099,"path_taken":["M","M","?","?","?","R","E","R","T","E","?","M","M","M","R","BOSS"],"items_purchased_type":[],"build_version":"2020-12-22","purchased_purges":0,"victory":false,"max_hp_per_floor":[75,75,80,80,80,80,80,80,80,80,80,80,80,80,80,80,80],"relic_stats":{"counters":[9,27],"Sundial":[4],"Bag of Preparation":[12],"obtain_stats":[{"NeowsBlessing":0,"Sundial":7,"Molten Egg 2":10,"Bag of Preparation":9,"Cracked Core":0},{"NeowsBlessing":0,"Sundial":3,"Molten Egg 2":4,"Bag of Preparation":3,"Cracked Core":0},{"NeowsBlessing":0,"Sundial":3,"Molten Egg 2":7,"Bag of Preparation":3,"Cracked Core":0}]},"card_choices":[{"not_picked":["Storm","Double Energy","Reinforced Body"],"picked":"SKIP","floor":1},{"not_picked":["Rip and Tear","Gash"],"picked":"Melter","floor":2},{"not_picked":["Barrage","Steam"],"picked":"Biased Cognition","floor":7},{"not_picked":["Doom and Gloom+1","Lockon+1"],"picked":"Coolheaded","floor":10},{"not_picked":["Barrage+1","Streamline+1"],"picked":"Aggregate","floor":11},{"not_picked":["Leap","Hello World"],"picked":"Auto Shields","floor":12},{"not_picked":["Gash+1","Hologram"],"picked":"FTL+1","floor":13},{"not_picked":["Chaos","Leap"],"picked":"Turbo","floor":14}],"player_experience":374333,"relics_obtained":[{"floor":7,"key":"Sundial"},{"floor":9,"key":"Bag of Preparation"},{"floor":10,"key":"Molten Egg 2"}],"event_choices":[{"damage_healed":0,"gold_gain":0,"player_choice":"Donut","damage_taken":0,"max_hp_gain":5,"max_hp_loss":0,"event_name":"Big Fish","floor":3,"gold_loss":0},{"cards_removed":["Strike_B"],"damage_healed":0,"gold_gain":0,"player_choice":"Card Removal","damage_taken":0,"max_hp_gain":0,"max_hp_loss":0,"event_name":"The Cleric","floor":4,"gold_loss":50},{"damage_healed":0,"gold_gain":100,"player_choice":"Pray","damage_taken":0,"max_hp_gain":0,"max_hp_loss":0,"event_name":"Golden Shrine","floor":5,"gold_loss":0}],"is_beta":false,"boss_relics":[],"items_purged_floors":[],"is_endless":false,"potions_floor_spawned":[1,2,10,14],"killed_by":"Slime Boss","ascension_level":0}}