{"host":"coame8l8goqx0svj","time":1613057108,"event":{"mods":["BaseMod","Downfall","Minty Spire (QoL Compilation)","StSLib"],"gold_per_floor":[99,115,23,23,42,42,65,65,50,62,93,93,110,137,147,250,250,50,67,217,48,64,64,64,78,78,63,63,163,195,207,218,323,323,223,243,256,280,190,190,242,292,203,203,229,247,247,282,301,301,301,330,72,72,72,72],"floor_reached":57,"language":"ENG","playtime":4870,"items_purged":["bronze:Strike","bronze:Strike","bronze:Strike"],"score":1693,"play_id":"0a6025c2-14a3-4578-a9d9-b1b469936873","local_time":"20210211162508","is_ascension_mode":true,"campfire_choices":[{"data":"Apotheosis","floor":1,"key":"SMITH"},{"floor":6,"key":"RECALL"},{"data":"bronze:ItsAFeature","floor":8,"key":"SMITH"},{"floor":12,"key":"REST"},{"data":"bronze:Repulsor","floor":18,"key":"SMITH"},{"floor":23,"key":"REST"},{"data":"bronze:Library","floor":26,"key":"SMITH"},{"data":"bronze:MaxOutput","floor":28,"key":"SMITH"},{"data":"bronze:Verify","floor":35,"key":"SMITH"},{"data":"bronze:Mutator","floor":44,"key":"SMITH"},{"data":"bronze:Repulsor","floor":47,"key":"SMITH"},{"data":"bronze:HardenedForm","floor":54,"key":"SMITH"}],"circlet_count":0,"master_deck":["bronze:Strike","bronze:Defend","bronze:Defend","bronze:Defend","bronze:Replicate+1","bronze:Goto+1","Apotheosis+1","bronze:ItsAFeature+1","bronze:MaxOutput+1","bronze:Repair+1","bronze:BuggyMess","bronze:Shield","bronze:HardenedForm+1","bronze:ItsAFeature","bronze:FollowUp","bronze:Repulsor+1","bronze:Library+1","CurseOfTheBell","bronze:BronzeArmor","bronze:BuggyMess","bronze:Frontload","bronze:Mutator+1","bronze:Verify+1","bronze:Constructor+1","bronze:Shell+1","bronze:Repulsor+1","bronze:BuggyMess+1","bronze:Repair+1"],"relics":["bronze:BronzeCore","bronze:Timepiece","Calling Bell","Guardian:PocketSentry","Letter Opener","hexamod:Sixitude","downfall:HeartBlessingRed","downfall:HeartBlessingGreen","bronze:DonusWashers","Eternal Feather","downfall:GremlinWheel","Bronze Scales","SlaversCollar","downfall:HeartBlessingBlue","Centennial Puzzle","Regal Pillow","Membership Card","Mummified Hand","Incense Burner","Anchor","Unceasing Top","Thread and Needle","Pantograph","bronze:ProtectiveGoggles","bronze:CableSpool","hexamod:BolsterEngine"],"acts_visited":["Exordium","TheCity","TheBeyond","TheEnding"],"potions_floor_usage":[19,22,25,30,30,30,30,33,37,52,52],"damage_taken":[{"damage":7,"enemies":"Jaw Worm","floor":2,"turns":4},{"damage":2,"enemies":"downfall:FleeingMerchant","floor":3,"turns":4},{"damage":0,"enemies":"Cultist","floor":5,"turns":3},{"damage":4,"enemies":"downfall:FleeingMerchant","floor":9,"turns":4},{"damage":3,"enemies":"2 Louse","floor":10,"turns":3},{"damage":25,"enemies":"3 Sentries","floor":11,"turns":8},{"damage":0,"enemies":"Red Slaver","floor":13,"turns":4},{"damage":4,"enemies":"Lagavulin","floor":14,"turns":6},{"damage":31,"enemies":"3 Louse","floor":15,"turns":4},{"damage":7,"enemies":"WA_ARCHETYPE_RETAIN","floor":16,"turns":7},{"damage":9,"enemies":"Shell Parasite","floor":19,"turns":2},{"damage":0,"enemies":"downfall:FleeingMerchant","floor":21,"turns":4},{"damage":16,"enemies":"3 Byrds","floor":22,"turns":5},{"damage":18,"enemies":"Snake Plant","floor":25,"turns":4},{"damage":2,"enemies":"downfall:FleeingMerchant","floor":27,"turns":4},{"damage":9,"enemies":"downfall:FleeingMerchant","floor":29,"turns":4},{"damage":29,"enemies":"Gremlin Leader","floor":30,"turns":7},{"damage":12,"enemies":"Snecko","floor":31,"turns":6},{"damage":0,"enemies":"Chosen and Byrds","floor":32,"turns":5},{"damage":16,"enemies":"IC_MUSHROOM_ARCHETYPE","floor":33,"turns":7},{"damage":12,"enemies":"3 Shapes","floor":36,"turns":5},{"damage":9,"enemies":"3 Darklings","floor":37,"turns":6},{"damage":0,"enemies":"downfall:FleeingMerchant","floor":39,"turns":3},{"damage":0,"enemies":"downfall:FleeingMerchant","floor":42,"turns":5},{"damage":0,"enemies":"Nemesis","floor":45,"turns":5},{"damage":24,"enemies":"Sphere and 2 Shapes","floor":46,"turns":4},{"damage":0,"enemies":"Giant Head","floor":48,"turns":8},{"damage":0,"enemies":"Writhing Mass","floor":49,"turns":5},{"damage":0,"enemies":"DF_ARCHETYPE_ORBS","floor":50,"turns":5},{"damage":12,"enemies":"downfall:CharBossMerchant","floor":52,"turns":7},{"damage":0,"enemies":"downfall:NeowBoss","floor":55,"turns":8},{"damage":52,"enemies":"downfall:NeowBossFinal","floor":56,"turns":10}],"seed_played":"-936539949345865742","potions_obtained":[{"floor":2,"key":"GamblersBrew"},{"floor":11,"key":"Slimebound:ThreeZeroPotion"},{"floor":15,"key":"hexamod:SoulburnPotion"},{"floor":16,"key":"EntropicBrew"},{"floor":19,"key":"bronze:BurnAndBuffPotion"},{"floor":22,"key":"Swift Potion"},{"floor":25,"key":"Ancient Potion"},{"floor":29,"key":"LiquidBronze"},{"floor":32,"key":"FearPotion"},{"floor":36,"key":"AttackPotion"},{"floor":37,"key":"SteroidPotion"},{"floor":45,"key":"AttackPotion"},{"floor":49,"key":"Energy Potion"}],"is_trial":false,"path_per_floor":["R","M","$","?","M","R","T","R","$","M","E","R","M","E","M","B",null,"R","M","?","$","M","R","T","M","R","$","R","?","E","M","M","B",null,"R","M","M","T","$","?","T","?","$","R","E","M","R","E","M","B",null,"E","$","R","B","B",null],"character_chosen":"THE_AUTOMATON","items_purchased":["bronze:Repair","bronze:DonusWashers","Membership Card","Mummified Hand","Incense Burner","bronze:Repulsor","bronze:CableSpool","hexamod:BolsterEngine"],"campfire_rested":2,"item_purchase_floors":[3,21,39,39,39,43,53,53],"current_hp_per_floor":[63,56,54,54,63,63,63,63,59,63,48,63,63,59,38,41,64,64,55,55,65,49,69,69,61,69,67,69,60,41,39,49,43,63,79,71,62,62,72,72,72,79,79,79,79,55,70,79,79,79,79,67,67,79,79,37],"gold":72,"neow_bonus":"RANDOM_COLORLESS_2","is_daily":false,"chose_seed":false,"campfire_upgraded":9,"win_rate":0.0,"timestamp":1613057108,"path_taken":["R","M","$","?","M","R","T","R","$","M","E","R","M","E","M","BOSS","R","M","?","$","M","R","T","?","R","$","R","?","E","M","M","BOSS","R","M","M","?","$","?","T","?","$","R","E","M","R","E","M","BOSS","E","$","R","BOSS","BOSS"],"items_purchased_type":["Card","Relic","Relic","Relic","Relic","Card","Relic","Relic"],"build_version":"2020-12-22","purchased_purges":3,"victory":true,"max_hp_per_floor":[63,63,63,63,63,63,63,63,63,63,63,63,63,63,63,63,69,69,69,69,69,69,69,69,69,69,69,69,69,69,69,69,69,69,79,79,79,79,79,79,79,79,79,79,79,79,79,79,79,79,79,79,79,79,79,79],"card_choices":[{"not_picked":["Sadistic Nature","Magnetism"],"picked":"Apotheosis","floor":0},{"not_picked":["bronze:Terminator","bronze:DelayedGuard"],"picked":"bronze:ItsAFeature","floor":2},{"not_picked":["bronze:Overheat","bronze:BronzeOrb"],"picked":"bronze:MaxOutput","floor":3},{"not_picked":["bronze:DelayedSlice","bronze:Turbo"],"picked":"bronze:BuggyMess","floor":5},{"not_picked":["bronze:Overheat","bronze:DelayedGuard"],"picked":"bronze:Shield","floor":9},{"not_picked":["bronze:BitShift","bronze:Philosophize"],"picked":"bronze:HardenedForm","floor":10},{"not_picked":["bronze:Backtrace","bronze:Constructor","bronze:Separator"],"picked":"SKIP","floor":11},{"not_picked":["bronze:FollowUp","bronze:Separator"],"picked":"bronze:ItsAFeature","floor":13},{"not_picked":["bronze:Constructor","bronze:Frontload"],"picked":"bronze:FollowUp","floor":14},{"not_picked":["bronze:Invalidate","bronze:DarkDash"],"picked":"bronze:Repulsor","floor":15},{"not_picked":["bronze:CleanCode","bronze:Hardcode"],"picked":"bronze:Library","floor":16},{"not_picked":["bronze:Separator","bronze:DigitalCarnage","bronze:ForLoop"],"picked":"SKIP","floor":19},{"not_picked":["bronze:BitShift","bronze:Deprecate+1","bronze:DelayedSlice"],"picked":"SKIP","floor":21},{"not_picked":["bronze:Iterate","bronze:Allocate"],"picked":"bronze:BronzeArmor","floor":22},{"not_picked":["bronze:WildBeam","bronze:Frontload","bronze:Iterate"],"picked":"SKIP","floor":25},{"not_picked":["bronze:Return","bronze:ChildClass"],"picked":"bronze:BuggyMess","floor":27},{"not_picked":["bronze:GetLatest","bronze:Invalidate"],"picked":"bronze:Frontload","floor":30},{"not_picked":["bronze:DelayedGuard","bronze:Branch","bronze:BuggyMess"],"picked":"SKIP","floor":31},{"not_picked":["bronze:Flail","bronze:FollowUp"],"picked":"bronze:Mutator","floor":32},{"not_picked":["bronze:HardenedForm","bronze:AlphaBuild"],"picked":"bronze:Verify","floor":33},{"not_picked":["bronze:Return+1","bronze:WhirlingStrike"],"picked":"bronze:Constructor+1","floor":36},{"not_picked":["bronze:Backtrace+1","bronze:Constructor"],"picked":"bronze:Shell+1","floor":37},{"not_picked":["bronze:BugBarrage+1","bronze:Constructor","bronze:Safeguard"],"picked":"SKIP","floor":39},{"not_picked":["bronze:Turbo+1","bronze:Constructor","bronze:Shield+1"],"picked":"SKIP","floor":45},{"not_picked":["bronze:CutThrough","bronze:BugBarrage"],"picked":"bronze:BuggyMess+1","floor":46},{"not_picked":["bronze:Constructor+1","bronze:HardenedForm","bronze:Repulsor+1"],"picked":"SKIP","floor":48},{"not_picked":["bronze:Constructor+1","bronze:CutThrough","bronze:WildBeam"],"picked":"SKIP","floor":49},{"not_picked":["bronze:Branch","bronze:Shell"],"picked":"bronze:Repair+1","floor":52}],"player_experience":1802872,"relics_obtained":[{"floor":11,"key":"bronze:Timepiece"},{"floor":14,"key":"Darkstone Periapt"},{"floor":17,"key":"Guardian:PocketSentry"},{"floor":17,"key":"Letter Opener"},{"floor":17,"key":"hexamod:Sixitude"},{"floor":24,"key":"Eternal Feather"},{"floor":29,"key":"downfall:GremlinWheel"},{"floor":30,"key":"Bronze Scales"},{"floor":35,"key":"Centennial Puzzle"},{"floor":38,"key":"Regal Pillow"},{"floor":41,"key":"Anchor"},{"floor":42,"key":"Unceasing Top"},{"floor":45,"key":"Thread and Needle"},{"floor":48,"key":"Pantograph"},{"floor":52,"key":"bronze:ProtectiveGoggles"}],"event_choices":[{"damage_healed":0,"gold_gain":0,"player_choice":"Relic","damage_taken":0,"max_hp_gain":0,"max_hp_loss":0,"event_name":"Wheel of Change","floor":35,"gold_loss":0},{"cards_removed":["bronze:Defend"],"damage_healed":0,"gold_gain":0,"player_choice":"Removed Skill","damage_taken":0,"max_hp_gain":0,"max_hp_loss":0,"event_name":"Falling","floor":40,"gold_loss":0}],"is_beta":false,"boss_relics":[{"not_picked":["Runic Dome","Tiny House"],"picked":"Calling Bell"},{"not_picked":["Snecko Eye","bronze:ElectromagneticCoil"],"picked":"SlaversCollar"}],"items_purged_floors":[39,43,53],"is_endless":false,"potions_floor_spawned":[2,11,15,16,19,22,25,29,32,36,37,45,49],"ascension_level":7}}