{"host":"r40cn8c2kv7g6k3i","time":1613022255,"event":{"mods":["ATMod(∞¢Ë™Mod)","Act Like it!","BaseMod","Colored Powertips","Downfall","Gensokyo","Hallownest","KinomotoSakuraMod(ƒæ÷Æ±æ”£)","KomeijiMod","Marisa£®ÏF”Í°°ƒß¿Ì…≥£©","Minty Spire (QoL Compilation)","Onozuka Komachi Mod","Prisma Mod","Reimu£®≤©¿ˆ¡È√Œ£©","Remilia£®¿Ÿ√◊¿Ú—«£©","Replay The Spire","Shop Mod","Spicy Shops","StSLib","The Alterego","The Bug Knight","The Servant 0.9.4","UnlockEverythingMod","WarShipGirlsR/’ΩΩ¢…Ÿ≈ÆR mod","Youmu£®ªÍ∆«—˝√Œ£©","Yuri Mod"],"gold_per_floor":[109,122,28,128,146,176,176,176,223,257,583,583,615,626,626,646,646],"floor_reached":16,"language":"ZHS","playtime":865,"items_purged":[],"score":198,"play_id":"16a26cd0-ea37-4b31-8d8b-32d3d99d033a","local_time":"20210211134415","is_ascension_mode":true,"campfire_choices":[{"data":"AT_CelerityRune","floor":8,"key":"SMITH"},{"floor":12,"key":"REST"},{"floor":15,"key":"REST"}],"circlet_count":0,"master_deck":["Strike_MRS","Strike_MRS","Strike_MRS","Strike_MRS","Defend_MRS","Defend_MRS","Defend_MRS","Defend_MRS","MasterSpark","UpSweep","AT_CelerityRune+1","DoubleSpark","Robbery+1","EarthLightRay+1","FairyDestructionRay","NonDirectionalLaser","MagicAbsorber","IllusionStar"],"relics":["MiniHakkero","AT_ATBox","NeowsBlessing","AT_ArchangelStaff","Gensokyo:MarisaIngredientList","Gremlin Food","Shuriken","The Courier","Calipers"],"acts_visited":["Gensokyo:Gensokyo"],"potions_floor_usage":[6,10,13,16],"damage_taken":[{"damage":0,"enemies":"Gensokyo:3_Fairies","floor":1,"turns":1},{"damage":0,"enemies":"Gensokyo:Python","floor":2,"turns":1},{"damage":8,"enemies":"Gensokyo:Gryphon","floor":5,"turns":2},{"damage":12,"enemies":"Gensokyo:Aya","floor":6,"turns":2},{"damage":21,"enemies":"Gensokyo:3_Kodama","floor":10,"turns":3},{"damage":38,"enemies":"Gensokyo:Mamizou","floor":11,"turns":10},{"damage":12,"enemies":"Gensokyo:Aya","floor":13,"turns":1},{"damage":18,"enemies":"Gensokyo:Gryphon_and_Rabbit","floor":14,"turns":4},{"damage":32,"enemies":"Gensokyo:Yukari","floor":16,"turns":5}],"seed_played":"-4420442967741291865","potions_obtained":[{"floor":5,"key":"Death Potion"},{"floor":6,"key":"SteroidPotion"},{"floor":11,"key":"Death Potion"},{"floor":14,"key":"ShroomBrew"}],"is_trial":false,"path_per_floor":["M","M","COS","?","M","E","?","R","T","M","E","R","E","M","R","B"],"character_chosen":"MARISA","items_purchased":[],"campfire_rested":2,"item_purchase_floors":[],"current_hp_per_floor":[75,75,75,75,67,55,55,55,55,38,4,26,14,2,24,0,0],"gold":646,"neow_bonus":"THREE_ENEMY_KILL","is_daily":false,"chose_seed":false,"campfire_upgraded":1,"win_rate":0.0,"timestamp":1613022255,"path_taken":["M","M","COS","?","M","E","?","R","T","?","E","R","E","?","R","BOSS"],"items_purchased_type":[],"build_version":"2020-12-22","purchased_purges":0,"victory":false,"max_hp_per_floor":[75,75,75,75,75,75,75,75,75,75,75,75,75,75,75,75,75],"card_choices":[{"not_picked":["Orbital","PowerUp"],"picked":"DoubleSpark","floor":1},{"not_picked":["PowerUp","GravityBeat"],"picked":"DoubleSpark","floor":2},{"not_picked":["MysteriousBeam","ShootingEcho"],"picked":"Robbery","floor":5},{"not_picked":["WitchOfGreed","6A"],"picked":"EarthLightRay","floor":6},{"not_picked":["AsteroidBelt","6A"],"picked":"FairyDestructionRay","floor":10},{"not_picked":["ChargeUpSpray","GasGiant"],"picked":"NonDirectionalLaser","floor":11},{"not_picked":["OneTimeOff","Singularity"],"picked":"MagicAbsorber","floor":13},{"not_picked":["WitchLeyline","EventHorizon"],"picked":"IllusionStar","floor":14}],"player_experience":182100,"relics_obtained":[{"floor":6,"key":"AT_ArchangelStaff"},{"floor":9,"key":"Gremlin Food"},{"floor":11,"key":"Shuriken"},{"floor":13,"key":"The Courier"}],"event_choices":[],"is_beta":false,"boss_relics":[],"items_purged_floors":[],"is_endless":false,"potions_floor_spawned":[5,6,11,14],"killed_by":"Gensokyo:Yukari","ascension_level":4}}