{"host":"gaqyve1328ta0etl","time":1613086052,"event":{"mods":["BaseMod","Colored Map","Colored Powertips","Duelist Mod","Googly Eyes","Hero for Fun","Minty Spire (QoL Compilation)","Shop Mod","StSLib","SuperFastMode","The Hierophant","The Runesmith"],"gold_per_floor":[139,158,158,83,100,100,129,141,141,153,153,164,164,181,181,278,278,293,293,146,157,32,32,0,10,10,10,10,10,10,26,26,26,26],"floor_reached":33,"language":"ENG","playtime":1169,"items_purged":["theDuelist:Sparks","theDuelist:CastleWalls","theDuelist:CaveDragon"],"score":333,"play_id":"437c61ee-3f62-4663-b349-65773b422d4d","local_time":"20210211152732","is_ascension_mode":true,"campfire_choices":[{"data":"theDuelist:BusterBladerDDS","floor":6.0,"key":"SMITH"},{"floor":11.0,"key":"REST"},{"data":"theDuelist:Duoterion","floor":13.0,"key":"SMITH"},{"data":"theDuelist:PotGreed","floor":15.0,"key":"SMITH"},{"data":"theDuelist:WingedDragonRa","floor":23.0,"key":"SMITH"},{"data":"theDuelist:LordD","floor":27,"key":"SMITH"},{"floor":32,"key":"REST"}],"circlet_count":0,"master_deck":["theDuelist:BabyDragon","theDuelist:CaveDragon","theDuelist:LesserDragon","theDuelist:LesserDragon+1","theDuelist:YamataDragon+1","theDuelist:BusterBladerDDS+1","theDuelist:Duoterion+1","theDuelist:CyberDinosaur","theDuelist:LordD+1","theDuelist:PotGreed+1","theDuelist:WingedDragonRa+1","theDuelist:MaskedDragon","theDuelist:CastleDragonSouls+1","theDuelist:DragonZombie+1"],"relics":["theDuelist:MillenniumPuzzle","theDuelist:CardPoolRelic","theDuelist:CardPoolBasicRelic","theDuelist:BoosterPackPoolRelic","theDuelist:CardPoolAddRelic","theDuelist:CardPoolMinusRelic","theDuelist:CardPoolSaveRelic","theDuelist:CardPoolOptionsRelic","Question Card","Runesmith:Nanobots","theDuelist:DuelistTeaSet","theDuelist:MetronomeRelicD"],"acts_visited":["Exordium","TheCity"],"potions_floor_usage":[33],"damage_taken":[{"damage":0.0,"enemies":"Small Slimes","floor":1.0,"turns":2.0},{"damage":1.0,"enemies":"2 Louse","floor":2.0,"turns":2.0},{"damage":0.0,"enemies":"Cultist","floor":5.0,"turns":3.0},{"damage":5.0,"enemies":"3 Sentries","floor":7.0,"turns":7.0},{"damage":0.0,"enemies":"2 Fungi Beasts","floor":8.0,"turns":4.0},{"damage":11.0,"enemies":"Large Slime","floor":10.0,"turns":3.0},{"damage":0.0,"enemies":"Blue Slaver","floor":12.0,"turns":3.0},{"damage":0.0,"enemies":"Exordium Wildlife","floor":14.0,"turns":2.0},{"damage":29.0,"enemies":"Slime Boss","floor":16.0,"turns":8.0},{"damage":1.0,"enemies":"Shell Parasite","floor":18.0,"turns":6.0},{"damage":0.0,"enemies":"Chosen","floor":21.0,"turns":2.0},{"damage":2.0,"enemies":"3 Cultists","floor":25.0,"turns":5.0},{"damage":37,"enemies":"Cultist and Chosen","floor":31,"turns":7},{"damage":79,"enemies":"Automaton","floor":33,"turns":6}],"seed_played":"1009700107652597798","potions_obtained":[{"floor":1.0,"key":"theDuelist:WhiteBottle"},{"floor":7.0,"key":"PowerPotion"},{"floor":10.0,"key":"theDuelist:BarricadePotion"},{"floor":18.0,"key":"theDuelist:CoolBottle"}],"is_trial":false,"path_per_floor":["M","M","?","$","M","R","E","M","T","M","R","M","R","M","R","B",null,"M","?","$","M","$","R","?","M","T","R","?","?","$","M","R","B"],"character_chosen":"THE_DUELIST","items_purchased":["theDuelist:MaskedDragon"],"campfire_rested":2,"item_purchase_floors":[20],"current_hp_per_floor":[72,71,55,55,55,55,50,50,50,39,63,63,63,63,63,34,69,68,68,68,68,68,68,68,66,66,66,60,60,60,23,47,0,0],"gold":26,"neow_bonus":"ONE_RANDOM_RARE_CARD","is_daily":false,"chose_seed":false,"campfire_upgraded":5,"win_rate":0.0,"timestamp":1613086052,"path_taken":["M","M","?","$","M","R","E","M","T","M","R","M","R","M","R","BOSS","M","?","$","?","$","R","?","M","T","R","?","?","$","M","R","BOSS"],"items_purchased_type":["Card"],"build_version":"2020-12-22","purchased_purges":3,"victory":false,"max_hp_per_floor":[80,80,80,80,80,80,80,80,80,80,80,80,80,80,80,80,80,80,80,80,80,80,80,80,80,80,80,80,80,80,80,80,80,80],"card_choices":[{"not_picked":["theDuelist:TwinBarrelDragon","theDuelist:Kabazauls","theDuelist:RedRisingDragon","theDuelist:CyberDragonDrei","theDuelist:YamataDragon"],"picked":"SKIP","floor":1.0},{"not_picked":["theDuelist:SuperStridentBlaze","theDuelist:DarkfireDragon","theDuelist:CyberDragonNachster","theDuelist:BabyDragon","theDuelist:HazyFlameHydra"],"picked":"SKIP","floor":2.0},{"not_picked":["theDuelist:Kabazauls","theDuelist:DefenseDraw","theDuelist:RedRisingDragon","theDuelist:BusterBlader","theDuelist:TotemDragon"],"picked":"SKIP","floor":5.0},{"not_picked":["theDuelist:TwinHeadedFire","theDuelist:SafeZone","theDuelist:LavaDragon","theDuelist:DefenseZone"],"picked":"theDuelist:Duoterion","floor":7.0},{"not_picked":["theDuelist:SuperancientDinobeast","theDuelist:Hydrogeddon","theDuelist:GalaxyTyranno","theDuelist:Frostosaurus","theDuelist:BlackTyranno"],"picked":"SKIP","floor":8.0},{"not_picked":["theDuelist:CyberValley","theDuelist:Anthrosaurus","theDuelist:Earthquake","theDuelist:FrostflameDragon"],"picked":"theDuelist:CyberDinosaur","floor":10.0},{"not_picked":["theDuelist:SuperStridentBlaze","theDuelist:SauropodBrachion","theDuelist:OneDayPeace","theDuelist:Frostosaurus"],"picked":"theDuelist:LordD","floor":12.0},{"not_picked":["theDuelist:Hinotama","theDuelist:LightningDarts","theDuelist:HarpieFeather","theDuelist:ImperialOrder"],"picked":"theDuelist:PotGreed","floor":14.0},{"not_picked":["theDuelist:OceanDragonLord","theDuelist:LostWorld","theDuelist:CyberDragonInfinity","theDuelist:ArmedProtectorDragon"],"picked":"theDuelist:WingedDragonRa","floor":16.0},{"not_picked":["theDuelist:YamataDragon","theDuelist:BlackBrutdrago","theDuelist:HorusServant","theDuelist:DreadnoughtDreadnoid","theDuelist:BlackStego"],"picked":"SKIP","floor":18.0},{"not_picked":["theDuelist:ViceDragon","theDuelist:MoltenDestruction","theDuelist:RedRisingDragon","theDuelist:Earthquake","theDuelist:BlackStego"],"picked":"SKIP","floor":21.0},{"not_picked":["theDuelist:GalaxySoldier+1","theDuelist:CyberLaserDragon+1","theDuelist:SurvivalFittest+1","theDuelist:SilverWing+1"],"picked":"theDuelist:CastleDragonSouls+1","floor":25},{"not_picked":["theDuelist:TrihornedDragon+1","theDuelist:BeserkDragon+1"],"picked":"theDuelist:DragonZombie+1","floor":31}],"player_experience":2134562,"relics_obtained":[{"floor":7.0,"key":"Question Card"},{"floor":9.0,"key":"Runesmith:Nanobots"},{"floor":26,"key":"theDuelist:DuelistTeaSet"}],"event_choices":[{"damage_healed":0.0,"max_hp_gain":0.0,"max_hp_loss":0.0,"gold_gain":0.0,"event_name":"Shining Light","player_choice":"Entered Light","floor":3.0,"gold_loss":0.0,"damage_taken":16.0,"cards_upgraded":["theDuelist:YamataDragon","theDuelist:LesserDragon"]},{"damage_healed":0.0,"max_hp_gain":0.0,"max_hp_loss":0.0,"gold_gain":0.0,"event_name":"Visit from Anubis","player_choice":"Scored: 1861","duelist":true,"floor":19.0,"gold_loss":0.0,"damage_taken":0.0},{"damage_healed":0.0,"max_hp_gain":0.0,"max_hp_loss":0.0,"gold_gain":0.0,"event_name":"Masked Bandits","player_choice":"Paid Fearfully","floor":24.0,"gold_loss":32.0,"damage_taken":0.0},{"damage_healed":0,"gold_gain":0,"player_choice":"Dig - random Duelist relic","duelist":true,"damage_taken":0,"max_hp_gain":0,"max_hp_loss":0,"event_name":"Aknamkanon\u0027s Tomb","floor":28,"gold_loss":0},{"damage_healed":0,"gold_gain":0,"player_choice":"Ignored","damage_taken":0,"max_hp_gain":0,"max_hp_loss":0,"event_name":"Vampires","floor":29,"gold_loss":0}],"is_beta":false,"boss_relics":[{"not_picked":["Tiny House","Runesmith:UraniumAnvil"],"picked":"Empty Cage"}],"items_purged_floors":[4,20,22],"is_endless":false,"potions_floor_spawned":[1,7,10,12,16,18],"killed_by":"Automaton","ascension_level":7}}