{"host":"6xsbn6ynqlzwllfm","time":1613074601,"event":{"mods":["2.2 Compatiblity","BaseMod","Bestiary","Colored Map","Colored Powertips","Curses Come First","Downfall","Highlight Path","Keyboard Shortcuts","Minty Spire (QoL Compilation)","Relic Stats","Slay the Relics Exporter","StSLib","SuperFastMode"],"gold_per_floor":[349,361,378,124,124,153,204,235,135,148,167,201,221,221,235,330,330,330,348,233,233,244,279,359,359,359,386,402,452,452,437,447,552,552,552,569,583,603,351,251,324,324,379,279,289,289,315,90,110,110,110,141,11,11,11,11],"floor_reached":57,"language":"ENG","playtime":5678,"items_purged":["Clumsy","bronze:Strike","bronze:Strike","bronze:Strike"],"score":1313,"play_id":"49eec3cd-bd6d-4960-b3f7-60fe583c05b3","local_time":"20210211151641","is_ascension_mode":true,"campfire_choices":[{"data":"bronze:Goto","floor":1,"key":"SMITH"},{"floor":9,"key":"REST"},{"data":"expansioncontent:DashGenerateEvil","floor":18,"key":"SMITH"},{"data":"bronze:BugBarrage","floor":25,"key":"SMITH"},{"floor":35,"key":"RECALL"},{"data":"bronze:ItsAFeature","floor":40,"key":"SMITH"},{"floor":44,"key":"DIG"},{"floor":46,"key":"DIG"},{"floor":54,"key":"REST"}],"circlet_count":0,"master_deck":["bronze:Defend","bronze:Defend","bronze:Defend","bronze:Defend","bronze:Replicate","bronze:Goto+1","bronze:BuggyMess","bronze:BronzeArmor","bronze:FineTuning","expansioncontent:DashGenerateEvil+1","bronze:Frontload","bronze:CutThrough+1","bronze:BugBarrage+1","bronze:InfiniteBeams","bronze:Iterate+1","bronze:BugBarrage+1","bronze:Verify","bronze:Constructor+1","bronze:Return+1","bronze:Repulsor+1","bronze:Break","bronze:Boost","bronze:ItsAFeature+1","bronze:BurnOut","CurseOfTheBell","bronze:BronzeArmor","bronze:Flail","bronze:Shell","bronze:Verify","bronze:Repair+1","bronze:MaxOutput","Parasite","bronze:MaxOutput+1","bronze:BuggyMess"],"relics":["bronze:PlatinumCore","Bronze Scales","Bottled Flame","Happy Flower","downfall:HeartBlessingGreen","Juzu Bracelet","Bag of Preparation","Eternal Feather","Nloth\u0027s Gift","Letter Opener","Centennial Puzzle","Calling Bell","Lantern","Darkstone Periapt","FossilizedHelix","OrangePellets","Shuriken","downfall:HeartBlessingRed","Shovel","downfall:HeartBlessingBlue","Pen Nib","Bird Faced Urn","Whetstone","InkBottle"],"acts_visited":["Exordium","TheCity","TheBeyond","TheEnding"],"potions_floor_usage":[12,20,31,33,37,37,47,50,52,52,55],"damage_taken":[{"damage":1,"enemies":"Cultist","floor":2,"turns":4},{"damage":0,"enemies":"Small Slimes","floor":3,"turns":4},{"damage":0,"enemies":"downfall:FleeingMerchant","floor":4,"turns":4},{"damage":22,"enemies":"3 Sentries","floor":6,"turns":8},{"damage":45,"enemies":"Lagavulin","floor":8,"turns":9},{"damage":0,"enemies":"2 Louse","floor":10,"turns":1},{"damage":2,"enemies":"Red Slaver","floor":11,"turns":2},{"damage":0,"enemies":"3 Sentries","floor":12,"turns":4},{"damage":4,"enemies":"Exordium Thugs","floor":13,"turns":4},{"damage":0,"enemies":"Lots of Slimes","floor":15,"turns":3},{"damage":42,"enemies":"DF_ARCHETYPE_STREAMLINE","floor":16,"turns":8},{"damage":0,"enemies":"Chosen","floor":19,"turns":4},{"damage":2,"enemies":"downfall:FleeingMerchant","floor":20,"turns":4},{"damage":11,"enemies":"Snecko","floor":22,"turns":5},{"damage":16,"enemies":"Book of Stabbing","floor":23,"turns":5},{"damage":13,"enemies":"Slavers","floor":27,"turns":4},{"damage":0,"enemies":"Chosen and Byrds","floor":28,"turns":2},{"damage":1,"enemies":"downfall:FleeingMerchant","floor":31,"turns":4},{"damage":0,"enemies":"Centurion and Healer","floor":32,"turns":4},{"damage":37,"enemies":"IC_MUSHROOM_ARCHETYPE","floor":33,"turns":6},{"damage":17,"enemies":"3 Darklings","floor":36,"turns":4},{"damage":14,"enemies":"3 Shapes","floor":37,"turns":5},{"damage":1,"enemies":"Maw","floor":38,"turns":6},{"damage":5,"enemies":"downfall:FleeingMerchant","floor":39,"turns":3},{"damage":10,"enemies":"2 Orb Walkers","floor":43,"turns":4},{"damage":4,"enemies":"Spire Growth","floor":45,"turns":5},{"damage":0,"enemies":"Giant Head","floor":47,"turns":7},{"damage":0,"enemies":"Writhing Mass","floor":49,"turns":5},{"damage":15,"enemies":"WA_ARCHETYPE_DIVINITY","floor":50,"turns":7},{"damage":80,"enemies":"downfall:CharBossMerchant","floor":52,"turns":7},{"damage":36,"enemies":"downfall:NeowBoss","floor":55,"turns":13},{"damage":66,"enemies":"downfall:NeowBossFinal","floor":56,"turns":9}],"seed_played":"6310474480515347817","potions_obtained":[{"floor":6,"key":"bronze:CleanCodePotion"},{"floor":8,"key":"sneckomod:MuddlingPotion"},{"floor":10,"key":"GamblersBrew"},{"floor":11,"key":"SkillPotion"},{"floor":15,"key":"Ancient Potion"},{"floor":22,"key":"ColorlessPotion"},{"floor":27,"key":"sneckomod:MuddlingPotion"},{"floor":28,"key":"GamblersBrew"},{"floor":33,"key":"hexamod:SoulburnPotion"},{"floor":38,"key":"Energy Potion"},{"floor":43,"key":"GamblersBrew"},{"floor":45,"key":"Dexterity Potion"},{"floor":47,"key":"FearPotion"},{"floor":49,"key":"Energy Potion"},{"floor":52,"key":"CultistPotion"}],"is_trial":false,"path_per_floor":["R","M","M","$","T","E","T","E","R","M","M","E","M","?","M","B",null,"R","M","$","?","M","E","T","R","?","E","M","T","?","$","M","B",null,"R","M","M","M","$","R","T","?","?","R","M","R","E","$","M","B",null,"E","$","R","B","B",null],"character_chosen":"THE_AUTOMATON","items_purchased":["expansioncontent:DashGenerateEvil","OrangePellets","Shuriken","bronze:Shell","bronze:MaxOutput","FairyPotion","bronze:BuggyMess"],"campfire_rested":2,"item_purchase_floors":[4,39,39,39,48,53,53],"current_hp_per_floor":[70,69,69,69,69,47,47,2,23,23,21,21,17,80,80,38,80,80,80,78,78,67,51,51,63,63,50,50,50,50,49,49,12,80,80,63,49,48,43,58,58,58,48,76,72,90,90,90,96,81,96,30,30,76,60,17],"gold":11,"neow_bonus":"TWO_FIFTY_GOLD","is_daily":false,"chose_seed":false,"campfire_upgraded":4,"win_rate":0.0,"timestamp":1613074601,"path_taken":["R","M","M","$","?","E","T","E","R","M","M","E","M","?","M","BOSS","R","M","$","?","M","E","T","R","?","E","M","?","?","?","M","BOSS","R","M","M","M","$","R","T","?","?","R","M","R","E","$","M","BOSS","E","$","R","BOSS","BOSS"],"items_purchased_type":["Card","Relic","Relic","Card","Card","Potion","Card"],"build_version":"2020-12-22","purchased_purges":4,"victory":true,"max_hp_per_floor":[70,70,70,70,70,70,70,70,70,70,70,70,70,80,80,80,80,80,80,80,80,80,80,80,80,80,80,80,80,80,80,80,80,80,80,80,80,80,80,80,80,80,80,90,90,90,90,90,96,96,96,96,96,96,96,96],"relic_stats":{"Darkstone Periapt":6,"Happy Flower":[45],"counters":[32,164],"Eternal Feather":81,"Pen Nib":[9],"Juzu Bracelet":3,"Bag of Preparation":[34],"Letter Opener":[152],"Whetstone":["bronze:Iterate","bronze:CutThrough"],"OrangePellets":[26],"Centennial Puzzle":[36],"Shovel":2,"Shuriken":[17],"Bronze Scales":[369],"Bird Faced Urn":[26],"Nloth\u0027s Gift":3,"obtain_stats":[{"Darkstone Periapt":34,"bronze:PlatinumCore":17,"Lantern":34,"bronze:BronzeCore":0,"downfall:HeartBlessingGreen":9,"Juzu Bracelet":12,"Bag of Preparation":23,"Whetstone":47,"Boot":7,"Centennial Puzzle":29,"Shovel":43,"downfall:HeartBlessingBlue":44,"InkBottle":52,"Happy Flower":8,"downfall:HeartBlessingRed":40,"Eternal Feather":24,"Pen Nib":44,"Letter Opener":27,"Calling Bell":34,"OrangePellets":39,"Bottled Flame":6,"Shuriken":39,"Bronze Scales":5,"Bird Faced Urn":46,"Nloth\u0027s Gift":26,"FossilizedHelix":34},{"Darkstone Periapt":20,"bronze:PlatinumCore":11,"Lantern":20,"bronze:BronzeCore":0,"downfall:HeartBlessingGreen":5,"Juzu Bracelet":8,"Bag of Preparation":15,"Whetstone":27,"Boot":4,"Centennial Puzzle":17,"Shovel":25,"downfall:HeartBlessingBlue":25,"InkBottle":30,"Happy Flower":5,"downfall:HeartBlessingRed":24,"Eternal Feather":15,"Pen Nib":25,"Letter Opener":16,"Calling Bell":20,"OrangePellets":24,"Bottled Flame":4,"Shuriken":24,"Bronze Scales":3,"Bird Faced Urn":26,"Nloth\u0027s Gift":15,"FossilizedHelix":20},{"Darkstone Periapt":89,"bronze:PlatinumCore":51,"Lantern":89,"bronze:BronzeCore":0,"downfall:HeartBlessingGreen":29,"Juzu Bracelet":36,"Bag of Preparation":69,"Whetstone":123,"Boot":20,"Centennial Puzzle":75,"Shovel":111,"downfall:HeartBlessingBlue":111,"InkBottle":142,"Happy Flower":29,"downfall:HeartBlessingRed":107,"Eternal Feather":69,"Pen Nib":111,"Letter Opener":73,"Calling Bell":89,"OrangePellets":107,"Bottled Flame":20,"Shuriken":107,"Bronze Scales":12,"Bird Faced Urn":116,"Nloth\u0027s Gift":69,"FossilizedHelix":89}],"InkBottle":[9]},"card_choices":[{"not_picked":["bronze:Branch","bronze:Constructor"],"picked":"bronze:BuggyMess","floor":2},{"not_picked":["bronze:Turbo","bronze:DelayedSlice"],"picked":"bronze:BronzeArmor","floor":3},{"not_picked":["bronze:Repair","bronze:DelayedGuard"],"picked":"bronze:FineTuning","floor":4},{"not_picked":["bronze:Repair","bronze:Flail"],"picked":"bronze:Mutator","floor":6},{"not_picked":["bronze:ClassDefault","bronze:Constructor"],"picked":"bronze:Frontload","floor":8},{"not_picked":["bronze:GetLatest","bronze:BronzeOrb"],"picked":"bronze:CutThrough","floor":10},{"not_picked":["bronze:BuggyMess","bronze:DarkDash"],"picked":"bronze:BugBarrage","floor":11},{"not_picked":["bronze:BitShift","bronze:BronzeOrb"],"picked":"bronze:InfiniteBeams","floor":12},{"not_picked":["bronze:Shell","bronze:WhirlingStrike"],"picked":"bronze:Iterate","floor":13},{"not_picked":["bronze:NullPointer","bronze:FineTuning"],"picked":"bronze:BugBarrage","floor":15},{"not_picked":["bronze:SpaghettiCode","bronze:RecursiveStrike"],"picked":"bronze:Verify","floor":16},{"not_picked":["bronze:Repulsor","bronze:DigitalCarnage","bronze:Iterate"],"picked":"SKIP","floor":19},{"not_picked":["bronze:Frontload","bronze:WhirlingStrike"],"picked":"bronze:Constructor+1","floor":20},{"not_picked":["bronze:Iterate+1","bronze:BronzeOrb"],"picked":"bronze:Return+1","floor":22},{"not_picked":["bronze:BugBarrage","bronze:Fortify+1"],"picked":"bronze:Repulsor+1","floor":23},{"not_picked":["bronze:Fortify","bronze:BitShift"],"picked":"bronze:Break","floor":27},{"not_picked":["bronze:Separator","bronze:Shell"],"picked":"bronze:Boost","floor":28},{"not_picked":["bronze:Invalidate+1","bronze:FollowUp+1"],"picked":"bronze:ItsAFeature","floor":32},{"not_picked":["bronze:FindAndReplace","bronze:Mutator"],"picked":"bronze:BurnOut","floor":33},{"not_picked":["bronze:Turbo","bronze:InfiniteLoop"],"picked":"bronze:BronzeArmor","floor":36},{"not_picked":["bronze:Fortify+1","bronze:ChildClass+1"],"picked":"bronze:Flail","floor":37},{"not_picked":["bronze:DelayedGuard","bronze:Refactor+1","bronze:Branch+1"],"picked":"SKIP","floor":38},{"not_picked":["bronze:FollowUp","bronze:Backtrace+1","bronze:ForceShield+1"],"picked":"SKIP","floor":39},{"not_picked":["bronze:ClassDefault+1","bronze:ShipIt"],"picked":"bronze:Repair+1","floor":43},{"not_picked":["bronze:Shell","bronze:BugBarrage","bronze:ChildClass+1"],"picked":"SKIP","floor":45},{"not_picked":["bronze:BugBarrage","bronze:Frontload","bronze:Boost+1"],"picked":"SKIP","floor":47},{"not_picked":["bronze:Turbo+1","bronze:Backtrace"],"picked":"bronze:MaxOutput+1","floor":49},{"not_picked":["bronze:CloningBeam+1","bronze:Turbo","bronze:Overload"],"picked":"SKIP","floor":52}],"player_experience":1713396,"relics_obtained":[{"floor":5,"key":"Bronze Scales"},{"floor":6,"key":"Bottled Flame"},{"floor":7,"key":"Boot"},{"floor":8,"key":"Happy Flower"},{"floor":12,"key":"Juzu Bracelet"},{"floor":23,"key":"Bag of Preparation"},{"floor":24,"key":"Eternal Feather"},{"floor":27,"key":"Letter Opener"},{"floor":29,"key":"Centennial Puzzle"},{"floor":34,"key":"Lantern"},{"floor":34,"key":"Darkstone Periapt"},{"floor":34,"key":"FossilizedHelix"},{"floor":43,"key":"Shovel"},{"floor":44,"key":"Pen Nib"},{"floor":46,"key":"Bird Faced Urn"},{"floor":47,"key":"Whetstone"},{"floor":52,"key":"InkBottle"}],"event_choices":[{"cards_removed":["bronze:Strike"],"damage_healed":0,"gold_gain":0,"player_choice":"Offered Basic","damage_taken":0,"max_hp_gain":0,"max_hp_loss":0,"event_name":"Bonfire Elementals","floor":30,"gold_loss":0},{"damage_healed":0,"gold_gain":0,"player_choice":"Fight","damage_taken":0,"max_hp_gain":0,"max_hp_loss":0,"event_name":"Mysterious Sphere","floor":43,"gold_loss":0}],"is_beta":false,"boss_relics":[{"not_picked":["Busted Crown","Coffee Dripper"],"picked":"bronze:PlatinumCore"},{"not_picked":["Snecko Eye","Fusion Hammer"],"picked":"Calling Bell"}],"items_purged_floors":[4,20,39,48],"is_endless":false,"potions_floor_spawned":[6,8,10,11,15,22,27,28,33,38,43,45,47,49,52],"ascension_level":1}}