{"host":"3d7yvplr5ovcyppx","time":1613042829,"event":{"mods":["AchievementEnabler","BaseMod","Hermit","Jorbs\u0027s Wanderer Trilogy","Minty Spire (QoL Compilation)","Quick Restart","Somnambulant","StSLib","The Cursed","The Disciple","The Servant 0.9.4"],"gold_per_floor":[113,113,63,77,87,117,117,142,169,169,202,202,202,219,219,219,219],"floor_reached":16,"language":"ENG","playtime":665,"items_purged":[],"score":124,"play_id":"e9746359-ee19-4bf6-b4c3-adc47becfddb","local_time":"20210211165709","is_ascension_mode":true,"campfire_choices":[{"data":"Static Discharge","floor":7,"key":"SMITH"},{"data":"Zap","floor":10,"key":"SMITH"},{"data":"Redo","floor":13,"key":"SMITH"},{"data":"Seek","floor":15,"key":"SMITH"}],"circlet_count":0,"master_deck":["Strike_B","Strike_B","Strike_B","Strike_B","Defend_B","Defend_B","Defend_B","Defend_B","Zap+1","Dualcast+1","Sweeping Beam","Go for the Eyes","Gash","Static Discharge+1","Redo+1","Ball Lightning","Seek+1"],"relics":["Cracked Core","Toy Ornithopter","Blood Vial","PreservedInsect","Dream Catcher","Happy Flower"],"acts_visited":["Exordium"],"potions_floor_usage":[6,6,6,8,11],"damage_taken":[{"damage":3,"enemies":"Small Slimes","floor":1,"turns":3},{"damage":2,"enemies":"2 Louse","floor":4,"turns":3},{"damage":0,"enemies":"Cultist","floor":5,"turns":3},{"damage":30,"enemies":"Lagavulin","floor":6,"turns":6},{"damage":20,"enemies":"Gremlin Nob","floor":8,"turns":4},{"damage":11,"enemies":"Lagavulin","floor":11,"turns":4},{"damage":9,"enemies":"Exordium Thugs","floor":14,"turns":3},{"damage":49,"enemies":"The Guardian","floor":16,"turns":6}],"seed_played":"2797415631166821516","potions_obtained":[{"floor":0,"key":"LiquidMemories"},{"floor":0,"key":"ColorlessPotion"},{"floor":0,"key":"FocusPotion"},{"floor":1,"key":"Regen Potion"},{"floor":6,"key":"Fruit Juice"},{"floor":8,"key":"Weak Potion"}],"is_trial":false,"path_per_floor":["M","?","?","M","M","E","R","E","T","R","E","?","R","M","R","B"],"character_chosen":"DEFECT","items_purchased":[],"campfire_rested":0,"item_purchase_floors":[],"current_hp_per_floor":[72,72,72,70,70,70,70,57,57,57,53,53,53,46,46,0,0],"gold":219,"neow_bonus":"THREE_SMALL_POTIONS","is_daily":false,"chose_seed":false,"campfire_upgraded":4,"win_rate":0.0,"timestamp":1613042829,"path_taken":["M","?","?","M","M","E","R","E","T","R","E","?","R","M","R","BOSS"],"items_purchased_type":[],"build_version":"2020-12-22","purchased_purges":0,"victory":false,"max_hp_per_floor":[75,75,75,75,75,80,80,80,80,80,80,80,80,80,80,80,80],"card_choices":[{"not_picked":["Stack","Self Repair"],"picked":"Sweeping Beam","floor":1},{"not_picked":["Reinforced Body","Force Field"],"picked":"Go for the Eyes","floor":4},{"not_picked":["Chaos","Cold Snap"],"picked":"Gash","floor":5},{"not_picked":["Leap","Recycle"],"picked":"Static Discharge","floor":6},{"not_picked":["Doom and Gloom","Stack"],"picked":"Redo","floor":8},{"not_picked":["Compile Driver","Reprogram"],"picked":"Ball Lightning","floor":11},{"not_picked":["Turbo","Reprogram"],"picked":"Seek","floor":14}],"player_experience":12422,"relics_obtained":[{"floor":6,"key":"Blood Vial"},{"floor":8,"key":"PreservedInsect"},{"floor":9,"key":"Dream Catcher"},{"floor":11,"key":"Happy Flower"}],"event_choices":[{"damage_healed":0,"gold_gain":0,"player_choice":"Box","damage_taken":0,"relics_obtained":["Toy Ornithopter"],"max_hp_gain":0,"max_hp_loss":0,"event_name":"Big Fish","floor":2,"gold_loss":0,"cards_obtained":["Regret"]},{"cards_removed":["Regret"],"damage_healed":0,"gold_gain":0,"player_choice":"Card Removal","damage_taken":0,"max_hp_gain":0,"max_hp_loss":0,"event_name":"The Cleric","floor":3,"gold_loss":50},{"damage_healed":0,"gold_gain":0,"player_choice":"Grow","damage_taken":0,"max_hp_gain":0,"max_hp_loss":0,"event_name":"Living Wall","floor":12,"gold_loss":0,"cards_upgraded":["Dualcast"]}],"is_beta":false,"boss_relics":[],"items_purged_floors":[],"is_endless":false,"potions_floor_spawned":[1,5,6,8],"killed_by":"The Guardian","ascension_level":1}}