{"host":"cb9xh4d0ss8ax8yb","time":1613041985,"event":{"mods":["100% Spire Juice","BaseMod","Good Game Mod","Jess\u0027s Bottle","Minty Spire (QoL Compilation)","StSLib","The Dragon Tamer","The Gatherer"],"gold_per_floor":[94,29,40,52,7,39,39,53,53,78,3,3,23,41,41,138,138,158,175,100,100,114,28,28,28,55,87,110,125,125,157,157,260,260,276,276,294,7,26,60,60,94,120,148,1,1,14,33,33,33],"floor_reached":51,"language":"KOR","playtime":4423,"items_purged":["Doubt"],"score":1175,"play_id":"e883e6b3-bdc8-478e-8ec9-aa663e766fe4","local_time":"20210211201305","is_ascension_mode":true,"campfire_choices":[{"data":"Feed","floor":7,"key":"SMITH"},{"data":"Moonworks:Ambush","floor":12,"key":"SMITH"},{"floor":15,"key":"REST"},{"data":"Moonworks:TacticalRetreat","floor":30,"key":"SMITH"},{"data":"Moonworks:MiracleWalker","floor":32,"key":"SMITH"},{"data":"Moonworks:AnotherUltimateWeapon","floor":41,"key":"SMITH"},{"data":"Moonworks:MetallicMonocoque","floor":46,"key":"SMITH"},{"data":"Moonworks:LongDistanceShot","floor":49,"key":"SMITH"}],"circlet_count":0,"master_deck":["Moonworks:Strike","Moonworks:Strike","Moonworks:Strike","Moonworks:Defend","Moonworks:Defend","Moonworks:Defend","Moonworks:Defend","Moonworks:Ambush+1","Moonworks:LongDistanceShot+1","Moonworks:IndiscriminateFireSupport","Feed+1","Moonworks:WindyEnchantment","Moonworks:RocketCannon","Moonworks:SweetBattle","Moonworks:MetallicMonocoque+1","Moonworks:DeployBits+1","Moonworks:AnotherUltimateWeapon+1","Moonworks:TacticalRetreat+1","Moonworks:NicePresent","Moonworks:DeployBits+1","Moonworks:ExtendedPhotonRifle+1","Moonworks:MiracleWalker+1","Moonworks:OutOfAmmo+1","Moonworks:IndiscriminateFireSupport+1","Moonworks:NicePresent+1","Moonworks:BackdoorTrade+1","Moonworks:Flamethrower","Moonworks:RagingMadness+1"],"relics":["Moonworks:SBBomb","Moonworks:Homemark","REME:ComplimentaryCards","Question Card","Mummified Hand","Pantograph","MealTicket","Anchor","Molten Egg 2","Happy Flower","FossilizedHelix","Philosopher\u0027s Stone","Bird Faced Urn","Lizard Tail","Letter Opener","Vajra","Pear","TheAbacus"],"acts_visited":["Exordium","TheCity","TheBeyond"],"potions_floor_usage":[6,14,15,16,22,22,23,35,42,50,50],"damage_taken":[{"damage":0,"enemies":"Cultist","floor":1,"turns":4},{"damage":0,"enemies":"2 Louse","floor":3,"turns":2},{"damage":0,"enemies":"Jaw Worm","floor":4,"turns":3},{"damage":19,"enemies":"Gremlin Nob","floor":6,"turns":4},{"damage":0,"enemies":"Exordium Thugs","floor":8,"turns":3},{"damage":34,"enemies":"Lagavulin","floor":10,"turns":6},{"damage":0,"enemies":"Looter","floor":13,"turns":3},{"damage":0,"enemies":"Exordium Wildlife","floor":14,"turns":2},{"damage":38,"enemies":"The Guardian","floor":16,"turns":9},{"damage":4,"enemies":"Chosen","floor":18,"turns":4},{"damage":21,"enemies":"Shell Parasite","floor":19,"turns":7},{"damage":16,"enemies":"Centurion and Healer","floor":22,"turns":5},{"damage":0,"enemies":"Slavers","floor":23,"turns":4},{"damage":42,"enemies":"Book of Stabbing","floor":27,"turns":8},{"damage":11,"enemies":"Chosen and Byrds","floor":29,"turns":6},{"damage":0,"enemies":"Gremlin Leader","floor":31,"turns":3},{"damage":7,"enemies":"Champ","floor":33,"turns":10},{"damage":0,"enemies":"3 Darklings","floor":35,"turns":3},{"damage":0,"enemies":"Orb Walker","floor":37,"turns":3},{"damage":0,"enemies":"3 Darklings","floor":39,"turns":1},{"damage":0,"enemies":"Giant Head","floor":40,"turns":6},{"damage":0,"enemies":"Nemesis","floor":42,"turns":5},{"damage":0,"enemies":"Reptomancer","floor":44,"turns":2},{"damage":0,"enemies":"Transient","floor":47,"turns":5},{"damage":10,"enemies":"Writhing Mass","floor":48,"turns":4},{"damage":134,"enemies":"Awakened One","floor":50,"turns":7}],"seed_played":"8929408843820043016","potions_obtained":[{"floor":3,"key":"Weak Potion"},{"floor":10,"key":"Energy Potion"},{"floor":13,"key":"PowerPotion"},{"floor":14,"key":"Fruit Juice"},{"floor":16,"key":"Strength Potion"},{"floor":19,"key":"BlessingOfTheForge"},{"floor":22,"key":"DistilledChaos"},{"floor":29,"key":"Block Potion"},{"floor":31,"key":"SpeedPotion"},{"floor":39,"key":"Strength Potion"},{"floor":40,"key":"PowerPotion"},{"floor":42,"key":"DuplicationPotion"},{"floor":47,"key":"SkillPotion"}],"is_trial":false,"path_per_floor":["M","?","M","M","?","E","R","M","T","E","$","R","M","M","R","B",null,"M","M","?","$","M","E","$","?","T","E","T","M","R","E","R","B",null,"M","?","M","$","M","E","R","E","T","E","$","R","M","M","R","B",null],"character_chosen":"THE_STARBREAKER","items_purchased":["Bird Faced Urn","TheAbacus"],"campfire_rested":1,"item_purchase_floors":[38,45],"current_hp_per_floor":[60,60,60,63,52,33,33,37,37,3,3,3,3,7,33,22,63,63,50,50,50,46,50,65,65,65,25,25,18,18,22,22,44,74,74,74,74,84,84,84,84,84,84,94,94,94,94,94,94,22],"gold":33,"neow_bonus":"HUNDRED_GOLD","is_daily":false,"chose_seed":false,"campfire_upgraded":7,"win_rate":0.0,"timestamp":1613041985,"path_taken":["M","?","M","M","?","E","R","M","T","E","?","R","M","?","R","BOSS","M","M","?","?","M","E","?","?","T","E","?","M","R","E","R","BOSS","M","?","M","$","?","E","R","E","T","E","$","R","M","?","R","BOSS"],"items_purchased_type":["Relic","Relic"],"build_version":"2020-12-22","purchased_purges":1,"victory":true,"max_hp_per_floor":[60,60,60,63,63,63,63,67,67,67,67,67,67,71,76,76,76,76,76,76,76,80,84,84,84,84,84,84,84,84,84,84,84,84,84,84,84,84,84,84,84,84,84,94,94,94,94,94,94,94],"card_choices":[{"not_picked":["Moonworks:ImOnFire","Moonworks:AngelHand"],"picked":"Moonworks:IndiscriminateFireSupport","floor":1},{"not_picked":["Moonworks:NicePresent","Moonworks:CastOff"],"picked":"Moonworks:WindyEnchantment","floor":3},{"not_picked":["Moonworks:IndiscriminateFireSupport","Moonworks:IntelligenceOfficer","Moonworks:SakisCookie"],"picked":"SKIP","floor":4},{"not_picked":["Moonworks:Dash","Moonworks:BigMagnum"],"picked":"Moonworks:RocketCannon","floor":6},{"not_picked":["Moonworks:DevilHand","Moonworks:ImOnFire","Moonworks:LulusLuckyEgg","Moonworks:Assault"],"picked":"SKIP","floor":8},{"not_picked":["Moonworks:ImOnFire","Moonworks:CastOff","Moonworks:SinkOrSwim","Moonworks:WindyEnchantment"],"picked":"SKIP","floor":10},{"not_picked":["Moonworks:JonathanRush","Moonworks:ScrambledEve","Moonworks:SakisCookie"],"picked":"Moonworks:SweetBattle","floor":13},{"not_picked":["Moonworks:DeployBits","Moonworks:FinalSurgery","Moonworks:CloudOfSeagulls","Moonworks:LulusLuckyEgg"],"picked":"SKIP","floor":14},{"not_picked":["Moonworks:StarBlastingFuse","Moonworks:PlushieMaster","Moonworks:Accelerator"],"picked":"Moonworks:MetallicMonocoque","floor":16},{"not_picked":["Moonworks:ForcedRevival","Moonworks:NicePresent","Moonworks:SakisCookie"],"picked":"Moonworks:DeployBits+1","floor":18},{"not_picked":["Moonworks:ReproductionOfRecords","Moonworks:DeployBits+1","Moonworks:LulusLuckyEgg"],"picked":"Moonworks:AnotherUltimateWeapon","floor":19},{"not_picked":["Moonworks:IndiscriminateFireSupport","Moonworks:SakisCookie+1","Moonworks:ImmovableObject","Moonworks:ReproductionOfRecords"],"picked":"SKIP","floor":22},{"not_picked":["Moonworks:Assault","Moonworks:BackdoorTrade","Moonworks:ImOnFire"],"picked":"Moonworks:TacticalRetreat","floor":23},{"not_picked":["Moonworks:SakisCookie","Moonworks:IndiscriminateFireSupport+1","Moonworks:MeltingMemories"],"picked":"Moonworks:DeployBits+1","floor":27},{"not_picked":["Moonworks:BindingChains","Moonworks:SealedMemories","Moonworks:IndiscriminateFireSupport+1"],"picked":"Moonworks:ExtendedPhotonRifle+1","floor":29},{"not_picked":["Moonworks:CloudOfSeagulls+1","Moonworks:DeployBits","Moonworks:StarBlastingFuse"],"picked":"Moonworks:MiracleWalker","floor":31},{"not_picked":["Moonworks:Encore","Moonworks:WeAreWaruda","Moonworks:GoAway"],"picked":"Moonworks:OutOfAmmo","floor":33},{"not_picked":["Moonworks:BigBangBell","Moonworks:DevilHand+1","Moonworks:BigMagnum"],"picked":"Moonworks:IndiscriminateFireSupport+1","floor":35},{"not_picked":["Moonworks:BigMagnum","Moonworks:Flamethrower","Moonworks:CloudOfSeagulls+1"],"picked":"Moonworks:NicePresent+1","floor":37},{"not_picked":["Moonworks:ImOnFire+1","Moonworks:CloudOfSeagulls+1","Moonworks:SakisCookie+1","Moonworks:NicePresent"],"picked":"SKIP","floor":39},{"not_picked":["Moonworks:SakisCookie+1","Moonworks:PlushieMaster","Moonworks:ScrambledEve+1"],"picked":"Moonworks:BackdoorTrade+1","floor":40},{"not_picked":["Moonworks:WindyEnchantment","Moonworks:NicePresent+1","Moonworks:JonathanRush+1"],"picked":"Moonworks:Flamethrower","floor":42},{"not_picked":["Moonworks:DeployBits+1","Moonworks:TreasureThief","Moonworks:StiffCrystal","Moonworks:LulusLuckyEgg"],"picked":"SKIP","floor":44},{"not_picked":["Moonworks:BigMagnum+1","Moonworks:CookingTime+1","Moonworks:SakisCookie"],"picked":"Moonworks:RagingMadness+1","floor":47},{"not_picked":["Moonworks:CloudOfSeagulls+1","Moonworks:Poppoformation","Moonworks:DeployBits","Moonworks:IndiscriminateFireSupport+1"],"picked":"SKIP","floor":48}],"player_experience":459106,"relics_obtained":[{"floor":6,"key":"Question Card"},{"floor":9,"key":"Mummified Hand"},{"floor":10,"key":"Pantograph"},{"floor":23,"key":"MealTicket"},{"floor":26,"key":"Anchor"},{"floor":27,"key":"Molten Egg 2"},{"floor":28,"key":"Happy Flower"},{"floor":31,"key":"FossilizedHelix"},{"floor":40,"key":"Lizard Tail"},{"floor":42,"key":"Letter Opener"},{"floor":43,"key":"Vajra"},{"floor":44,"key":"Pear"}],"event_choices":[{"damage_healed":0,"gold_gain":175,"player_choice":"AGREE","damage_taken":0,"max_hp_gain":0,"max_hp_loss":0,"event_name":"Liars Game","floor":2,"gold_loss":0,"cards_obtained":["Doubt"]},{"damage_healed":0,"gold_gain":75,"player_choice":"Gather Gold","damage_taken":11,"max_hp_gain":0,"max_hp_loss":0,"event_name":"World of Goop","floor":5,"gold_loss":0},{"cards_removed":["Moonworks:Strike"],"damage_healed":0,"gold_gain":0,"player_choice":"Gave Gold","damage_taken":0,"max_hp_gain":0,"max_hp_loss":0,"event_name":"Beggar","floor":20,"gold_loss":75},{"damage_healed":0,"gold_gain":0,"player_choice":"Read","damage_taken":0,"max_hp_gain":0,"max_hp_loss":0,"event_name":"The Library","floor":25,"gold_loss":0,"cards_obtained":["Moonworks:NicePresent"]},{"damage_healed":0,"gold_gain":0,"player_choice":"Forge","damage_taken":0,"max_hp_gain":0,"max_hp_loss":0,"event_name":"Accursed Blacksmith","floor":36,"gold_loss":0,"cards_upgraded":["Moonworks:OutOfAmmo"]}],"is_beta":false,"boss_relics":[{"not_picked":["Fusion Hammer","Astrolabe"],"picked":"Moonworks:SBBomb"},{"not_picked":["Empty Cage","Runic Dome"],"picked":"Philosopher\u0027s Stone"}],"items_purged_floors":[11],"is_endless":false,"potions_floor_spawned":[3,10,13,14,16,19,22,29,31,39,40,42,44,47],"ascension_level":5}}