{"host":"pdq28s6637cpsst2","time":1613065891,"event":{"mods":["BaseMod","Colored Map","Highlight Path","Minty Spire (QoL Compilation)","Permanent Neow","Quick Restart"],"gold_per_floor":[114,114,114,132,17,50,50,69,116,116,133,147,179,190,190,291,291,302,302,317,13,113,113,145,145,145,163,179,196,95,124,124,226,226,243,259,209,228,178,178,213,228,254,271,299,39,39,58,58,58,58,58,8,43,43],"floor_reached":56,"language":"ENG","playtime":6101,"items_purged":["Strike_G","Strike_G","Strike_G","Strike_G","Defend_G"],"score":1407,"play_id":"9367b874-d5bf-4fc7-8c92-8500f05645fb","local_time":"20210211125131","is_ascension_mode":true,"campfire_choices":[{"data":"Well Laid Plans","floor":7.0,"key":"SMITH"},{"floor":15.0,"key":"REST"},{"data":"Adrenaline","floor":23.0,"key":"SMITH"},{"floor":25.0,"key":"REST"},{"data":"Crippling Poison","floor":32.0,"key":"SMITH"},{"data":"Bullet Time","floor":40.0,"key":"SMITH"},{"floor":47.0,"key":"REST"},{"floor":49.0,"key":"RECALL"},{"data":"Backflip","floor":52.0,"key":"SMITH"}],"circlet_count":0,"master_deck":["Defend_G","Defend_G","Defend_G","Defend_G","Survivor","Neutralize","Sadistic Nature","Sucker Punch","Noxious Fumes","Well Laid Plans+1","PiercingWail","Sucker Punch","Bouncing Flask","Sucker Punch","Adrenaline+1","Sucker Punch+1","Backflip+1","Acrobatics+1","Heel Hook","Crippling Poison+1","Escape Plan+1","Bullet Time+1","Escape Plan+1","Escape Plan+1","Tactician+1","Acrobatics+1","Acrobatics+1","Parasite","Heel Hook","Tactician"],"relics":["Ring of the Snake","Smiling Mask","Regal Pillow","NlothsMask","Pocketwatch","Sozu","Enchiridion","Letter Opener","Prayer Wheel","Ice Cream","Strawberry","Black Star","Dream Catcher","Sundial","White Beast Statue","Bag of Preparation","Kunai","Pear","Eternal Feather"],"acts_visited":["Exordium","TheCity","TheBeyond","TheEnding"],"potions_floor_usage":[],"damage_taken":[{"damage":7.0,"enemies":"Jaw Worm","floor":1.0,"turns":4.0},{"damage":0.0,"enemies":"2 Louse","floor":4.0,"turns":2.0},{"damage":11.0,"enemies":"Gremlin Nob","floor":6.0,"turns":4.0},{"damage":0.0,"enemies":"Cultist","floor":8.0,"turns":3.0},{"damage":1.0,"enemies":"3 Louse","floor":11.0,"turns":3.0},{"damage":5.0,"enemies":"Exordium Thugs","floor":12.0,"turns":4.0},{"damage":24.0,"enemies":"3 Sentries","floor":13.0,"turns":7.0},{"damage":1.0,"enemies":"Lots of Slimes","floor":14.0,"turns":3.0},{"damage":5.0,"enemies":"Hexaghost","floor":16.0,"turns":6.0},{"damage":6.0,"enemies":"3 Byrds","floor":18.0,"turns":4.0},{"damage":3.0,"enemies":"Spheric Guardian","floor":20.0,"turns":4.0},{"damage":22.0,"enemies":"Book of Stabbing","floor":24.0,"turns":5.0},{"damage":20.0,"enemies":"Shelled Parasite and Fungi","floor":27.0,"turns":4.0},{"damage":1.0,"enemies":"Snake Plant","floor":28.0,"turns":3.0},{"damage":0.0,"enemies":"Cultist and Chosen","floor":29.0,"turns":4.0},{"damage":0.0,"enemies":"Slavers","floor":31.0,"turns":3.0},{"damage":19.0,"enemies":"Automaton","floor":33.0,"turns":9.0},{"damage":0.0,"enemies":"3 Shapes","floor":35.0,"turns":2.0},{"damage":7.0,"enemies":"3 Darklings","floor":36.0,"turns":3.0},{"damage":0.0,"enemies":"Spire Growth","floor":38.0,"turns":4.0},{"damage":15.0,"enemies":"Nemesis","floor":41.0,"turns":3.0},{"damage":24.0,"enemies":"Jaw Worm Horde","floor":42.0,"turns":4.0},{"damage":0.0,"enemies":"4 Shapes","floor":44.0,"turns":2.0},{"damage":5.0,"enemies":"Reptomancer","floor":45.0,"turns":3.0},{"damage":21.0,"enemies":"Writhing Mass","floor":48.0,"turns":5.0},{"damage":14.0,"enemies":"Time Eater","floor":50.0,"turns":9.0},{"damage":3.0,"enemies":"Shield and Spear","floor":54.0,"turns":3.0},{"damage":65,"enemies":"The Heart","floor":55,"turns":10}],"seed_played":"-3700087278491183224","potions_obtained":[{"floor":1.0,"key":"EssenceOfSteel"},{"floor":4.0,"key":"SneckoOil"},{"floor":8.0,"key":"Fire Potion"},{"floor":13.0,"key":"ColorlessPotion"},{"floor":14.0,"key":"Regen Potion"}],"is_trial":false,"path_per_floor":["M","?","?","M","$","E","R","M","T","?","M","M","E","M","R","B",null,"M","?","M","$","?","R","E","R","T","M","M","M","?","E","R","B",null,"M","M","$","M","$","R","E","M","T","M","E","$","R","M","R","B",null,"R","$","E","B",null],"character_chosen":"THE_SILENT","items_purchased":["Well Laid Plans","Letter Opener","Kunai"],"campfire_rested":3,"item_purchase_floors":[5,21,46],"current_hp_per_floor":[56,49,49,49,49,38,38,38,38,38,37,32,8,7,40,35,63,57,41,38,38,38,38,25,58,58,38,37,37,37,44,44,25,70,70,63,63,63,63,63,48,24,24,24,19,19,55,34,34,20,70,70,70,77,12],"gold":43,"neow_bonus":"RANDOM_COLORLESS_2","is_daily":false,"chose_seed":false,"campfire_upgraded":5,"win_rate":0.0,"timestamp":1613065891,"path_taken":["M","?","?","M","$","E","R","M","T","?","M","?","E","M","R","BOSS","M","?","M","$","?","R","E","R","T","M","?","M","?","E","R","BOSS","M","M","$","M","$","R","E","M","T","M","E","$","R","?","R","BOSS","R","$","E","BOSS"],"items_purchased_type":["Card","Relic","Relic"],"build_version":"2020-12-22","purchased_purges":5,"victory":true,"max_hp_per_floor":[63,63,63,63,63,63,63,63,63,63,63,63,63,63,63,63,63,63,63,63,63,63,63,63,63,63,63,63,63,63,70,70,70,70,70,70,70,70,70,70,70,70,70,70,70,70,70,70,70,70,70,70,70,80,80],"card_choices":[{"not_picked":["Panache","Apotheosis"],"picked":"Sadistic Nature","floor":0.0},{"not_picked":["Accuracy","Flechettes"],"picked":"Sucker Punch","floor":1.0},{"not_picked":["Outmaneuver","Slice"],"picked":"Noxious Fumes","floor":4.0},{"not_picked":["Choke","Cloak And Dagger","Leg Sweep"],"picked":"SKIP","floor":6.0},{"not_picked":["Endless Agony","Riddle With Holes","Dagger Spray"],"picked":"SKIP","floor":8.0},{"not_picked":["Dagger Spray","Underhanded Strike"],"picked":"PiercingWail","floor":11.0},{"not_picked":["Cloak And Dagger","PiercingWail"],"picked":"Sucker Punch","floor":12.0},{"not_picked":["Glass Knife","Underhanded Strike"],"picked":"Bouncing Flask","floor":13.0},{"not_picked":["Well Laid Plans","Deflect"],"picked":"Sucker Punch","floor":14.0},{"not_picked":["After Image","Die Die Die"],"picked":"Adrenaline","floor":16.0},{"not_picked":["Poisoned Stab","Prepared"],"picked":"Sucker Punch+1","floor":18.0},{"not_picked":["Dodge and Roll","Distraction","Accuracy+1"],"picked":"SKIP","floor":20.0},{"not_picked":["Outmaneuver","Wraith Form v2"],"picked":"Backflip","floor":24.0},{"not_picked":["Dagger Throw","Predator"],"picked":"Acrobatics+1","floor":27.0},{"not_picked":["Distraction","Backstab+1","Sucker Punch"],"picked":"SKIP","floor":27.0},{"not_picked":["Blade Dance","Escape Plan"],"picked":"Heel Hook","floor":28.0},{"not_picked":["All Out Attack+1","Slice","Underhanded Strike"],"picked":"SKIP","floor":28.0},{"not_picked":["Deadly Poison","Noxious Fumes"],"picked":"Crippling Poison","floor":29.0},{"not_picked":["Dash","All Out Attack+1","Blade Dance"],"picked":"SKIP","floor":29.0},{"not_picked":["Backflip","PiercingWail+1"],"picked":"Escape Plan+1","floor":31.0},{"not_picked":["Wraith Form v2","Glass Knife"],"picked":"Bullet Time","floor":33.0},{"not_picked":["Accuracy","Flechettes+1"],"picked":"Escape Plan+1","floor":35.0},{"not_picked":["Blade Dance+1","Flying Knee+1"],"picked":"Escape Plan+1","floor":35.0},{"not_picked":["Crippling Poison","Underhanded Strike"],"picked":"Tactician+1","floor":36.0},{"not_picked":["Underhanded Strike+1","Reflex","Deflect+1"],"picked":"SKIP","floor":36.0},{"not_picked":["Expertise+1","Sucker Punch"],"picked":"Acrobatics+1","floor":38.0},{"not_picked":["Dagger Spray","Distraction"],"picked":"Acrobatics+1","floor":38.0},{"not_picked":["Cloak And Dagger+1","Riddle With Holes+1","A Thousand Cuts"],"picked":"SKIP","floor":41.0},{"not_picked":["Leg Sweep","Deadly Poison+1","Expertise"],"picked":"SKIP","floor":42.0},{"not_picked":["Flying Knee+1","Cloak And Dagger+1","Prepared"],"picked":"SKIP","floor":42.0},{"not_picked":["Slice","Underhanded Strike","Endless Agony"],"picked":"SKIP","floor":44.0},{"not_picked":["Quick Slash+1","Choke+1","Dagger Throw+1"],"picked":"SKIP","floor":44.0},{"not_picked":["Bane","Choke","Underhanded Strike"],"picked":"SKIP","floor":45.0},{"not_picked":["Blade Dance","Bouncing Flask+1"],"picked":"Heel Hook","floor":48.0},{"not_picked":["Endless Agony+1","Blade Dance+1","Cloak And Dagger"],"picked":"SKIP","floor":48.0},{"not_picked":["Eviscerate","Doppelganger"],"picked":"Tactician","floor":54.0}],"player_experience":127699,"relics_obtained":[{"floor":6.0,"key":"Smiling Mask"},{"floor":9.0,"key":"Regal Pillow"},{"floor":13.0,"key":"Pocketwatch"},{"floor":19.0,"key":"Enchiridion"},{"floor":24.0,"key":"Prayer Wheel"},{"floor":31.0,"key":"Strawberry"},{"floor":41.0,"key":"Dream Catcher"},{"floor":41.0,"key":"Sundial"},{"floor":45.0,"key":"White Beast Statue"},{"floor":45.0,"key":"Bag of Preparation"},{"floor":54.0,"key":"Pear"},{"floor":54.0,"key":"Eternal Feather"}],"event_choices":[{"cards_removed":["Strike_G"],"damage_healed":0.0,"max_hp_gain":0.0,"max_hp_loss":0.0,"gold_gain":0.0,"event_name":"Golden Wing","player_choice":"Card Removal","floor":2.0,"gold_loss":0.0,"damage_taken":7.0},{"damage_healed":0.0,"max_hp_gain":0.0,"max_hp_loss":0.0,"gold_gain":0.0,"event_name":"Liars Game","player_choice":"Ignored","floor":3.0,"gold_loss":0.0,"damage_taken":0.0},{"damage_healed":0.0,"max_hp_gain":0.0,"max_hp_loss":0.0,"gold_gain":0.0,"event_name":"FaceTrader","player_choice":"Trade","floor":10.0,"gold_loss":0.0,"damage_taken":0.0,"relics_obtained":["NlothsMask"]},{"damage_healed":0.0,"max_hp_gain":0.0,"max_hp_loss":0.0,"gold_gain":0.0,"event_name":"Cursed Tome","player_choice":"Obtained Book","floor":19.0,"gold_loss":0.0,"damage_taken":16.0},{"damage_healed":0.0,"max_hp_gain":0.0,"max_hp_loss":0.0,"gold_gain":100.0,"event_name":"Golden Shrine","player_choice":"Pray","floor":22.0,"gold_loss":0.0,"damage_taken":0.0},{"damage_healed":0.0,"max_hp_gain":0.0,"max_hp_loss":0.0,"gold_gain":0.0,"event_name":"WeMeetAgain","player_choice":"Paid Gold","floor":30.0,"gold_loss":101.0,"damage_taken":0.0,"relics_obtained":["Ice Cream"]}],"is_beta":false,"boss_relics":[{"not_picked":["Busted Crown","SacredBark"],"picked":"Sozu"},{"not_picked":["Calling Bell","Snecko Eye"],"picked":"Black Star"}],"items_purged_floors":[5,21,37,39,53],"is_endless":false,"potions_floor_spawned":[1,4,8,13,14,18,20,31,35,42,44,48,54],"ascension_level":3}}