{"host":"yml0ux6c8lqydjlc","time":1613055932,"event":{"mods":["Aspiration","BaseMod","Conspire","Downfall","Hermit","Jedi Mod","Minty Spire (QoL Compilation)","Robot Space Explorer","StSLib"],"gold_per_floor":[99,109,121,121,30,50,102,115,131,146,158,186,186,205,223,223,223,223],"floor_reached":16,"language":"ENG","playtime":1548,"items_purged":[],"score":108,"play_id":"5f24183b-c2da-4caa-bdfe-60b34e1d2bd0","local_time":"20210211100532","is_ascension_mode":false,"campfire_choices":[{"data":"Slimebound:Strike_Slimebound","floor":1.0,"key":"SMITH"}],"circlet_count":0,"master_deck":["Slimebound:Strike_Slimebound+1","Slimebound:Strike_Slimebound","Slimebound:Strike_Slimebound","Slimebound:Tackle","Slimebound:Defend_Slimebound","Slimebound:Defend_Slimebound","Slimebound:Defend_Slimebound","Slimebound:Defend_Slimebound","Slimebound:Split","Slimebound:CorrosiveSpit","Slimebound:PressTheAttack","Slimebound:SlimeSpikes","Slimebound:SplitAcid","Slimebound:OozeBath","Slimebound:LivingWall","Slimebound:SplitAcid","Slimebound:RainOfGoop","Slimebound:SamplingLick","Slimebound:RejuvenatingLick","Slimebound:SplitLeeching","Slimebound:ItLooksTasty","Slimebound:Replication"],"relics":["Slimebound:AbsorbEndCombat","Pantograph"],"acts_visited":["Exordium"],"potions_floor_usage":[10,11,12,16,16],"damage_taken":[{"damage":6.0,"enemies":"Jaw Worm","floor":2.0,"turns":4.0},{"damage":2.0,"enemies":"Cultist","floor":3.0,"turns":5.0},{"damage":0,"enemies":"downfall:FleeingMerchant","floor":5,"turns":4},{"damage":0,"enemies":"Small Slimes","floor":6,"turns":3},{"damage":0,"enemies":"Exordium Wildlife","floor":8,"turns":3},{"damage":0,"enemies":"Large Slime","floor":9,"turns":4},{"damage":12,"enemies":"Gremlin Gang","floor":10,"turns":4},{"damage":4,"enemies":"Exordium Thugs","floor":11,"turns":3},{"damage":14,"enemies":"3 Sentries","floor":12,"turns":5},{"damage":0,"enemies":"3 Louse","floor":14,"turns":4},{"damage":13,"enemies":"Large Slime","floor":15,"turns":5},{"damage":87,"enemies":"WA_ARCHETYPE_RETAIN","floor":16,"turns":10}],"seed_played":"-1938910319223683970","potions_obtained":[{"floor":2.0,"key":"EssenceOfSteel"},{"floor":6,"key":"Dexterity Potion"},{"floor":9,"key":"EssenceOfSteel"},{"floor":10,"key":"AttackPotion"},{"floor":12,"key":"Energy Potion"}],"is_trial":false,"path_per_floor":["R","M","M","?","$","M","T","M","M","M","M","E","?","M","M","B"],"character_chosen":"SLIMEBOUND","items_purchased":["Slimebound:OozeBath"],"campfire_rested":0,"item_purchase_floors":[5],"current_hp_per_floor":[71,69,71,71,71,71,71,71,71,61,59,51,58,60,53,0,0,0],"gold":223,"neow_bonus":"TEN_PERCENT_HP_BONUS","is_daily":false,"chose_seed":false,"campfire_upgraded":1,"win_rate":0.0,"timestamp":1613055932,"path_taken":["R","M","M","?","$","M","T","M","M","M","M","E","?","M","M","BOSS"],"items_purchased_type":["Card"],"build_version":"2020-12-22","purchased_purges":0,"victory":false,"max_hp_per_floor":[71,71,71,71,71,71,71,71,71,71,71,71,71,71,71,71,71,71],"card_choices":[{"not_picked":["Slimebound:Repurpose","Slimebound:SlimeTap"],"picked":"Slimebound:PressTheAttack","floor":2.0},{"not_picked":["Slimebound:SplitMire","Slimebound:GrowthPunch"],"picked":"Slimebound:SlimeSpikes","floor":3},{"not_picked":["Slimebound:SlimeBrawl","Slimebound:LeechingTouch"],"picked":"Slimebound:SplitAcid","floor":5},{"not_picked":["Slimebound:SplitLeeching","Slimebound:GrowthPunch"],"picked":"Slimebound:LivingWall","floor":6},{"not_picked":["Slimebound:FinishingTackle","Slimebound:GoopTackle"],"picked":"Slimebound:SplitAcid","floor":8},{"not_picked":["Slimebound:AcidTongue","Slimebound:SlimeTap"],"picked":"Slimebound:RainOfGoop","floor":9},{"not_picked":["Slimebound:PressTheAttack","Slimebound:SplitLeeching"],"picked":"Slimebound:SamplingLick","floor":10},{"not_picked":["Slimebound:SplitMire","Slimebound:SplitBruiser"],"picked":"Slimebound:RejuvenatingLick","floor":11},{"not_picked":["Slimebound:SplitAcid","Slimebound:LeechingTouch"],"picked":"Slimebound:SplitLeeching","floor":12},{"not_picked":["Slimebound:GoopSpray","Slimebound:MegaLick"],"picked":"Slimebound:ItLooksTasty","floor":14},{"not_picked":["Slimebound:SelfFormingGoo","Slimebound:FinishingTackle"],"picked":"Slimebound:Replication","floor":15}],"player_experience":49119,"relics_obtained":[{"floor":12,"key":"Pantograph"}],"event_choices":[{"damage_healed":0,"gold_gain":0,"player_choice":"Leave","damage_taken":0,"max_hp_gain":0,"max_hp_loss":0,"event_name":"conspire:Investor","floor":4,"gold_loss":0}],"is_beta":false,"boss_relics":[],"items_purged_floors":[],"is_endless":false,"potions_floor_spawned":[2,6,9,10,12],"killed_by":"WA_ARCHETYPE_RETAIN","ascension_level":0}}