{"host":"qheym18ww6mhskxf","time":1613064211,"event":{"mods":["100% Spire Juice","BaseMod","CapriCore","Friendly Minions","GungeonMod","KOR Keyword Fix","Kiyohime£¨?ýï£©","Minty Spire (QoL Compilation)","Prisma Mod","Quick Restart","Rare Cards Sparkle","Shop Mod","Spicy Shops","StSLib","Td1madao Mod","The Dragon Tamer","Username Fix"],"gold_per_floor":[118,118,293,99,111,111,145,125,125,125,150,185,63,74,74,174,174,187,99,118,298,309,309,309,309],"floor_reached":24,"language":"KOR","playtime":586,"items_purged":["Doubt"],"score":514,"play_id":"0f6f6b1c-8621-46e6-87f0-2dd08e52f70a","local_time":"20210212022331","daily_mods":["Time Dilation","DeadlyEvents","Elite Swarm"],"is_ascension_mode":true,"campfire_choices":[{"data":"Double Energy","floor":6.0,"key":"SMITH"},{"data":"PrismaMod:ChloeCheapAttack","floor":10.0,"key":"SMITH"},{"floor":15.0,"key":"REST"},{"floor":23.0,"key":"REST"}],"circlet_count":0,"master_deck":["Strike_B","Strike_B","Strike_B","Strike_B","Defend_B","Defend_B","Defend_B","Defend_B","Zap","Dualcast","Double Energy+1","PrismaMod:ChloeCheapAttack+1","PrismaMod:ChloeCarnivalAttack","Core Surge","Conserve Battery+1"],"relics":["Cracked Core","MerchantsRug","DemoMod:MemoryAlloy","Kunai","HandDrill","Akabeko","DemoMod:WaxWing","Bronze Scales"],"acts_visited":["Exordium","TheCity"],"potions_floor_usage":[],"damage_taken":[{"damage":1.0,"enemies":"Cultist","floor":1.0,"turns":3.0},{"damage":3.0,"enemies":"2 Louse","floor":5.0,"turns":2.0},{"damage":25.0,"enemies":"Gremlin Nob","floor":7.0,"turns":4.0},{"damage":15.0,"enemies":"3 Sentries","floor":11.0,"turns":6.0},{"damage":0.0,"enemies":"Lagavulin","floor":12.0,"turns":2.0},{"damage":0.0,"enemies":"Small Slimes","floor":14.0,"turns":2.0},{"damage":36.0,"enemies":"Hexaghost","floor":16.0,"turns":9.0},{"damage":0.0,"enemies":"Spheric Guardian","floor":18.0,"turns":4.0},{"damage":11.0,"enemies":"2 Thieves","floor":20.0,"turns":4.0},{"damage":0.0,"enemies":"Sentry and Sphere","floor":22.0,"turns":5.0},{"damage":0,"enemies":"Gremlin Leader","floor":24,"turns":1}],"seed_played":"-5331404457882836221","potions_obtained":[{"floor":5.0,"key":"DuplicationPotion"},{"floor":8.0,"key":"FairyPotion"},{"floor":14.0,"key":"Energy Potion"},{"floor":16.0,"key":"DistilledChaos"},{"floor":18.0,"key":"AttackPotion"},{"floor":20.0,"key":"AttackPotion"},{"floor":22.0,"key":"PotionOfCapacity"}],"is_trial":true,"path_per_floor":["M","T","?","$","M","R","E","?","T","R","E","E","$","M","R","B",null,"M","$","M","?","M","R","E"],"character_chosen":"DEFECT","items_purchased":["MerchantsRug","EntropicBrew","HandDrill","Akabeko","Bronze Scales"],"campfire_rested":2,"item_purchase_floors":[4,13,13,13,19],"current_hp_per_floor":[67,67,67,67,64,64,39,39,39,39,24,24,24,24,46,10,59,59,59,48,29,29,51,51,51],"gold":309,"neow_bonus":"","is_daily":false,"chose_seed":false,"campfire_upgraded":2,"win_rate":0.0,"timestamp":1613064211,"path_taken":["M","?","?","$","M","R","E","?","T","R","?","E","$","?","R","BOSS","M","$","M","?","?","R","E"],"items_purchased_type":["Relic","Potion","Relic","Relic","Relic"],"build_version":"2020-12-22","purchased_purges":1,"victory":false,"max_hp_per_floor":[75,75,75,75,75,75,75,75,75,75,75,75,75,75,75,75,75,75,75,75,75,75,75,75,75],"card_choices":[{"not_picked":["Sweeping Beam","Steam"],"picked":"Double Energy","floor":1.0},{"not_picked":["Reboot","Stack"],"picked":"PrismaMod:ChloeCheapAttack","floor":5.0},{"not_picked":["PrismaMod:ChloeDoubleRelicSpeed","PrismaMod:ChloeAnyAttackTrace","Buffer"],"picked":"SKIP","floor":7.0},{"not_picked":["PrismaMod:ChloeCarnivalAOEAttack","Fission","PrismaMod:ChloeDoubleRelicSpeed"],"picked":"SKIP","floor":11.0},{"not_picked":["All For One","PrismaMod:ChloeReshuffleDiscard"],"picked":"PrismaMod:ChloeCarnivalAttack","floor":12.0},{"not_picked":["Redo","Blizzard","PrismaMod:ChloeCheapAttack"],"picked":"SKIP","floor":14.0},{"not_picked":["Thunder Strike","Machine Learning"],"picked":"Core Surge","floor":16.0},{"not_picked":["PrismaMod:ChloeDiscardRecovery","Compile Driver"],"picked":"Conserve Battery+1","floor":18.0},{"not_picked":["PrismaMod:ChloeChristmas","Tempest","PrismaMod:ChloeCheapAttack"],"picked":"SKIP","floor":20.0},{"not_picked":["Beam Cell","PrismaMod:ChloeDiscardRecovery","Ball Lightning"],"picked":"SKIP","floor":22.0}],"player_experience":487451,"relics_obtained":[{"floor":2.0,"key":"DemoMod:LamentConfigurum"},{"floor":7.0,"key":"DemoMod:MemoryAlloy"},{"floor":9.0,"key":"DemoMod:AgedBell"},{"floor":11.0,"key":"DemoMod:PartiallyEatenCheese"},{"floor":12.0,"key":"Kunai"}],"event_choices":[{"damage_healed":0.0,"max_hp_gain":0.0,"max_hp_loss":0.0,"gold_gain":175.0,"event_name":"Liars Game","player_choice":"AGREE","floor":3.0,"gold_loss":0.0,"damage_taken":0.0,"cards_obtained":["Doubt"]},{"damage_healed":0.0,"max_hp_gain":0.0,"max_hp_loss":0.0,"gold_gain":0.0,"event_name":"The Woman in Blue","player_choice":"Bought 1 Potion","floor":8.0,"gold_loss":0.0,"damage_taken":0.0},{"damage_healed":0.0,"max_hp_gain":0.0,"max_hp_loss":0.0,"gold_gain":180.0,"event_name":"Knowing Skull","player_choice":"GOLD GOLD ","floor":21.0,"potions_obtained":[],"gold_loss":0.0,"damage_taken":19.0,"cards_obtained":[]}],"is_beta":false,"boss_relics":[{"not_picked":["Busted Crown","Tiny House"],"picked":"DemoMod:WaxWing"}],"items_purged_floors":[4],"is_endless":true,"potions_floor_spawned":[5,14,16,18,20,22],"killed_by":"Gremlin Leader","ascension_level":9}}