{"host":"q0qnzbgdx8oqogg9","time":1613068112,"event":{"mods":["BaseMod","Minty Spire (QoL Compilation)","StSLib"],"gold_per_floor":[110,130,130,146,146,172,172,172,196,14,14,29,39,39,39,113,113,124,124,142,35,35,47,47],"floor_reached":23,"language":"ENG","playtime":690,"items_purged":["Strike_B","Chaos+1"],"score":321,"play_id":"704cc561-ecda-4a45-a64e-e87d2257bfff","local_time":"20210211132831","is_ascension_mode":true,"campfire_choices":[{"data":"Zap","floor":7.0,"key":"SMITH"},{"floor":11.0,"key":"REST"},{"floor":15.0,"key":"REST"}],"circlet_count":0,"master_deck":["AscendersBane","Defend_B","Defend_B","Defend_B","Defend_B","Zap+1","Dualcast","CurseOfTheBell","Machine Learning+1","Rebound","Gash","Steam","Echo Form+1","Electrodynamics+1","Lockon+1","Skim+1","Glacier","Decay","Chill","Loop+1","Scrape","Writhe"],"relics":["Calling Bell","Nunchaku","Frozen Egg 2","WingedGreaves","Pear","Calipers","MealTicket","Oddly Smooth Stone","Membership Card","Astrolabe","MawBank"],"acts_visited":["TheCity"],"potions_floor_usage":[23],"damage_taken":[{"damage":6.0,"enemies":"Cultist","floor":1.0,"turns":4.0},{"damage":18.0,"enemies":"Small Slimes","floor":2.0,"turns":4.0},{"damage":9.0,"enemies":"Jaw Worm","floor":4.0,"turns":5.0},{"damage":45.0,"enemies":"Lagavulin","floor":6.0,"turns":7.0},{"damage":13.0,"enemies":"Exordium Thugs","floor":12.0,"turns":4.0},{"damage":1.0,"enemies":"Blue Slaver","floor":13.0,"turns":6.0},{"damage":61.0,"enemies":"Hexaghost","floor":16.0,"turns":13.0},{"damage":32.0,"enemies":"2 Thieves","floor":18.0,"turns":3.0},{"damage":12.0,"enemies":"Chosen","floor":20.0,"turns":5.0},{"damage":36,"enemies":"Slavers","floor":23,"turns":2}],"seed_played":"-3111806127716729304","potions_obtained":[{"floor":2.0,"key":"SneckoOil"},{"floor":4.0,"key":"SteroidPotion"},{"floor":13.0,"key":"Regen Potion"},{"floor":20.0,"key":"SteroidPotion"}],"is_trial":false,"path_per_floor":["M","M","T","M","?","E","R","?","T","$","R","M","M","?","R","B",null,"M","?","M","$","?","E"],"character_chosen":"DEFECT","items_purchased":["Membership Card","Loop+1","Scrape"],"campfire_rested":2,"item_purchase_floors":[10,21,21],"current_hp_per_floor":[58,40,50,41,68,23,23,5,5,20,44,31,30,30,54,8,63,31,31,19,34,34,0,0],"gold":47,"neow_bonus":"BOSS_RELIC","is_daily":false,"chose_seed":false,"campfire_upgraded":1,"win_rate":0.0,"timestamp":1613068111,"path_taken":["M","M","?","M","?","E","R","?","T","$","R","M","?","?","R","BOSS","M","?","M","$","?","E"],"items_purchased_type":["Relic","Card","Card"],"build_version":"2020-12-22","purchased_purges":2,"victory":false,"max_hp_per_floor":[71,71,81,81,81,81,81,81,81,81,81,81,81,81,81,81,81,81,81,81,81,81,81,81],"card_choices":[{"not_picked":["Compile Driver","Barrage"],"picked":"Machine Learning+1","floor":1.0},{"not_picked":["Beam Cell","Steam Power"],"picked":"Rebound","floor":2.0},{"not_picked":["Compile Driver","Skim","Consume"],"picked":"SKIP","floor":4.0},{"not_picked":["Heatsinks+1","Hologram"],"picked":"Gash","floor":6.0},{"not_picked":["Recycle","Consume"],"picked":"Steam","floor":12.0},{"not_picked":["Gash","Reinforced Body"],"picked":"Echo Form+1","floor":13.0},{"not_picked":["Creative AI+1","Core Surge"],"picked":"Electrodynamics+1","floor":16.0},{"not_picked":["Melter","Stack"],"picked":"Glacier","floor":18.0},{"not_picked":["Double Energy","Gash"],"picked":"Chill","floor":20.0}],"player_experience":361288,"relics_obtained":[{"floor":0.0,"key":"Nunchaku"},{"floor":0.0,"key":"Frozen Egg 2"},{"floor":0.0,"key":"WingedGreaves"},{"floor":3.0,"key":"Pear"},{"floor":6.0,"key":"Calipers"},{"floor":9.0,"key":"Oddly Smooth Stone"}],"event_choices":[{"damage_healed":27.0,"max_hp_gain":0.0,"max_hp_loss":0.0,"gold_gain":0.0,"event_name":"Big Fish","player_choice":"Banana","floor":5.0,"gold_loss":0.0,"damage_taken":0.0},{"damage_healed":0.0,"max_hp_gain":0.0,"max_hp_loss":0.0,"gold_gain":0.0,"event_name":"Scrap Ooze","player_choice":"Success","floor":8.0,"gold_loss":0.0,"damage_taken":18.0,"relics_obtained":["MealTicket"]},{"damage_healed":0.0,"max_hp_gain":0.0,"max_hp_loss":0.0,"gold_gain":0.0,"event_name":"Liars Game","player_choice":"Ignored","floor":14.0,"gold_loss":0.0,"damage_taken":0.0},{"damage_healed":0.0,"max_hp_gain":0.0,"max_hp_loss":0.0,"gold_gain":0.0,"event_name":"Forgotten Altar","player_choice":"Smashed Altar","floor":19.0,"gold_loss":0.0,"damage_taken":0.0,"cards_obtained":["Decay"]},{"damage_healed":0.0,"max_hp_gain":0.0,"max_hp_loss":0.0,"gold_gain":0.0,"event_name":"The Mausoleum","player_choice":"Opened","floor":22.0,"gold_loss":0.0,"damage_taken":0.0,"relics_obtained":["MawBank"],"cards_obtained":["Writhe"]}],"is_beta":false,"boss_relics":[{"not_picked":["SlaversCollar","Runic Dome"],"picked":"Astrolabe"}],"items_purged_floors":[10,21],"is_endless":false,"potions_floor_spawned":[2,4,13,20],"killed_by":"Slavers","ascension_level":14}}