{"host":"e2ju6k0wppswbhbd","time":1613078368,"event":{"mods":["BaseMod","Minty Spire (QoL Compilation)","Rare Cards Sparkle","StSLib"],"gold_per_floor":[109,120,140,153,167,201,201,220,295,295,17,44,44,58,58,187,187,205,205,221,321,335,369,369,403,403,416,430,449,449,463,463,591,591,610,9,28,41,55,55,71,134,134,177,177,510,542,560,560,560,560,560,105,131,131,131],"floor_reached":55,"language":"FRA","playtime":8249,"items_purged":["Injury","Defend_B"],"score":1035,"play_id":"6e3c9131-a033-4fd3-9fe9-b48ce1de2038","local_time":"20210211221928","is_ascension_mode":false,"campfire_choices":[{"floor":7,"key":"REST"},{"floor":10,"key":"RECALL"},{"data":"Zap","floor":15,"key":"SMITH"},{"data":"Defragment","floor":24,"key":"SMITH"},{"data":"Chill","floor":30,"key":"SMITH"},{"data":"Reinforced Body","floor":32,"key":"SMITH"},{"data":"Chaos","floor":40,"key":"SMITH"},{"data":"1","floor":45,"key":"LIFT"},{"data":"2","floor":49,"key":"LIFT"},{"data":"Biased Cognition","floor":52,"key":"SMITH"}],"circlet_count":0,"master_deck":["Strike_B","Strike_B","Strike_B","Defend_B","Defend_B","Zap+1","Dualcast","Sweeping Beam","Genetic Algorithm","Redo","Defragment+1","Chill+1","Electrodynamics","Cold Snap","Chaos+1","Aggregate","Ball Lightning","Core Surge","Beam Cell+1","Redo+1","Glacier+1","Melter","BootSequence+1","Reinforced Body+1","FTL","Biased Cognition+1","Leap+1","Dark Shackles","Static Discharge+1","Ball Lightning+1","Compile Driver+1","Capacitor","Seek","Aggregate+1","Tempest","Flash of Steel"],"relics":["Cracked Core","Pear","Happy Flower","Ginger","Runic Pyramid","FossilizedHelix","Nunchaku","Letter Opener","SlaversCollar","Calipers","ClockworkSouvenir","Girya","Cables","Lizard Tail","Boot","Bronze Scales","Toy Ornithopter"],"acts_visited":["Exordium","TheCity","TheBeyond","TheEnding"],"potions_floor_usage":[4,4,6,18,20,23,33,33,33,37,38,41,41,50,54,54,54],"damage_taken":[{"damage":1,"enemies":"Cultist","floor":1,"turns":3},{"damage":0,"enemies":"Small Slimes","floor":2,"turns":4},{"damage":0,"enemies":"Jaw Worm","floor":3,"turns":3},{"damage":3,"enemies":"Blue Slaver","floor":4,"turns":3},{"damage":24,"enemies":"Exordium Thugs","floor":5,"turns":5},{"damage":30,"enemies":"3 Sentries","floor":6,"turns":8},{"damage":0,"enemies":"2 Fungi Beasts","floor":8,"turns":4},{"damage":11,"enemies":"Lagavulin","floor":12,"turns":6},{"damage":7,"enemies":"3 Louse","floor":14,"turns":2},{"damage":0,"enemies":"Slime Boss","floor":16,"turns":6},{"damage":13,"enemies":"2 Thieves","floor":18,"turns":4},{"damage":0,"enemies":"Spheric Guardian","floor":20,"turns":4},{"damage":0,"enemies":"Chosen and Byrds","floor":22,"turns":6},{"damage":1,"enemies":"Slavers","floor":23,"turns":5},{"damage":5,"enemies":"Book of Stabbing","floor":25,"turns":7},{"damage":0,"enemies":"Shelled Parasite and Fungi","floor":27,"turns":5},{"damage":6,"enemies":"Sentry and Sphere","floor":28,"turns":6},{"damage":0,"enemies":"3 Cultists","floor":29,"turns":3},{"damage":0,"enemies":"Cultist and Chosen","floor":31,"turns":7},{"damage":0,"enemies":"Collector","floor":33,"turns":11},{"damage":0,"enemies":"Orb Walker","floor":35,"turns":3},{"damage":0,"enemies":"3 Shapes","floor":37,"turns":4},{"damage":0,"enemies":"Maw","floor":38,"turns":7},{"damage":0,"enemies":"3 Darklings","floor":39,"turns":4},{"damage":0,"enemies":"Jaw Worm Horde","floor":41,"turns":4},{"damage":0,"enemies":"Mind Bloom Boss Battle","floor":42,"turns":8},{"damage":0,"enemies":"Nemesis","floor":44,"turns":7},{"damage":0,"enemies":"Giant Head","floor":47,"turns":10},{"damage":0,"enemies":"Writhing Mass","floor":48,"turns":4},{"damage":0,"enemies":"Time Eater","floor":50,"turns":12},{"damage":40,"enemies":"Shield and Spear","floor":54,"turns":6},{"damage":130,"enemies":"The Heart","floor":55,"turns":8}],"seed_played":"-4992332101511655918","potions_obtained":[{"floor":1,"key":"DuplicationPotion"},{"floor":2,"key":"AttackPotion"},{"floor":4,"key":"CultistPotion"},{"floor":12,"key":"GamblersBrew"},{"floor":14,"key":"SkillPotion"},{"floor":18,"key":"LiquidMemories"},{"floor":25,"key":"LiquidBronze"},{"floor":27,"key":"EntropicBrew"},{"floor":35,"key":"SpeedPotion"},{"floor":37,"key":"PowerPotion"},{"floor":41,"key":"FearPotion"},{"floor":44,"key":"EssenceOfSteel"},{"floor":48,"key":"DistilledChaos"}],"is_trial":false,"path_per_floor":["M","M","M","M","M","E","R","M","T","R","$","E","?","M","R","B",null,"M","?","M","?","M","E","R","E","T","M","M","M","R","M","R","B",null,"M","$","M","M","M","R","M","?","T","E","R","?","E","M","R","B",null,"R","$","E","B"],"character_chosen":"DEFECT","items_purchased":["Happy Flower","Cold Snap","Chaos","Dark Shackles","Calipers","ClockworkSouvenir","Bronze Scales","Block Potion","Tempest","Flash of Steel"],"campfire_rested":1,"item_purchase_floors":[11,11,11,36,36,36,53,53,53,53],"current_hp_per_floor":[74,74,74,71,47,27,52,52,52,52,52,41,41,34,34,34,85,72,72,72,72,72,71,71,66,66,66,60,60,60,60,60,60,85,85,85,85,85,85,85,85,85,85,85,85,85,85,85,85,85,85,85,85,45,0,0],"gold":131,"neow_bonus":"REMOVE_CARD","is_daily":false,"chose_seed":false,"campfire_upgraded":6,"win_rate":0.0,"timestamp":1613078368,"path_taken":["M","M","M","?","M","E","R","M","T","R","$","E","?","M","R","BOSS","M","?","M","?","?","E","R","E","T","M","M","M","R","M","R","BOSS","M","$","M","M","M","R","M","?","T","E","R","?","E","M","R","BOSS","R","$","E","BOSS"],"items_purchased_type":["Relic","Card","Card","Card","Relic","Relic","Relic","Potion","Card","Card"],"build_version":"2020-12-22","purchased_purges":2,"victory":false,"max_hp_per_floor":[75,75,75,75,75,85,85,85,85,85,85,85,85,85,85,85,85,85,85,85,85,85,85,85,85,85,85,85,85,85,85,85,85,85,85,85,85,85,85,85,85,85,85,85,85,85,85,85,85,85,85,85,85,85,85,85],"card_choices":[{"not_picked":["Heatsinks","Force Field","Stack"],"picked":"SKIP","floor":1},{"not_picked":["Stack","Genetic Algorithm"],"picked":"Sweeping Beam","floor":2},{"not_picked":["Rebound","Turbo"],"picked":"Genetic Algorithm","floor":3},{"not_picked":["Rebound","Recycle"],"picked":"Redo","floor":4},{"not_picked":["Redo","FTL"],"picked":"Defragment","floor":5},{"not_picked":["Ball Lightning","Undo"],"picked":"Chill","floor":6},{"not_picked":["Go for the Eyes","Rip and Tear"],"picked":"Electrodynamics","floor":8},{"not_picked":["Gash","Beam Cell"],"picked":"Aggregate","floor":12},{"not_picked":["Stack","Genetic Algorithm"],"picked":"Ball Lightning","floor":14},{"not_picked":["Fission","Rainbow"],"picked":"Core Surge","floor":16},{"not_picked":["Ball Lightning","Cold Snap+1"],"picked":"Beam Cell+1","floor":18},{"not_picked":["FTL","Compile Driver"],"picked":"Redo+1","floor":20},{"not_picked":["Hologram","Turbo"],"picked":"Glacier+1","floor":22},{"not_picked":["Gash","Turbo"],"picked":"Melter","floor":23},{"not_picked":["Force Field+1","Sweeping Beam+1"],"picked":"BootSequence+1","floor":25},{"not_picked":["Sweeping Beam","Gash"],"picked":"Reinforced Body","floor":27},{"not_picked":["Turbo","Ball Lightning","Rip and Tear"],"picked":"SKIP","floor":28},{"not_picked":["Scrape","Genetic Algorithm"],"picked":"FTL","floor":29},{"not_picked":["Chaos","Redo","Gash"],"picked":"SKIP","floor":31},{"not_picked":["Electrodynamics","Creative AI"],"picked":"Biased Cognition","floor":33},{"not_picked":["Chaos+1","Melter"],"picked":"Leap+1","floor":35},{"not_picked":["Self Repair+1","Coolheaded"],"picked":"Static Discharge+1","floor":37},{"not_picked":["Ball Lightning","Go for the Eyes","Aggregate"],"picked":"SKIP","floor":38},{"not_picked":["Gash","Leap"],"picked":"Ball Lightning+1","floor":39},{"not_picked":["Heatsinks+1","Rebound+1","Force Field"],"picked":"SKIP","floor":41},{"not_picked":["Cold Snap","Redo"],"picked":"Compile Driver+1","floor":42},{"not_picked":["Amplify","Loop"],"picked":"Capacitor","floor":44},{"not_picked":["Undo","Chill"],"picked":"Seek","floor":47},{"not_picked":["Genetic Algorithm+1","Loop+1"],"picked":"Aggregate+1","floor":48},{"not_picked":["Doom and Gloom","All For One","Recycle"],"picked":"SKIP","floor":54}],"player_experience":2824161,"relics_obtained":[{"floor":6,"key":"Pear"},{"floor":12,"key":"Ginger"},{"floor":23,"key":"FossilizedHelix"},{"floor":25,"key":"Nunchaku"},{"floor":26,"key":"Letter Opener"},{"floor":42,"key":"Girya"},{"floor":43,"key":"Cables"},{"floor":44,"key":"Lizard Tail"},{"floor":47,"key":"Boot"},{"floor":54,"key":"Toy Ornithopter"}],"event_choices":[{"damage_healed":0,"gold_gain":0,"player_choice":"Take Wound","damage_taken":0,"relics_obtained":["Golden Idol"],"max_hp_gain":0,"max_hp_loss":0,"event_name":"Golden Idol","floor":13,"gold_loss":0,"cards_obtained":["Injury"]},{"cards_removed":["Defend_B"],"damage_healed":0,"gold_gain":0,"player_choice":"Elegance","damage_taken":0,"max_hp_gain":0,"max_hp_loss":0,"event_name":"Back to Basics","floor":19,"gold_loss":0},{"damage_healed":0,"gold_gain":100,"player_choice":"Pray","damage_taken":0,"max_hp_gain":0,"max_hp_loss":0,"event_name":"Golden Shrine","floor":21,"gold_loss":0},{"damage_healed":0,"gold_gain":0,"player_choice":"Fight","damage_taken":0,"max_hp_gain":0,"max_hp_loss":0,"event_name":"MindBloom","floor":42,"gold_loss":0},{"damage_healed":0,"gold_gain":333,"player_choice":"Gave Idol","damage_taken":0,"max_hp_gain":0,"max_hp_loss":0,"event_name":"The Moai Head","floor":46,"relics_lost":["Golden Idol"],"gold_loss":0}],"is_beta":false,"boss_relics":[{"not_picked":["Snecko Eye","Pandora\u0027s Box"],"picked":"Runic Pyramid"},{"not_picked":["Busted Crown","Tiny House"],"picked":"SlaversCollar"}],"items_purged_floors":[36,53],"is_endless":false,"potions_floor_spawned":[1,2,4,12,14,18,25,27,31,35,37,41,44,48],"killed_by":"The Heart","ascension_level":0}}