{"host":"kcvncuxxsb6xpuus","time":1613036182,"event":{"mods":["BaseMod","Minty Spire (QoL Compilation)","Replay The Spire","StSLib"],"gold_per_floor":[116,135,60,77,77,77,93,127,151,151,101,101,101,134,134,134,134],"floor_reached":16,"language":"ZHS","playtime":510,"items_purged":["Defend_R"],"score":130,"play_id":"85a75f04-3d3d-4e00-983f-2d35203d3270","local_time":"20210211173622","is_ascension_mode":true,"campfire_choices":[{"data":"Exhume","floor":6.0,"key":"SMITH"},{"floor":15.0,"key":"REST"}],"circlet_count":0,"master_deck":["Strike_R","Strike_R","Strike_R","Defend_R","Defend_R","Defend_R","Heavy Blade","Exhume+1","Bash","Iron Wave"],"relics":["Burning Blood","Bag of Preparation","ReplayTheSpireMod:Lightbulb","Question Card"],"acts_visited":["Exordium"],"potions_floor_usage":[],"damage_taken":[{"damage":5.0,"enemies":"2 Louse","floor":1.0,"turns":4.0},{"damage":1.0,"enemies":"Cultist","floor":2.0,"turns":4.0},{"damage":7.0,"enemies":"Jaw Worm","floor":4.0,"turns":3.0},{"damage":9.0,"enemies":"3 Louse","floor":7.0,"turns":3.0},{"damage":28.0,"enemies":"Gremlin Nob","floor":8.0,"turns":4.0},{"damage":0.0,"enemies":"Lagavulin","floor":12.0,"turns":1.0},{"damage":56.0,"enemies":"3 Sentries","floor":14.0,"turns":11.0},{"damage":34,"enemies":"The Guardian","floor":16,"turns":5}],"seed_played":"9037081576101089506","potions_obtained":[{"floor":2.0,"key":"Fire Potion"},{"floor":8.0,"key":"SmokeBomb"}],"is_trial":false,"path_per_floor":["M","M","$","M","?","R","M","E","T","?","?","E","?","E","R","B"],"character_chosen":"IRONCLAD","items_purchased":[],"campfire_rested":1,"item_purchase_floors":[],"current_hp_per_floor":[80,80,80,79,79,79,76,54,54,54,54,60,60,10,34,0,0],"gold":134,"neow_bonus":"REMOVE_CARD","is_daily":false,"chose_seed":false,"campfire_upgraded":1,"win_rate":0.0,"timestamp":1613036182,"path_taken":["M","M","$","M","?","R","?","E","T","?","?","E","?","E","R","BOSS"],"items_purchased_type":[],"build_version":"2020-12-22","purchased_purges":1,"victory":false,"max_hp_per_floor":[80,80,80,80,80,80,80,80,80,80,80,80,80,80,80,80,80],"card_choices":[{"not_picked":["Havoc","Rage"],"picked":"Heavy Blade","floor":1.0},{"not_picked":["ReplayTheSpireMod:LeadingStrike","True Grit","Reckless Charge"],"picked":"SKIP","floor":2.0},{"not_picked":["Disarm","Rage","Ghostly Armor"],"picked":"SKIP","floor":4.0},{"not_picked":["Entrench","Run Through","Cleave"],"picked":"SKIP","floor":7.0},{"not_picked":["Thunderclap","Infernal Blade","ReplayTheSpireMod:Limb From Limb"],"picked":"SKIP","floor":8.0},{"not_picked":["Shockwave","Body Slam"],"picked":"Iron Wave","floor":14.0}],"player_experience":91445,"relics_obtained":[{"floor":8.0,"key":"Bag of Preparation"},{"floor":9.0,"key":"ReplayTheSpireMod:Lightbulb"},{"floor":14.0,"key":"Question Card"}],"event_choices":[{"damage_healed":0.0,"max_hp_gain":0.0,"max_hp_loss":0.0,"gold_gain":0.0,"event_name":"Match and Keep!","player_choice":"2 cards matched","floor":5.0,"gold_loss":0.0,"damage_taken":0.0,"cards_obtained":["Exhume","Bash"]},{"cards_removed":["Bash"],"damage_healed":0.0,"max_hp_gain":0.0,"max_hp_loss":0.0,"gold_gain":0.0,"event_name":"Living Wall","player_choice":"Forget","floor":10.0,"gold_loss":0.0,"damage_taken":0.0},{"cards_removed":["Strike_R"],"damage_healed":0.0,"max_hp_gain":0.0,"max_hp_loss":0.0,"gold_gain":0.0,"event_name":"The Cleric","player_choice":"Card Removal","floor":11.0,"gold_loss":50.0,"damage_taken":0.0},{"damage_healed":0.0,"max_hp_gain":0.0,"max_hp_loss":0.0,"gold_gain":0.0,"event_name":"Match and Keep!","player_choice":"0 cards matched","floor":13.0,"gold_loss":0.0,"damage_taken":0.0,"cards_obtained":[]}],"is_beta":false,"boss_relics":[],"items_purged_floors":[3],"is_endless":false,"potions_floor_spawned":[2,8],"killed_by":"The Guardian","ascension_level":2}}