{"host":"qmdmcz5nn4dzus5k","time":1613076662,"event":{"mods":["AchievementEnabler","BaseMod","Bestiary","BetterRewards","Card Filter","Minty Spire (QoL Compilation)","Quick Restart","Relic Filter","Remove Card Discount Mod","Spicy Shops","StSLib","The Marked","TheHero","Uncapped"],"gold_per_floor":[113,188,188,207,218,218,32,44,44,72,72,85,105,136,136,238,288,304,314,339,339,358,358,358,390,414,414,290,290,290,322,322,423,423,441,457,457,457,457],"floor_reached":38,"language":"ENG","playtime":2921,"items_purged":["Strike_P","Pain","TalkToTheHand","Adaptation","Worship","Strike_P"],"score":447,"play_id":"f654a6bd-47e1-4eae-8d13-aed190f50177","local_time":"20210211155102","is_ascension_mode":false,"campfire_choices":[{"data":"Eruption","floor":6.0,"key":"SMITH"},{"floor":11.0,"key":"REST"},{"floor":15.0,"key":"REST"},{"data":"Establishment","floor":23.0,"key":"SMITH"},{"floor":27.0,"key":"REST"},{"data":"Crescendo","floor":29.0,"key":"SMITH"},{"floor":32.0,"key":"REST"}],"circlet_count":0,"master_deck":["Strike_P","Strike_P","Defend_P","Defend_P","Eruption+1","Vigilance","Adaptation","CutThroughFate+1","Brilliance","Crescendo+1","DeusExMachina","PathToVictory","Establishment+1","PathToVictory","Worship+1","WindmillStrike+1","WheelKick","PathToVictory+1","ThirdEye+1","FollowUp","DevaForm","Collect+1","Wallop","CarveReality"],"relics":["PureWater","Membership Card","Juzu Bracelet","Dream Catcher","MealTicket","Tiny House","Regal Pillow","WarpedTongs","Blood Vial","Anchor","Oddly Smooth Stone","Orrery","Nunchaku","Sozu"],"acts_visited":["Exordium","TheCity","TheBeyond"],"potions_floor_usage":[33,33,38],"damage_taken":[{"damage":0.0,"enemies":"Small Slimes","floor":1.0,"turns":2.0},{"damage":3.0,"enemies":"2 Louse","floor":4.0,"turns":2.0},{"damage":2.0,"enemies":"Cultist","floor":5.0,"turns":3.0},{"damage":15.0,"enemies":"Red Slaver","floor":8.0,"turns":4.0},{"damage":24.0,"enemies":"3 Sentries","floor":10.0,"turns":8.0},{"damage":9.0,"enemies":"Looter","floor":12.0,"turns":4.0},{"damage":0.0,"enemies":"2 Fungi Beasts","floor":13.0,"turns":3.0},{"damage":0.0,"enemies":"Gremlin Nob","floor":14.0,"turns":2.0},{"damage":40.0,"enemies":"The Guardian","floor":16.0,"turns":7.0},{"damage":30.0,"enemies":"3 Byrds","floor":18.0,"turns":6.0},{"damage":5.0,"enemies":"Spheric Guardian","floor":19.0,"turns":3.0},{"damage":0.0,"enemies":"Snecko","floor":22.0,"turns":3.0},{"damage":19.0,"enemies":"Gremlin Leader","floor":25.0,"turns":6.0},{"damage":39.0,"enemies":"Slavers","floor":31.0,"turns":5.0},{"damage":57,"enemies":"Collector","floor":33,"turns":7},{"damage":18,"enemies":"3 Shapes","floor":35,"turns":4},{"damage":40,"enemies":"Orb Walker","floor":36,"turns":5},{"damage":36,"enemies":"2 Orb Walkers","floor":38,"turns":2}],"seed_played":"19694166279228521","potions_obtained":[{"floor":1.0,"key":"SkillPotion"},{"floor":4.0,"key":"Block Potion"},{"floor":13.0,"key":"AttackPotion"},{"floor":14.0,"key":"SpeedPotion"},{"floor":16.0,"key":"Swift Potion"},{"floor":17.0,"key":"Strength Potion"},{"floor":22.0,"key":"AttackPotion"},{"floor":33,"key":"BlessingOfTheForge"}],"is_trial":false,"path_per_floor":["M","?","?","M","M","R","$","M","T","E","R","M","M","E","R","B",null,"M","M","T","?","M","R","?","E","T","R","$","R","?","E","R","B",null,"M","M","?","?"],"character_chosen":"WATCHER","items_purchased":["Membership Card","Brilliance","Oddly Smooth Stone","Orrery"],"campfire_rested":4,"item_purchase_floors":[7,7,28,28],"current_hp_per_floor":[79,68,68,65,63,63,63,48,48,24,47,38,38,38,61,21,84,54,49,49,77,77,77,77,58,58,84,84,84,84,45,84,27,84,66,28,28,0,0],"gold":457,"neow_bonus":"TEN_PERCENT_HP_BONUS","is_daily":false,"chose_seed":false,"campfire_upgraded":3,"win_rate":0.0,"timestamp":1613076662,"path_taken":["M","?","?","M","M","R","$","?","T","E","R","M","M","E","R","BOSS","M","M","?","?","M","R","?","E","T","R","$","R","?","E","R","BOSS","M","M","?","?"],"items_purchased_type":["Relic","Card","Relic","Relic"],"build_version":"2020-12-22","purchased_purges":6,"victory":false,"max_hp_per_floor":[79,79,79,79,79,79,79,79,79,79,79,79,79,79,79,79,84,84,84,84,84,84,84,84,84,84,84,84,84,84,84,84,84,84,84,84,84,84,84],"card_choices":[{"not_picked":["FlyingSleeves","InnerPeace"],"picked":"Worship","floor":1.0},{"not_picked":["EmptyMind","WindmillStrike"],"picked":"Adaptation","floor":4.0},{"not_picked":["Weave","ClearTheMind"],"picked":"CutThroughFate","floor":5.0},{"not_picked":["InnerPeace","Evaluate"],"picked":"Crescendo","floor":8.0},{"not_picked":["Consecrate","Swivel"],"picked":"DeusExMachina","floor":10.0},{"not_picked":["TalkToTheHand","ClearTheMind"],"picked":"PathToVictory","floor":11.0},{"not_picked":["TalkToTheHand","Nirvana","Study"],"picked":"SKIP","floor":12.0},{"not_picked":["EmptyFist","Crescendo"],"picked":"Adaptation","floor":13.0},{"not_picked":["DeusExMachina","EmptyFist","Halt"],"picked":"SKIP","floor":14.0},{"not_picked":["EmptyBody","Consecrate"],"picked":"TalkToTheHand","floor":15.0},{"not_picked":["DeusExMachina","Ragnarok"],"picked":"Establishment","floor":16.0},{"not_picked":["CrushJoints","Swivel"],"picked":"PathToVictory","floor":17.0},{"not_picked":["CutThroughFate","PathToVictory"],"picked":"Worship+1","floor":18.0},{"not_picked":["Sanctity","JustLucky"],"picked":"WindmillStrike+1","floor":19.0},{"not_picked":["Swivel","JustLucky","Evaluate"],"picked":"SKIP","floor":22.0},{"not_picked":["MasterReality","ThirdEye","EmptyBody+1"],"picked":"SKIP","floor":25.0},{"not_picked":["Protect+1","JustLucky"],"picked":"WheelKick","floor":27.0},{"not_picked":["EmptyFist","ThirdEye+1"],"picked":"PathToVictory+1","floor":28.0},{"not_picked":["JustLucky+1","WheelKick"],"picked":"ThirdEye+1","floor":28.0},{"not_picked":["Weave","LikeWater+1"],"picked":"FollowUp","floor":28.0},{"not_picked":["Evaluate","CarveReality"],"picked":"DevaForm","floor":28.0},{"not_picked":["PathToVictory+1","Sanctity+1"],"picked":"Collect+1","floor":28.0},{"not_picked":["ClearTheMind+1","Indignation"],"picked":"Wallop","floor":31.0},{"not_picked":["Pray","Evaluate+1","Crescendo+1"],"picked":"SKIP","floor":35},{"not_picked":["EmptyMind","EmptyBody"],"picked":"CarveReality","floor":36}],"player_experience":73364,"relics_obtained":[{"floor":9.0,"key":"Juzu Bracelet"},{"floor":10.0,"key":"Dream Catcher"},{"floor":14.0,"key":"MealTicket"},{"floor":20.0,"key":"Regal Pillow"},{"floor":25.0,"key":"Blood Vial"},{"floor":26.0,"key":"Anchor"},{"floor":31.0,"key":"Nunchaku"}],"event_choices":[{"damage_healed":0.0,"max_hp_gain":0.0,"max_hp_loss":0.0,"gold_gain":75.0,"event_name":"World of Goop","player_choice":"Gather Gold","floor":2.0,"gold_loss":0.0,"damage_taken":11.0},{"cards_removed":["Defend_P"],"damage_healed":0.0,"max_hp_gain":0.0,"max_hp_loss":0.0,"gold_gain":0.0,"event_name":"Purifier","player_choice":"Purged","floor":3.0,"gold_loss":0.0,"damage_taken":0.0},{"damage_healed":28.0,"max_hp_gain":0.0,"max_hp_loss":0.0,"gold_gain":0.0,"event_name":"The Library","player_choice":"Heal","floor":21.0,"gold_loss":0.0,"damage_taken":0.0},{"damage_healed":0.0,"max_hp_gain":0.0,"max_hp_loss":0.0,"gold_gain":0.0,"event_name":"Accursed Blacksmith","player_choice":"Rummage","floor":24.0,"gold_loss":0.0,"damage_taken":0.0,"relics_obtained":["WarpedTongs"],"cards_obtained":["Pain"]},{"damage_healed":0.0,"max_hp_gain":0.0,"max_hp_loss":0.0,"gold_gain":0.0,"event_name":"Ghosts","player_choice":"Ignored","floor":30.0,"gold_loss":0.0,"damage_taken":0.0},{"cards_removed":["Defend_P"],"damage_healed":0,"gold_gain":0,"player_choice":"Removed Skill","damage_taken":0,"max_hp_gain":0,"max_hp_loss":0,"event_name":"Falling","floor":37,"gold_loss":0},{"damage_healed":0,"gold_gain":0,"player_choice":"Fight","damage_taken":0,"max_hp_gain":0,"max_hp_loss":0,"event_name":"Mysterious Sphere","floor":38,"gold_loss":0}],"is_beta":false,"boss_relics":[{"not_picked":["Coffee Dripper","Fusion Hammer"],"picked":"Tiny House"},{"not_picked":["Black Star","Philosopher\u0027s Stone"],"picked":"Sozu"}],"items_purged_floors":[7,28,28,28,28,28],"is_endless":false,"potions_floor_spawned":[1,4,13,14,16,22,33],"killed_by":"2 Orb Walkers","ascension_level":0}}