{"host":"v98566chcnixoavo","time":1613018721,"event":{"mods":["100% Spire Juice","Act Like it!","Arknights","BaseMod","Decade(王小明)","DeckTracker","FGO Abigail","Friendly Minions","Highlight Path","Kiyohime（清姬）","Luminous","Marisa（F雨　魔理沙）","Minty Spire (QoL Compilation)","Prisma Mod","Railgun Mod","Reimu（博丽灵梦）","StSLib","Td1madao Mod","The Alterego","UnlockEverythingMod","WarShipGirlsR/战舰少女R mod","Yakumo Yukari mod","Youmu（魂魄妖梦）","【功能Mod】Neow奖励","【功能Mod】混沌之环修复补丁","【功能Mod】聪明的最终Boss"],"gold_per_floor":[115,7,7,27,42,42,42,42,42,42,57,85,85,115,115,217,97,112,112,123,123,140,140,173,53,53,67,82,82,99,99,99,200,200,219,265,265,283,283,283],"floor_reached":39,"language":"ZHS","playtime":2264,"items_purged":[],"score":476,"play_id":"b4b85be1-69a2-4596-8d15-966768383005","local_time":"20210211124521","is_ascension_mode":false,"campfire_choices":[{"data":"Deep Breath","floor":6.0,"key":"SMITH"},{"data":"Moonworks:CloudOfSeagulls","floor":8.0,"key":"SMITH"},{"data":"Moonworks:HolyNight","floor":13.0,"key":"SMITH"},{"data":"Moonworks:MeltingMemories","floor":15.0,"key":"SMITH"},{"data":"Moonworks:HolyNight","floor":23.0,"key":"SMITH"},{"data":"Moonworks:Dinner","floor":25.0,"key":"SMITH"},{"data":"Moonworks:ImmovableObject","floor":32.0,"key":"SMITH"}],"circlet_count":0,"master_deck":["Moonworks:Defend","Moonworks:Defend","Moonworks:Defend","Moonworks:Ambush","Moonworks:LongDistanceShot","Deep Breath+1","Moonworks:SakisCookie","Moonworks:SakisCookie","Moonworks:EvilSpyWorkPreparation","Moonworks:DeployBits","Moonworks:CloudOfSeagulls+1","Moonworks:HolyNight+1","Moonworks:MeltingMemories+1","Moonworks:IndiscriminateFireSupport+1","Moonworks:RocketCannon+1","Moonworks:EvilSpyWorkPreparation","Moonworks:Flamethrower+1","Moonworks:HolyNight+1","Moonworks:Dinner+1","Moonworks:IndiscriminateFireSupport+1","Moonworks:SakisCookie","Moonworks:EvilSpyWorkPreparation","Moonworks:ImmovableObject+1","Moonworks:CloudOfSeagulls+1","Moonworks:Wanted","Moonworks:PlushieMaster","CurseOfTheBell","Moonworks:MiracleRedBeanIceCream+1","Moonworks:JonathanRush+1","Moonworks:NicePresent+1"],"relics":["Moonworks:BrokenBomb","Moonworks:Homemark","Molten Egg 2","Odd Mushroom","RedLine:ReiMu","Matryoshka","Smiling Mask","Peace Pipe","Calling Bell","Mastiff:ReiMu","Pear","TungstenRod","CatCart"],"acts_visited":["Exordium","TheCity","TheBeyond"],"potions_floor_usage":[],"damage_taken":[{"damage":6.0,"enemies":"ats:Genji","floor":1.0,"turns":4.0},{"damage":1.0,"enemies":"Cultist","floor":2.0,"turns":3.0},{"damage":0.0,"enemies":"2 Louse","floor":4.0,"turns":2.0},{"damage":9.0,"enemies":"Exordium Wildlife","floor":5.0,"turns":5.0},{"damage":0.0,"enemies":"Looter","floor":11.0,"turns":3.0},{"damage":8.0,"enemies":"3 Sentries","floor":12.0,"turns":4.0},{"damage":0.0,"enemies":"The Mushroom Lair","floor":14.0,"turns":1.0},{"damage":0.0,"enemies":"Slime Boss","floor":16.0,"turns":5.0},{"damage":0.0,"enemies":"3 Byrds","floor":18.0,"turns":3.0},{"damage":5.0,"enemies":"Spheric Guardian","floor":20.0,"turns":3.0},{"damage":33.0,"enemies":"Shelled Parasite and Fungi","floor":22.0,"turns":6.0},{"damage":29.0,"enemies":"Book of Stabbing","floor":24.0,"turns":5.0},{"damage":0.0,"enemies":"3 Cultists","floor":27.0,"turns":2.0},{"damage":18.0,"enemies":"Snecko","floor":28.0,"turns":4.0},{"damage":10.0,"enemies":"Centurion and Healer","floor":30.0,"turns":3.0},{"damage":30.0,"enemies":"Collector","floor":33.0,"turns":8.0},{"damage":0.0,"enemies":"3 Darklings","floor":35.0,"turns":5.0},{"damage":45,"enemies":"Orin","floor":36,"turns":14},{"damage":20,"enemies":"3 Shapes","floor":38,"turns":3},{"damage":11,"enemies":"Maw","floor":39,"turns":8}],"seed_played":"7033625124996055825","potions_obtained":[{"floor":4.0,"key":"Fire Potion"},{"floor":11.0,"key":"Fire Potion"},{"floor":12.0,"key":"EntropicBrew"},{"floor":18.0,"key":"SkillPotion"},{"floor":20.0,"key":"SneckoOil"},{"floor":27.0,"key":"ZuzhouPotion:ReiMu"},{"floor":28.0,"key":"Fruit Juice"}],"is_trial":false,"path_per_floor":["M","M","?","M","M","R","?","R","T","$","M","E","R","?","R","B",null,"M","?","M","?","M","R","E","R","T","M","M","?","M","?","R","B",null,"M","?","?","M","M"],"character_chosen":"THE_STARBREAKER","items_purchased":[],"campfire_rested":0,"item_purchase_floors":[],"current_hp_per_floor":[54,55,55,55,48,48,60,60,60,60,60,52,52,52,52,52,60,60,60,55,55,33,33,28,28,28,28,15,15,9,9,9,5,75,75,45,45,27,21,21],"gold":283,"neow_bonus":"RANDOM_COLORLESS","is_daily":false,"chose_seed":false,"campfire_upgraded":7,"win_rate":0.0,"timestamp":1613018721,"path_taken":["M","?","?","M","M","R","?","R","T","?","M","E","R","?","R","BOSS","M","?","M","?","?","R","E","R","T","M","M","?","M","?","R","BOSS","M","?","?","M","M"],"items_purchased_type":[],"build_version":"2020-12-22","purchased_purges":0,"victory":false,"max_hp_per_floor":[60,60,60,60,60,60,60,60,60,60,60,60,60,60,60,60,60,60,60,60,60,60,60,60,60,60,60,65,65,65,65,65,65,75,75,75,75,75,75,75],"card_choices":[{"not_picked":["Madness","Good Instincts"],"picked":"Deep Breath","floor":0.0},{"not_picked":["Moonworks:BackdoorTrade","Moonworks:ExtendedPhotonRifle"],"picked":"Moonworks:SakisCookie","floor":1.0},{"not_picked":["Moonworks:IndiscriminateFireSupport","Moonworks:ReproductionOfRecords"],"picked":"Moonworks:SakisCookie","floor":2.0},{"not_picked":["Moonworks:Dash","Moonworks:FinalSurgery"],"picked":"Moonworks:DeployBits","floor":4.0},{"not_picked":["Moonworks:IndiscriminateFireSupport","Moonworks:Assault"],"picked":"Moonworks:CloudOfSeagulls","floor":5.0},{"not_picked":["Moonworks:MiracleWalker","Moonworks:IndiscriminateFireSupport"],"picked":"Moonworks:HolyNight","floor":11.0},{"not_picked":["Moonworks:Assault+1","Moonworks:BindingChains"],"picked":"Moonworks:MeltingMemories","floor":12.0},{"not_picked":["Moonworks:ImOnFire","Moonworks:DeployBits"],"picked":"Moonworks:IndiscriminateFireSupport+1","floor":14.0},{"not_picked":["Moonworks:LeapThroughSpace","Moonworks:FinalBattle"],"picked":"Moonworks:RocketCannon+1","floor":16.0},{"not_picked":["Moonworks:NicePresent","Moonworks:IntelligenceOfficer+1"],"picked":"Moonworks:EvilSpyWorkPreparation","floor":18.0},{"not_picked":["Moonworks:NicePresent+1","Moonworks:JonathanRush+1"],"picked":"Moonworks:Flamethrower+1","floor":20.0},{"not_picked":["Moonworks:NicePresent","Moonworks:FinalSurgery+1"],"picked":"Moonworks:HolyNight","floor":22.0},{"not_picked":["Moonworks:BigMagnum+1","Moonworks:Assault+1"],"picked":"Moonworks:Dinner","floor":24.0},{"not_picked":["Moonworks:CloudOfSeagulls+1","Moonworks:ImOnFire"],"picked":"Moonworks:IndiscriminateFireSupport+1","floor":27.0},{"not_picked":["Moonworks:BigMagnum","Moonworks:IndiscriminateFireSupport+1"],"picked":"Moonworks:SakisCookie","floor":28.0},{"not_picked":["Moonworks:NicePresent","Moonworks:JonathanRush+1"],"picked":"Moonworks:CloudOfSeagulls+1","floor":30.0},{"not_picked":["Moonworks:Blazing","Moonworks:RocketCannon+1"],"picked":"Moonworks:PlushieMaster","floor":33.0},{"not_picked":["Moonworks:SakisCookie+1","Moonworks:JonathanRush+1"],"picked":"Moonworks:MiracleRedBeanIceCream+1","floor":35.0},{"not_picked":["Moonworks:BigMagnum+1","Moonworks:Assault+1"],"picked":"Moonworks:JonathanRush+1","floor":36},{"not_picked":["Moonworks:ImmovableObject+1","Moonworks:SakisCookie+1"],"picked":"Moonworks:NicePresent+1","floor":38}],"player_experience":206929,"relics_obtained":[{"floor":12.0,"key":"Molten Egg 2"},{"floor":14.0,"key":"Odd Mushroom"},{"floor":24.0,"key":"Matryoshka"},{"floor":26.0,"key":"Smiling Mask"},{"floor":26.0,"key":"Peace Pipe"},{"floor":34.0,"key":"Mastiff:ReiMu"},{"floor":34.0,"key":"Pear"},{"floor":34.0,"key":"TungstenRod"},{"floor":36,"key":"CatCart"}],"event_choices":[{"damage_healed":0.0,"max_hp_gain":0.0,"max_hp_loss":0.0,"gold_gain":0.0,"cards_transformed":["Moonworks:Strike"],"event_name":"Living Wall","player_choice":"Change","floor":3.0,"gold_loss":0.0,"damage_taken":0.0,"cards_obtained":["Moonworks:EvilSpyWorkPreparation"]},{"damage_healed":20.0,"max_hp_gain":0.0,"max_hp_loss":0.0,"gold_gain":0.0,"event_name":"Big Fish","player_choice":"Banana","floor":7.0,"gold_loss":0.0,"damage_taken":0.0},{"damage_healed":0.0,"max_hp_gain":0.0,"max_hp_loss":0.0,"gold_gain":0.0,"event_name":"Mushrooms","player_choice":"Fought Mushrooms","floor":14.0,"gold_loss":0.0,"damage_taken":0.0},{"damage_healed":0.0,"max_hp_gain":0.0,"max_hp_loss":0.0,"gold_gain":0.0,"event_name":"Ghosts","player_choice":"Ignored","floor":19.0,"gold_loss":0.0,"damage_taken":0.0},{"damage_healed":0.0,"max_hp_gain":0.0,"max_hp_loss":0.0,"gold_gain":0.0,"event_name":"The Woman in Blue","player_choice":"Bought 0 Potions","floor":21.0,"gold_loss":0.0,"damage_taken":0.0},{"damage_healed":0.0,"max_hp_gain":0.0,"max_hp_loss":0.0,"gold_gain":0.0,"cards_transformed":["Moonworks:Strike","Moonworks:Defend"],"event_name":"Drug Dealer","player_choice":"Became Test Subject","floor":29.0,"gold_loss":0.0,"damage_taken":0.0,"cards_obtained":["Moonworks:EvilSpyWorkPreparation","Moonworks:ImmovableObject"]},{"damage_healed":0.0,"max_hp_gain":0.0,"max_hp_loss":0.0,"gold_gain":0.0,"cards_transformed":["Moonworks:Strike"],"event_name":"Transmorgrifier","player_choice":"Transformed","floor":31.0,"gold_loss":0.0,"damage_taken":0.0,"cards_obtained":["Moonworks:Wanted"]},{"damage_healed":0,"gold_gain":0,"player_choice":"Fight","damage_taken":0,"max_hp_gain":0,"max_hp_loss":0,"event_name":"OrinTheCat","floor":36,"gold_loss":0},{"cards_removed":["Moonworks:Strike"],"damage_healed":0,"gold_gain":0,"player_choice":"Purged","damage_taken":0,"max_hp_gain":0,"max_hp_loss":0,"event_name":"Purifier","floor":37,"gold_loss":0}],"is_beta":false,"boss_relics":[{"not_picked":["Velvet Choker","Snecko Eye"],"picked":"RedLine:ReiMu"},{"not_picked":["Cursed Key","SacredBark"],"picked":"Calling Bell"}],"items_purged_floors":[],"is_endless":false,"potions_floor_spawned":[4,11,12,18,20,27,28],"killed_by":"Maw","ascension_level":0}}