{"host":"wrdw6zkxuilnr6rg","time":1612685091,"event":{"mods":["BaseMod","Bestiary","Colored Powertips","Hermit","Highlight Path","Minty Spire (QoL Compilation)","Quick Restart","Relic Stats","StSLib"],"gold_per_floor":[113,113,128,128,128,157,182,212,248,288,334,372,418,146,146,246,246,259,259,291,317,336,361,393,420,420,453,453,453],"floor_reached":28,"language":"ENG","playtime":793,"items_purged":["Noxious Fumes"],"score":570,"play_id":"338e193b-e813-4f01-9e47-16d463d6c5d6","local_time":"20210207110451","daily_mods":["Draft","Heirloom","Flight","DeadlyEvents","Elite Swarm","Lethality"],"is_ascension_mode":true,"campfire_choices":[{"data":"Phantasmal Killer","floor":15,"key":"SMITH"}],"circlet_count":0,"master_deck":["Dash","Flying Knee","Outmaneuver","Flying Knee","Blur","Footwork","PiercingWail","Flying Knee","Dagger Spray","Dagger Spray","Leg Sweep","Deadly Poison","All Out Attack","Backstab","Deadly Poison","Poisoned Stab","Corpse Explosion","Die Die Die","Phantasmal Killer+1","After Image","Die Die Die","Escape Plan","Footwork","Adrenaline","Adrenaline","Die Die Die","Phantasmal Killer"],"relics":["Ring of the Snake","StoneCalendar","Gremlin Horn","StrikeDummy","Orichalcum","MawBank","Smiling Mask","Letter Opener","MealTicket","Du-Vu Doll","Blue Candle","Membership Card","Philosopher\u0027s Stone","Boot","Pen Nib","White Beast Statue","Bag of Preparation","Eternal Feather","Potion Belt","Molten Egg 2"],"acts_visited":["Exordium","TheCity"],"potions_floor_usage":[16,18,22,24,28],"damage_taken":[{"damage":0.0,"enemies":"Small Slimes","floor":1.0,"turns":1.0},{"damage":0.0,"enemies":"Cultist","floor":3.0,"turns":2.0},{"damage":0.0,"enemies":"Gremlin Nob","floor":6.0,"turns":2.0},{"damage":0.0,"enemies":"3 Sentries","floor":7.0,"turns":1.0},{"damage":4.0,"enemies":"Lagavulin","floor":8.0,"turns":3.0},{"damage":6,"enemies":"3 Sentries","floor":10,"turns":2},{"damage":0,"enemies":"Gremlin Nob","floor":11,"turns":2},{"damage":0,"enemies":"Lagavulin","floor":12,"turns":2},{"damage":6,"enemies":"3 Sentries","floor":13,"turns":2},{"damage":0,"enemies":"Slime Boss","floor":16,"turns":3},{"damage":0,"enemies":"2 Thieves","floor":18,"turns":1},{"damage":13,"enemies":"Slavers","floor":20,"turns":2},{"damage":8,"enemies":"Shell Parasite","floor":22,"turns":2},{"damage":14,"enemies":"Gremlin Leader","floor":23,"turns":4},{"damage":6,"enemies":"Slavers","floor":24,"turns":2},{"damage":32,"enemies":"Book of Stabbing","floor":25,"turns":4},{"damage":0,"enemies":"Gremlin Leader","floor":27,"turns":3},{"damage":8,"enemies":"Book of Stabbing","floor":28,"turns":2}],"seed_played":"-7721307768423160611","potions_obtained":[{"floor":1.0,"key":"DistilledChaos"},{"floor":6.0,"key":"DistilledChaos"},{"floor":10,"key":"DistilledChaos"},{"floor":11,"key":"Regen Potion"},{"floor":13,"key":"DistilledChaos"},{"floor":20,"key":"Fire Potion"},{"floor":24,"key":"Dexterity Potion"},{"floor":25,"key":"Energy Potion"},{"floor":27,"key":"Ancient Potion"}],"is_trial":true,"path_per_floor":["M","?","M","?","T","E","E","E","T","E","E","E","E","$","R","B",null,"M","?","E","T","M","E","E","E","T","E","E"],"character_chosen":"THE_SILENT","items_purchased":["Membership Card","Escape Plan","Footwork"],"campfire_rested":0,"item_purchase_floors":[14,14,14],"current_hp_per_floor":[70,70,70,70,70,70,70,66,66,60,60,60,54,69,69,69,70,70,70,57,57,49,35,34,2,2,2,0,0],"gold":453,"neow_bonus":"","is_daily":false,"chose_seed":false,"campfire_upgraded":1,"win_rate":0.0,"timestamp":1612685091,"path_taken":["M","?","?","?","?","E","E","E","T","E","E","E","E","?","R","BOSS","M","?","?","?","M","E","E","E","T","E","E"],"items_purchased_type":["Relic","Card","Card"],"build_version":"2020-12-22","purchased_purges":1,"victory":false,"max_hp_per_floor":[70,70,70,70,70,70,70,70,70,70,70,70,70,70,70,70,70,70,70,70,70,70,70,70,70,70,70,70,70],"relic_stats":{"Gremlin Horn":[10,10],"counters":[18,40],"Blue Candle":[0],"StoneCalendar":[0],"Eternal Feather":0,"Pen Nib":[4],"Bag of Preparation":[6],"Letter Opener":[55],"Orichalcum":[48],"MawBank":72,"Smiling Mask":-12,"Boot":[0],"MealTicket":15,"obtain_stats":[{"Potion Belt":26,"Gremlin Horn":5,"Blue Candle":13,"StoneCalendar":0,"Eternal Feather":25,"Pen Nib":21,"Bag of Preparation":24,"Letter Opener":10,"Orichalcum":7,"MawBank":8,"Smiling Mask":9,"Boot":20,"White Beast Statue":23,"Du-Vu Doll":12,"MealTicket":11,"Philosopher\u0027s Stone":17,"Molten Egg 2":27,"Membership Card":14,"StrikeDummy":6,"Ring of the Snake":0},{"Potion Belt":16,"Gremlin Horn":2,"Blue Candle":9,"StoneCalendar":0,"Eternal Feather":16,"Pen Nib":12,"Bag of Preparation":15,"Letter Opener":6,"Orichalcum":4,"MawBank":5,"Smiling Mask":5,"Boot":12,"White Beast Statue":14,"Du-Vu Doll":8,"MealTicket":7,"Philosopher\u0027s Stone":10,"Molten Egg 2":17,"Membership Card":9,"StrikeDummy":3,"Ring of the Snake":0},{"Potion Belt":35,"Gremlin Horn":3,"Blue Candle":17,"StoneCalendar":0,"Eternal Feather":35,"Pen Nib":23,"Bag of Preparation":31,"Letter Opener":11,"Orichalcum":6,"MawBank":9,"Smiling Mask":9,"Boot":23,"White Beast Statue":29,"Du-Vu Doll":15,"MealTicket":13,"Philosopher\u0027s Stone":20,"Molten Egg 2":38,"Membership Card":17,"StrikeDummy":5,"Ring of the Snake":0}],"Ring of the Snake":[36]},"card_choices":[{"not_picked":["Cloak And Dagger","Slice"],"picked":"Dash","floor":0.0},{"not_picked":["Dagger Throw","Poisoned Stab"],"picked":"Flying Knee","floor":0.0},{"not_picked":["Flying Knee","Slice"],"picked":"Noxious Fumes","floor":0.0},{"not_picked":["Finisher","Underhanded Strike"],"picked":"Outmaneuver","floor":0.0},{"not_picked":["Flechettes","Reflex"],"picked":"Flying Knee","floor":0.0},{"not_picked":["Underhanded Strike","Bane"],"picked":"Blur","floor":0.0},{"not_picked":["Poisoned Stab","Cloak And Dagger"],"picked":"Footwork","floor":0.0},{"not_picked":["Dodge and Roll","Setup"],"picked":"PiercingWail","floor":0.0},{"not_picked":["Underhanded Strike","Finisher"],"picked":"Flying Knee","floor":0.0},{"not_picked":["Prepared","Riddle With Holes"],"picked":"Dagger Spray","floor":0.0},{"not_picked":["PiercingWail","Sucker Punch"],"picked":"Dagger Spray","floor":0.0},{"not_picked":["Bane","Outmaneuver"],"picked":"Leg Sweep","floor":0.0},{"not_picked":["Quick Slash","Accuracy"],"picked":"Deadly Poison","floor":0.0},{"not_picked":["Blade Dance","Predator"],"picked":"All Out Attack","floor":0.0},{"not_picked":["Deflect","Acrobatics"],"picked":"Backstab","floor":0.0},{"not_picked":["Poisoned Stab","Slice"],"picked":"Deadly Poison","floor":1.0},{"not_picked":["PiercingWail","Flying Knee"],"picked":"Poisoned Stab","floor":3.0},{"not_picked":["Venomology","Unload"],"picked":"Corpse Explosion","floor":6.0},{"not_picked":["Envenom","Night Terror"],"picked":"Die Die Die","floor":7.0},{"not_picked":["Die Die Die","Envenom"],"picked":"Phantasmal Killer","floor":8},{"not_picked":["Venomology","Doppelganger"],"picked":"After Image","floor":12},{"not_picked":["Phantasmal Killer","Storm of Steel"],"picked":"Die Die Die","floor":13},{"not_picked":["Phantasmal Killer","Bullet Time"],"picked":"Adrenaline","floor":16},{"not_picked":["Glass Knife","Tools of the Trade","Doppelganger"],"picked":"SKIP","floor":20},{"not_picked":["Deadly Poison+1","Sucker Punch+1","Bane"],"picked":"SKIP","floor":22},{"not_picked":["Malaise","Doppelganger"],"picked":"Die Die Die","floor":23},{"not_picked":["Tools of the Trade","Malaise"],"picked":"Phantasmal Killer","floor":24},{"not_picked":["Storm of Steel","Night Terror","Malaise"],"picked":"SKIP","floor":27}],"player_experience":1524858,"relics_obtained":[{"floor":5.0,"key":"Gremlin Horn"},{"floor":6.0,"key":"StrikeDummy"},{"floor":7.0,"key":"Orichalcum"},{"floor":8,"key":"MawBank"},{"floor":9,"key":"Smiling Mask"},{"floor":10,"key":"Letter Opener"},{"floor":11,"key":"MealTicket"},{"floor":12,"key":"Du-Vu Doll"},{"floor":13,"key":"Blue Candle"},{"floor":20,"key":"Boot"},{"floor":21,"key":"Pen Nib"},{"floor":23,"key":"White Beast Statue"},{"floor":24,"key":"Bag of Preparation"},{"floor":25,"key":"Eternal Feather"},{"floor":26,"key":"Potion Belt"},{"floor":27,"key":"Molten Egg 2"}],"event_choices":[{"damage_healed":0.0,"max_hp_gain":0.0,"max_hp_loss":0.0,"gold_gain":0.0,"event_name":"Match and Keep!","player_choice":"0 cards matched","floor":2.0,"gold_loss":0.0,"damage_taken":0.0,"cards_obtained":[]},{"damage_healed":0.0,"max_hp_gain":0.0,"max_hp_loss":0.0,"gold_gain":0.0,"event_name":"The Cleric","player_choice":"Leave","floor":4.0,"gold_loss":0.0,"damage_taken":0.0},{"damage_healed":0,"gold_gain":0,"player_choice":"Copied","damage_taken":0,"max_hp_gain":0,"max_hp_loss":0,"event_name":"Duplicator","floor":19,"gold_loss":0,"cards_obtained":["Adrenaline"]}],"is_beta":false,"boss_relics":[{"not_picked":["Astrolabe","SlaversCollar"],"picked":"Philosopher\u0027s Stone"}],"items_purged_floors":[14],"is_endless":false,"potions_floor_spawned":[1,6,10,11,13,20,24,25,27],"killed_by":"Book of Stabbing","ascension_level":1}}