{"host":"mo4d2vii2wc3uyp7","time":1613051983,"event":{"mods":["AchievementEnabler","BaseMod","Colored Map","Highlight Path","Keyboard Shortcuts","Minty Spire (QoL Compilation)","Permanent Neow","Quick Restart","Shop Mod","StSLib","SuperFastMode","everything is the same but u backflip on backflip"],"gold_per_floor":[109,124,140,152,169,202,202,202,228,240,275,55,75,40,40,168,168,154,178,178,178],"floor_reached":20,"language":"KOR","playtime":926,"items_purged":["Injury"],"score":178,"play_id":"99e4d4f3-6c6d-435d-bba9-a73b63f731aa","local_time":"20210211225943","is_ascension_mode":false,"campfire_choices":[{"floor":8.0,"key":"REST"},{"floor":15.0,"key":"REST"}],"circlet_count":0,"master_deck":["Strike_G","Strike_G","Strike_G","Strike_G","Strike_G","Defend_G","Defend_G","Defend_G","Defend_G","Defend_G","Survivor","Neutralize","Prepared","Backflip","Flechettes","Dagger Spray","Endless Agony","Footwork","Escape Plan","Calculated Gamble","Corpse Explosion","Poisoned Stab+1"],"relics":["SlaversCollar","Pen Nib","MawBank","Golden Idol"],"acts_visited":["Exordium","TheCity"],"potions_floor_usage":[18,20],"damage_taken":[{"damage":7.0,"enemies":"Jaw Worm","floor":1.0,"turns":6.0},{"damage":4.0,"enemies":"2 Louse","floor":2.0,"turns":3.0},{"damage":5.0,"enemies":"Small Slimes","floor":3.0,"turns":5.0},{"damage":8.0,"enemies":"2 Fungi Beasts","floor":4.0,"turns":4.0},{"damage":8.0,"enemies":"Large Slime","floor":5.0,"turns":8.0},{"damage":22.0,"enemies":"Gremlin Nob","floor":6.0,"turns":5.0},{"damage":7.0,"enemies":"3 Louse","floor":11.0,"turns":2.0},{"damage":2.0,"enemies":"2 Fungi Beasts","floor":13.0,"turns":3.0},{"damage":14.0,"enemies":"Slime Boss","floor":16.0,"turns":14.0},{"damage":4,"enemies":"2 Thieves","floor":18,"turns":4},{"damage":6,"enemies":"3 Byrds","floor":19,"turns":4},{"damage":13,"enemies":"Shelled Parasite and Fungi","floor":20,"turns":3}],"seed_played":"-3677041971685737695","potions_obtained":[{"floor":1.0,"key":"EssenceOfSteel"},{"floor":4.0,"key":"Energy Potion"},{"floor":5.0,"key":"BlessingOfTheForge"},{"floor":16.0,"key":"DistilledChaos"}],"is_trial":false,"path_per_floor":["M","M","M","M","M","E","?","R","T","?","M","$","M","?","R","B",null,"M","M","M"],"character_chosen":"THE_SILENT","items_purchased":["Footwork","Escape Plan"],"campfire_rested":2,"item_purchase_floors":[12,12],"current_hp_per_floor":[63,59,54,46,38,16,16,37,37,37,30,30,28,45,66,52,70,66,60,47,47],"gold":178,"neow_bonus":"BOSS_RELIC","is_daily":false,"chose_seed":false,"campfire_upgraded":0,"win_rate":0.0,"timestamp":1613051983,"path_taken":["M","M","M","M","M","E","?","R","T","?","M","$","M","?","R","BOSS","M","M","M"],"items_purchased_type":["Card","Card"],"build_version":"2020-12-22","purchased_purges":1,"victory":false,"max_hp_per_floor":[70,70,70,70,70,70,70,70,70,70,70,70,70,70,70,70,70,70,70,70,70],"card_choices":[{"not_picked":["Choke","Deadly Poison"],"picked":"Prepared","floor":1.0},{"not_picked":["Poisoned Stab","Deflect"],"picked":"Backflip","floor":2.0},{"not_picked":["Underhanded Strike","Outmaneuver"],"picked":"Flechettes","floor":3.0},{"not_picked":["Leg Sweep","Flying Knee","Skewer"],"picked":"SKIP","floor":4.0},{"not_picked":["Dagger Throw","Doppelganger"],"picked":"Dagger Spray","floor":5.0},{"not_picked":["Reflex","Accuracy"],"picked":"Endless Agony","floor":6.0},{"not_picked":["Backflip","Infinite Blades","Sucker Punch"],"picked":"SKIP","floor":11.0},{"not_picked":["Backflip","Sucker Punch"],"picked":"Calculated Gamble","floor":13.0},{"not_picked":["Night Terror","Malaise"],"picked":"Corpse Explosion","floor":16.0},{"not_picked":["Riddle With Holes","Outmaneuver+1"],"picked":"Poisoned Stab+1","floor":18},{"not_picked":["Flying Knee","PiercingWail","Blade Dance"],"picked":"SKIP","floor":19}],"player_experience":612993,"relics_obtained":[{"floor":6.0,"key":"Pen Nib"},{"floor":9.0,"key":"MawBank"}],"event_choices":[{"damage_healed":0.0,"max_hp_gain":0.0,"max_hp_loss":0.0,"gold_gain":0.0,"event_name":"Liars Game","player_choice":"Ignored","floor":7.0,"gold_loss":0.0,"damage_taken":0.0},{"damage_healed":0.0,"max_hp_gain":0.0,"max_hp_loss":0.0,"gold_gain":0.0,"event_name":"Golden Idol","player_choice":"Take Wound","floor":10.0,"gold_loss":0.0,"damage_taken":0.0,"relics_obtained":["Golden Idol"],"cards_obtained":["Injury"]},{"damage_healed":17.0,"max_hp_gain":0.0,"max_hp_loss":0.0,"gold_gain":0.0,"event_name":"The Cleric","player_choice":"Healed","floor":14.0,"gold_loss":35.0,"damage_taken":0.0}],"is_beta":false,"boss_relics":[{"not_picked":["Ectoplasm","Velvet Choker","Astrolabe"]}],"items_purged_floors":[12],"is_endless":false,"potions_floor_spawned":[1,4,5,16],"killed_by":"Shelled Parasite and Fungi","ascension_level":0}}