{"host":"w5o3iglp98qr199u","time":1613076312,"event":{"mods":["AchievementEnabler","BaseMod","Bestiary","Colored Map","Colored Powertips","Highlight Path","Minty Spire (QoL Compilation)","Relic Stats","StSLib","SuperFastMode"],"gold_per_floor":[113,123,141,141,156,156,173,173,173,193,226,226,255,270,270,369,369,380,89,89,89,4,33,33,44,70,82,82],"floor_reached":27,"language":"ENG","playtime":1084,"items_purged":["Strike_G"],"score":289,"play_id":"b057c9e3-17f4-46eb-ab73-18ba057aeabb","local_time":"20210211214512","is_ascension_mode":true,"campfire_choices":[{"data":"Crippling Poison","floor":6,"key":"SMITH"},{"data":"Riddle With Holes","floor":8,"key":"SMITH"},{"data":"Neutralize","floor":12,"key":"SMITH"},{"floor":15,"key":"REST"},{"data":"Doppelganger","floor":24,"key":"SMITH"}],"circlet_count":0,"master_deck":["Strike_G","Strike_G","Strike_G","Defend_G","Defend_G","Defend_G","Defend_G","Defend_G","Survivor","Neutralize+1","Riddle With Holes+1","Crippling Poison+1","Calculated Gamble","Slice","Flying Knee","Corpse Explosion","Heel Hook","Calculated Gamble","Well Laid Plans","Doppelganger+1","Catalyst+1"],"relics":["Ring of the Snake","Matryoshka","Odd Mushroom","Oddly Smooth Stone","Pantograph","Philosopher\u0027s Stone","Membership Card","Snake Skull","Eternal Feather","Du-Vu Doll","MawBank","Ancient Tea Set"],"acts_visited":["Exordium","TheCity"],"potions_floor_usage":[7,13,18,18,23,26],"damage_taken":[{"damage":0,"enemies":"Small Slimes","floor":1,"turns":3},{"damage":0,"enemies":"2 Louse","floor":2,"turns":3},{"damage":1,"enemies":"Jaw Worm","floor":3,"turns":4},{"damage":4,"enemies":"3 Louse","floor":5,"turns":4},{"damage":13,"enemies":"Large Slime","floor":7,"turns":7},{"damage":20,"enemies":"The Mushroom Lair","floor":10,"turns":4},{"damage":12,"enemies":"Lagavulin","floor":11,"turns":5},{"damage":13,"enemies":"Gremlin Nob","floor":13,"turns":3},{"damage":3,"enemies":"Blue Slaver","floor":14,"turns":3},{"damage":32,"enemies":"Hexaghost","floor":16,"turns":12},{"damage":23,"enemies":"3 Byrds","floor":18,"turns":3},{"damage":24,"enemies":"Book of Stabbing","floor":23,"turns":5},{"damage":33,"enemies":"2 Thieves","floor":25,"turns":3},{"damage":13,"enemies":"Gremlin Leader","floor":27,"turns":1}],"seed_played":"-6840040259167919850","potions_obtained":[{"floor":1,"key":"Energy Potion"},{"floor":2,"key":"Strength Potion"},{"floor":7,"key":"AttackPotion"},{"floor":10,"key":"ColorlessPotion"},{"floor":13,"key":"Swift Potion"}],"is_trial":false,"path_per_floor":["M","M","M","?","M","R","M","R","T","?","E","R","E","M","R","B",null,"M","$","?","?","?","E","R","M","T","E"],"character_chosen":"THE_SILENT","items_purchased":["Membership Card","Fruit Juice","CultistPotion"],"campfire_rested":1,"item_purchase_floors":[19,19,19],"current_hp_per_floor":[70,70,69,74,70,70,57,57,57,37,25,25,12,9,31,24,75,52,52,52,52,52,28,40,7,12,0,0],"gold":82,"neow_bonus":"TRANSFORM_CARD","is_daily":false,"chose_seed":false,"campfire_upgraded":4,"win_rate":0.0,"timestamp":1613076312,"path_taken":["M","M","M","?","M","R","M","R","T","?","E","R","E","M","R","BOSS","M","$","?","?","?","E","R","M","T","E"],"items_purchased_type":["Relic","Potion","Potion"],"build_version":"2020-12-22","purchased_purges":1,"victory":false,"max_hp_per_floor":[70,70,70,75,75,75,75,75,75,75,75,75,75,75,75,75,75,75,75,75,75,75,75,75,75,80,80,80],"relic_stats":{"counters":[14,60],"Pantograph":25,"Eternal Feather":12,"Snake Skull":[8],"MawBank":12,"obtain_stats":[{"Du-Vu Doll":23,"Matryoshka":9,"Pantograph":13,"Oddly Smooth Stone":11,"Philosopher\u0027s Stone":17,"Eternal Feather":22,"Snake Skull":21,"Membership Card":19,"Odd Mushroom":10,"MawBank":26,"Ancient Tea Set":26,"Ring of the Snake":0},{"Du-Vu Doll":12,"Matryoshka":5,"Pantograph":8,"Oddly Smooth Stone":7,"Philosopher\u0027s Stone":10,"Eternal Feather":11,"Snake Skull":11,"Membership Card":11,"Odd Mushroom":6,"MawBank":13,"Ancient Tea Set":13,"Ring of the Snake":0},{"Du-Vu Doll":56,"Matryoshka":21,"Pantograph":33,"Oddly Smooth Stone":30,"Philosopher\u0027s Stone":48,"Eternal Feather":51,"Snake Skull":51,"Membership Card":51,"Odd Mushroom":25,"MawBank":59,"Ancient Tea Set":59,"Ring of the Snake":0}],"Ring of the Snake":[28]},"card_choices":[{"not_picked":["Choke","Reflex"],"picked":"Crippling Poison","floor":1},{"not_picked":["Sucker Punch","Deflect"],"picked":"Calculated Gamble","floor":2},{"not_picked":["Predator","PiercingWail","Noxious Fumes"],"picked":"SKIP","floor":3},{"not_picked":["Crippling Poison","Cloak And Dagger"],"picked":"Slice","floor":5},{"not_picked":["Accuracy","Expertise"],"picked":"Flying Knee","floor":7},{"not_picked":["Poisoned Stab","Outmaneuver"],"picked":"Corpse Explosion","floor":10},{"not_picked":["Flying Knee","Tactician"],"picked":"Heel Hook","floor":11},{"not_picked":["Choke","Backflip"],"picked":"Calculated Gamble","floor":13},{"not_picked":["Underhanded Strike","Footwork"],"picked":"Well Laid Plans","floor":14},{"not_picked":["After Image","Grand Finale"],"picked":"Doppelganger","floor":16},{"not_picked":["Riddle With Holes+1","Flechettes"],"picked":"Catalyst+1","floor":18},{"not_picked":["Heel Hook","Dagger Throw","Flying Knee"],"picked":"SKIP","floor":23},{"not_picked":["Concentrate","Dagger Spray","Caltrops"],"picked":"SKIP","floor":25}],"player_experience":92421,"relics_obtained":[{"floor":9,"key":"Matryoshka"},{"floor":10,"key":"Odd Mushroom"},{"floor":11,"key":"Oddly Smooth Stone"},{"floor":13,"key":"Pantograph"},{"floor":23,"key":"Du-Vu Doll"},{"floor":26,"key":"MawBank"},{"floor":26,"key":"Ancient Tea Set"}],"event_choices":[{"damage_healed":0,"gold_gain":0,"player_choice":"Donut","damage_taken":0,"max_hp_gain":5,"max_hp_loss":0,"event_name":"Big Fish","floor":4,"gold_loss":0},{"damage_healed":0,"gold_gain":0,"player_choice":"Fought Mushrooms","damage_taken":0,"max_hp_gain":0,"max_hp_loss":0,"event_name":"Mushrooms","floor":10,"gold_loss":0},{"damage_healed":0,"gold_gain":0,"player_choice":"Ignored","damage_taken":0,"max_hp_gain":0,"max_hp_loss":0,"event_name":"Beggar","floor":20,"gold_loss":0},{"damage_healed":0,"gold_gain":0,"player_choice":"Opened","damage_taken":0,"relics_obtained":["Snake Skull"],"max_hp_gain":0,"max_hp_loss":0,"event_name":"The Mausoleum","floor":21,"gold_loss":0},{"damage_healed":0,"gold_gain":0,"player_choice":"Obtained Relic","damage_taken":0,"relics_obtained":["Eternal Feather"],"max_hp_gain":0,"max_hp_loss":0,"event_name":"Addict","floor":22,"gold_loss":85}],"is_beta":false,"boss_relics":[{"not_picked":["Ring of the Serpent","Runic Dome"],"picked":"Philosopher\u0027s Stone"}],"items_purged_floors":[19],"is_endless":false,"potions_floor_spawned":[1,2,7,10,13],"killed_by":"Gremlin Leader","ascension_level":4}}