{"host":"eedodlo27pfhzv3w","time":1613037339,"event":{"mods":["BaseMod","Colored Map","Downfall","Minty Spire (QoL Compilation)","StSLib","SuperFastMode","The Death Knight","The Necromancer","Yuri Mod"],"gold_per_floor":[114,114,134,134,150,177,177,197,197,197,107,107,107,67,67,162,162,178,178,32,45,65,94,94,94,146,162,181,198,217,230,230,325,375,389,169,183,196,207,207,207,218,518,543,543,555,555],"floor_reached":46,"language":"ENG","playtime":1611,"items_purged":[],"score":551,"play_id":"321019e0-f4fd-4e02-a942-ecb007a5152e","local_time":"20210211105539","is_ascension_mode":false,"campfire_choices":[{"floor":7.0,"key":"RECALL"},{"data":"Toxic_Smoke_Screen","floor":10.0,"key":"SMITH"},{"floor":13.0,"key":"REST"},{"data":"Negative_Energy_Burst","floor":15.0,"key":"SMITH"},{"floor":24.0,"key":"REST"},{"data":"Dramatic Entrance","floor":32.0,"key":"SMITH"},{"floor":40.0,"key":"REST"}],"circlet_count":1,"master_deck":["Strike_W","Strike_W","Strike_W","Defend_W","Defend_W","Defend_W","Defend_W","Negative_Energy_Arrows+1","Bone_Wall","Life_Drain","Stop_Heart","Spectral_Armor","Toxic_Smoke_Screen+1","Dramatic Entrance+1","Negative_Energy_Burst+1","Hellfire","Death_Coil","Negative_Energy_Shield+1","Negative_Energy_Sphere+1","Bone_Bullets+1","Chill_Blood+1","Negative_Energy_Burst+1","Blood_Whip","Negative_Energy_Javelin","Hellfire","Negative_Energy_Mist","Blood_Curse+1","Cloudkill","Bone_Armor+1","Negative_Energy_Shield+1","Bone_Armor","Cloudkill","Shame","Doubt","Negative_Energy_Mist","Negative_Energy_Mist"],"relics":["Vampire_Amulet","PreservedInsect","Darkstone Periapt","Question Card","Circlet","Blood Vial","Pantograph","FaceOfCleric","Bronze Scales","Tiny House","Oddly Smooth Stone","downfall:ExtraCursedKey","Old Coin","Turnip"],"acts_visited":["Exordium","TheCity","TheBeyond"],"potions_floor_usage":[],"damage_taken":[{"damage":2.0,"enemies":"Cultist","floor":1.0,"turns":6.0},{"damage":2.0,"enemies":"Small Slimes","floor":3.0,"turns":4.0},{"damage":3.0,"enemies":"Jaw Worm","floor":5.0,"turns":4.0},{"damage":26.0,"enemies":"Lagavulin","floor":6.0,"turns":6.0},{"damage":12.0,"enemies":"Blue Slaver","floor":8.0,"turns":3.0},{"damage":27.0,"enemies":"The Guardian","floor":16.0,"turns":10.0},{"damage":10.0,"enemies":"Shell Parasite","floor":18.0,"turns":5.0},{"damage":20.0,"enemies":"2 Thieves","floor":21.0,"turns":3.0},{"damage":0.0,"enemies":"Snecko","floor":22.0,"turns":4.0},{"damage":20.0,"enemies":"Book of Stabbing","floor":23.0,"turns":4.0},{"damage":9.0,"enemies":"Snake Plant","floor":27.0,"turns":3.0},{"damage":30.0,"enemies":"Centurion and Healer","floor":28.0,"turns":7.0},{"damage":0.0,"enemies":"Sentry and Sphere","floor":29.0,"turns":4.0},{"damage":0.0,"enemies":"Cultist and Chosen","floor":30.0,"turns":4.0},{"damage":0.0,"enemies":"Snake Plant","floor":31.0,"turns":3.0},{"damage":89.0,"enemies":"Champ","floor":33.0,"turns":13.0},{"damage":9.0,"enemies":"3 Shapes","floor":35.0,"turns":3.0},{"damage":11.0,"enemies":"Orb Walker","floor":37.0,"turns":3.0},{"damage":21.0,"enemies":"Sphere and 2 Shapes","floor":38.0,"turns":4.0},{"damage":27.0,"enemies":"Transient","floor":39.0,"turns":5.0},{"damage":13.0,"enemies":"Maw","floor":42.0,"turns":8.0},{"damage":23.0,"enemies":"Reptomancer","floor":44.0,"turns":6.0},{"damage":0.0,"enemies":"Jaw Worm Horde","floor":46.0,"turns":3.0}],"seed_played":"6422971176263884937","potions_obtained":[{"floor":8.0,"key":"LiquidBronze"},{"floor":16.0,"key":"hexamod:SoulburnPotion"},{"floor":21.0,"key":"AttackPotion"},{"floor":23.0,"key":"LiquidMemories"},{"floor":28.0,"key":"Block Potion"},{"floor":29.0,"key":"SkillPotion"},{"floor":31.0,"key":"hexamod:SoulburnPotion"},{"floor":33.0,"key":"EssenceOfSteel"},{"floor":34.0,"key":"Fire Potion"},{"floor":38.0,"key":"DuplicationPotion"},{"floor":42.0,"key":"SkillPotion"},{"floor":44.0,"key":"EntropicBrew"},{"floor":46,"key":"Block Potion"}],"is_trial":false,"path_per_floor":["M","?","M","?","M","E","R","M","T","R","$","?","R","$","R","B",null,"M","?","$","M","M","E","R","?","T","M","M","M","M","M","R","B",null,"M","$","M","M","M","R","?","M","T","E","?","M"],"character_chosen":"NECROMANCER","items_purchased":["Dramatic Entrance","Negative_Energy_Burst","Blood Vial","Oddly Smooth Stone","Cloudkill"],"campfire_rested":3,"item_purchase_floors":[11,14,20,36,36],"current_hp_per_floor":[75,75,75,75,74,56,56,52,52,52,52,57,80,80,80,65,80,78,78,78,64,68,58,80,80,80,80,66,73,84,85,85,11,91,89,89,83,71,55,83,83,85,97,95,95,110,110],"gold":555,"neow_bonus":"RANDOM_COMMON_RELIC","is_daily":false,"chose_seed":false,"campfire_upgraded":3,"win_rate":0.0,"timestamp":1613037339,"path_taken":["M","?","?","?","?","E","R","M","T","R","$","?","R","$","R","BOSS","M","?","$","?","M","E","R","?","T","?","M","M","M","M","R","BOSS","M","$","M","M","M","R","?","M","T","E","?","M"],"items_purchased_type":["Card","Card","Relic","Relic","Card"],"build_version":"2020-12-22","purchased_purges":0,"victory":false,"max_hp_per_floor":[75,75,75,75,75,75,75,75,75,75,75,80,80,80,80,80,80,80,80,80,80,80,80,80,80,80,81,82,83,84,85,85,86,91,92,92,93,94,95,95,95,96,108,109,109,110,110],"card_choices":[{"not_picked":["Finger_Of_Death","Blood_Whip"],"picked":"Bone_Bullets","floor":1.0},{"not_picked":["Slay_Living","Bones_to_Steel"],"picked":"Life_Drain","floor":3.0},{"not_picked":["Bone_Armory","Blood_Shield"],"picked":"Stop_Heart","floor":5.0},{"not_picked":["Bone_Bullets","Skeleton_Dragon"],"picked":"Spectral_Armor","floor":6.0},{"not_picked":["Death_March_Dance","Death_Coil","Acid_Javelin"],"picked":"Toxic_Smoke_Screen","floor":8.0},{"not_picked":["Summon_Vampire_Lady","Blood_Magic","Skeleton_Dragon"],"picked":"Hellfire","floor":16.0},{"not_picked":["Life_Tap","Bone_Armor","Strike_from_Beyond"],"picked":"Death_Coil","floor":18.0},{"not_picked":["Shackles_Of_Pain","Scare+1","Plague_Bolt+1"],"picked":"Negative_Energy_Shield","floor":21.0},{"not_picked":["Acid_Javelin","Life_Drain+1","Blood_Is_Power"],"picked":"Negative_Energy_Sphere+1","floor":22.0},{"not_picked":["Summon_Death_Knight","Chill_Blood+1","Bone_Spikes"],"picked":"Bone_Bullets+1","floor":23.0},{"not_picked":["Siphon_Strength","Shackles_Of_Pain","Consume_Illness+1"],"picked":"Chill_Blood+1","floor":27.0},{"not_picked":["Life_Tap","Life_Drain","Vampiric_Strike+1"],"picked":"Negative_Energy_Burst+1","floor":28.0},{"not_picked":["Bone_Spikes","Spectral_Armor","Bones_to_Steel+1"],"picked":"Blood_Whip","floor":29.0},{"not_picked":["Shade_Step","Skeleton_Dragon","Blood_Curse"],"picked":"Negative_Energy_Javelin","floor":30.0},{"not_picked":["Slay_Living","Consume_Illness+1","Blood_for_Blood","Summon_Undead"],"picked":"SKIP","floor":31.0},{"not_picked":["Negative_Energy_Bomb","Reap_The_Weak","Requiem"],"picked":"Hellfire","floor":33.0},{"not_picked":["Bones_to_Steel","Toxic_Smoke_Screen","Negative_Energy_Shield"],"picked":"Negative_Energy_Mist","floor":34.0},{"not_picked":["Exploit","Whirlwind_of_Bones","Negative_Energy_Javelin+1"],"picked":"Blood_Curse+1","floor":35.0},{"not_picked":["Negative_Energy_Javelin","Shackles_Of_Pain+1","Bone_Bullets"],"picked":"Bone_Armor+1","floor":37.0},{"not_picked":["Reap_The_Weak","Negative_Energy_Javelin+1","Negative_Energy_Mist+1"],"picked":"Negative_Energy_Shield+1","floor":38.0},{"not_picked":["Acid_Javelin","Shade_Step","Shackles_Of_Pain+1"],"picked":"Bone_Armor","floor":39.0},{"not_picked":["Bone_Spikes","Uncharnel+1","Negative_Energy_Shield"],"picked":"Cloudkill","floor":42.0},{"not_picked":["Finger_Of_Death+1","Death_Coil+1","Detonate_Bones"],"picked":"Negative_Energy_Mist","floor":44.0},{"not_picked":["Life_Drain+1","Bones_to_Steel","Blood_Curse+1"],"picked":"Negative_Energy_Mist","floor":46}],"player_experience":223380,"relics_obtained":[{"floor":6.0,"key":"Question Card"},{"floor":23.0,"key":"Pantograph"},{"floor":26.0,"key":"Bronze Scales"},{"floor":43.0,"key":"Old Coin"},{"floor":44.0,"key":"Turnip"}],"event_choices":[{"cards_removed":["Bone_Bullets"],"damage_healed":0.0,"max_hp_gain":0.0,"max_hp_loss":0.0,"gold_gain":0.0,"event_name":"WeMeetAgain","player_choice":"Gave Card","floor":2.0,"gold_loss":0.0,"damage_taken":0.0,"relics_obtained":["Darkstone Periapt"]},{"damage_healed":0.0,"max_hp_gain":0.0,"max_hp_loss":0.0,"gold_gain":0.0,"event_name":"Living Wall","player_choice":"Grow","floor":4.0,"gold_loss":0.0,"damage_taken":0.0,"cards_upgraded":["Negative_Energy_Arrows"]},{"damage_healed":0.0,"max_hp_gain":5.0,"max_hp_loss":0.0,"gold_gain":0.0,"event_name":"Big Fish","player_choice":"Donut","floor":12.0,"gold_loss":0.0,"damage_taken":0.0},{"cards_removed":["Strike_W"],"damage_healed":0.0,"max_hp_gain":0.0,"max_hp_loss":0.0,"gold_gain":0.0,"event_name":"Wheel of Change","player_choice":"Card Removal","floor":19.0,"gold_loss":0.0,"damage_taken":0.0},{"damage_healed":0.0,"max_hp_gain":0.0,"max_hp_loss":0.0,"gold_gain":0.0,"event_name":"FaceTrader","player_choice":"Trade","floor":25.0,"gold_loss":0.0,"damage_taken":0.0,"relics_obtained":["FaceOfCleric"]},{"damage_healed":0.0,"max_hp_gain":0.0,"max_hp_loss":0.0,"gold_gain":0.0,"event_name":"Transmorgrifier","player_choice":"Ignored","floor":45.0,"gold_loss":0.0,"damage_taken":0.0}],"is_beta":false,"boss_relics":[{"not_picked":["Astrolabe","Empty Cage"],"picked":"jedi:paperlyon"},{"not_picked":["Runic Dome","Runic Pyramid"],"picked":"Tiny House"}],"items_purged_floors":[],"is_endless":false,"potions_floor_spawned":[8,16,21,23,28,29,31,33,38,42,44,46],"killed_by":"Jaw Worm Horde","ascension_level":0}}