{"host":"zxkjcgzis4pm3za5","time":1613016712,"event":{"mods":["AchievementEnabler","BaseMod","Colored Map","Colored Powertips","Minty Spire (QoL Compilation)","Quick Restart","RNG Fix","Random Character Button","Relic Sorter","Relic Stats","StSLib"],"gold_per_floor":[366,366,516,399,399,399,130,144,144,178,208,247,247,262,262,360,360,375,93,107,127,140,140,180,180,180,95,95,118,118,118],"floor_reached":30,"language":"ENG","playtime":1158,"items_purged":["Doubt","Injury","Strike_R"],"score":612,"play_id":"dfd126d1-95da-443c-bba0-991e068c8413","local_time":"20210211094152","is_ascension_mode":true,"campfire_choices":[{"floor":6.0,"key":"REST"},{"data":"Armaments","floor":13.0,"key":"SMITH"},{"data":"Spot Weakness","floor":15.0,"key":"SMITH"},{"floor":23,"key":"REST"},{"floor":25,"key":"REST"}],"circlet_count":0,"master_deck":["AscendersBane","Strike_R","Strike_R","Strike_R","Strike_R","Defend_R","Defend_R","Defend_R","Defend_R","Bash","Hemokinesis","Offering","Offering","Armaments+1","Spot Weakness+1","Barricade","Sentinel","Shockwave","Sever Soul","Body Slam"],"relics":["Burning Blood","Golden Idol","Regal Pillow","Centennial Puzzle","Dead Branch","Vajra","Unceasing Top","Kunai","Snecko Eye","Medical Kit","Boot","Pantograph","Ancient Tea Set"],"acts_visited":["Exordium","TheCity"],"potions_floor_usage":[24],"damage_taken":[{"damage":12.0,"enemies":"Small Slimes","floor":1.0,"turns":5.0},{"damage":2.0,"enemies":"2 Louse","floor":8.0,"turns":2.0},{"damage":14.0,"enemies":"Gremlin Nob","floor":10.0,"turns":3.0},{"damage":26.0,"enemies":"Lagavulin","floor":12.0,"turns":3.0},{"damage":2.0,"enemies":"Jaw Worm","floor":14.0,"turns":3.0},{"damage":16,"enemies":"Slime Boss","floor":16,"turns":4},{"damage":13,"enemies":"2 Thieves","floor":18,"turns":4},{"damage":14,"enemies":"Chosen","floor":20,"turns":3},{"damage":9,"enemies":"Snake Plant","floor":21,"turns":5},{"damage":38,"enemies":"Centurion and Healer","floor":22,"turns":5},{"damage":67,"enemies":"Slavers","floor":24,"turns":5},{"damage":19,"enemies":"Sentry and Sphere","floor":29,"turns":7},{"damage":43,"enemies":"Book of Stabbing","floor":30,"turns":3}],"seed_played":"-3968026272184870259","potions_obtained":[{"floor":1.0,"key":"FearPotion"},{"floor":16,"key":"FairyPotion"},{"floor":21,"key":"Swift Potion"},{"floor":24,"key":"Explosive Potion"},{"floor":29,"key":"LiquidMemories"}],"is_trial":false,"path_per_floor":["M","?","?","$","?","R","$","M","T","E","?","E","R","M","R","B",null,"M","$","M","M","M","R","E","R","T","?","?","M","E"],"character_chosen":"IRONCLAD","items_purchased":["Feel No Pain","Centennial Puzzle","Medical Kit"],"campfire_rested":3,"item_purchase_floors":[4,7,19],"current_hp_per_floor":[62,36,36,36,36,73,73,75,75,67,67,47,47,51,51,41,67,60,60,52,49,17,54,16,53,53,53,53,40,0,0],"gold":118,"neow_bonus":"TWO_FIFTY_GOLD","is_daily":false,"chose_seed":false,"campfire_upgraded":2,"win_rate":0.0,"timestamp":1613016712,"path_taken":["M","?","?","$","?","R","$","M","T","E","?","E","R","M","R","BOSS","M","$","?","M","M","R","E","R","T","?","?","M","E"],"items_purchased_type":["Card","Relic","Relic"],"build_version":"2020-12-22","purchased_purges":3,"victory":false,"max_hp_per_floor":[75,75,75,75,75,75,75,75,75,75,75,75,75,75,75,75,75,75,75,75,75,75,75,75,75,75,75,75,75,75,75],"relic_stats":{"Regal Pillow":45,"counters":[13,52],"Golden Idol":67,"Dead Branch":[49],"Medical Kit":[8],"Boot":[1],"Burning Blood":70,"Centennial Puzzle":[36],"Pantograph":0,"Snecko Eye":[55,61,70,64],"Kunai":[10],"obtain_stats":[{"Regal Pillow":5,"Golden Idol":2,"Dead Branch":9,"Vajra":10,"Medical Kit":19,"Boot":24,"Ancient Tea Set":27,"Burning Blood":0,"Centennial Puzzle":7,"Pantograph":26,"Snecko Eye":17,"Kunai":12,"Unceasing Top":11},{"Regal Pillow":1,"Golden Idol":1,"Dead Branch":2,"Vajra":3,"Medical Kit":7,"Boot":11,"Ancient Tea Set":11,"Burning Blood":0,"Centennial Puzzle":1,"Pantograph":11,"Snecko Eye":6,"Kunai":4,"Unceasing Top":3},{"Regal Pillow":5,"Golden Idol":5,"Dead Branch":7,"Vajra":10,"Medical Kit":24,"Boot":42,"Ancient Tea Set":42,"Burning Blood":0,"Centennial Puzzle":5,"Pantograph":42,"Snecko Eye":20,"Kunai":13,"Unceasing Top":10}],"Unceasing Top":[0]},"card_choices":[{"not_picked":["Havoc","Warcry"],"picked":"Hemokinesis","floor":1.0},{"not_picked":["Warcry","Pommel Strike"],"picked":"Offering","floor":8.0},{"not_picked":["Body Slam","Armaments"],"picked":"Offering","floor":10.0},{"not_picked":["Dropkick","Perfected Strike"],"picked":"Armaments","floor":12.0},{"not_picked":["Sword Boomerang","Fire Breathing"],"picked":"Spot Weakness","floor":14.0},{"not_picked":["Impervious","Bludgeon"],"picked":"Barricade","floor":16},{"not_picked":["Fire Breathing","Searing Blow","Flex+1"],"picked":"SKIP","floor":18},{"not_picked":["Pommel Strike","Inflame"],"picked":"Sentinel","floor":20},{"not_picked":["Body Slam","Fire Breathing"],"picked":"Shockwave","floor":21},{"not_picked":["Twin Strike","Anger","Thunderclap"],"picked":"SKIP","floor":22},{"not_picked":["Armaments","Iron Wave"],"picked":"Sever Soul","floor":24},{"not_picked":["Burning Pact","Immolate"],"picked":"Body Slam","floor":29}],"player_experience":350323,"relics_obtained":[{"floor":9.0,"key":"Dead Branch"},{"floor":10.0,"key":"Vajra"},{"floor":12.0,"key":"Kunai"},{"floor":24,"key":"Boot"},{"floor":26,"key":"Pantograph"}],"event_choices":[{"damage_healed":0.0,"max_hp_gain":0.0,"max_hp_loss":0.0,"gold_gain":0.0,"event_name":"Golden Idol","player_choice":"Take Damage","floor":2.0,"gold_loss":0.0,"damage_taken":26.0,"relics_obtained":["Golden Idol"]},{"damage_healed":0.0,"max_hp_gain":0.0,"max_hp_loss":0.0,"gold_gain":150.0,"event_name":"Liars Game","player_choice":"AGREE","floor":3.0,"gold_loss":0.0,"damage_taken":0.0,"cards_obtained":["Doubt"]},{"cards_removed":["Feel No Pain"],"damage_healed":0.0,"max_hp_gain":0.0,"max_hp_loss":0.0,"gold_gain":0.0,"event_name":"WeMeetAgain","player_choice":"Gave Card","floor":5.0,"gold_loss":0.0,"damage_taken":0.0,"relics_obtained":["Regal Pillow"]},{"damage_healed":0.0,"max_hp_gain":0.0,"max_hp_loss":0.0,"gold_gain":30.0,"event_name":"Dead Adventurer","player_choice":"Searched \u00272\u0027 times","floor":11.0,"gold_loss":0.0,"damage_taken":0.0,"relics_obtained":["Unceasing Top"]},{"damage_healed":0,"gold_gain":0,"player_choice":"Obtained Relic","damage_taken":0,"relics_obtained":["Ancient Tea Set"],"max_hp_gain":0,"max_hp_loss":0,"event_name":"Addict","floor":27,"gold_loss":85},{"damage_healed":0,"gold_gain":0,"player_choice":"Ignored","damage_taken":0,"max_hp_gain":0,"max_hp_loss":0,"event_name":"Ghosts","floor":28,"gold_loss":0}],"is_beta":false,"boss_relics":[{"not_picked":["Fusion Hammer","Astrolabe"],"picked":"Snecko Eye"}],"items_purged_floors":[4,7,19],"is_endless":false,"potions_floor_spawned":[1,16,21,24,29],"killed_by":"Book of Stabbing","ascension_level":20}}