{"host":"rmsq46plbpwfbxcc","time":1613028619,"event":{"mods":["AchievementEnabler","BaseMod","Colored Map","Colored Powertips","DeckTracker","KOR Keyword Fix","Minty Spire (QoL Compilation)","Permanent Neow","Quick Restart","SuperFastMode"],"gold_per_floor":[110,260,185,202,202,202,230,230,230,265,293,323,355,89,89,163,163,175,75,92,92,92,92,12,12,12,30,30,30],"floor_reached":28,"language":"KOR","playtime":612,"items_purged":["Doubt","Strike_G"],"score":429,"play_id":"03b0d43c-3c0b-4b24-87dc-e9cea4e4705b","local_time":"20210211163019","is_ascension_mode":true,"campfire_choices":[{"data":"Cloak And Dagger","floor":6.0,"key":"SMITH"},{"data":"Blade Dance","floor":8.0,"key":"SMITH"},{"floor":15.0,"key":"REST"},{"data":"Cloak And Dagger","floor":23.0,"key":"SMITH"},{"data":"Phantasmal Killer","floor":25.0,"key":"SMITH"}],"circlet_count":0,"master_deck":["AscendersBane","Strike_G","Strike_G","Strike_G","Defend_G","Defend_G","Defend_G","Defend_G","Defend_G","Survivor","Neutralize","Cloak And Dagger+1","Blade Dance+1","Cloak And Dagger+1","PiercingWail","Phantasmal Killer+1","Finisher","Accuracy"],"relics":["WristBlade","Turnip","Strawberry","MawBank","Kunai","Black Star","HornCleat"],"acts_visited":["Exordium","TheCity"],"potions_floor_usage":[28],"damage_taken":[{"damage":0.0,"enemies":"Small Slimes","floor":1.0,"turns":4.0},{"damage":1.0,"enemies":"Jaw Worm","floor":4.0,"turns":5.0},{"damage":42.0,"enemies":"Lagavulin","floor":7.0,"turns":8.0},{"damage":24.0,"enemies":"Gremlin Nob","floor":10.0,"turns":4.0},{"damage":0.0,"enemies":"2 Louse","floor":11.0,"turns":2.0},{"damage":1.0,"enemies":"Lots of Slimes","floor":12.0,"turns":4.0},{"damage":0.0,"enemies":"2 Fungi Beasts","floor":13.0,"turns":2.0},{"damage":4.0,"enemies":"Slime Boss","floor":16.0,"turns":11.0},{"damage":0.0,"enemies":"Chosen","floor":18.0,"turns":5.0},{"damage":6.0,"enemies":"Shell Parasite","floor":20.0,"turns":4.0},{"damage":34,"enemies":"Cultist and Chosen","floor":27,"turns":6},{"damage":31,"enemies":"Slavers","floor":28,"turns":6}],"seed_played":"-5919635859488938767","potions_obtained":[{"floor":4.0,"key":"Fruit Juice"},{"floor":7.0,"key":"Block Potion"},{"floor":12.0,"key":"FearPotion"},{"floor":20.0,"key":"Poison Potion"}],"is_trial":false,"path_per_floor":["M","?","$","M","?","R","E","R","T","E","M","M","M","$","R","B",null,"M","$","M","?","?","R","$","R","T","M","E"],"character_chosen":"THE_SILENT","items_purchased":["Kunai","Accuracy"],"campfire_rested":1,"item_purchase_floors":[14,24],"current_hp_per_floor":[59,59,59,63,63,63,21,21,28,4,4,3,3,3,26,22,64,64,64,58,58,58,58,58,58,58,24,0,0],"gold":30,"neow_bonus":"BOSS_RELIC","is_daily":false,"chose_seed":false,"campfire_upgraded":4,"win_rate":0.0,"timestamp":1613028619,"path_taken":["M","?","$","M","?","R","E","R","T","E","M","M","?","$","R","BOSS","M","$","M","?","?","R","$","R","T","M","E"],"items_purchased_type":["Relic","Card"],"build_version":"2020-12-22","purchased_purges":2,"victory":false,"max_hp_per_floor":[66,66,66,71,71,71,71,71,78,78,78,78,78,78,78,78,78,78,78,78,78,78,78,78,78,78,78,78,78],"card_choices":[{"not_picked":["Backflip","Sucker Punch"],"picked":"Cloak And Dagger","floor":1.0},{"not_picked":["Catalyst","Flying Knee"],"picked":"Blade Dance","floor":4.0},{"not_picked":["Blade Dance","Bane"],"picked":"Cloak And Dagger","floor":7.0},{"not_picked":["Predator","Slice"],"picked":"PiercingWail","floor":10.0},{"not_picked":["Outmaneuver","Quick Slash","PiercingWail"],"picked":"SKIP","floor":11.0},{"not_picked":["Slice","Sucker Punch","Quick Slash"],"picked":"SKIP","floor":12.0},{"not_picked":["Slice","Glass Knife","Deflect"],"picked":"SKIP","floor":13.0},{"not_picked":["Glass Knife","Tools of the Trade"],"picked":"Phantasmal Killer","floor":16.0},{"not_picked":["Backflip","Dagger Throw","Cloak And Dagger"],"picked":"SKIP","floor":18.0},{"not_picked":["Bane","Dagger Throw","Eviscerate"],"picked":"SKIP","floor":20.0},{"not_picked":["Setup","Sucker Punch","Underhanded Strike"],"picked":"SKIP","floor":27}],"player_experience":685344,"relics_obtained":[{"floor":7.0,"key":"Turnip"},{"floor":9.0,"key":"Strawberry"},{"floor":10.0,"key":"MawBank"},{"floor":26.0,"key":"HornCleat"}],"event_choices":[{"damage_healed":0.0,"max_hp_gain":0.0,"max_hp_loss":0.0,"gold_gain":150.0,"event_name":"Liars Game","player_choice":"AGREE","floor":2.0,"gold_loss":0.0,"damage_taken":0.0,"cards_obtained":["Doubt"]},{"damage_healed":0.0,"max_hp_gain":0.0,"max_hp_loss":0.0,"gold_gain":0.0,"event_name":"Shining Light","player_choice":"Ignored","floor":5.0,"gold_loss":0.0,"damage_taken":0.0},{"damage_healed":0.0,"max_hp_gain":0.0,"max_hp_loss":0.0,"gold_gain":0.0,"event_name":"The Library","player_choice":"Read","floor":21.0,"gold_loss":0.0,"damage_taken":0.0,"cards_obtained":["Finisher"]},{"cards_removed":["Strike_G"],"damage_healed":0.0,"max_hp_gain":0.0,"max_hp_loss":0.0,"gold_gain":0.0,"event_name":"Purifier","player_choice":"Purged","floor":22.0,"gold_loss":0.0,"damage_taken":0.0}],"is_beta":false,"boss_relics":[{"not_picked":["Velvet Choker","Snecko Eye"],"picked":"Black Star"}],"items_purged_floors":[3,19],"is_endless":false,"potions_floor_spawned":[4,7,12,20],"killed_by":"Slavers","ascension_level":18}}