{"host":"4rvakrj1idbgia3f","time":1613065963,"event":{"mods":["BaseMod","Colored Map","Colored Powertips","DeckTracker","Highlight Path","Minty Spire (QoL Compilation)","Random Character Button","StSLib"],"gold_per_floor":[13,32,43,43,43,43,60,92,92,92,104,120,448,463,463,539,539,559,559,458,471,484,409,409,434,434,434,466,476,476,494,494,571,571,589,609,634,634,634,634,502,518,518,518,537,571,315,333,333,333,333],"floor_reached":50,"language":"JPN","playtime":3552,"items_purged":["Strike_B","Parasite"],"score":1108,"play_id":"eced15c3-4026-46af-84b8-16b23e636777","local_time":"20210212025243","is_ascension_mode":true,"campfire_choices":[{"data":"Sunder","floor":6.0,"key":"SMITH"},{"data":"Glacier","floor":10.0,"key":"SMITH"},{"data":"Seek","floor":15.0,"key":"SMITH"},{"data":"Loop","floor":24.0,"key":"SMITH"},{"data":"Capacitor","floor":27.0,"key":"SMITH"},{"data":"Tempest","floor":30.0,"key":"SMITH"},{"data":"Turbo","floor":32.0,"key":"SMITH"},{"data":"Chill","floor":40.0,"key":"SMITH"},{"data":"Static Discharge","floor":44.0,"key":"SMITH"},{"floor":49.0,"key":"RECALL"}],"circlet_count":0,"master_deck":["AscendersBane","Defend_B","Defend_B","Defend_B","Zap+1","Dualcast+1","Seek+1","Glacier+1","Sunder+1","Ball Lightning","Ball Lightning","Cold Snap","Capacitor+1","Echo Form","Static Discharge+1","Core Surge","Conserve Battery","Loop+1","Tempest+1","Turbo+1","Genetic Algorithm","Coolheaded","Consume+1","CurseOfTheBell","Chill+1","Panacea","Capacitor+1","Defragment","Coolheaded+1"],"relics":["Cracked Core","War Paint","Bottled Lightning","Old Coin","Coffee Dripper","Meat on the Bone","The Courier","Red Mask","Calling Bell","Art of War","Eternal Feather","Torii","WingedGreaves","DollysMirror"],"acts_visited":["Exordium","TheCity","TheBeyond"],"potions_floor_usage":[50],"damage_taken":[{"damage":1.0,"enemies":"Cultist","floor":1.0,"turns":3.0},{"damage":7.0,"enemies":"Jaw Worm","floor":2.0,"turns":4.0},{"damage":3.0,"enemies":"Small Slimes","floor":3.0,"turns":2.0},{"damage":14.0,"enemies":"3 Louse","floor":7.0,"turns":2.0},{"damage":0.0,"enemies":"3 Sentries","floor":8.0,"turns":6.0},{"damage":0.0,"enemies":"Large Slime","floor":11.0,"turns":4.0},{"damage":0.0,"enemies":"Exordium Wildlife","floor":12.0,"turns":1.0},{"damage":11.0,"enemies":"Lagavulin","floor":13.0,"turns":5.0},{"damage":0.0,"enemies":"3 Louse","floor":14.0,"turns":2.0},{"damage":11.0,"enemies":"The Guardian","floor":16.0,"turns":9.0},{"damage":0.0,"enemies":"3 Byrds","floor":18.0,"turns":5.0},{"damage":0.0,"enemies":"Spheric Guardian","floor":21.0,"turns":3.0},{"damage":8.0,"enemies":"Centurion and Healer","floor":22.0,"turns":6.0},{"damage":0.0,"enemies":"Gremlin Leader","floor":25.0,"turns":5.0},{"damage":12.0,"enemies":"Masked Bandits","floor":28.0,"turns":3.0},{"damage":13.0,"enemies":"Snecko","floor":29.0,"turns":3.0},{"damage":33.0,"enemies":"Cultist and Chosen","floor":31.0,"turns":6.0},{"damage":12.0,"enemies":"Collector","floor":33.0,"turns":12.0},{"damage":0.0,"enemies":"Orb Walker","floor":35.0,"turns":3.0},{"damage":7.0,"enemies":"3 Darklings","floor":36.0,"turns":7.0},{"damage":0.0,"enemies":"Mind Bloom Boss Battle","floor":37.0,"turns":4.0},{"damage":0.0,"enemies":"Jaw Worm Horde","floor":42.0,"turns":6.0},{"damage":1.0,"enemies":"Writhing Mass","floor":45.0,"turns":5.0},{"damage":51.0,"enemies":"Reptomancer","floor":46.0,"turns":8.0},{"damage":18.0,"enemies":"3 Darklings","floor":48.0,"turns":5.0},{"damage":62,"enemies":"Awakened One","floor":50,"turns":5}],"seed_played":"4050616809915581321","potions_obtained":[{"floor":1.0,"key":"PotionOfCapacity"},{"floor":2.0,"key":"Weak Potion"},{"floor":16.0,"key":"DuplicationPotion"},{"floor":21.0,"key":"DuplicationPotion"},{"floor":31.0,"key":"AttackPotion"},{"floor":33.0,"key":"DistilledChaos"},{"floor":37.0,"key":"LiquidMemories"},{"floor":42.0,"key":"SkillPotion"},{"floor":45.0,"key":"SkillPotion"},{"floor":46.0,"key":"AttackPotion"},{"floor":48.0,"key":"Regen Potion"}],"is_trial":false,"path_per_floor":["M","M","M","?","?","R","M","E","T","R","M","M","E","M","R","B",null,"M","?","$","M","M","?","R","E","T","R","?","M","R","M","R","B",null,"M","M","?","?","?","R","$","M","T","R","M","E","$","M","R","B"],"character_chosen":"DEFECT","items_purchased":["Turbo","DollysMirror","Defragment","SkillPotion","DuplicationPotion"],"campfire_rested":0,"item_purchase_floors":[20,41,47,47,47],"current_hp_per_floor":[63,56,53,58,58,58,44,44,44,44,44,44,33,33,33,22,63,63,63,63,63,55,55,55,55,55,55,43,42,42,21,21,21,62,62,55,55,55,55,70,70,70,70,76,75,36,36,30,45,0,0],"gold":333,"neow_bonus":"THREE_RARE_CARDS","is_daily":false,"chose_seed":false,"campfire_upgraded":9,"win_rate":0.0,"timestamp":1613065963,"path_taken":["M","M","?","?","?","R","M","E","T","R","M","?","E","M","R","BOSS","M","?","$","M","M","?","R","E","T","R","?","M","R","M","R","BOSS","M","M","?","?","?","R","?","M","T","R","?","E","$","M","R","BOSS"],"items_purchased_type":["Card","Relic","Card","Potion","Potion"],"build_version":"2020-12-22","purchased_purges":2,"victory":false,"max_hp_per_floor":[71,71,71,76,76,76,76,76,76,76,76,76,76,76,76,76,76,76,76,76,76,76,76,76,76,76,76,76,76,76,76,76,76,76,76,76,76,76,76,76,76,76,76,76,76,76,73,73,73,73,73],"card_choices":[{"not_picked":["Fission","All For One"],"picked":"Seek","floor":0.0},{"not_picked":["Melter","Coolheaded"],"picked":"Glacier","floor":1.0},{"not_picked":["Sweeping Beam","Barrage"],"picked":"Sunder","floor":2.0},{"not_picked":["Steam","Stack"],"picked":"Ball Lightning","floor":3.0},{"not_picked":["Gash","Leap"],"picked":"FTL","floor":7.0},{"not_picked":["Hologram","Gash"],"picked":"Ball Lightning","floor":8.0},{"not_picked":["Sunder","Hologram"],"picked":"Cold Snap","floor":11.0},{"not_picked":["Force Field","Scrape"],"picked":"Capacitor","floor":12.0},{"not_picked":["Gash","Hello World"],"picked":"Echo Form","floor":13.0},{"not_picked":["BootSequence","Leap"],"picked":"Static Discharge","floor":14.0},{"not_picked":["All For One","Reboot"],"picked":"Core Surge","floor":16.0},{"not_picked":["Beam Cell+1","Cold Snap"],"picked":"Conserve Battery","floor":18.0},{"not_picked":["Go for the Eyes","Aggregate"],"picked":"Genetic Algorithm","floor":21.0},{"not_picked":["Streamline","Rainbow","Sweeping Beam"],"picked":"SKIP","floor":22.0},{"not_picked":["Beam Cell","Streamline"],"picked":"Coolheaded","floor":25.0},{"not_picked":["Auto Shields","Chaos"],"picked":"Consume+1","floor":29.0},{"not_picked":["Redo","Sweeping Beam","Conserve Battery"],"picked":"SKIP","floor":31.0},{"not_picked":["Heatsinks","Rebound"],"picked":"Chill","floor":35.0},{"not_picked":["Rebound","Sweeping Beam","Ball Lightning"],"picked":"SKIP","floor":36.0},{"not_picked":["Transmutation","Panache"],"picked":"Panacea","floor":38.0},{"not_picked":["Steam","Recycle","Self Repair+1"],"picked":"SKIP","floor":42.0},{"not_picked":["Streamline","Consume","Redo"],"picked":"SKIP","floor":45.0},{"not_picked":["Gash","Streamline","BootSequence"],"picked":"SKIP","floor":46.0},{"not_picked":["Recycle","Turbo+1"],"picked":"Coolheaded+1","floor":48.0}],"player_experience":2298272,"relics_obtained":[{"floor":8.0,"key":"War Paint"},{"floor":9.0,"key":"Bottled Lightning"},{"floor":13.0,"key":"Old Coin"},{"floor":25.0,"key":"Meat on the Bone"},{"floor":26.0,"key":"The Courier"},{"floor":28.0,"key":"Red Mask"},{"floor":34.0,"key":"Art of War"},{"floor":34.0,"key":"Eternal Feather"},{"floor":34.0,"key":"Torii"},{"floor":37.0,"key":"WingedGreaves"}],"event_choices":[{"damage_healed":0.0,"max_hp_gain":5.0,"max_hp_loss":0.0,"gold_gain":0.0,"event_name":"Big Fish","player_choice":"Donut","floor":4.0,"gold_loss":0.0,"damage_taken":0.0},{"cards_removed":["Defend_B"],"damage_healed":0.0,"max_hp_gain":0.0,"max_hp_loss":0.0,"gold_gain":0.0,"event_name":"Bonfire Elementals","player_choice":"Offered Basic","floor":5.0,"gold_loss":0.0,"damage_taken":0.0},{"damage_healed":0.0,"max_hp_gain":0.0,"max_hp_loss":0.0,"gold_gain":0.0,"cards_transformed":["Strike_B","Strike_B"],"event_name":"Drug Dealer","player_choice":"Became Test Subject","floor":19.0,"gold_loss":0.0,"damage_taken":0.0,"cards_obtained":["Loop","Tempest"]},{"cards_removed":["Strike_B"],"damage_healed":0.0,"max_hp_gain":0.0,"max_hp_loss":0.0,"gold_gain":0.0,"event_name":"Beggar","player_choice":"Gave Gold","floor":23.0,"gold_loss":75.0,"damage_taken":0.0},{"damage_healed":0.0,"max_hp_gain":0.0,"max_hp_loss":0.0,"gold_gain":0.0,"event_name":"Masked Bandits","player_choice":"Fought Bandits","floor":28.0,"gold_loss":0.0,"damage_taken":0.0},{"damage_healed":0.0,"max_hp_gain":0.0,"max_hp_loss":0.0,"gold_gain":0.0,"event_name":"MindBloom","player_choice":"Fight","floor":37.0,"gold_loss":0.0,"damage_taken":0.0},{"damage_healed":0.0,"max_hp_gain":0.0,"max_hp_loss":0.0,"gold_gain":0.0,"event_name":"SensoryStone","player_choice":"Memory 1","floor":38.0,"gold_loss":0.0,"damage_taken":0.0},{"cards_removed":["FTL"],"damage_healed":0.0,"max_hp_gain":0.0,"max_hp_loss":0.0,"gold_gain":0.0,"event_name":"Falling","player_choice":"Removed Attack","floor":39.0,"gold_loss":0.0,"damage_taken":0.0}],"is_beta":false,"boss_relics":[{"not_picked":["Nuclear Battery","Pandora\u0027s Box"],"picked":"Coffee Dripper"},{"not_picked":["Empty Cage","Astrolabe"],"picked":"Calling Bell"}],"items_purged_floors":[20,47],"is_endless":false,"potions_floor_spawned":[1,2,8,12,13,16,21,31,33,37,42,45,46,48],"killed_by":"Awakened One","ascension_level":20}}