{"host":"d52brwsy6af8zvaq","time":1613001640,"event":{"mods":["AchievementEnabler","BaseMod","Bestiary","Highlight Path","Minty Spire (QoL Compilation)","Quick Restart","Relic Stats","ojb\u0027s Better Paths Mod"],"gold_per_floor":[110,35,35,47,47,72,72,85,137,147,175,185,185,56,56,135,135,148,148,148,168,168,168,193,193,271,300,300,300,318,353,353,425,425,444,454,57,57,57,57,57,57],"floor_reached":41,"language":"ENG","playtime":3096,"items_purged":["Pain","Strike_B","Parasite"],"score":985,"play_id":"981ed753-5d48-4ab5-a324-da640fc480a8","local_time":"20210210170040","is_ascension_mode":true,"campfire_choices":[{"floor":7.0,"key":"REST"},{"floor":13.0,"key":"REST"},{"data":"Undo","floor":15.0,"key":"SMITH"},{"floor":23.0,"key":"REST"},{"data":"Seek","floor":29.0,"key":"SMITH"},{"data":"Ghostly","floor":32.0,"key":"SMITH"},{"floor":40,"key":"RECALL"}],"circlet_count":0,"master_deck":["AscendersBane","Defend_B","Defend_B","Defend_B","Defend_B+1","Zap+1","Dualcast","Cold Snap","Beam Cell","Double Energy","Barrage","Steam Power","Seek+1","Undo+1","Ball Lightning","Multi-Cast","Doom and Gloom","Melter","Creative AI+1","Darkness+1","Ghostly","Ghostly","Ghostly+1","Leap","Stack","Core Surge","Ghostly+1","Madness","Madness"],"relics":["Cracked Core","Gambling Chip","Regal Pillow","HornCleat","Orichalcum","War Paint","Cursed Key","Oddly Smooth Stone","Eternal Feather","Turnip","Mercury Hourglass","SlaversCollar","DollysMirror"],"acts_visited":["TheCity","TheBeyond"],"potions_floor_usage":[41],"damage_taken":[{"damage":3.0,"enemies":"2 Louse","floor":1.0,"turns":3.0},{"damage":0.0,"enemies":"Jaw Worm","floor":4.0,"turns":5.0},{"damage":25.0,"enemies":"3 Sentries","floor":6.0,"turns":10.0},{"damage":0.0,"enemies":"Cultist","floor":8.0,"turns":3.0},{"damage":0.0,"enemies":"Looter","floor":10.0,"turns":3.0},{"damage":20.0,"enemies":"Gremlin Nob","floor":11.0,"turns":4.0},{"damage":5.0,"enemies":"Exordium Wildlife","floor":12.0,"turns":5.0},{"damage":55.0,"enemies":"Slime Boss","floor":16.0,"turns":13.0},{"damage":10.0,"enemies":"2 Thieves","floor":18.0,"turns":5.0},{"damage":0.0,"enemies":"Spheric Guardian","floor":21.0,"turns":2.0},{"damage":0.0,"enemies":"Slavers","floor":24.0,"turns":4.0},{"damage":16.0,"enemies":"Book of Stabbing","floor":27.0,"turns":6.0},{"damage":17.0,"enemies":"Snecko","floor":30.0,"turns":5.0},{"damage":19.0,"enemies":"Gremlin Leader","floor":31.0,"turns":10.0},{"damage":7.0,"enemies":"Automaton","floor":33.0,"turns":9.0},{"damage":0.0,"enemies":"Orb Walker","floor":35.0,"turns":5.0},{"damage":0.0,"enemies":"3 Shapes","floor":36.0,"turns":4.0},{"damage":117,"enemies":"Giant Head","floor":41,"turns":8}],"seed_played":"-33534539879816547","potions_obtained":[{"floor":8.0,"key":"SteroidPotion"},{"floor":10.0,"key":"SmokeBomb"},{"floor":12.0,"key":"Energy Potion"},{"floor":21.0,"key":"PowerPotion"},{"floor":27.0,"key":"Explosive Potion"},{"floor":30.0,"key":"Regen Potion"},{"floor":36.0,"key":"AttackPotion"}],"is_trial":false,"path_per_floor":["M","$","?","M","?","E","R","M","T","M","E","M","R","$","R","B",null,"M","?","?","M","?","R","E","?","T","E","?","R","M","E","R","B",null,"M","M","$","?","?","R","E"],"character_chosen":"DEFECT","items_purchased":["Ball Lightning","FairyPotion","DollysMirror"],"campfire_rested":3,"item_purchase_floors":[14,37,37],"current_hp_per_floor":[61,61,35,35,35,10,46,46,46,46,26,21,57,57,57,2,54,44,44,24,24,24,38,38,38,38,22,22,37,20,16,31,24,35,35,35,35,35,29,35,0,0],"gold":57,"neow_bonus":"ONE_RARE_RELIC","is_daily":false,"chose_seed":false,"campfire_upgraded":3,"win_rate":0.0,"timestamp":1613001640,"path_taken":["M","$","?","M","?","E","R","M","T","M","E","M","R","?","R","BOSS","BOSS","M","?","?","M","?","R","E","?","T","E","?","R","M","E","R","BOSS","M","M","$","?","?","R","E"],"items_purchased_type":["Card","Potion","Relic"],"build_version":"2020-12-22","purchased_purges":3,"victory":false,"max_hp_per_floor":[71,71,71,71,71,71,71,71,71,71,71,71,71,71,71,71,71,71,71,76,76,38,38,38,38,38,38,38,38,38,38,38,38,38,38,38,35,35,35,35,35,35],"relic_stats":{"Regal Pillow":33,"counters":[18,102],"Gambling Chip":[52],"Eternal Feather":36,"Turnip":[0],"Orichalcum":[180],"War Paint":["Defend_B","Zap"],"Cursed Key":1,"obtain_stats":[{"Regal Pillow":3,"Oddly Smooth Stone":24,"Eternal Feather":26,"Orichalcum":9,"War Paint":11,"Cursed Key":17,"Mercury Hourglass":31,"SlaversCollar":34,"HornCleat":6,"DollysMirror":37,"Gambling Chip":0,"Turnip":27,"Cracked Core":0},{"Regal Pillow":1,"Oddly Smooth Stone":11,"Eternal Feather":11,"Orichalcum":4,"War Paint":6,"Cursed Key":8,"Mercury Hourglass":14,"SlaversCollar":15,"HornCleat":3,"DollysMirror":17,"Gambling Chip":0,"Turnip":12,"Cracked Core":0},{"Regal Pillow":3,"Oddly Smooth Stone":57,"Eternal Feather":57,"Orichalcum":21,"War Paint":28,"Cursed Key":46,"Mercury Hourglass":78,"SlaversCollar":87,"HornCleat":18,"DollysMirror":94,"Gambling Chip":0,"Turnip":63,"Cracked Core":0}],"Mercury Hourglass":[104]},"card_choices":[{"not_picked":["Force Field","Auto Shields"],"picked":"Cold Snap","floor":1.0},{"not_picked":["Consume","Steam Power"],"picked":"Beam Cell","floor":4.0},{"not_picked":["Recycle","Genetic Algorithm"],"picked":"Double Energy","floor":6.0},{"not_picked":["Steam","Hologram"],"picked":"Barrage","floor":8.0},{"not_picked":["Storm","Force Field"],"picked":"Steam Power","floor":10.0},{"not_picked":["Rebound","Glacier"],"picked":"Seek","floor":11.0},{"not_picked":["Beam Cell","Conserve Battery"],"picked":"Undo","floor":12.0},{"not_picked":["Amplify","All For One"],"picked":"Multi-Cast","floor":16.0},{"not_picked":["Beam Cell","Darkness"],"picked":"Doom and Gloom","floor":18.0},{"not_picked":["Cold Snap+1","Go for the Eyes"],"picked":"Darkness+1","floor":21.0},{"not_picked":["Reprogram","Blizzard","Redo"],"picked":"SKIP","floor":24.0},{"not_picked":["Redo","Genetic Algorithm"],"picked":"Leap","floor":27.0},{"not_picked":["Multi-Cast","Melter","Sweeping Beam"],"picked":"SKIP","floor":30.0},{"not_picked":["Beam Cell","FTL"],"picked":"Stack","floor":31.0},{"not_picked":["Thunder Strike","Fission"],"picked":"Core Surge","floor":33.0},{"not_picked":["Lockon","Go for the Eyes","Cold Snap+1"],"picked":"SKIP","floor":35.0},{"not_picked":["Capacitor","Undo","Conserve Battery"],"picked":"SKIP","floor":36.0}],"player_experience":2221837,"relics_obtained":[{"floor":6.0,"key":"HornCleat"},{"floor":9.0,"key":"Orichalcum"},{"floor":11.0,"key":"War Paint"},{"floor":24.0,"key":"Oddly Smooth Stone"},{"floor":26.0,"key":"Eternal Feather"},{"floor":27.0,"key":"Turnip"},{"floor":31.0,"key":"Mercury Hourglass"}],"event_choices":[{"damage_healed":0.0,"max_hp_gain":0.0,"max_hp_loss":0.0,"gold_gain":0.0,"event_name":"Scrap Ooze","player_choice":"Success","floor":3.0,"gold_loss":0.0,"damage_taken":26.0,"relics_obtained":["Regal Pillow"]},{"cards_removed":["Strike_B"],"damage_healed":0.0,"max_hp_gain":0.0,"max_hp_loss":0.0,"gold_gain":0.0,"event_name":"Purifier","player_choice":"Purged","floor":5.0,"gold_loss":0.0,"damage_taken":0.0},{"damage_healed":0.0,"max_hp_gain":0.0,"max_hp_loss":0.0,"gold_gain":0.0,"cards_transformed":["Strike_B","Strike_B"],"event_name":"Drug Dealer","player_choice":"Became Test Subject","floor":19.0,"gold_loss":0.0,"damage_taken":0.0,"cards_obtained":["Melter","Creative AI"]},{"damage_healed":0.0,"max_hp_gain":5.0,"max_hp_loss":0.0,"gold_gain":0.0,"event_name":"Forgotten Altar","player_choice":"Shed Blood","floor":20.0,"gold_loss":0.0,"damage_taken":25.0},{"damage_healed":0.0,"max_hp_gain":0.0,"max_hp_loss":38.0,"gold_gain":0.0,"event_name":"Ghosts","player_choice":"Became a Ghost","floor":22.0,"gold_loss":0.0,"damage_taken":0.0,"cards_obtained":["Ghostly","Ghostly","Ghostly"]},{"damage_healed":0.0,"max_hp_gain":0.0,"max_hp_loss":0.0,"gold_gain":0.0,"event_name":"The Mausoleum","player_choice":"Ignored","floor":25.0,"gold_loss":0.0,"damage_taken":0.0},{"damage_healed":0.0,"max_hp_gain":0.0,"max_hp_loss":0.0,"gold_gain":0.0,"event_name":"Accursed Blacksmith","player_choice":"Forge","floor":28.0,"gold_loss":0.0,"damage_taken":0.0,"cards_upgraded":["Creative AI"]},{"damage_healed":0,"gold_gain":0,"player_choice":"Ignored","damage_taken":0,"max_hp_gain":0,"max_hp_loss":0,"event_name":"Mysterious Sphere","floor":38,"gold_loss":0},{"damage_healed":0,"gold_gain":0,"player_choice":"Embrace Madness","damage_taken":6,"max_hp_gain":0,"max_hp_loss":0,"event_name":"Winding Halls","floor":39,"gold_loss":0,"cards_obtained":["Madness","Madness"]}],"is_beta":false,"boss_relics":[{"not_picked":["Busted Crown","Ectoplasm"],"picked":"Cursed Key"},{"not_picked":["Pandora\u0027s Box","Black Star"],"picked":"SlaversCollar"}],"items_purged_floors":[2,14,37],"is_endless":false,"potions_floor_spawned":[8,10,12,21,27,30,36],"killed_by":"Giant Head","ascension_level":20}}