{"host":"Jinnai","time":1613009209,"event":{"mods":["BaseMod","Bestiary","Block Reminder","Colored Map","Colored Powertips","Curses Come First","Highlight Path","Minty Spire (QoL Compilation)","Permanent Neow","Potion Indicator Mod","Quick Restart","Relic Stats","StSLib","ojb\u0027s Info Mod"],"gold_per_floor":[112,123,123,139,139,139,174,6,79,2,34,34,46,81,81,154,154,173,189,169,169,169],"floor_reached":21,"language":"ENG","playtime":2571,"items_purged":[],"score":494,"play_id":"2395c9ff-1ca6-4d10-aabd-d83de31ea66e","local_time":"20210210210649","is_ascension_mode":true,"campfire_choices":[{"data":"Prostrate","floor":6,"key":"SMITH"},{"data":"Meditate","floor":15,"key":"SMITH"}],"circlet_count":0,"master_deck":["AscendersBane","Strike_P","Defend_P","Defend_P","Eruption","Vigilance","Devotion+1","SandsOfTime","Prostrate+1","CutThroughFate","Evaluate","ConjureBlade","Meditate+1","Corpse Explosion","White Noise","Pray","Wraith Form v2","WheelKick+1","Ragnarok+1","Wallop+1","Disarm"],"relics":["PureWater","Ginger","White Beast Statue","PrismaticShard","Gremlin Horn","Bird Faced Urn","Bronze Scales","Astrolabe"],"acts_visited":["Exordium","TheCity"],"potions_floor_usage":[14,19,21,21,21,21,21,21],"damage_taken":[{"damage":9,"enemies":"Small Slimes","floor":1,"turns":4},{"damage":0,"enemies":"Cultist","floor":2,"turns":2},{"damage":0,"enemies":"Jaw Worm","floor":4,"turns":2},{"damage":0,"enemies":"Lagavulin","floor":7,"turns":4},{"damage":24,"enemies":"3 Sentries","floor":11,"turns":5},{"damage":1,"enemies":"Large Slime","floor":13,"turns":5},{"damage":0,"enemies":"Gremlin Nob","floor":14,"turns":2},{"damage":38,"enemies":"The Guardian","floor":16,"turns":6},{"damage":25,"enemies":"Shell Parasite","floor":18,"turns":4},{"damage":12,"enemies":"2 Thieves","floor":19,"turns":4},{"damage":22,"enemies":"Snake Plant","floor":21,"turns":2}],"seed_played":"5442685533552616366","potions_obtained":[{"floor":11,"key":"AttackPotion"},{"floor":13,"key":"Ambrosia"},{"floor":14,"key":"EntropicBrew"},{"floor":19,"key":"DuplicationPotion"}],"is_trial":false,"path_per_floor":["M","M","?","M","T","R","E","$","T","$","E","?","M","E","R","B",null,"M","M","?","M"],"character_chosen":"WATCHER","items_purchased":["PrismaticShard","Meditate"],"campfire_rested":0,"item_purchase_floors":[8,10],"current_hp_per_floor":[52,52,52,52,52,52,52,52,52,52,28,48,47,47,47,13,50,27,19,19,0,0],"gold":169,"neow_bonus":"TRANSFORM_TWO_CARDS","is_daily":false,"chose_seed":false,"campfire_upgraded":2,"win_rate":0.0,"timestamp":1613009209,"path_taken":["M","M","?","?","?","R","E","$","T","?","E","?","M","E","R","BOSS","M","M","?","?"],"items_purchased_type":["Relic","Card"],"build_version":"2020-12-18","purchased_purges":0,"victory":false,"max_hp_per_floor":[62,62,62,62,62,62,62,62,62,62,62,62,62,62,62,62,62,62,62,62,62,62],"relic_stats":{"Gremlin Horn":[3,3],"counters":[11,40],"Bird Faced Urn":[12],"Bronze Scales":[45],"Astrolabe":["WheelKick","Ragnarok","Wallop"],"Ginger":[4],"obtain_stats":[{"Gremlin Horn":9,"Bird Faced Urn":11,"Bronze Scales":14,"Astrolabe":17,"Ginger":5,"PureWater":0,"PrismaticShard":8,"White Beast Statue":7},{"Gremlin Horn":4,"Bird Faced Urn":5,"Bronze Scales":7,"Astrolabe":8,"Ginger":3,"PureWater":0,"PrismaticShard":4,"White Beast Statue":4},{"Gremlin Horn":12,"Bird Faced Urn":17,"Bronze Scales":24,"Astrolabe":30,"Ginger":8,"PureWater":0,"PrismaticShard":12,"White Beast Statue":12}]},"card_choices":[{"not_picked":["Consecrate","FlyingSleeves"],"picked":"Prostrate","floor":1},{"not_picked":["PathToVictory","BowlingBash"],"picked":"CutThroughFate","floor":2},{"not_picked":["CrushJoints","InnerPeace"],"picked":"Evaluate","floor":4},{"not_picked":["EmptyBody","PathToVictory"],"picked":"ConjureBlade","floor":7},{"not_picked":["Headbutt","Compile Driver"],"picked":"Corpse Explosion","floor":11},{"not_picked":["Anger","Flex"],"picked":"White Noise","floor":13},{"not_picked":["SandsOfTime","Consecrate"],"picked":"Pray","floor":14},{"not_picked":["Rainbow","Burst"],"picked":"Wraith Form v2","floor":16},{"not_picked":["Slice","Conclude","Pommel Strike"],"picked":"SKIP","floor":18},{"not_picked":["Flying Knee","Body Slam"],"picked":"Disarm","floor":19}],"player_experience":1711105,"relics_obtained":[{"floor":5,"key":"Ginger"},{"floor":7,"key":"White Beast Statue"},{"floor":9,"key":"Gremlin Horn"},{"floor":11,"key":"Bird Faced Urn"},{"floor":14,"key":"Bronze Scales"}],"event_choices":[{"damage_healed":0,"gold_gain":0,"player_choice":"Upgraded","damage_taken":0,"max_hp_gain":0,"max_hp_loss":0,"event_name":"Upgrade Shrine","floor":3,"gold_loss":0,"cards_upgraded":["Devotion"]},{"damage_healed":20,"gold_gain":0,"player_choice":"Banana","damage_taken":0,"max_hp_gain":0,"max_hp_loss":0,"event_name":"Big Fish","floor":12,"gold_loss":0},{"damage_healed":0,"gold_gain":0,"player_choice":"Bought 1 Potion","damage_taken":0,"max_hp_gain":0,"max_hp_loss":0,"event_name":"The Woman in Blue","floor":20,"gold_loss":0}],"is_beta":true,"boss_relics":[{"not_picked":["Ectoplasm","Runic Dome"],"picked":"Astrolabe"}],"items_purged_floors":[],"is_endless":false,"potions_floor_spawned":[11,13,14,16,18,19],"killed_by":"Snake Plant","ascension_level":20}}