{"host":"qbjtml023iza03hb","time":1613070980,"event":{"mods":["AchievementEnabler","BaseMod","Better Sensory Stone","Better Skull","Hermit","Minty Spire (QoL Compilation)","StSLib","The Animator","The Cursed"],"gold_per_floor":[115,65,78,78,98,98,98,98,175,195,208,41,51,64,64,163,163,173,185,214,1,1,34,47,57,57,57,156,156,31,46,46,46,46],"floor_reached":33,"language":"FRA","playtime":1979,"items_purged":["Defend_B","Defend_B","Defend_B"],"score":310,"play_id":"6129cf37-c506-4a26-ac65-0c11e5934934","local_time":"20210211201620","is_ascension_mode":true,"campfire_choices":[{"data":"Reinforced Body","floor":6.0,"key":"SMITH"},{"data":"Zap","floor":8.0,"key":"SMITH"},{"data":"Deep Breath","floor":15.0,"key":"SMITH"},{"data":"Buffer","floor":32,"key":"SMITH"}],"circlet_count":0,"master_deck":["Zap+1","Dualcast","Echo Form","Capacitor","Doom and Gloom","Reinforced Body+1","Heatsinks","Conserve Battery","Deep Breath+1","Chill","Echo Form","Double Energy+1","Defragment+1","Lockon+1","Hologram","Hologram","Loop+1","Skim","Bite","Bite","Bite","Bite","Bite","Buffer+1"],"relics":["Cracked Core","Pear","Astrolabe","Red Mask","Tiny Chest","MealTicket"],"acts_visited":["Exordium","TheCity"],"potions_floor_usage":[33],"damage_taken":[{"damage":11.0,"enemies":"2 Louse","floor":1.0,"turns":2.0},{"damage":10.0,"enemies":"Small Slimes","floor":3.0,"turns":4.0},{"damage":1.0,"enemies":"Cultist","floor":5.0,"turns":3.0},{"damage":8.0,"enemies":"Large Slime","floor":10.0,"turns":3.0},{"damage":6.0,"enemies":"Looter","floor":11.0,"turns":3.0},{"damage":8.0,"enemies":"Blue Slaver","floor":13.0,"turns":3.0},{"damage":0.0,"enemies":"Large Slime","floor":14.0,"turns":5.0},{"damage":26.0,"enemies":"Slime Boss","floor":16.0,"turns":6.0},{"damage":15.0,"enemies":"Spheric Guardian","floor":18.0,"turns":4.0},{"damage":7.0,"enemies":"Chosen","floor":19.0,"turns":5.0},{"damage":9.0,"enemies":"Masked Bandits","floor":20.0,"turns":3.0},{"damage":31.0,"enemies":"Slavers","floor":23.0,"turns":5.0},{"damage":16.0,"enemies":"Centurion and Healer","floor":24.0,"turns":5.0},{"damage":0,"enemies":"3 Cultists","floor":25,"turns":6},{"damage":20,"enemies":"Chosen and Byrds","floor":31,"turns":4},{"damage":25,"enemies":"Collector","floor":33,"turns":2}],"seed_played":"-373215538043219017","potions_obtained":[{"floor":3.0,"key":"Swift Potion"},{"floor":5.0,"key":"Weak Potion"},{"floor":14.0,"key":"SteroidPotion"},{"floor":16.0,"key":"Explosive Potion"},{"floor":18.0,"key":"Fire Potion"},{"floor":23.0,"key":"AttackPotion"}],"is_trial":false,"path_per_floor":["M","?","M","?","M","R","?","R","T","M","M","$","M","M","R","B",null,"M","M","?","$","?","E","M","M","T","?","?","?","$","M","R","B"],"character_chosen":"DEFECT","items_purchased":["Deep Breath","Loop","DuplicationPotion"],"campfire_rested":0,"item_purchase_floors":[12,21,21],"current_hp_per_floor":[64,64,54,54,53,53,53,53,63,55,49,49,41,41,41,15,85,70,63,54,54,54,23,7,7,7,7,7,7,22,16,16,0,0],"gold":46,"neow_bonus":"ONE_RANDOM_RARE_CARD","is_daily":false,"chose_seed":false,"campfire_upgraded":4,"win_rate":0.0,"timestamp":1613070980,"path_taken":["M","?","M","?","M","R","?","R","T","M","M","$","M","?","R","BOSS","M","M","?","$","?","E","M","M","T","?","?","?","$","M","R","BOSS"],"items_purchased_type":["Card","Card","Potion"],"build_version":"2020-12-22","purchased_purges":3,"victory":false,"max_hp_per_floor":[75,75,75,75,75,75,75,75,85,85,85,85,85,85,85,85,85,85,85,85,85,85,85,85,85,85,59,59,59,59,59,59,59,59],"card_choices":[{"not_picked":["Hologram","Static Discharge"],"picked":"Capacitor","floor":1.0},{"not_picked":["Leap","Rebound"],"picked":"Doom and Gloom","floor":3.0},{"not_picked":["Barrage","Redo"],"picked":"Reinforced Body","floor":5.0},{"not_picked":["Scrape","Sweeping Beam"],"picked":"Heatsinks","floor":10.0},{"not_picked":["Fusion","Darkness"],"picked":"Conserve Battery","floor":11.0},{"not_picked":["Leap","Stack"],"picked":"Chill","floor":13.0},{"not_picked":["Steam","Turbo","BootSequence"],"picked":"SKIP","floor":14.0},{"not_picked":["All For One","Biased Cognition"],"picked":"Echo Form","floor":16.0},{"not_picked":["Auto Shields","Blizzard"],"picked":"Hologram","floor":18.0},{"not_picked":["Steam","Gash","Heatsinks"],"picked":"SKIP","floor":19.0},{"not_picked":["Rip and Tear","Conserve Battery"],"picked":"Hologram","floor":20.0},{"not_picked":["Sweeping Beam","Cold Snap"],"picked":"Skim","floor":23.0},{"not_picked":["Aggregate","Rebound+1","Ball Lightning"],"picked":"SKIP","floor":24.0},{"not_picked":["Genetic Algorithm","Go for the Eyes","Capacitor"],"picked":"SKIP","floor":25},{"not_picked":["Cold Snap","Fusion"],"picked":"Buffer","floor":31}],"player_experience":572027,"relics_obtained":[{"floor":9.0,"key":"Pear"},{"floor":20.0,"key":"Red Mask"},{"floor":23.0,"key":"MealTicket"}],"event_choices":[{"cards_removed":["Strike_B"],"damage_healed":0.0,"max_hp_gain":0.0,"max_hp_loss":0.0,"gold_gain":0.0,"event_name":"The Cleric","player_choice":"Card Removal","floor":2.0,"gold_loss":50.0,"damage_taken":0.0},{"damage_healed":0.0,"max_hp_gain":0.0,"max_hp_loss":0.0,"gold_gain":0.0,"event_name":"Scrap Ooze","player_choice":"Fled","floor":4.0,"gold_loss":0.0,"damage_taken":0.0},{"cards_removed":["Strike_B"],"damage_healed":0.0,"max_hp_gain":0.0,"max_hp_loss":0.0,"gold_gain":0.0,"event_name":"Bonfire Elementals","player_choice":"Offered Basic","floor":7.0,"gold_loss":0.0,"damage_taken":0.0},{"damage_healed":0.0,"max_hp_gain":0.0,"max_hp_loss":0.0,"gold_gain":0.0,"event_name":"Masked Bandits","player_choice":"Fought Bandits","floor":20.0,"gold_loss":0.0,"damage_taken":0.0},{"damage_healed":0.0,"max_hp_gain":0.0,"max_hp_loss":0.0,"gold_gain":0.0,"event_name":"The Mausoleum","player_choice":"Opened","floor":22.0,"gold_loss":0.0,"damage_taken":0.0,"relics_obtained":["Tiny Chest"]},{"damage_healed":0,"gold_gain":0,"player_choice":"Became a vampire","damage_taken":0,"max_hp_gain":0,"max_hp_loss":26,"event_name":"Vampires","floor":27,"gold_loss":0,"cards_obtained":["Bite","Bite","Bite","Bite","Bite"]},{"damage_healed":0,"gold_gain":99,"player_choice":"Stole From Cult","damage_taken":0,"max_hp_gain":0,"max_hp_loss":0,"event_name":"Nest","floor":28,"gold_loss":0},{"damage_healed":0,"gold_gain":0,"player_choice":"Forge","damage_taken":0,"max_hp_gain":0,"max_hp_loss":0,"event_name":"Accursed Blacksmith","floor":29,"gold_loss":0,"cards_upgraded":["Loop"]}],"is_beta":false,"boss_relics":[{"not_picked":["SacredBark","FrozenCore"],"picked":"Astrolabe"}],"items_purged_floors":[12,21,30],"is_endless":false,"potions_floor_spawned":[3,5,14,16,18,19,23],"killed_by":"Collector","ascension_level":2}}