{"host":"7jvlg611gq73pwus","time":1613007450,"event":{"mods":["Act Like it!","Arknights","BaseMod","Friendly Minions","Gold Saver","KOR Keyword Fix","KinomotoSakuraMod(ÙÊñýÜâ?)","Lobotomy","Marisa£¨Ùöéë¡¡Øª×âÞÞ£©","Minty Spire (QoL Compilation)","Prisma Mod","Replay The Spire","StSLib","Td1madao Mod","The Animator","The Bug Knight","The Hierophant"],"gold_per_floor":[119,139,139,153,153,153,153,186,236,236,122,122,136,147,147,252,252,266,12,25,56,56,56,67,67,67,100,100,126,136,136,136,240,240,259,259,271,271,493,524,41,41,41],"floor_reached":42,"language":"KOR","playtime":4685,"items_purged":["ats:Strike V","Regret","Voices"],"score":464,"play_id":"48d2a180-ad11-4f5a-a6e2-078dbbc1fdb8","local_time":"20210211103730","is_ascension_mode":false,"campfire_choices":[{"data":"ats:Ignite","floor":6.0,"key":"SMITH"},{"floor":12.0,"key":"REST"},{"floor":15.0,"key":"REST"},{"floor":23.0,"key":"RECALL"},{"floor":28.0,"key":"REST"},{"data":"ats:Assault Order","floor":32.0,"key":"SMITH"}],"circlet_count":0,"master_deck":["ats:Armor Crushing Shot","ats:Defend","ats:Defend","ats:Defend","ats:Defend","ats:Emotion Absorption","ats:Wolf Pack","ats:Ignite+1","ats:Very Hot Blade+1","ats:Powerful Strike","ats:Overload","ats:Shell Defense+1","ats:Sashimi Platter","ats:Apocalypse","ats:Volcano","ats:Flame Of Heaven+1","ats:Soul Rend+1","ats:Volcano+1","ats:Assault Order+1","ats:Apocalypse","ats:Sashimi Platter","ats:Steam Pump+1","ats:Blood Oath","ats:Ignite+1","ats:Echo Reverb","ats:Collapsing Strike+1","ats:Shell Defense+1","ats:Shadow Assault","ats:Thorns"],"relics":["ats:Sanity","Bronze Scales","Happy Flower","ats:Originium","ReplayTheSpireMod:Ninjato","Gremlin Horn","Astrolabe","DollysMirror","Red Mask","HollowMod:LifeEnderRelic","ats:Ability Aura","Gremlin Food","Fusion Hammer","ReplayTheSpireMod:Ring of Addiction","Ring of Fury","Potion Belt","SacredBark","HollowMod:PaleOreRelic","ats:Omniscience"],"acts_visited":["TheBeyond"],"potions_floor_usage":[42,42,42],"damage_taken":[{"damage":6.0,"enemies":"Jaw Worm","floor":1.0,"turns":7.0},{"damage":1.0,"enemies":"Cultist","floor":2.0,"turns":4.0},{"damage":2.0,"enemies":"Small Slimes","floor":4.0,"turns":3.0},{"damage":53.0,"enemies":"3 Sentries","floor":8.0,"turns":9.0},{"damage":5.0,"enemies":"Looter","floor":13.0,"turns":2.0},{"damage":10.0,"enemies":"Blue Slaver","floor":14.0,"turns":3.0},{"damage":52.0,"enemies":"Hexaghost","floor":16.0,"turns":10.0},{"damage":4.0,"enemies":"3 Byrds","floor":18.0,"turns":2.0},{"damage":25.0,"enemies":"Cultist and Chosen","floor":20.0,"turns":5.0},{"damage":10.0,"enemies":"Masked Bandits","floor":21.0,"turns":4.0},{"damage":5.0,"enemies":"Snake Plant","floor":22.0,"turns":2.0},{"damage":32.0,"enemies":"Centurion and Healer","floor":24.0,"turns":5.0},{"damage":27.0,"enemies":"HollowMod:Nosk","floor":27.0,"turns":10.0},{"damage":22.0,"enemies":"Replay:Snechameleon","floor":29.0,"turns":5.0},{"damage":69.0,"enemies":"Snecko","floor":30.0,"turns":8.0},{"damage":108.0,"enemies":"Collector","floor":33.0,"turns":14.0},{"damage":11.0,"enemies":"3 Shapes","floor":35.0,"turns":3.0},{"damage":12.0,"enemies":"3 Darklings","floor":37.0,"turns":3.0},{"damage":43.0,"enemies":"HollowMod:StalkingDevout","floor":40.0,"turns":6.0},{"damage":97,"enemies":"Giant Head","floor":42,"turns":9}],"seed_played":"-2989826685165525029","potions_obtained":[{"floor":2.0,"key":"SmokeBomb"},{"floor":4.0,"key":"FearPotion"},{"floor":13.0,"key":"Weak Potion"},{"floor":20.0,"key":"BlessingOfTheForge"},{"floor":21.0,"key":"AttackPotion"},{"floor":24.0,"key":"DuplicationPotion"},{"floor":29.0,"key":"Toxic Potion"},{"floor":30.0,"key":"Block Potion"},{"floor":35.0,"key":"DistilledChaos"},{"floor":37.0,"key":"Elixir"},{"floor":38.0,"key":"ColorlessPotion"},{"floor":38.0,"key":"Doom Potion"},{"floor":40.0,"key":"BlessingOfTheForge"}],"is_trial":false,"path_per_floor":["M","M","?","M","?","R","?","E","T","T","$","R","M","M","R","B",null,"M","$","M","?","M","R","M","$","T","E","R","E","M","?","R","B",null,"M","?","M","?","?","E","$","E"],"character_chosen":"DOCTOR_CLASS","items_purchased":["ats:Shell Defense+1","DollysMirror","ats:Omniscience","ats:Thorns"],"campfire_rested":3,"item_purchase_floors":[11,19,41,41],"current_hp_per_floor":[66,65,65,63,63,63,60,7,7,7,7,28,23,19,40,24,72,68,68,47,47,42,42,32,32,32,45,66,50,19,43,43,32,72,65,65,70,70,70,44,44,0,0],"gold":41,"neow_bonus":"ONE_RANDOM_RARE_CARD","is_daily":false,"chose_seed":false,"campfire_upgraded":2,"win_rate":0.0,"timestamp":1613007450,"path_taken":["M","M","?","?","?","R","?","E","T","?","$","R","M","M","R","BOSS","M","$","M","?","M","R","M","$","T","E","R","E","M","?","R","BOSS","M","?","?","?","?","E","$","E"],"items_purchased_type":["Card","Relic","Relic","Card"],"build_version":"2020-12-22","purchased_purges":3,"victory":false,"max_hp_per_floor":[72,72,72,72,72,72,72,72,72,72,72,72,72,72,72,72,72,72,72,72,72,72,72,72,72,72,72,72,72,72,72,72,72,72,72,72,72,72,72,72,72,72,72],"card_choices":[{"not_picked":["ats:Curse Doll","ats:Absolute Focus"],"picked":"ats:Ignite","floor":1.0},{"not_picked":["ats:Literary Storm","ats:Healing Strengthening"],"picked":"ats:Very Hot Blade","floor":2.0},{"not_picked":["ats:Song Of Battle","ats:Closed Bolt Burst Fire"],"picked":"ats:Powerful Strike","floor":4.0},{"not_picked":["ats:Closed Bolt Burst Fire","ats:Rapid Magazine"],"picked":"ats:Overload","floor":8.0},{"not_picked":["ats:Composite Medical Shells","ats:Leaping Hammer"],"picked":"ats:Sashimi Platter","floor":13.0},{"not_picked":["ats:LN2 Cannon","ats:Consecutive Shot Auto"],"picked":"ats:Apocalypse","floor":14.0},{"not_picked":["ats:Fractured Body","ats:Shadow Assault"],"picked":"ats:Volcano","floor":16.0},{"not_picked":["ats:Leaping Hammer+1","ats:Closed Bolt Burst Fire+1"],"picked":"ats:Assault Order","floor":18.0},{"not_picked":["ats:Hammer On+1","ats:Cat Scratch","ats:Poison Spread+1"],"picked":"SKIP","floor":20.0},{"not_picked":["ats:Flexible Camouflage","ats:Consecutive Shot Auto"],"picked":"ats:Sashimi Platter","floor":21.0},{"not_picked":["ats:Consecutive Shot Auto+1","ats:Thorns"],"picked":"ats:Steam Pump+1","floor":24.0},{"not_picked":["ats:Cat Scratch","ats:Guard Mode","ats:Part Time Job"],"picked":"SKIP","floor":27.0},{"not_picked":["ats:Fractured Body","ats:Demon Strength"],"picked":"ats:Blood Oath","floor":29.0},{"not_picked":["ats:Assault Order","ats:Sunburst"],"picked":"ats:Ignite+1","floor":30.0},{"not_picked":["ats:True Silver Slash","ats:Volcano"],"picked":"ats:Echo Reverb","floor":33.0},{"not_picked":["ats:Closed Bolt Burst Fire","ats:Explosion Area Strengthen"],"picked":"ats:Collapsing Strike+1","floor":35.0},{"not_picked":["ats:Absolute Focus+1","ats:Poison Spread"],"picked":"ats:Shell Defense+1","floor":37.0},{"not_picked":["ats:Apocalypse","ats:Serious Mode+1"],"picked":"ats:Shadow Assault","floor":40.0}],"player_experience":468353,"relics_obtained":[{"floor":8.0,"key":"ats:Originium"},{"floor":8.0,"key":"ReplayTheSpireMod:Ninjato"},{"floor":10.0,"key":"Gremlin Horn"},{"floor":21.0,"key":"Red Mask"},{"floor":26.0,"key":"HollowMod:LifeEnderRelic"},{"floor":27.0,"key":"ats:Originium"},{"floor":27.0,"key":"ats:Ability Aura"},{"floor":29.0,"key":"ats:Originium"},{"floor":29.0,"key":"Gremlin Food"},{"floor":38.0,"key":"ReplayTheSpireMod:Ring of Addiction"},{"floor":38.0,"key":"Ring of Fury"},{"floor":38.0,"key":"Potion Belt"},{"floor":38.0,"key":"SacredBark"},{"floor":40.0,"key":"ats:Originium"},{"floor":40.0,"key":"HollowMod:PaleOreRelic"}],"event_choices":[{"damage_healed":0.0,"max_hp_gain":0.0,"max_hp_loss":0.0,"gold_gain":0.0,"event_name":"Upgrade Shrine","player_choice":"Upgraded","floor":3.0,"gold_loss":0.0,"damage_taken":0.0,"cards_upgraded":["ats:Very Hot Blade"]},{"damage_healed":0.0,"max_hp_gain":0.0,"max_hp_loss":0.0,"gold_gain":0.0,"event_name":"Big Fish","player_choice":"Box","floor":5.0,"gold_loss":0.0,"damage_taken":0.0,"relics_obtained":["Bronze Scales"],"cards_obtained":["Regret"]},{"damage_healed":0.0,"max_hp_gain":0.0,"max_hp_loss":0.0,"gold_gain":0.0,"event_name":"Scrap Ooze","player_choice":"Success","floor":7.0,"gold_loss":0.0,"damage_taken":3.0,"relics_obtained":["Happy Flower"]},{"damage_healed":0.0,"max_hp_gain":0.0,"max_hp_loss":0.0,"gold_gain":0.0,"event_name":"Masked Bandits","player_choice":"Fought Bandits","floor":21.0,"gold_loss":0.0,"damage_taken":0.0},{"damage_healed":24.0,"max_hp_gain":0.0,"max_hp_loss":0.0,"gold_gain":0.0,"event_name":"The Library","player_choice":"Heal","floor":31.0,"gold_loss":0.0,"damage_taken":0.0},{"damage_healed":0.0,"max_hp_gain":0.0,"max_hp_loss":0.0,"gold_gain":0.0,"event_name":"NoteForYourself","player_choice":"Ignored","floor":36.0,"gold_loss":0.0,"damage_taken":0.0},{"damage_healed":0.0,"max_hp_gain":0.0,"max_hp_loss":0.0,"gold_gain":222.0,"event_name":"Tomb of Lord Red Mask","player_choice":"Wore Mask","floor":39.0,"gold_loss":0.0,"damage_taken":0.0}],"is_beta":false,"boss_relics":[{"not_picked":["SacredBark","Runic Pyramid"],"picked":"Astrolabe"},{"not_picked":["Cursed Key","Replay:Drink Me"],"picked":"Fusion Hammer"}],"items_purged_floors":[11,19,41],"is_endless":false,"potions_floor_spawned":[2,4,13,14,20,21,22,24,29,30,35,37,40],"killed_by":"Giant Head","ascension_level":0}}