{"host":"swn8ychr123rw3gf","time":1613052559,"event":{"mods":["BaseMod","Minty Spire (QoL Compilation)","StSLib"],"gold_per_floor":[115,125,143,103,28,61,61,20,45,45,59,77,89,114,114,190,190,205,205,105,118,131,131,151,151,151,151,151,178,53,53,53,130,130,150,0,0,0],"floor_reached":37,"language":"ZHS","playtime":1406,"items_purged":["Strike_G","Strike_G","Strike_G","Defend_G"],"score":803,"play_id":"19d9eb46-1ac8-4869-b559-31e1bdcef390","local_time":"20210211220919","is_ascension_mode":true,"campfire_choices":[{"data":"Noxious Fumes","floor":7.0,"key":"SMITH"},{"data":"Caltrops","floor":10.0,"key":"SMITH"},{"data":"Footwork","floor":15.0,"key":"SMITH"},{"data":"Deadly Poison","floor":23.0,"key":"SMITH"},{"data":"Catalyst","floor":25.0,"key":"SMITH"},{"data":"Doppelganger","floor":28.0,"key":"SMITH"},{"floor":32.0,"key":"REST"}],"circlet_count":0,"master_deck":["AscendersBane","Defend_G","Defend_G","Survivor","Neutralize","Dash","Noxious Fumes+1","Acrobatics","Caltrops+1","Footwork+1","Doppelganger","Deadly Poison+1","Doppelganger+1","Catalyst+1","Backflip","Deadly Poison","Venomology","Endless Agony+1","Predator+1","Dodge and Roll+1"],"relics":["Ring of the Snake","Blood Vial","Pen Nib","Odd Mushroom","SlaversCollar","Torii","Question Card","Art of War","Astrolabe"],"acts_visited":["Exordium","TheCity","TheBeyond"],"potions_floor_usage":[37],"damage_taken":[{"damage":9.0,"enemies":"Cultist","floor":1.0,"turns":5.0},{"damage":0.0,"enemies":"Jaw Worm","floor":2.0,"turns":6.0},{"damage":1.0,"enemies":"2 Louse","floor":3.0,"turns":4.0},{"damage":1.0,"enemies":"Looter","floor":4.0,"turns":4.0},{"damage":18.0,"enemies":"3 Sentries","floor":6.0,"turns":10.0},{"damage":4.0,"enemies":"Lots of Slimes","floor":11.0,"turns":3.0},{"damage":1.0,"enemies":"Blue Slaver","floor":12.0,"turns":4.0},{"damage":2.0,"enemies":"Exordium Thugs","floor":13.0,"turns":4.0},{"damage":18.0,"enemies":"The Mushroom Lair","floor":14.0,"turns":5.0},{"damage":2.0,"enemies":"Hexaghost","floor":16.0,"turns":9.0},{"damage":13.0,"enemies":"3 Byrds","floor":18.0,"turns":1.0},{"damage":8.0,"enemies":"Shell Parasite","floor":21.0,"turns":6.0},{"damage":15.0,"enemies":"Snake Plant","floor":22.0,"turns":5.0},{"damage":14.0,"enemies":"Centurion and Healer","floor":24.0,"turns":9.0},{"damage":4.0,"enemies":"Book of Stabbing","floor":29.0,"turns":6.0},{"damage":7.0,"enemies":"Champ","floor":33.0,"turns":7.0},{"damage":32.0,"enemies":"Orb Walker","floor":35.0,"turns":5.0},{"damage":19,"enemies":"3 Darklings","floor":37,"turns":5}],"seed_played":"-7945101765019643808","potions_obtained":[{"floor":1.0,"key":"Dexterity Potion"},{"floor":2.0,"key":"EntropicBrew"},{"floor":6.0,"key":"CunningPotion"},{"floor":12.0,"key":"Ancient Potion"},{"floor":14.0,"key":"LiquidBronze"},{"floor":29.0,"key":"Fruit Juice"},{"floor":33.0,"key":"Weak Potion"},{"floor":35.0,"key":"SteroidPotion"}],"is_trial":false,"path_per_floor":["M","M","M","M","$","E","R","$","T","R","M","M","M","?","R","B",null,"M","?","$","M","M","R","M","R","T","T","R","E","$","$","R","B",null,"M","$","M"],"character_chosen":"THE_SILENT","items_purchased":["Footwork"],"campfire_rested":1,"item_purchase_floors":[8],"current_hp_per_floor":[56,56,55,54,54,36,36,36,36,36,34,35,35,19,19,19,59,48,48,48,42,29,29,17,17,17,17,17,15,15,15,36,36,67,37,37,20,20],"gold":0,"neow_bonus":"TEN_PERCENT_HP_BONUS","is_daily":false,"chose_seed":false,"campfire_upgraded":6,"win_rate":0.0,"timestamp":1613052559,"path_taken":["M","M","?","M","$","E","R","$","T","R","M","M","M","?","R","BOSS","M","?","$","M","M","R","M","R","T","?","R","E","$","?","R","BOSS","M","$","M"],"items_purchased_type":["Card"],"build_version":"2020-12-22","purchased_purges":4,"victory":false,"max_hp_per_floor":[72,72,72,72,72,72,72,72,72,72,72,72,72,72,72,72,72,72,72,72,72,72,72,72,72,72,72,72,72,72,72,72,77,77,77,77,77,77],"card_choices":[{"not_picked":["Quick Slash","Flying Knee"],"picked":"Dash","floor":1.0},{"not_picked":["Deflect","Dodge and Roll","Flechettes"],"picked":"SKIP","floor":2.0},{"not_picked":["Dagger Spray","Eviscerate"],"picked":"Noxious Fumes","floor":3.0},{"not_picked":["Eviscerate","Backflip"],"picked":"Acrobatics","floor":4.0},{"not_picked":["Blade Dance","Slice"],"picked":"Caltrops","floor":6.0},{"not_picked":["Backflip","Prepared"],"picked":"Doppelganger","floor":11.0},{"not_picked":["Crippling Poison","Dodge and Roll","Expertise"],"picked":"SKIP","floor":12.0},{"not_picked":["Prepared","Sucker Punch"],"picked":"Deadly Poison","floor":13.0},{"not_picked":["Unload","Glass Knife"],"picked":"Doppelganger","floor":16.0},{"not_picked":["Quick Slash","Prepared"],"picked":"Catalyst","floor":18.0},{"not_picked":["Dagger Throw","Poisoned Stab"],"picked":"Backflip","floor":21.0},{"not_picked":["Cloak And Dagger","Masterful Stab+1","Blade Dance"],"picked":"SKIP","floor":22.0},{"not_picked":["Poisoned Stab","Blade Dance+1","Expertise"],"picked":"SKIP","floor":24.0},{"not_picked":["Crippling Poison","Poisoned Stab","Deflect"],"picked":"Deadly Poison","floor":29.0},{"not_picked":["Doppelganger","Phantasmal Killer","Storm of Steel"],"picked":"Venomology","floor":33.0},{"not_picked":["Crippling Poison","Quick Slash+1","Cloak And Dagger+1","Blade Dance"],"picked":"SKIP","floor":35.0}],"player_experience":462999,"relics_obtained":[{"floor":6.0,"key":"Blood Vial"},{"floor":9.0,"key":"Pen Nib"},{"floor":14.0,"key":"Odd Mushroom"},{"floor":26.0,"key":"Torii"},{"floor":27.0,"key":"Question Card"},{"floor":29.0,"key":"Art of War"}],"event_choices":[{"damage_healed":0.0,"max_hp_gain":0.0,"max_hp_loss":0.0,"gold_gain":0.0,"event_name":"Mushrooms","player_choice":"Fought Mushrooms","floor":14.0,"gold_loss":0.0,"damage_taken":0.0},{"cards_removed":["Strike_G"],"damage_healed":0.0,"max_hp_gain":0.0,"max_hp_loss":0.0,"gold_gain":0.0,"event_name":"Back to Basics","player_choice":"Elegance","floor":19.0,"gold_loss":0.0,"damage_taken":0.0}],"is_beta":false,"boss_relics":[{"not_picked":["Sozu","Ectoplasm"],"picked":"SlaversCollar"},{"not_picked":["Fusion Hammer","SacredBark"],"picked":"Astrolabe"}],"items_purged_floors":[5,20,30,36],"is_endless":false,"potions_floor_spawned":[1,2,6,12,14,29,33,35],"killed_by":"3 Darklings","ascension_level":19}}