{"host":"cnq91ghfhf6lz0gv","time":1613006993,"event":{"mods":["BaseMod","Clockwork Mod","Colored Map","Colored Powertips","Conspire","Downfall","Googly Eyes","Highlight Path","Minty Spire (QoL Compilation)","Replay The Spire","StSLib","SuperFastMode","The IronCluck","The Showman","slay the spire mod where everything is the same but ironclad has a cowboy hat"],"gold_per_floor":[116,131,131,227,227,227,239,164,187,214,214,133,213,213,213,213,213],"floor_reached":16,"language":"ENG","playtime":343,"items_purged":["Bash"],"score":160,"play_id":"859acada-db57-4bf0-9cb0-8bedbdeb8321","local_time":"20210210202953","is_ascension_mode":true,"campfire_choices":[{"data":"ReplayTheSpireMod:Muscle Training","floor":6,"key":"SMITH"},{"data":"Sword Boomerang","floor":11,"key":"SMITH"},{"data":"Metallicize","floor":15,"key":"SMITH"}],"circlet_count":0,"master_deck":["conspire:GhostlyStrike","conspire:GhostlyStrike","conspire:GhostlyStrike+1","conspire:GhostlyStrike+1","conspire:GhostlyStrike","conspire:GhostlyDefend","conspire:GhostlyDefend","conspire:GhostlyDefend","conspire:GhostlyDefend","ReplayTheSpireMod:Muscle Training+1","Metallicize+1","Sword Boomerang+1","Thunderclap+1","Iron Wave","ReplayTheSpireMod:Limb From Limb"],"relics":["Burning Blood","Lantern","Omamori","Whetstone","Gremlin Horn"],"acts_visited":["Exordium"],"potions_floor_usage":[16],"damage_taken":[{"damage":1,"enemies":"Cultist","floor":1,"turns":3},{"damage":9,"enemies":"Jaw Worm","floor":2,"turns":4},{"damage":8,"enemies":"Small Slimes","floor":7,"turns":3},{"damage":29,"enemies":"3 Sentries","floor":10,"turns":10},{"damage":41,"enemies":"Hexaghost","floor":16,"turns":11}],"seed_played":"3700971490945727469","potions_obtained":[{"floor":10,"key":"Milkshake"}],"is_trial":false,"path_per_floor":["M","M","?","?","?","R","M","$","T","E","R","$","T","?","R_BF","B"],"character_chosen":"IRONCLAD","items_purchased":["ReplayTheSpireMod:Limb From Limb"],"campfire_rested":0,"item_purchase_floors":[12],"current_hp_per_floor":[88,85,85,63,63,63,61,61,61,38,38,38,38,38,38,0,0],"gold":213,"neow_bonus":"TEN_PERCENT_HP_BONUS","is_daily":false,"chose_seed":false,"campfire_upgraded":3,"win_rate":0.0,"timestamp":1613006993,"path_taken":["M","M","?","?","?","R","?","$","T","E","R","?","?","?","R_BF","BOSS"],"items_purchased_type":["Card"],"build_version":"2020-12-22","purchased_purges":1,"victory":false,"max_hp_per_floor":[88,88,88,88,88,88,88,88,88,88,88,88,88,88,88,88,88],"card_choices":[{"not_picked":["Anger","Wild Strike"],"picked":"ReplayTheSpireMod:Muscle Training","floor":1},{"not_picked":["Run Through","Heavy Blade"],"picked":"Metallicize","floor":2},{"not_picked":["Anger","Twin Strike"],"picked":"Sword Boomerang","floor":4},{"not_picked":["Heavy Blade","Armaments"],"picked":"Thunderclap","floor":4},{"not_picked":["Anger","Wild Strike","Blood for Blood"],"picked":"SKIP","floor":7},{"not_picked":["ReplayReversal","Headbutt"],"picked":"Iron Wave","floor":10}],"player_experience":227125,"relics_obtained":[{"floor":4,"key":"Lantern"},{"floor":9,"key":"Omamori"},{"floor":10,"key":"Whetstone"},{"floor":13,"key":"Gremlin Horn"}],"event_choices":[{"damage_healed":0,"gold_gain":0,"player_choice":"Leave","damage_taken":0,"max_hp_gain":0,"max_hp_loss":0,"event_name":"conspire:Investor","floor":3,"gold_loss":0},{"damage_healed":0,"gold_gain":0,"player_choice":"Agree","damage_taken":0,"max_hp_gain":0,"max_hp_loss":0,"event_name":"conspire:LoneGhost","floor":5,"gold_loss":0},{"damage_healed":0,"gold_gain":0,"player_choice":"Upgraded","damage_taken":0,"max_hp_gain":0,"max_hp_loss":0,"event_name":"Upgrade Shrine","floor":14,"gold_loss":0,"cards_upgraded":["Thunderclap"]}],"is_beta":false,"boss_relics":[],"items_purged_floors":[8],"is_endless":false,"potions_floor_spawned":[10],"killed_by":"Hexaghost","ascension_level":3}}