{"host":"p6x4b30m1ltzgl6z","time":1613003669,"event":{"mods":["2.2 Compatiblity","Act Like it!","BaseMod","Colored Powertips","Curses Come First","Defective Defect","Gensokyo","GifTheSpireLib","Halation","Hallownest","Infinite Spire","Marisa????????","Minty Spire (QoL Compilation)","Quick Restart","Rare Cards Sparkle","Reimu??????","Replay The Spire","StSLib","Stuff the Spire","The Bug Knight","The Servant 0.9.4","everything is the same but u backflip on backflip","slay the spire mod where everything is the same but ironclad has a cowboy hat"],"gold_per_floor":[112,112,130,145,225,251,25,25,25,36,51,51,51,83,83,180,180,198,217,233,259,0,0,12,12,12,12,12,12,39,50,50,179,179,217,217,217,260,260,260,260],"floor_reached":40,"language":"ENG","playtime":2420,"items_purged":[],"score":423,"play_id":"3c365f20-54ea-4134-b914-e512fee70d64","local_time":"20210210183429","is_ascension_mode":false,"campfire_choices":[{"floor":8,"key":"REST"},{"floor":15,"key":"REST"},{"floor":23,"key":"REST"},{"floor":27,"key":"REST"},{"floor":32,"key":"REST"}],"circlet_count":0,"master_deck":["Strike_MRS+1","Strike_MRS","Strike_MRS","Strike_MRS","Defend_MRS","Defend_MRS","Defend_MRS","Defend_MRS","MasterSpark","UpSweep","NonDirectionalLaser+1","AsteroidBelt+1","UnstableBomb","UltimateShortwave+1","SporeBomb","FinalSpark","AsteroidBelt+1","SuperPerseids+1","Robbery+1","PulseMagic+1","FairyDestructionRay+1","MilkyWay"],"relics":["BewitchedHakkero","NeowsBlessing","halation:PinkSoulGem","halation:BlackBeret","RuthlessExorcism:ReiMu","halation:LostSnail","infinitespire:Golems Mask","Replay:WaspNest","Gremlin Food","Molten Egg 2","MutagenicStrength","halation:EternalFortune"],"acts_visited":["Gensokyo:Gensokyo","TheCity","Gensokyo:Gensokyoest"],"potions_floor_usage":[6,6,30,33,33,38,38],"damage_taken":[{"damage":0,"enemies":"Gensokyo:Python","floor":1,"turns":1},{"damage":0,"enemies":"Gensokyo:Gryphon","floor":3,"turns":1},{"damage":0,"enemies":"Gensokyo:3_Fairies","floor":4,"turns":1},{"damage":10,"enemies":"Gensokyo:Aya","floor":6,"turns":6},{"damage":0,"enemies":"Gensokyo:LivingMonolith","floor":10,"turns":2},{"damage":12,"enemies":"Gensokyo:Kitsune","floor":11,"turns":2},{"damage":13,"enemies":"Gensokyo:Mamizou","floor":14,"turns":9},{"damage":41,"enemies":"Gensokyo:Kokoro","floor":16,"turns":11},{"damage":25,"enemies":"2 Thieves","floor":18,"turns":3},{"damage":0,"enemies":"Chosen","floor":19,"turns":3},{"damage":18,"enemies":"Centurion and Healer","floor":20,"turns":5},{"damage":21,"enemies":"Shelled Parasite and Fungi","floor":21,"turns":5},{"damage":3,"enemies":"Chosen and Byrds","floor":24,"turns":5},{"damage":12,"enemies":"Centurion and Healer","floor":30,"turns":3},{"damage":8,"enemies":"Snecko","floor":31,"turns":4},{"damage":47,"enemies":"Automaton","floor":33,"turns":9},{"damage":19,"enemies":"Gensokyo:AncientGuardian","floor":35,"turns":6},{"damage":9,"enemies":"Gensokyo:3_Boulders","floor":38,"turns":4},{"damage":61,"enemies":"Gensokyo:Kasen","floor":40,"turns":3}],"seed_played":"5490039869103689252","potions_obtained":[{"floor":1,"key":"Energy Potion"},{"floor":3,"key":"StarNLove"},{"floor":6,"key":"Dexterity Potion"},{"floor":16,"key":"Swift Potion"},{"floor":24,"key":"AttackPotion"},{"floor":30,"key":"PowerPotion"},{"floor":33,"key":"ColorlessPotion"},{"floor":35,"key":"Block Potion"}],"is_trial":false,"path_per_floor":["M","?","M","M","?","E","$","R","T","M","M","?","T","E","R","B",null,"M","M","M","M","?","R","M","?","T","R","?","$","M","M","R","B",null,"M","?","?","M","?","E"],"character_chosen":"MARISA","items_purchased":["RuthlessExorcism:ReiMu","halation:LostSnail"],"campfire_rested":5,"item_purchase_floors":[7,7],"current_hp_per_floor":[75,75,75,75,75,65,65,75,75,75,63,63,63,50,72,31,75,50,50,32,11,11,33,30,30,30,52,52,52,40,32,54,7,75,56,59,59,50,50,0,0],"gold":260,"neow_bonus":"THREE_ENEMY_KILL","is_daily":false,"chose_seed":false,"campfire_upgraded":0,"win_rate":0.0,"timestamp":1613003669,"path_taken":["M","?","?","M","?","E","?","R","T","?","M","?","?","E","R","BOSS","M","?","M","M","?","R","M","?","T","R","?","$","?","?","R","BOSS","M","?","?","?","?","E"],"items_purchased_type":["Relic","Relic"],"build_version":"2020-12-22","purchased_purges":0,"victory":false,"max_hp_per_floor":[75,75,75,75,75,75,75,75,75,75,75,75,75,75,75,75,75,75,75,75,75,75,75,75,75,75,75,75,75,75,75,75,75,75,75,78,78,78,78,78,78],"card_choices":[{"not_picked":["ManaConvection","SporeBomb"],"picked":"NonDirectionalLaser","floor":1},{"not_picked":["DoubleSpark","SuperNova"],"picked":"AsteroidBelt","floor":3},{"not_picked":["WitchOfGreed","Acceleration"],"picked":"UnstableBomb","floor":4},{"not_picked":["ShootingEcho","EnergyRecoil"],"picked":"UltimateShortwave","floor":6},{"not_picked":["DarkMatter","MysteriousBeam"],"picked":"SporeBomb","floor":10},{"not_picked":["LuminesStrike","SporeBomb","DC"],"picked":"SKIP","floor":11},{"not_picked":["DoubleSpark","GravityBeat","MysteriousBeam"],"picked":"SKIP","floor":14},{"not_picked":["SatelliteIllusion","MaximisePower"],"picked":"FinalSpark","floor":16},{"not_picked":["ShootTheMoon","LuminesStrike+1"],"picked":"AsteroidBelt+1","floor":18},{"not_picked":["GravityBeat","FairyDestructionRay"],"picked":"SuperPerseids+1","floor":19},{"not_picked":["GrandCross","WitchLeyline+1"],"picked":"Robbery+1","floor":20},{"not_picked":["UnstableBomb","ChargingUp"],"picked":"PulseMagic+1","floor":21},{"not_picked":["GrandCross","MagicChant","ManaRampage"],"picked":"SKIP","floor":24},{"not_picked":["WitchLeyline+1","GrandCross+1"],"picked":"FairyDestructionRay+1","floor":30},{"not_picked":["ShootingEcho+1","WitchOfGreed","EscapeVelocity"],"picked":"SKIP","floor":31},{"not_picked":["RefractionSpark+1","OneTimeOff","GrandCross+1"],"picked":"SKIP","floor":35},{"not_picked":["DC+1","ShootingEcho+1"],"picked":"MilkyWay","floor":38}],"player_experience":188816,"relics_obtained":[{"floor":6,"key":"halation:BlackBeret"},{"floor":9,"key":"infinitespire:Golems Mask"},{"floor":13,"key":"Replay:WaspNest"},{"floor":14,"key":"Gremlin Food"},{"floor":26,"key":"Molten Egg 2"}],"event_choices":[{"damage_healed":0,"gold_gain":0,"player_choice":"Paid Fearfully","damage_taken":0,"max_hp_gain":0,"max_hp_loss":0,"event_name":"Masked Bandits","floor":22,"gold_loss":259},{"damage_healed":0,"gold_gain":0,"player_choice":"Inject Mutagens","damage_taken":0,"relics_obtained":["MutagenicStrength"],"max_hp_gain":0,"max_hp_loss":0,"event_name":"Drug Dealer","floor":28,"gold_loss":0}],"is_beta":false,"boss_relics":[{"not_picked":["Abe\u0027s Treasure","RampagingMagicTools","halation:ForbiddenBikini"]},{"not_picked":["Ring of Chaos","Replay:Grab Bag"],"picked":"BewitchedHakkero"}],"items_purged_floors":[],"is_endless":false,"potions_floor_spawned":[1,3,6,16,24,30,31,33,35],"killed_by":"Gensokyo:Kasen","ascension_level":0}}