{"host":"t75twhtg6c476ygg","time":1613085965,"event":{"mods":["AchievementEnabler","BaseMod","Colored Powertips","Minty Spire (QoL Compilation)","Quick Restart","Relic Stats","StSLib","SuperFastMode"],"gold_per_floor":[114,189,4414,4429,4429,4459,4474,3854,3854,3869,89,119,134,164,164,273,273,5288,2578,2578,2593,2608,2638,2638,2688,2688,2703,2733,2772,2697,2722,2722,2831,2831,2846,2861,2883,2933,2801,2840,2840,2870,2895,2910,2925,2802,2802,2817,2817,2817],"floor_reached":51,"language":"ENG","playtime":1790,"items_purged":["Strike_P","Defend_P","Defend_P+1"],"score":1433,"play_id":"b1eb85f3-b820-4485-90e2-81bcb52f8c69","local_time":"20210211232605","daily_mods":["Allstar","Vintage","Binary"],"is_ascension_mode":false,"campfire_choices":[{"data":"ForeignInfluence","floor":15,"key":"SMITH"},{"data":"1","floor":24,"key":"LIFT"},{"data":"2","floor":32,"key":"LIFT"},{"data":"3","floor":41,"key":"LIFT"},{"data":"Worship+1","floor":49,"key":"PURGE"}],"circlet_count":9,"master_deck":["Strike_P+1","Strike_P+1","Defend_P+1","Defend_P+1","Eruption+1","Vigilance+1","Swift Strike+1","Dark Shackles+1","Sadistic Nature+1","Master of Strategy+1","FearNoEvil+1","Halt+1","ForeignInfluence+1","LessonLearned+1","Conclude+1","Omniscience+1","Establishment+1","Vault+1","Consecrate+1"],"relics":["PureWater","Frozen Egg 2","Sling","Lantern","War Paint","Anchor","Art of War","Toy Ornithopter","Strange Spoon","Blue Candle","Bag of Preparation","The Courier","Membership Card","Matryoshka","Boot","ClockworkSouvenir","Vajra","Molten Egg 2","Incense Burner","Juzu Bracelet","Eternal Feather","Tiny Chest","Strawberry","Ancient Tea Set","Thread and Needle","Singing Bowl","Shuriken","MealTicket","Orichalcum","Omamori","Bag of Marbles","CaptainsWheel","Pen Nib","Centennial Puzzle","Potion Belt","Sundial","GoldenEye","Dream Catcher","Blood Vial","CeramicFish","Whetstone","Nunchaku","Pantograph","Damaru","Mercury Hourglass","Happy Flower","Gambling Chip","White Beast Statue","Gremlin Horn","Letter Opener","Bronze Scales","Unceasing Top","Bird Faced Urn","Regal Pillow","Mango","Toxic Egg 2","StrikeDummy","PreservedInsect","Oddly Smooth Stone","Du-Vu Doll","Akabeko","Meat on the Bone","TeardropLocket","Question Card","SlaversCollar","Prayer Wheel","TungstenRod","Lizard Tail","InkBottle","Ornamental Fan","HandDrill","HornCleat","Darkstone Periapt","Mummified Hand","Pear","Turnip","Bottled Lightning","Yang","Torii","CloakClasp","Ice Cream","Girya","Ginger","WingedGreaves","Calipers","FossilizedHelix","Shovel","StoneCalendar","Pocketwatch","Peace Pipe","Circlet","Coffee Dripper","Frozen Eye"],"acts_visited":["Exordium","TheCity","TheBeyond"],"potions_floor_usage":[35,50,50],"damage_taken":[{"damage":2.0,"enemies":"2 Louse","floor":1.0,"turns":3.0},{"damage":0.0,"enemies":"Jaw Worm","floor":4.0,"turns":2.0},{"damage":10.0,"enemies":"3 Sentries","floor":6.0,"turns":5.0},{"damage":0.0,"enemies":"Cultist","floor":7.0,"turns":1.0},{"damage":0.0,"enemies":"Exordium Wildlife","floor":10.0,"turns":1.0},{"damage":11.0,"enemies":"Lagavulin","floor":12.0,"turns":2.0},{"damage":0,"enemies":"Looter","floor":13,"turns":1},{"damage":0,"enemies":"3 Sentries","floor":14,"turns":1},{"damage":0,"enemies":"Hexaghost","floor":16,"turns":4},{"damage":0,"enemies":"2 Thieves","floor":18,"turns":1},{"damage":0,"enemies":"Spheric Guardian","floor":21,"turns":2},{"damage":0,"enemies":"Centurion and Healer","floor":22,"turns":2},{"damage":0,"enemies":"Gremlin Leader","floor":23,"turns":1},{"damage":0,"enemies":"Cultist and Chosen","floor":27,"turns":1},{"damage":0,"enemies":"Book of Stabbing","floor":28,"turns":1},{"damage":0,"enemies":"Gremlin Leader","floor":29,"turns":1},{"damage":0,"enemies":"Collector","floor":33,"turns":3},{"damage":0,"enemies":"3 Shapes","floor":35,"turns":1},{"damage":0,"enemies":"3 Darklings","floor":36,"turns":1},{"damage":0,"enemies":"2 Orb Walkers","floor":37,"turns":1},{"damage":0,"enemies":"Mind Bloom Boss Battle","floor":38,"turns":1},{"damage":0,"enemies":"Reptomancer","floor":40,"turns":1},{"damage":0,"enemies":"Nemesis","floor":42,"turns":1},{"damage":0,"enemies":"Sphere and 2 Shapes","floor":44,"turns":2},{"damage":0,"enemies":"Spire Growth","floor":45,"turns":1},{"damage":0,"enemies":"3 Darklings","floor":48,"turns":1},{"damage":0,"enemies":"Awakened One","floor":50,"turns":4}],"seed_played":"-587577638262706789","potions_obtained":[{"floor":1.0,"key":"Fruit Juice"},{"floor":12.0,"key":"BlessingOfTheForge"},{"floor":13,"key":"Fruit Juice"},{"floor":18,"key":"Explosive Potion"},{"floor":35,"key":"Ambrosia"}],"is_trial":false,"path_per_floor":["M","?","$","M","?","E","M","$","T","M","$","E","M","E","R","B",null,"M","$","?","M","M","E","R","T","T","M","E","E","?","T","R","B",null,"M","M","?","?","?","E","R","E","T","M","M","$","T","M","R","B",null],"character_chosen":"WATCHER","items_purchased":["Sling","Lantern","War Paint","Block Potion","Block Potion","FearNoEvil","Weak Potion","Halt","Conclude","Strange Spoon","Blue Candle","Bag of Preparation","ClockworkSouvenir","Vajra","Molten Egg 2","Incense Burner","Juzu Bracelet","Eternal Feather","Tiny Chest","Strawberry","Ancient Tea Set","Thread and Needle","Singing Bowl","Shuriken","MealTicket","Orichalcum","Omamori","Bag of Marbles","CaptainsWheel","Pen Nib","Centennial Puzzle","Potion Belt","Sundial","GoldenEye","Dream Catcher","Blood Vial","CeramicFish","Whetstone","Nunchaku","Pantograph","Damaru","Mercury Hourglass","Happy Flower","Gambling Chip","White Beast Statue","Gremlin Horn","Letter Opener","Bronze Scales","Unceasing Top","Bird Faced Urn","Regal Pillow","Mango","Toxic Egg 2","StrikeDummy","PreservedInsect","Oddly Smooth Stone","Du-Vu Doll","Akabeko","TungstenRod","Lizard Tail","InkBottle","Ornamental Fan","HandDrill","HornCleat","Darkstone Periapt","Mummified Hand","Pear","Turnip","Bottled Lightning","Yang","Torii","CloakClasp","Ice Cream","Girya","Ginger","WingedGreaves","Calipers","FossilizedHelix","Shovel","StoneCalendar","Pocketwatch","Peace Pipe","Frozen Eye"],"campfire_rested":0,"item_purchase_floors":[3,3,3,3,3,3,3,3,8,8,8,8,11,11,11,11,11,11,11,11,11,11,11,11,11,11,11,11,11,11,11,11,11,11,11,11,11,11,11,11,11,11,11,11,11,11,11,11,11,11,11,11,11,11,11,11,11,11,19,19,19,19,19,19,19,19,19,19,19,19,19,19,19,19,19,19,19,19,19,19,19,19,46],"current_hp_per_floor":[70,59,64,64,64,54,54,54,54,54,75,68,70,74,83,102,102,102,112,112,112,112,114,114,114,114,114,116,116,116,116,116,116,116,121,121,123,125,125,125,125,127,127,127,127,127,127,127,127,127],"gold":2817,"neow_bonus":"","is_daily":true,"chose_seed":false,"campfire_upgraded":1,"win_rate":0.0,"timestamp":1613085965,"path_taken":["M","?","$","M","?","E","M","$","T","M","?","E","M","E","R","BOSS","M","$","?","M","M","E","R","?","T","M","E","E","?","?","R","BOSS","M","M","?","?","?","E","R","E","T","M","M","$","?","M","R","BOSS"],"items_purchased_type":["Relic","Relic","Relic","Potion","Potion","Card","Potion","Card","Card","Relic","Relic","Relic","Relic","Relic","Relic","Relic","Relic","Relic","Relic","Relic","Relic","Relic","Relic","Relic","Relic","Relic","Relic","Relic","Relic","Relic","Relic","Relic","Relic","Relic","Relic","Relic","Relic","Relic","Relic","Relic","Relic","Relic","Relic","Relic","Relic","Relic","Relic","Relic","Relic","Relic","Relic","Relic","Relic","Relic","Relic","Relic","Relic","Relic","Relic","Relic","Relic","Relic","Relic","Relic","Relic","Relic","Relic","Relic","Relic","Relic","Relic","Relic","Relic","Relic","Relic","Relic","Relic","Relic","Relic","Relic","Relic","Relic","Relic"],"build_version":"2020-12-22","purchased_purges":3,"victory":true,"max_hp_per_floor":[72,72,77,77,77,77,77,77,77,77,98,100,100,102,102,102,102,102,112,112,112,112,114,114,114,114,114,116,116,116,116,116,116,116,121,121,123,125,125,125,125,127,127,127,127,127,127,127,127,127],"relic_stats":{"Gremlin Horn":[21,21],"CeramicFish":36,"Whetstone":["Swift Strike","Strike_P"],"Ginger":[0],"Boot":[3],"Blood Vial":6,"Centennial Puzzle":[3],"Lizard Tail":0,"Sundial":[2],"MealTicket":0,"Prayer Wheel":0,"HandDrill":[8],"Happy Flower":[11],"counters":[27,46],"Blue Candle":[0],"Eternal Feather":9,"Pen Nib":[10],"Letter Opener":[100],"War Paint":["Defend_P","Dark Shackles"],"Question Card":9,"Shuriken":[22],"Bronze Scales":[43],"Bird Faced Urn":[0],"obtain_stats":[{"Ice Cream":19,"Calipers":19,"Gremlin Horn":11,"CeramicFish":11,"Vajra":11,"Whetstone":11,"Ginger":19,"Sling":3,"Boot":10,"Blood Vial":11,"Centennial Puzzle":11,"Lizard Tail":19,"HornCleat":19,"Sundial":11,"Strawberry":11,"MealTicket":11,"Prayer Wheel":18,"HandDrill":19,"Toxic Egg 2":11,"Girya":19,"Pear":19,"Happy Flower":11,"Blue Candle":8,"Oddly Smooth Stone":11,"Eternal Feather":11,"Pen Nib":11,"Letter Opener":11,"War Paint":3,"Question Card":14,"Akabeko":11,"Du-Vu Doll":11,"SlaversCollar":17,"Shuriken":11,"Bronze Scales":11,"Bird Faced Urn":11,"Molten Egg 2":11,"StrikeDummy":11,"Unceasing Top":11,"Meat on the Bone":12,"Pocketwatch":19,"Darkstone Periapt":19,"Lantern":3,"Regal Pillow":11,"Singing Bowl":11,"Torii":19,"Mango":11,"Yang":19,"StoneCalendar":19,"Bag of Preparation":8,"Incense Burner":11,"Juzu Bracelet":11,"CloakClasp":19,"TeardropLocket":13,"Ancient Tea Set":11,"ClockworkSouvenir":11,"Frozen Eye":46,"Dream Catcher":11,"Nunchaku":11,"Matryoshka":9,"Shovel":19,"Mummified Hand":19,"Pantograph":11,"Gambling Chip":11,"Tiny Chest":11,"WingedGreaves":19,"InkBottle":19,"Potion Belt":11,"Damaru":11,"Circlet":22,"Thread and Needle":11,"The Courier":8,"PreservedInsect":11,"Omamori":11,"Frozen Egg 2":1,"Orichalcum":11,"GoldenEye":11,"White Beast Statue":11,"Mercury Hourglass":11,"Peace Pipe":19,"Strange Spoon":8,"Anchor":4,"CaptainsWheel":11,"Ornamental Fan":19,"Turnip":19,"Art of War":6,"Bag of Marbles":11,"Coffee Dripper":34,"Membership Card":8,"Bottled Lightning":19,"PureWater":0,"Toy Ornithopter":7,"TungstenRod":19,"FossilizedHelix":19},{"Ice Cream":10,"Calipers":10,"Gremlin Horn":5,"CeramicFish":5,"Vajra":5,"Whetstone":5,"Ginger":10,"Sling":1,"Boot":5,"Blood Vial":5,"Centennial Puzzle":5,"Lizard Tail":10,"HornCleat":10,"Sundial":5,"Strawberry":5,"MealTicket":5,"Prayer Wheel":10,"HandDrill":10,"Toxic Egg 2":5,"Girya":10,"Pear":10,"Happy Flower":5,"Blue Candle":4,"Oddly Smooth Stone":5,"Eternal Feather":5,"Pen Nib":5,"Letter Opener":5,"War Paint":1,"Question Card":8,"Akabeko":5,"Du-Vu Doll":5,"SlaversCollar":9,"Shuriken":5,"Bronze Scales":5,"Bird Faced Urn":5,"Molten Egg 2":5,"StrikeDummy":5,"Unceasing Top":5,"Meat on the Bone":6,"Pocketwatch":10,"Darkstone Periapt":10,"Lantern":1,"Regal Pillow":5,"Singing Bowl":5,"Torii":10,"Mango":5,"Yang":10,"StoneCalendar":10,"Bag of Preparation":4,"Incense Burner":5,"Juzu Bracelet":5,"CloakClasp":10,"TeardropLocket":7,"Ancient Tea Set":5,"ClockworkSouvenir":5,"Frozen Eye":25,"Dream Catcher":5,"Nunchaku":5,"Matryoshka":4,"Shovel":10,"Mummified Hand":10,"Pantograph":5,"Gambling Chip":5,"Tiny Chest":5,"WingedGreaves":10,"InkBottle":10,"Potion Belt":5,"Damaru":5,"Circlet":12,"Thread and Needle":5,"The Courier":4,"PreservedInsect":5,"Omamori":5,"Frozen Egg 2":1,"Orichalcum":5,"GoldenEye":5,"White Beast Statue":5,"Mercury Hourglass":5,"Peace Pipe":10,"Strange Spoon":4,"Anchor":2,"CaptainsWheel":5,"Ornamental Fan":10,"Turnip":10,"Art of War":3,"Bag of Marbles":5,"Coffee Dripper":17,"Membership Card":4,"Bottled Lightning":10,"PureWater":0,"Toy Ornithopter":4,"TungstenRod":10,"FossilizedHelix":10},{"Ice Cream":21,"Calipers":21,"Gremlin Horn":12,"CeramicFish":12,"Vajra":12,"Whetstone":12,"Ginger":21,"Sling":3,"Boot":12,"Blood Vial":12,"Centennial Puzzle":12,"Lizard Tail":21,"HornCleat":21,"Sundial":12,"Strawberry":12,"MealTicket":12,"Prayer Wheel":21,"HandDrill":21,"Toxic Egg 2":12,"Girya":21,"Pear":21,"Happy Flower":12,"Blue Candle":11,"Oddly Smooth Stone":12,"Eternal Feather":12,"Pen Nib":12,"Letter Opener":12,"War Paint":3,"Question Card":16,"Akabeko":12,"Du-Vu Doll":12,"SlaversCollar":20,"Shuriken":12,"Bronze Scales":12,"Bird Faced Urn":12,"Molten Egg 2":12,"StrikeDummy":12,"Unceasing Top":12,"Meat on the Bone":14,"Pocketwatch":21,"Darkstone Periapt":21,"Lantern":3,"Regal Pillow":12,"Singing Bowl":12,"Torii":21,"Mango":12,"Yang":21,"StoneCalendar":21,"Bag of Preparation":11,"Incense Burner":12,"Juzu Bracelet":12,"CloakClasp":21,"TeardropLocket":15,"Ancient Tea Set":12,"ClockworkSouvenir":12,"Frozen Eye":41,"Dream Catcher":12,"Nunchaku":12,"Matryoshka":11,"Shovel":21,"Mummified Hand":21,"Pantograph":12,"Gambling Chip":12,"Tiny Chest":12,"WingedGreaves":21,"InkBottle":21,"Potion Belt":12,"Damaru":12,"Circlet":25,"Thread and Needle":12,"The Courier":11,"PreservedInsect":12,"Omamori":12,"Frozen Egg 2":3,"Orichalcum":12,"GoldenEye":12,"White Beast Statue":12,"Mercury Hourglass":12,"Peace Pipe":21,"Strange Spoon":11,"Anchor":5,"CaptainsWheel":12,"Ornamental Fan":21,"Turnip":21,"Art of War":10,"Bag of Marbles":12,"Coffee Dripper":32,"Membership Card":11,"Bottled Lightning":21,"PureWater":0,"Toy Ornithopter":11,"TungstenRod":21,"FossilizedHelix":21}],"Unceasing Top":[0],"Meat on the Bone":0,"Pocketwatch":[6],"Darkstone Periapt":0,"Regal Pillow":0,"Singing Bowl":14,"Torii":0,"Yang":[90],"StoneCalendar":[0],"Bag of Preparation":[46],"Juzu Bracelet":1,"CloakClasp":[32],"Dream Catcher":0,"Nunchaku":[10],"Shovel":0,"Mummified Hand":[23],"Pantograph":19,"Gambling Chip":[69],"Tiny Chest":2,"InkBottle":[13],"PreservedInsect":297,"Orichalcum":[6],"GoldenEye":[0],"Mercury Hourglass":[165],"Peace Pipe":1,"Strange Spoon":[38],"Ornamental Fan":[76],"Turnip":[2],"Art of War":[0],"Toy Ornithopter":0,"TungstenRod":0},"card_choices":[{"not_picked":["FearNoEvil"],"picked":"Worship","floor":6.0},{"not_picked":["EmptyBody+1","ReachHeaven+1"],"picked":"Singing Bowl","floor":12.0},{"not_picked":["Collect+1","SashWhip+1"],"picked":"Singing Bowl","floor":14},{"not_picked":["DevaForm+1","ConjureBlade+1"],"picked":"Omniscience+1","floor":16},{"not_picked":["EmptyBody+1","CarveReality+1","Perseverance+1"],"picked":"Singing Bowl","floor":23},{"not_picked":["FlurryOfBlows+1","BowlingBash+1","Vengeance+1"],"picked":"Singing Bowl","floor":28},{"not_picked":["FlurryOfBlows+1","ConjureBlade+1"],"picked":"Establishment+1","floor":29},{"not_picked":["DeusExMachina+1","Blasphemy+1"],"picked":"Vault+1","floor":33},{"not_picked":["Consecrate+1","WindmillStrike+1","EmptyFist+1"],"picked":"Singing Bowl","floor":37},{"not_picked":["ThirdEye+1","BowlingBash+1","FlyingSleeves+1"],"picked":"Singing Bowl","floor":38},{"not_picked":["Brilliance+1","Swivel+1"],"picked":"Consecrate+1","floor":40},{"not_picked":["Wireheading+1","SandsOfTime+1","InnerPeace+1"],"picked":"Singing Bowl","floor":42}],"player_experience":371855,"relics_obtained":[{"floor":1.0,"key":"Frozen Egg 2"},{"floor":4.0,"key":"Anchor"},{"floor":6.0,"key":"Art of War"},{"floor":7.0,"key":"Toy Ornithopter"},{"floor":9.0,"key":"Matryoshka"},{"floor":10.0,"key":"Boot"},{"floor":12.0,"key":"Meat on the Bone"},{"floor":13,"key":"TeardropLocket"},{"floor":14,"key":"Question Card"},{"floor":18,"key":"Prayer Wheel"},{"floor":22,"key":"Circlet"},{"floor":23,"key":"Circlet"},{"floor":27,"key":"Circlet"},{"floor":35,"key":"Circlet"},{"floor":36,"key":"Circlet"},{"floor":37,"key":"Circlet"},{"floor":40,"key":"Circlet"},{"floor":42,"key":"Circlet"}],"event_choices":[{"damage_healed":0.0,"max_hp_gain":0.0,"max_hp_loss":0.0,"gold_gain":75.0,"event_name":"World of Goop","player_choice":"Gather Gold","floor":2.0,"gold_loss":0.0,"damage_taken":11.0},{"damage_healed":0.0,"max_hp_gain":0.0,"max_hp_loss":0.0,"gold_gain":0.0,"cards_transformed":["Strike_P"],"event_name":"Living Wall","player_choice":"Change","floor":5.0,"gold_loss":0.0,"damage_taken":0.0,"cards_obtained":["ForeignInfluence"]},{"damage_healed":0,"gold_gain":0,"player_choice":"Ignored","damage_taken":0,"max_hp_gain":0,"max_hp_loss":0,"event_name":"Vampires","floor":20,"gold_loss":0},{"cards_removed":["Panacea"],"damage_healed":0,"gold_gain":0,"player_choice":"Gave Gold","damage_taken":0,"max_hp_gain":0,"max_hp_loss":0,"event_name":"Beggar","floor":30,"gold_loss":75},{"damage_healed":0,"gold_gain":0,"player_choice":"Fight","damage_taken":0,"max_hp_gain":0,"max_hp_loss":0,"event_name":"Mysterious Sphere","floor":37,"gold_loss":0},{"damage_healed":0,"gold_gain":0,"player_choice":"Fight","damage_taken":0,"max_hp_gain":0,"max_hp_loss":0,"event_name":"MindBloom","floor":38,"gold_loss":0},{"damage_healed":0,"gold_gain":0,"player_choice":"Paid Gold","damage_taken":0,"relics_obtained":["Circlet"],"max_hp_gain":0,"max_hp_loss":0,"event_name":"WeMeetAgain","floor":39,"gold_loss":132}],"is_beta":false,"boss_relics":[{"not_picked":["Cursed Key","SacredBark"],"picked":"SlaversCollar"},{"not_picked":["Busted Crown","Runic Dome"],"picked":"Coffee Dripper"}],"items_purged_floors":[3,19,46],"is_endless":false,"potions_floor_spawned":[1,12,13,14,16,18,21,22,23,27,28,29,33,35,36,37,38,40,42,44,45,48],"ascension_level":0}}