{"host":"97feeoqujgl2pi7v","time":1613054859,"event":{"mods":["AchievementEnabler","Act Like it!","Aspiration","Bard","BaseMod","Better Match","Better Third Choice","Colored Map","Colored Powertips","Conspire","DeckTracker","Downfall","Duelist Mod","Elementarium","Gensokyo","GifTheSpireLib","Gremlin Mod","Halation","Hallownest","Hermit","Hubris","Infinite Spire","Jorbs\u0027s Wanderer Trilogy","Koishi","Luminous","Mad Scientist","Marisa（霧雨　魔理沙）","Minty Spire (QoL Compilation)","Rare Cards Sparkle","Reimu（博丽灵梦）","Reliquary","Replay The Spire","Robot Space Explorer","Shade Mod","Shop Mod","Spicy Shops","StSLib","Td1madao Mod","The Animator","The Blackbeard","The Bladedancer","The Bug Knight","The Construct","The Cursed","The Disciple","The Dragon Tamer","The Marked","The Mystic","The Necromancer","The Runesmith","The Saiyan","The Senshi","The Servant 0.9.4","TheBandit","Yuri Mod"],"gold_per_floor":[113,130,90,103,114,149,40,40,66,81,81,96,114,131,131,236,236,250,260,292,292,304,304,1,30,99,99,109,127,157,177,177,279,279,290,308,145,60,79,79,114,114,114,133,133,58,93,93,93,93,93,93,17,50,50],"floor_reached":56,"language":"ENG","playtime":7631,"items_purged":[],"score":1351,"play_id":"f4947082-1ed5-4ff0-b9ed-9ee76abb3e30","local_time":"20210211094739","is_ascension_mode":false,"campfire_choices":[{"floor":11,"key":"REST"},{"floor":15,"key":"REST"},{"floor":23,"key":"REST"},{"floor":32,"key":"REST"},{"floor":40,"key":"REST"},{"floor":42,"key":"RECALL"},{"data":"Luminous:Chase_Spell_Luminous","floor":49,"key":"SMITH"},{"data":"Luminous:Mirror_Force_Luminous","floor":52,"key":"SMITH"}],"circlet_count":0,"master_deck":["Luminous:Light_Flash_Shower","Luminous:Light_Flash_Shower","Luminous:Light_Flash_Shower+1","Luminous:Dark_Abyssal_Drop","Luminous:Dark_Abyssal_Drop","Luminous:Dark_Abyssal_Drop","Luminous:Defend_Luminous","Luminous:Defend_Luminous","Luminous:Defend_Luminous+1","Luminous:Defend_Luminous","Luminous:Switch_Luminous+1","Luminous:Light_Sylvan_Lance+1","Luminous:Phantom_Treasure_Luminous+1","Luminous:Mana_Overload_Luminous","Luminous:Light_Track","Luminous:Light_Glare+1","Luminous:Chase_Spell_Luminous+1","Luminous:Light_Glare+1","Luminous:Balance_Death_Scythe","Luminous:Balance_Aether_Conduit","Luminous:Light_Glare+1","Luminous:Mirror_Force_Luminous+1","Luminous:Phantom_Treasure_Luminous+1","Luminous:Light_Gather","Luminous:Balance_Ender","Elementarium:IceblessedBlade","Luminous:Light_Sylvan_Lance","Luminous:Light_Gather","Luminous:Light_Glare+1","Luminous:Balance_Death_Scythe","Luminous:Light_Wash_Luminous","Luminous:Light_Sylvan_Lance+1","Luminous:Erosion_Luminous","Luminous:Dusk_Guard_Luminous","Luminous:Light_Ray_of_Redemption","Hallownest:skillKingdomsEdgeMap","Luminous:Sympathy_Luminous","Luminous:Blinding_Pillar_Luminous+1","Luminous:Dark_Pressure_Void+1","Luminous:Light_Glare+1","Luminous:Balance_Ender","Luminous:Accumulation_Luminous+1"],"relics":["Luminous:MirrorRelic","PaintedHorse:ReiMu","infinitespire:Cupcake","infinitespire:Satchel","HandDrill","MerchantsRug","reliquary:Stiletto","Oddly Smooth Stone","Elementarium:ElementariumTrophy","yuri:PortableGlitches","halation:PinkSoulGem","Replay:Bottled Eggs","hubris:Icosahedron","Snack Pack","Replay:Ringing Soul"],"acts_visited":["Exordium","Elementarium:Elementarium","Hallownest:KingdomsEdge","TheEnding"],"potions_floor_usage":[6,10,14,14,30,30,33,33,44,47],"damage_taken":[{"damage":1,"enemies":"Cultist","floor":1,"turns":4},{"damage":6,"enemies":"2 Louse","floor":2,"turns":3},{"damage":14,"enemies":"Small Slimes","floor":4,"turns":3},{"damage":2,"enemies":"Blue Slaver","floor":5,"turns":4},{"damage":18,"enemies":"Lagavulin","floor":6,"turns":5},{"damage":19,"enemies":"conspire:2 RoseBushes","floor":10,"turns":2},{"damage":11,"enemies":"Exordium Wildlife","floor":12,"turns":4},{"damage":11,"enemies":"Large Slime","floor":13,"turns":3},{"damage":2,"enemies":"conspire:2 RoseBushes","floor":14,"turns":3},{"damage":21,"enemies":"Fading Forest","floor":16,"turns":11},{"damage":1,"enemies":"Elementarium:Cyclone","floor":18,"turns":3},{"damage":3,"enemies":"Elementarium:2_ELEMENTALS","floor":19,"turns":3},{"damage":0,"enemies":"Hallownest:Nosk","floor":20,"turns":9},{"damage":15,"enemies":"Elementarium:STONE_GOLEMS","floor":22,"turns":3},{"damage":22,"enemies":"Elementarium:ElementalPortal","floor":25,"turns":8},{"damage":2,"enemies":"Elementarium:VoidBeast","floor":28,"turns":3},{"damage":0,"enemies":"Elementarium:3_ELEMENTALS","floor":29,"turns":3},{"damage":21,"enemies":"Elementarium:FIRE_NOBILITY","floor":30,"turns":3},{"damage":0,"enemies":"Elementarium:VOID_CORRUPTION_AND_TAR_GOLEM","floor":31,"turns":4},{"damage":0,"enemies":"Elementarium:GoldenDragon","floor":33,"turns":6},{"damage":8,"enemies":"Hallownest:Shield_Heavy","floor":35,"turns":3},{"damage":45,"enemies":"Hallownest:3_Siblings","floor":36,"turns":9},{"damage":0,"enemies":"Hallownest:2_Great","floor":39,"turns":3},{"damage":0,"enemies":"Hallownest:eliteCollector","floor":41,"turns":3},{"damage":0,"enemies":"Hallownest:Xero_Hu_Marmu","floor":44,"turns":1},{"damage":0,"enemies":"Hallownest:eliteHiveKnight","floor":47,"turns":4},{"damage":21,"enemies":"Hallownest:BossGreyPrinceZote","floor":50,"turns":3},{"damage":13,"enemies":"Shield and Spear","floor":54,"turns":6},{"damage":8,"enemies":"The Heart","floor":55,"turns":9}],"seed_played":"-3398230156372146332","potions_obtained":[{"floor":2,"key":"bronze:BurnAndBuffPotion"},{"floor":4,"key":"AttackPotion"},{"floor":10,"key":"SkillPotion"},{"floor":12,"key":"Toxic Potion"},{"floor":22,"key":"Elixir"},{"floor":28,"key":"Block Potion"},{"floor":29,"key":"SkillPotion"},{"floor":30,"key":"SkillPotion"},{"floor":31,"key":"LiquidBronze"},{"floor":39,"key":"BlessingOfTheForge"},{"floor":41,"key":"Energy Potion"}],"is_trial":false,"path_per_floor":["M","M","?","M","M","E","$","?","T","M","R","M","M","M","R","B",null,"M","M","?","?","M","R","$","E","T","T","M","M","E","M","R","B",null,"M","M","$","?","M","R","E","R","T","M","?","?","E","?","R","B",null,"R","$","E","B",null],"character_chosen":"LuminousClass","items_purchased":["Luminous:Chase_Spell_Luminous","HandDrill","MerchantsRug","hubris:Spice","infinitespire:Eraser","Snack Pack"],"campfire_rested":5,"item_purchase_floors":[7,24,24,37,37,53],"current_hp_per_floor":[81,75,75,61,59,41,41,41,41,22,46,35,24,22,46,35,82,81,78,78,78,63,82,82,60,60,60,58,58,45,45,72,72,98,90,45,45,45,52,79,82,82,82,82,82,82,82,82,82,61,82,82,82,78,81],"gold":50,"neow_bonus":"TEN_PERCENT_HP_BONUS","is_daily":false,"chose_seed":false,"campfire_upgraded":2,"win_rate":0.0,"timestamp":1613054859,"path_taken":["M","M","?","M","M","E","$","?","T","M","R","M","M","?","R","BOSS","M","M","?","?","M","R","$","E","T","?","?","M","E","M","R","BOSS","M","M","$","?","M","R","E","R","T","M","?","?","E","?","R","BOSS","R","$","E","BOSS"],"items_purchased_type":["Card","Relic","Relic","Relic","Relic","Relic"],"build_version":"2020-12-22","purchased_purges":0,"victory":true,"max_hp_per_floor":[82,82,82,82,82,82,82,82,82,82,82,82,82,82,82,82,82,82,82,82,82,82,82,82,82,82,82,82,82,90,90,90,90,98,98,98,90,90,90,90,82,82,82,82,82,82,82,82,82,82,82,82,82,85,85],"card_choices":[{"not_picked":["Luminous:Darks_Surge_Luminous","Luminous:Dark_Apocalypse"],"picked":"Luminous:Light_Sylvan_Lance","floor":1},{"not_picked":["Luminous:Sympathy_Luminous","Luminous:Darks_Surge_Luminous"],"picked":"Luminous:Phantom_Treasure_Luminous","floor":2},{"not_picked":["Luminous:Magic_Boost_Luminous","Luminous:Chase_Spell_Luminous"],"picked":"Luminous:Mana_Overload_Luminous","floor":4},{"not_picked":["Luminous:Tune_Luminous","Luminous:Blinding_Pillar_Luminous"],"picked":"Luminous:Light_Track","floor":5},{"not_picked":["Luminous:Concentrate_Luminous","Luminous:Light_Sylvan_Lance"],"picked":"Luminous:Light_Glare","floor":6},{"not_picked":["Luminous:Light_Gather","Luminous:Blinding_Pillar_Luminous"],"picked":"Luminous:Light_Glare","floor":10},{"not_picked":["Luminous:Lights_Protection_Luminous","Luminous:Sympathy_Luminous"],"picked":"Luminous:Balance_Death_Scythe","floor":12},{"not_picked":["Luminous:Dark_Raid","Luminous:Light_Glare"],"picked":"Luminous:Balance_Aether_Conduit","floor":13},{"not_picked":["Luminous:Magic_Boost_Luminous","Luminous:Light_Sylvan_Lance"],"picked":"Luminous:Light_Glare","floor":14},{"not_picked":["Luminous:Balance_Aether_Conduit","Luminous:Equalize_Luminous"],"picked":"Luminous:Mirror_Force_Luminous","floor":16},{"not_picked":["Luminous:Accumulation_Luminous","Luminous:Light_Disperse"],"picked":"Luminous:Phantom_Treasure_Luminous+1","floor":18},{"not_picked":["Luminous:Chase_Spell_Luminous","Luminous:Blinding_Pillar_Luminous"],"picked":"Luminous:Light_Gather","floor":19},{"not_picked":["Luminous:Magic_Boost_Luminous","Luminous:Dark_Extract"],"picked":"Luminous:Balance_Ender","floor":20},{"not_picked":["Luminous:Light_Disperse","Luminous:Accumulation_Luminous"],"picked":"Luminous:Light_Sylvan_Lance","floor":22},{"not_picked":["Luminous:Light_Spectral_Light","Luminous:Light_Disperse"],"picked":"Luminous:Light_Gather","floor":25},{"not_picked":["Luminous:Light_Gather","Luminous:Dark_Morning_Star+1"],"picked":"Luminous:Light_Glare","floor":28},{"not_picked":["Luminous:Reverse_Spell_Luminous","Luminous:Dark_Dim_Erosion+1"],"picked":"Luminous:Balance_Death_Scythe","floor":29},{"not_picked":["Luminous:Mana_Overload_Luminous","Luminous:Dark_Extract"],"picked":"Luminous:Light_Wash_Luminous","floor":30},{"not_picked":["Luminous:Magic_Accelerate_Luminous","Luminous:Mana_Overload_Luminous+1"],"picked":"Luminous:Light_Sylvan_Lance+1","floor":31},{"not_picked":["Luminous:Freud_Wisdom1_Luminous","Luminous:Mirror_Force_Luminous"],"picked":"Luminous:Erosion_Luminous","floor":33},{"not_picked":["Luminous:Blinding_Pillar_Luminous+1","Luminous:Dark_Moonlight_Spear"],"picked":"Luminous:Dusk_Guard_Luminous","floor":35},{"not_picked":["Luminous:Sympathy_Luminous+1","Luminous:Light_Glare"],"picked":"Luminous:Light_Ray_of_Redemption","floor":36},{"not_picked":["Luminous:Dark_Raid+1","Luminous:Dark_Dim_Erosion"],"picked":"Luminous:Sympathy_Luminous","floor":39},{"not_picked":["Luminous:Concentrate_Luminous","Luminous:Light_Disperse+1"],"picked":"Luminous:Blinding_Pillar_Luminous+1","floor":41},{"not_picked":["hubris:SpiceAddiction","hubris:SpiceAddiction"],"picked":"Luminous:Dark_Pressure_Void+1","floor":44},{"not_picked":["Luminous:Dark_Raid+1","Luminous:Light_Sylvan_Lance+1"],"picked":"Luminous:Light_Glare+1","floor":46},{"not_picked":["Luminous:Dark_Apocalypse+1","hubris:SpiceAddiction"],"picked":"Luminous:Balance_Ender","floor":47},{"not_picked":["Luminous:Dark_Dim_Erosion","Luminous:Light_Wash_Luminous+1"],"picked":"Luminous:Accumulation_Luminous+1","floor":54}],"player_experience":465153,"relics_obtained":[{"floor":6,"key":"Gremlin Food"},{"floor":9,"key":"Omamori"},{"floor":20,"key":"infinitespire:Satchel"},{"floor":25,"key":"reliquary:Stiletto"},{"floor":27,"key":"Oddly Smooth Stone"},{"floor":30,"key":"hubris:Spice"},{"floor":41,"key":"hubris:Spice"},{"floor":43,"key":"yuri:PortableGlitches"},{"floor":47,"key":"Replay:Bottled Eggs"},{"floor":54,"key":"Replay:Ringing Soul"}],"event_choices":[{"damage_healed":0,"gold_gain":0,"player_choice":"Donate","damage_taken":0,"relics_obtained":["PaintedHorse:ReiMu"],"max_hp_gain":0,"max_hp_loss":0,"event_name":"yidonshenshe","floor":3,"gold_loss":40},{"damage_healed":0,"gold_gain":0,"player_choice":"Ignored","damage_taken":0,"max_hp_gain":0,"max_hp_loss":0,"event_name":"NoteForYourself","floor":8,"gold_loss":0},{"damage_healed":0,"gold_gain":0,"player_choice":"Enter","damage_taken":0,"max_hp_gain":0,"max_hp_loss":0,"event_name":"Elementarium:OtherworldlyPassage","floor":20,"gold_loss":0},{"damage_healed":0,"gold_gain":0,"player_choice":"Take","damage_taken":0,"max_hp_gain":0,"max_hp_loss":0,"event_name":"Elementarium:BladeSeller","floor":21,"gold_loss":0,"cards_obtained":["Elementarium:IceblessedBlade","Injury"]},{"damage_healed":0,"gold_gain":0,"player_choice":"2","damage_taken":0,"max_hp_gain":0,"max_hp_loss":0,"event_name":"betterMatch:BetterMatch","floor":46,"gold_loss":0,"cards_obtained":["betterMatch:CommonCard"]}],"is_beta":false,"boss_relics":[{"not_picked":["reliquary:RedCape","halation:SmartPhone"],"picked":"infinitespire:Cupcake"},{"not_picked":["Snecko Eye","reliquary:Craggleroot"],"picked":"hubris:Spice"}],"items_purged_floors":[],"is_endless":false,"potions_floor_spawned":[2,4,10,12,22,28,29,30,31,39,41],"ascension_level":0}}