{"host":"zwezhz46a5cjkxff","time":1613029082,"event":{"mods":["AchievementEnabler","BaseMod","Colored Map","Colored Powertips","DeckTracker","Hermit","Marisa????????","Minty Spire (QoL Compilation)","Permanent Neow","Quick Restart","Rare Cards Sparkle","Relic Stats","Robot Space Explorer","StSLib","SuperFastMode","The Hierophant","The Servant 0.9.4","Weighted Paths","slay the spire mod where everything is the same but ironclad has a cowboy hat"],"gold_per_floor":[10,23,23,43,54,84,103,103,126,152,152,191,191,37,37,149,149,159,187,205,205,205],"floor_reached":21,"language":"ENG","playtime":705,"items_purged":[],"score":231,"play_id":"3c1e491d-c68f-46f9-85bc-11baece374c7","local_time":"20210211013802","is_ascension_mode":true,"campfire_choices":[{"floor":8,"key":"RECALL"},{"floor":13,"key":"REST"},{"data":"Footwork","floor":15,"key":"SMITH"}],"circlet_count":0,"master_deck":["Strike_G","Strike_G","Strike_G","Strike_G","Defend_G","Defend_G","Defend_G","Defend_G","Defend_G","Survivor","Neutralize","Sadistic Nature","PiercingWail","Footwork+1","Deadly Poison","Noxious Fumes","Backflip","Crippling Poison","After Image","Corpse Explosion","Venomology","Adrenaline"],"relics":["Ring of the Serpent","Regal Pillow","PreservedInsect","CeramicFish","Nunchaku"],"acts_visited":["Exordium","TheCity"],"potions_floor_usage":[6,6,10,12,19,20,20,21,21],"damage_taken":[{"damage":5,"enemies":"Small Slimes","floor":1,"turns":3},{"damage":0,"enemies":"Cultist","floor":2,"turns":5},{"damage":0,"enemies":"Jaw Worm","floor":4,"turns":5},{"damage":6,"enemies":"3 Louse","floor":5,"turns":7},{"damage":20,"enemies":"Lagavulin","floor":6,"turns":6},{"damage":1,"enemies":"Blue Slaver","floor":7,"turns":4},{"damage":13,"enemies":"Gremlin Nob","floor":10,"turns":5},{"damage":20,"enemies":"3 Sentries","floor":12,"turns":5},{"damage":15,"enemies":"Slime Boss","floor":16,"turns":9},{"damage":6,"enemies":"3 Byrds","floor":18,"turns":2},{"damage":18,"enemies":"2 Thieves","floor":19,"turns":3},{"damage":24,"enemies":"Snake Plant","floor":20,"turns":3},{"damage":30,"enemies":"Shelled Parasite and Fungi","floor":21,"turns":3}],"seed_played":"1424923234161813074","potions_obtained":[{"floor":1,"key":"AttackPotion"},{"floor":2,"key":"SteroidPotion"},{"floor":7,"key":"Weak Potion"},{"floor":10,"key":"LiquidBronze"},{"floor":18,"key":"FearPotion"},{"floor":19,"key":"Swift Potion"},{"floor":20,"key":"LiquidBronze"}],"is_trial":false,"path_per_floor":["M","M","?","M","M","E","M","R","T","E","?","E","R","$","R","B",null,"M","M","M","M"],"character_chosen":"THE_SILENT","items_purchased":["Nunchaku"],"campfire_rested":1,"item_purchase_floors":[14],"current_hp_per_floor":[65,65,65,65,59,39,38,38,38,25,25,5,41,41,41,26,70,64,46,22,0,0],"gold":205,"neow_bonus":"RANDOM_COLORLESS_2","is_daily":false,"chose_seed":false,"campfire_upgraded":1,"win_rate":0.0,"timestamp":1613029082,"path_taken":["M","M","?","M","M","E","M","R","T","E","?","E","R","$","R","BOSS","M","M","?","M"],"items_purchased_type":["Relic"],"build_version":"2020-12-22","purchased_purges":0,"victory":false,"max_hp_per_floor":[70,70,70,70,70,70,70,70,70,70,70,70,70,70,70,70,70,70,70,70,70,70],"relic_stats":{"Regal Pillow":15,"Nunchaku":[1],"counters":[13,60],"CeramicFish":27,"PreservedInsect":32,"obtain_stats":[{"Regal Pillow":6,"Nunchaku":14,"CeramicFish":12,"PreservedInsect":10,"Ring of the Serpent":17,"Ring of the Snake":0},{"Regal Pillow":5,"Nunchaku":8,"CeramicFish":8,"PreservedInsect":7,"Ring of the Serpent":9,"Ring of the Snake":0},{"Regal Pillow":26,"Nunchaku":40,"CeramicFish":40,"PreservedInsect":35,"Ring of the Serpent":49,"Ring of the Snake":0}]},"card_choices":[{"not_picked":["Master of Strategy","Mayhem"],"picked":"Sadistic Nature","floor":0},{"not_picked":["Prepared","Choke"],"picked":"PiercingWail","floor":1},{"not_picked":["Bane","Terror"],"picked":"Footwork","floor":2},{"not_picked":["Flechettes","Riddle With Holes","Cloak And Dagger"],"picked":"SKIP","floor":4},{"not_picked":["Eviscerate","PiercingWail"],"picked":"Deadly Poison","floor":5},{"not_picked":["Acrobatics","Backstab"],"picked":"Noxious Fumes","floor":6},{"not_picked":["Reflex","Deflect"],"picked":"Backflip","floor":7},{"not_picked":["Accuracy","Caltrops"],"picked":"Crippling Poison","floor":10},{"not_picked":["Night Terror","Distraction"],"picked":"Corpse Explosion","floor":12},{"not_picked":["Doppelganger","Night Terror"],"picked":"Venomology","floor":16},{"not_picked":["Flying Knee","Sucker Punch","Outmaneuver+1"],"picked":"SKIP","floor":18},{"not_picked":["Slice+1","Backflip"],"picked":"Adrenaline","floor":19},{"not_picked":["Bane+1","PiercingWail+1","Dagger Spray+1"],"picked":"SKIP","floor":20}],"player_experience":97405,"relics_obtained":[{"floor":6,"key":"Regal Pillow"},{"floor":10,"key":"PreservedInsect"},{"floor":12,"key":"CeramicFish"}],"event_choices":[{"cards_removed":["Strike_G"],"damage_healed":0,"gold_gain":0,"player_choice":"Forget","damage_taken":0,"max_hp_gain":0,"max_hp_loss":0,"event_name":"Living Wall","floor":3,"gold_loss":0},{"damage_healed":0,"gold_gain":0,"player_choice":"1 cards matched","damage_taken":0,"max_hp_gain":0,"max_hp_loss":0,"event_name":"Match and Keep!","floor":11,"gold_loss":0,"cards_obtained":["After Image"]}],"is_beta":false,"boss_relics":[{"not_picked":["Pandora\u0027s Box","Runic Dome"],"picked":"Ring of the Serpent"}],"items_purged_floors":[],"is_endless":false,"potions_floor_spawned":[1,2,7,10,18,19,20],"killed_by":"Shelled Parasite and Fungi","ascension_level":3}}