{"host":"ttx8tv95o5vka1nm","time":1613047456,"event":{"mods":["AchievementEnabler","BaseMod","BetterRewards","Colored Map","Downfall","Evolution","Hermit","Hubris","Infinite Spire","Jorbs\u0027s Wanderer Trilogy","Minty Spire (QoL Compilation)","Relic Filter Mod","Reliquary","Replay The Spire","Robot Space Explorer","Shop Mod","Spicy Shops","StSLib","The Blue Laboratory","The Bug Knight","The Cursed","The Hayseed","The Necromancer","The Runesmith","TheBandit","TheVacant","Wandering Minibosses"],"gold_per_floor":[112,130,147,222,232,232,232],"floor_reached":6,"language":"ENG","playtime":502,"items_purged":[],"score":51,"play_id":"d9dfc889-338b-476c-9156-d2f96df657d8","local_time":"20210211224416","is_ascension_mode":true,"campfire_choices":[],"circlet_count":0,"master_deck":["Thunderclap","Strike_R","Strike_R","Strike_R","Strike_R","Defend_R","Defend_R","Defend_R","Defend_R","Bash","Pommel Strike","Shrug It Off"],"relics":["Burning Blood","EVO:Axolotl","Unceasing Top"],"acts_visited":["Exordium"],"potions_floor_usage":[6],"damage_taken":[{"damage":1,"enemies":"Cultist","floor":1,"turns":4},{"damage":2,"enemies":"2 Louse","floor":2,"turns":3},{"damage":16,"enemies":"Jaw Worm","floor":3,"turns":5},{"damage":23,"enemies":"Exordium Thugs","floor":5,"turns":7},{"damage":38,"enemies":"3 Sentries","floor":6,"turns":11}],"seed_played":"-4691772193561621291","potions_obtained":[{"floor":1,"key":"blueLaboratory:HorrorPotion"},{"floor":2,"key":"SteroidPotion"},{"floor":5,"key":"Weak Potion"}],"is_trial":false,"path_per_floor":["M","M","M","?","M","E"],"character_chosen":"IRONCLAD","items_purchased":[],"campfire_rested":0,"item_purchase_floors":[],"current_hp_per_floor":[72,72,62,55,38,0,0],"gold":232,"neow_bonus":"ONE_RARE_RELIC","is_daily":false,"chose_seed":false,"campfire_upgraded":0,"win_rate":0.0,"timestamp":1613047456,"path_taken":["M","M","?","?","M","E"],"items_purchased_type":[],"build_version":"2020-12-22","purchased_purges":0,"victory":false,"max_hp_per_floor":[72,72,72,72,72,72,72],"card_choices":[{"not_picked":["Replay:Undeath\u0027s Touch","Thunderclap"],"picked":"Pommel Strike","floor":1},{"not_picked":["Replay:Undeath\u0027s Touch","Warcry","True Grit"],"picked":"SKIP","floor":2},{"not_picked":["Armaments","Burning Pact"],"picked":"Shrug It Off","floor":3},{"not_picked":["ReplayTheSpireMod:Limb From Limb","Replay:Many Hands","Burning Pact"],"picked":"SKIP","floor":5}],"player_experience":1145770,"relics_obtained":[],"event_choices":[{"damage_healed":0,"gold_gain":75,"player_choice":"Touch","damage_taken":7,"max_hp_gain":0,"max_hp_loss":0,"event_name":"FaceTrader","floor":4,"gold_loss":0}],"is_beta":false,"boss_relics":[],"items_purged_floors":[],"is_endless":false,"potions_floor_spawned":[1,2,5],"killed_by":"3 Sentries","ascension_level":7}}