{"host":"fc5kl670efuhtomy","time":1613065216,"event":{"mods":["AchievementEnabler","Act Like it!","Arknights","BaseMod","Colored Powertips","Downfall","Marisa£®ÏF”Í°°ƒß¿Ì…≥£©","Minty Spire (QoL Compilation)","Quick Restart","Reimu£®≤©¿ˆ¡È√Œ£©","Relic Stats","Replay The Spire","Spicy Shops","StSLib","The Bug Knight","The Construct","The Cursed","The Servant 0.9.4","WarShipGirlsR/’ΩΩ¢…Ÿ≈ÆR mod"],"gold_per_floor":[115,95,34,50,0,35,52,52,77,157,157,157,10,24,24,122,122,132,231,243,256,266,266,286,321,321,351,369,369,394,409,409,513,513,526,162,176,251,265,265,265,265,265,299,315,343,343,53,53,53,53,53,1,33,33],"floor_reached":56,"language":"ZHS","playtime":2914,"items_purged":["Normality"],"score":1366,"play_id":"ac4d7870-5176-41d3-9941-7ff9803aada0","local_time":"20210212014016","is_ascension_mode":true,"campfire_choices":[{"floor":11,"key":"REST"},{"data":"MikOfLucky:ReiMu","floor":15,"key":"SMITH"},{"data":"Conquer:ReiMu","floor":23,"key":"SMITH"},{"data":"DoubleButterfly:ReiMu","floor":40,"key":"SMITH"},{"floor":42,"key":"RECALL"},{"data":"RunawayExorcism:ReiMu","floor":47,"key":"SMITH"},{"data":"CareerPray:ReiMu","floor":49,"key":"SMITH"},{"data":"TightArray:ReiMu","floor":52,"key":"SMITH"}],"circlet_count":0,"master_deck":["Strike_Lin:ReiMu","Strike_Lin:ReiMu","Strike_Lin:ReiMu","Defend_Lin:ReiMu","Defend_Lin:ReiMu","Defend_Lin:ReiMu","Defend_Lin:ReiMu","NB:ReiMu+1","Stagnation:ReiMu","RainPray2:ReiMu","CareerPray:ReiMu+1","DoubleButterfly:ReiMu+1","SubcavityInstant:ReiMu","Crusade:ReiMu","MikOfLucky:ReiMu+1","CareerPray:ReiMu+1","TightArray:ReiMu+1","SubcavityFantasy:ReiMu","Conquer:ReiMu+1","Enchanting:ReiMu","UniversalSpiritual:ReiMu+1","Conquer:ReiMu+1","SubAcupoint:ReiMu+1","Conquer:ReiMu+1","WonderfulDomain:ReiMu+1","PrayRite:ReiMu","Looming Evil","Overencumbered","RunawayExorcism:ReiMu+1","Conquer:ReiMu+1"],"relics":["Philosopher\u0027s Stone","Anchor","War Paint","Meat on the Bone","Dream Catcher","Letter Opener","Toolbox","Snecko Eye","Tiny Chest","Replay:Accelerometer","Lantern","CultistMask","Bag of Preparation","Nilry\u0027s Codex","Cursed Key","Nunchaku","ClockworkSouvenir","Bronze Scales","Kunai","Replay:Baseball","HollowMod:LifeEnderRelic","Juzu Bracelet","Lizard Tail","Happy Flower"],"acts_visited":["Exordium","TheCity","TheBeyond","TheEnding"],"potions_floor_usage":[6,18,27,33,39,50,54,55],"damage_taken":[{"damage":5,"enemies":"2 Louse","floor":1,"turns":2},{"damage":0,"enemies":"Jaw Worm","floor":4,"turns":5},{"damage":21,"enemies":"Gremlin Nob","floor":6,"turns":4},{"damage":0,"enemies":"Cultist","floor":7,"turns":3},{"damage":0,"enemies":"Red Slaver","floor":14,"turns":3},{"damage":14,"enemies":"The Guardian","floor":16,"turns":9},{"damage":22,"enemies":"3 Byrds","floor":18,"turns":5},{"damage":9,"enemies":"2 Thieves","floor":20,"turns":3},{"damage":3,"enemies":"Snecko","floor":21,"turns":4},{"damage":20,"enemies":"Shelled Parasite and Fungi","floor":22,"turns":5},{"damage":0,"enemies":"Snake Plant","floor":24,"turns":3},{"damage":12,"enemies":"Replay:Snechameleon","floor":25,"turns":3},{"damage":8,"enemies":"Slavers","floor":27,"turns":4},{"damage":0,"enemies":"Centurion and Healer","floor":28,"turns":4},{"damage":0,"enemies":"Book of Stabbing","floor":30,"turns":5},{"damage":0,"enemies":"Chosen and Byrds","floor":31,"turns":3},{"damage":28,"enemies":"Champ","floor":33,"turns":8},{"damage":1,"enemies":"Orb Walker","floor":35,"turns":3},{"damage":0,"enemies":"3 Shapes","floor":37,"turns":2},{"damage":5,"enemies":"3 Darklings","floor":39,"turns":3},{"damage":0,"enemies":"Giant Head","floor":44,"turns":6},{"damage":0,"enemies":"Spire Growth","floor":45,"turns":3},{"damage":0,"enemies":"Reptomancer","floor":46,"turns":3},{"damage":38,"enemies":"Donu and Deca","floor":50,"turns":6},{"damage":26,"enemies":"Shield and Spear","floor":54,"turns":4},{"damage":55,"enemies":"The Heart","floor":55,"turns":9}],"seed_played":"1519035983821314965","potions_obtained":[{"floor":4,"key":"AttackPotion"},{"floor":6,"key":"Dexterity Potion"},{"floor":14,"key":"PinkPotion:ReiMu"},{"floor":24,"key":"FairyPotion"},{"floor":25,"key":"Block Potion"},{"floor":27,"key":"AttackPotion"},{"floor":35,"key":"SpeedPotion"},{"floor":37,"key":"Adrenaline Potion"},{"floor":39,"key":"ZuzhouPotion:ReiMu"},{"floor":54,"key":"bronze:BurnAndBuffPotion"}],"is_trial":false,"path_per_floor":["M","?","?","M","?","E","M","?","T","?","R","T","$","M","R","B",null,"M","?","M","M","M","R","M","E","T","E","M","?","E","M","R","B",null,"M","$","M","T","M","R","?","R","T","E","M","E","R","$","R","B",null,"R","$","E","B",null],"character_chosen":"REIMU","items_purchased":["Toolbox","Nunchaku","ClockworkSouvenir","Bronze Scales","Lizard Tail","Fire Potion"],"campfire_rested":1,"item_purchase_floors":[13,36,36,36,48,53],"current_hp_per_floor":[60,60,60,60,60,39,39,36,36,20,39,39,39,39,39,37,65,43,43,34,43,35,35,35,35,35,39,39,39,39,39,23,31,65,64,64,64,64,59,59,59,59,59,59,59,59,59,59,59,33,65,65,65,39,39],"gold":33,"neow_bonus":"BOSS_RELIC","is_daily":false,"chose_seed":false,"campfire_upgraded":6,"win_rate":0.0,"timestamp":1613065216,"path_taken":["M","?","?","?","?","E","M","?","T","?","R","?","$","M","R","BOSS","M","?","M","M","M","R","M","E","T","E","M","?","E","?","R","BOSS","M","$","?","?","?","R","?","R","T","E","M","E","R","$","R","BOSS","R","$","E","BOSS"],"items_purchased_type":["Relic","Relic","Relic","Relic","Relic","Potion"],"build_version":"2020-12-22","purchased_purges":1,"victory":true,"max_hp_per_floor":[65,65,65,65,65,65,65,65,65,65,65,65,65,65,65,65,65,65,65,65,65,65,65,65,65,65,65,65,65,65,65,65,65,65,65,65,65,65,65,65,65,65,65,65,65,65,65,65,65,65,65,65,65,65,65],"relic_stats":{"Happy Flower":[3],"counters":[26,109],"Bag of Preparation":[20],"Juzu Bracelet":0,"Letter Opener":[315],"War Paint":["CareerPray:ReiMu","NB:ReiMu"],"Cursed Key":2,"Dream Catcher":1,"Nunchaku":[10],"Lizard Tail":32,"Bronze Scales":[129],"Snecko Eye":[128,136,125,135],"Tiny Chest":1,"Kunai":[22],"obtain_stats":[{"Replay:Accelerometer":26,"Lantern":27,"Nilry\u0027s Codex":32,"Bag of Preparation":30,"Juzu Bracelet":46,"Cursed Key":34,"ClockworkSouvenir":36,"Dream Catcher":10,"Nunchaku":36,"Lizard Tail":48,"Toolbox":13,"Philosopher\u0027s Stone":0,"Tiny Chest":25,"Kunai":38,"HollowMod:LifeEnderRelic":44,"Happy Flower":54,"Letter Opener":12,"War Paint":6,"Anchor":3,"Replay:Baseball":43,"Bronze Scales":36,"Snecko Eye":17,"CultistMask":29,"FlyPower:ReiMu":0,"Meat on the Bone":8},{"Replay:Accelerometer":12,"Lantern":13,"Nilry\u0027s Codex":16,"Bag of Preparation":15,"Juzu Bracelet":23,"Cursed Key":17,"ClockworkSouvenir":18,"Dream Catcher":4,"Nunchaku":18,"Lizard Tail":23,"Toolbox":4,"Philosopher\u0027s Stone":0,"Tiny Chest":12,"Kunai":19,"HollowMod:LifeEnderRelic":21,"Happy Flower":25,"Letter Opener":4,"War Paint":3,"Anchor":1,"Replay:Baseball":20,"Bronze Scales":18,"Snecko Eye":6,"CultistMask":14,"FlyPower:ReiMu":0,"Meat on the Bone":4},{"Replay:Accelerometer":47,"Lantern":51,"Nilry\u0027s Codex":63,"Bag of Preparation":60,"Juzu Bracelet":90,"Cursed Key":71,"ClockworkSouvenir":74,"Dream Catcher":14,"Nunchaku":74,"Lizard Tail":90,"Toolbox":14,"Philosopher\u0027s Stone":0,"Tiny Chest":47,"Kunai":76,"HollowMod:LifeEnderRelic":84,"Happy Flower":100,"Letter Opener":14,"War Paint":11,"Anchor":2,"Replay:Baseball":78,"Bronze Scales":74,"Snecko Eye":25,"CultistMask":55,"FlyPower:ReiMu":0,"Meat on the Bone":14}],"Meat on the Bone":96},"card_choices":[{"not_picked":["PayForSelf:ReiMu","LearningPray:ReiMu"],"picked":"RainPray2:ReiMu","floor":1},{"not_picked":["Mountainwind:ReiMu","Revelation:ReiMu"],"picked":"CareerPray:ReiMu","floor":4},{"not_picked":["Amulet:ReiMu","Revelation:ReiMu"],"picked":"DoubleButterfly:ReiMu","floor":6},{"not_picked":["FantasyBorder:ReiMu","CollectionFlower2:ReiMu"],"picked":"SubcavityInstant:ReiMu","floor":7},{"not_picked":["Intuition:ReiMu","SafetyPray:ReiMu"],"picked":"Crusade:ReiMu","floor":10},{"not_picked":["ShadowOfCrow2:ReiMu","CareerPray:ReiMu"],"picked":"MikOfLucky:ReiMu","floor":10},{"not_picked":["AlertArray:ReiMu","Conquer:ReiMu"],"picked":"CareerPray:ReiMu","floor":11},{"not_picked":["SpreadBorder2:ReiMu","CollectionFlower2:ReiMu"],"picked":"TightArray:ReiMu","floor":14},{"not_picked":["HakureiPhantom:ReiMu","CleanRite:ReiMu"],"picked":"SubcavityFantasy:ReiMu","floor":16},{"not_picked":["Meditation:ReiMu","EmergencyTakeOff:ReiMu+1"],"picked":"Conquer:ReiMu","floor":18},{"not_picked":["PrepareRite:ReiMu+1","Intuition:ReiMu"],"picked":"Enchanting:ReiMu","floor":20},{"not_picked":["SpringWay:ReiMu","SpiritualOutbreak2:ReiMu"],"picked":"UniversalSpiritual:ReiMu+1","floor":21},{"not_picked":["TightArray:ReiMu","SpringWay:ReiMu"],"picked":"Conquer:ReiMu+1","floor":22},{"not_picked":["EmergencyTakeOff:ReiMu","SubcavityInstant:ReiMu"],"picked":"SubAcupoint:ReiMu+1","floor":24},{"not_picked":["CleanRite:ReiMu","MountainWay:ReiMu+1","PayForSelf:ReiMu"],"picked":"SKIP","floor":25},{"not_picked":["RainPray2:ReiMu","KyokaiOfKami:ReiMu"],"picked":"Conquer:ReiMu+1","floor":27},{"not_picked":["Amulet:ReiMu","FantasyBorder:ReiMu"],"picked":"WonderfulDomain:ReiMu","floor":28},{"not_picked":["Amulet:ReiMu","Dreaming:ReiMu","TightArray:ReiMu"],"picked":"SKIP","floor":30},{"not_picked":["EmergencyTakeOff:ReiMu","AlertArray:ReiMu","Amulet:ReiMu+1"],"picked":"SKIP","floor":31},{"not_picked":["DependentForm:ReiMu","Determination:ReiMu"],"picked":"PrayRite:ReiMu","floor":33},{"not_picked":["UniversalSpiritual:ReiMu","DoubleButterfly:ReiMu","LovePray:ReiMu"],"picked":"SKIP","floor":35},{"not_picked":["TightArray:ReiMu","SpreadBorder2:ReiMu","OrbThrow:ReiMu"],"picked":"SKIP","floor":37},{"not_picked":["CareerPray:ReiMu","Intuition:ReiMu","SpreadBorder2:ReiMu"],"picked":"SKIP","floor":39},{"not_picked":["WonderfulDomain:ReiMu+1","RainPray2:ReiMu+1"],"picked":"RunawayExorcism:ReiMu","floor":44},{"not_picked":["SafetyPray:ReiMu","YinYangSign:ReiMu+1","RainPray2:ReiMu+1"],"picked":"SKIP","floor":45},{"not_picked":["AirStrike:ReiMu","PayForSelf:ReiMu+1"],"picked":"Conquer:ReiMu+1","floor":46},{"not_picked":["TightArray:ReiMu","PayForSelf:ReiMu+1","KamiRite:ReiMu"],"picked":"SKIP","floor":54}],"player_experience":230677,"relics_obtained":[{"floor":6,"key":"War Paint"},{"floor":10,"key":"Dream Catcher"},{"floor":12,"key":"Letter Opener"},{"floor":25,"key":"Tiny Chest"},{"floor":26,"key":"Replay:Accelerometer"},{"floor":27,"key":"Lantern"},{"floor":30,"key":"Bag of Preparation"},{"floor":32,"key":"Nilry\u0027s Codex"},{"floor":38,"key":"Kunai"},{"floor":43,"key":"Replay:Baseball"},{"floor":44,"key":"HollowMod:LifeEnderRelic"},{"floor":46,"key":"Juzu Bracelet"},{"floor":54,"key":"Happy Flower"}],"event_choices":[{"damage_healed":0,"gold_gain":0,"player_choice":"Paid Gold","damage_taken":0,"relics_obtained":["Anchor"],"max_hp_gain":0,"max_hp_loss":0,"event_name":"WeMeetAgain","floor":3,"gold_loss":61},{"cards_removed":["Strike_Lin:ReiMu"],"damage_healed":0,"gold_gain":0,"player_choice":"Card Removal","damage_taken":0,"max_hp_gain":0,"max_hp_loss":0,"event_name":"The Cleric","floor":5,"gold_loss":50},{"damage_healed":0,"gold_gain":0,"player_choice":"Success","damage_taken":3,"relics_obtained":["Meat on the Bone"],"max_hp_gain":0,"max_hp_loss":0,"event_name":"Scrap Ooze","floor":8,"gold_loss":0},{"damage_healed":0,"gold_gain":99,"player_choice":"Stole From Cult","damage_taken":0,"max_hp_gain":0,"max_hp_loss":0,"event_name":"Nest","floor":19,"gold_loss":0},{"damage_healed":0,"gold_gain":0,"player_choice":"Trade","damage_taken":0,"relics_obtained":["CultistMask"],"max_hp_gain":0,"max_hp_loss":0,"event_name":"FaceTrader","floor":29,"gold_loss":0},{"damage_healed":0,"gold_gain":0,"player_choice":"Obtained Book","damage_taken":16,"max_hp_gain":0,"max_hp_loss":0,"event_name":"Cursed Tome","floor":32,"gold_loss":0},{"damage_healed":0,"gold_gain":0,"player_choice":"Upgraded","damage_taken":0,"max_hp_gain":0,"max_hp_loss":0,"event_name":"Upgrade Shrine","floor":41,"gold_loss":0,"cards_upgraded":["WonderfulDomain:ReiMu"]}],"is_beta":false,"boss_relics":[{"not_picked":["construct:ClawGrip","ReplayTheSpireMod:DimensionalGlitch"],"picked":"Snecko Eye"},{"not_picked":["bronze:MakeshiftBattery","Runic Dome"],"picked":"Cursed Key"}],"items_purged_floors":[36],"is_endless":false,"potions_floor_spawned":[4,6,14,24,25,27,28,31,35,37,39,54],"ascension_level":1}}