{"host":"w8xisjf5mgmfjvmt","time":1613018390,"event":{"mods":["ATMod(°¢èªMod)","BaseMod","BetterRewards","Challenge The Spire","Conspire","Energized Spire","Filter the Spire","Minty Spire (QoL Compilation)","Quarter Circle Forward PUNCH!","Quick Restart","Relic Filter Mod","Relic Stats","Reliquary","Replay The Spire","Say the Spire","Shop Mod","Spicy Shops","StSLib","Thieving Mod","¡¾ÒÅÎï¿¨ÅÆ¡¿REMEMod","óô»ðÖ¸ÄÏ"],"gold_per_floor":[12,12,12,12,30,30,69,69,69,100,118,156,170,4,4,98,98,123,73,118,43,104,179,179,229,229,259,259,314,337,379,70,172,172,192,302,302,349,363,424,463,517,517,517,597,250,336,418,418,488,513,513,265,59,152,192],"floor_reached":57,"language":"ZHS","playtime":4634,"items_purged":["conspire:GhostlyStrike"],"score":3471,"play_id":"658801f4-87c4-4c26-b62c-3982d921ff31","local_time":"20210211123950","is_ascension_mode":true,"campfire_choices":[{"data":"AT_RightCognition","floor":6.0,"key":"SMITH"},{"data":"Coolheaded","floor":15.0,"key":"SMITH"},{"data":"AT_WaterDrop","floor":15.0,"key":"SMITH"},{"data":"Blizzard","floor":24.0,"key":"SMITH"},{"data":"AT_WaterDrop","floor":24.0,"key":"SMITH"},{"data":"Self Repair","floor":28.0,"key":"SMITH"},{"data":"Coolheaded","floor":28.0,"key":"SMITH"},{"data":"Master of Strategy","floor":44.0,"key":"SMITH"},{"data":"Heatsinks","floor":44.0,"key":"SMITH"},{"floor":49.0,"key":"RECALL"}],"circlet_count":0,"master_deck":["AscendersBane","conspire:GhostlyStrike","conspire:GhostlyStrike","conspire:GhostlyDefend","conspire:GhostlyDefend","conspire:GhostlyDefend","conspire:GhostlyDefend","Zap","Dualcast","AT_RightCognition+1","AT_WaterDrop+1","AT_FamilyPortrait+1","Hologram+1","Panic Button","FTL","Compile Driver","Coolheaded+1","Capacitor","REME_SelfUpgrade","Cold Snap","Blizzard+1","conspire:SpireCoStock","Coolheaded+1","ReplayTheSpireMod:Calculation Training","AT_WaterDrop+1","Self Repair+1","Turbo","Coolheaded+1","Glacier","Master of Strategy+1","Deep Breath","AT_FamilyPortrait","AT_StudyProgram","AT_EMC2+1","Heatsinks+1","Defragment+1","BasicCrystalCard+1","AT_RightCognition","Consume+1"],"relics":["Cracked Core","REME_ComplimentaryCards","AT_ATBox","Golden Idol","Akabeko","Iron Hammer","Replay:Arrowhead","AT_ChloranthyRing","REME_HandOfSuture","Orrery","Inserter","Replay:Antivirus Software","Oddly Smooth Stone","OrangePellets","ReplayTheSpireMod:ShopPack","Nuclear Battery","Ring of Hypnosis","Ring of Peace","AT_ArcaneBoots","Bottled Lightning","AT_MibuBalloonWealth","qcfpunch:Handcuffs","Membership Card","qcfpunch:Necklace_of_Skulls","Toolbox","AT_SunfireAegis","Bird Faced Urn","Replay:Baseball","Medical Kit","REME_CardOfGreed","FossilizedHelix","AT_EbonyIvory"],"acts_visited":["Exordium","TheCity","TheBeyond","TheEnding"],"potions_floor_usage":[56,56,56],"damage_taken":[{"damage":0.0,"enemies":"Cultist","floor":1.0,"turns":4.0},{"damage":0.0,"enemies":"Small Slimes","floor":5.0,"turns":2.0},{"damage":0.0,"enemies":"Lagavulin","floor":7.0,"turns":7.0},{"damage":0.0,"enemies":"Gremlin Nob","floor":10.0,"turns":1.0},{"damage":0.0,"enemies":"2 Louse","floor":11.0,"turns":3.0},{"damage":0.0,"enemies":"Lagavulin","floor":12.0,"turns":5.0},{"damage":0.0,"enemies":"Exordium Wildlife","floor":13.0,"turns":3.0},{"damage":12.0,"enemies":"Slime Boss","floor":16.0,"turns":11.0},{"damage":0.0,"enemies":"conspire:FuzzyDice","floor":18.0,"turns":1.0},{"damage":4.0,"enemies":"3 Byrds","floor":20.0,"turns":2.0},{"damage":1.0,"enemies":"conspire:HollyBat","floor":22.0,"turns":10.0},{"damage":28.0,"enemies":"REME_1_Revenger","floor":23.0,"turns":9.0},{"damage":5.0,"enemies":"Snake Plant","floor":27.0,"turns":8.0},{"damage":19.0,"enemies":"Book of Stabbing","floor":29.0,"turns":11.0},{"damage":2.0,"enemies":"Snecko","floor":30.0,"turns":11.0},{"damage":14.0,"enemies":"Replay:Snechameleon","floor":31.0,"turns":13.0},{"damage":16.0,"enemies":"Pondfish","floor":33.0,"turns":11.0},{"damage":0.0,"enemies":"Orb Walker","floor":35.0,"turns":3.0},{"damage":0.0,"enemies":"3 Shapes","floor":36.0,"turns":8.0},{"damage":0.0,"enemies":"Writhing Mass","floor":38.0,"turns":11.0},{"damage":0.0,"enemies":"3 Darklings","floor":39.0,"turns":5.0},{"damage":38.0,"enemies":"Reptomancer","floor":40.0,"turns":8.0},{"damage":0.0,"enemies":"Spire Growth","floor":41.0,"turns":7.0},{"damage":3.0,"enemies":"R_Hoarder","floor":42.0,"turns":8.0},{"damage":0.0,"enemies":"Giant Head","floor":45.0,"turns":6.0},{"damage":0.0,"enemies":"conspire:MimicChest","floor":47.0,"turns":7.0},{"damage":0.0,"enemies":"Nemesis","floor":48.0,"turns":2.0},{"damage":0.0,"enemies":"conspire:OrnateMirror","floor":50.0,"turns":7.0},{"damage":0.0,"enemies":"Replay:Hell Engine","floor":51.0,"turns":4.0},{"damage":0,"enemies":"Shield and Spear","floor":55,"turns":5},{"damage":2,"enemies":"The Heart","floor":56,"turns":7}],"seed_played":"-8105922702782539992","potions_obtained":[{"floor":5.0,"key":"SneckoOil"},{"floor":10.0,"key":"Toxic Potion"},{"floor":11.0,"key":"ColorlessPotion"},{"floor":18.0,"key":"SpeedPotion"},{"floor":29.0,"key":"Dexterity Potion"},{"floor":35.0,"key":"DuplicationPotion"},{"floor":39.0,"key":"BlessingOfTheForge"},{"floor":41.0,"key":"Weak Potion"}],"is_trial":false,"path_per_floor":["M","?","?","?","M","R","E","?","T","E","M","E","M","$","R","B",null,"M","?","M","?","M","E","R","?","T","M","R","E","M","E","R","B",null,"M","M","?","M","M","E","M","E","T","R","E","R","?","E","R","B","B",null,"R","$","E","B",null],"character_chosen":"DEFECT","items_purchased":["Orrery","OrangePellets","ReplayTheSpireMod:ShopPack","Membership Card","qcfpunch:Necklace_of_Skulls","Toolbox","Replay:Baseball","Medical Kit","Dexterity Potion","Dexterity Potion","REME_CardOfGreed","FossilizedHelix"],"campfire_rested":0,"item_purchase_floors":[14,32,32,46,46,46,53,53,53,53,54,54],"current_hp_per_floor":[64,43,43,38,38,38,38,38,38,38,38,38,38,38,38,26,55,55,55,53,53,52,28,28,28,28,23,23,17,28,24,24,18,56,56,66,66,72,72,54,68,78,78,78,78,78,78,78,78,78,78,78,78,78,78,78],"gold":192,"neow_bonus":"THREE_RARE_CARDS","is_daily":false,"chose_seed":false,"campfire_upgraded":9,"win_rate":0.0,"timestamp":1613018390,"path_taken":["M","?","?","?","?","R","E","?","T","E","M","E","M","?","R","BOSS","M","?","M","?","M","E","R","?","T","M","R","E","M","E","R","BOSS","M","M","?","M","M","E","M","E","T","R","E","R","?","E","R","BOSS","BOSS","R","$","E","BOSS"],"items_purchased_type":["Relic","Relic","Relic","Relic","Relic","Relic","Relic","Relic","Potion","Potion","Relic","Relic"],"build_version":"2020-12-22","purchased_purges":1,"victory":true,"max_hp_per_floor":[71,71,64,64,64,64,64,64,64,64,64,64,64,64,64,64,64,64,64,66,66,66,66,66,66,66,66,66,69,69,69,69,69,69,69,69,69,72,72,72,72,78,78,78,78,78,78,78,78,78,78,78,78,78,78,78],"relic_stats":{"OrangePellets":[20],"Inserter":[76],"counters":[31,200],"Golden Idol":235,"Bird Faced Urn":[2],"Medical Kit":[5],"obtain_stats":[{"AT_ATBox":0,"AT_MibuBalloonWealth":43,"AT_ArcaneBoots":45,"Ring of Peace":37,"Toolbox":46,"qcfpunch:Necklace_of_Skulls":46,"Iron Hammer":7,"qcfpunch:Handcuffs":45,"Replay:Antivirus Software":23,"Cracked Core":0,"AT_ChloranthyRing":10,"Inserter":17,"Ring of Hypnosis":37,"Golden Idol":3,"Oddly Smooth Stone":31,"AT_EbonyIvory":55,"Medical Kit":53,"Akabeko":4,"Replay:Arrowhead":9,"Nuclear Battery":34,"OrangePellets":32,"AT_SpeedBoots":40,"Replay:Baseball":53,"Bird Faced Urn":48,"Orrery":14,"REME_HandOfSuture":12,"Bottled Lightning":42,"Membership Card":46,"REME_CardOfGreed":54,"AT_SunfireAegis":47,"FossilizedHelix":54,"REME_ComplimentaryCards":0,"ReplayTheSpireMod:ShopPack":32},{"AT_ATBox":0,"AT_MibuBalloonWealth":24,"AT_ArcaneBoots":25,"Ring of Peace":19,"Toolbox":25,"qcfpunch:Necklace_of_Skulls":25,"Iron Hammer":3,"qcfpunch:Handcuffs":25,"Replay:Antivirus Software":12,"Cracked Core":0,"AT_ChloranthyRing":4,"Inserter":8,"Ring of Hypnosis":19,"Golden Idol":1,"Oddly Smooth Stone":16,"AT_EbonyIvory":30,"Medical Kit":29,"Akabeko":1,"Replay:Arrowhead":3,"Nuclear Battery":17,"OrangePellets":16,"AT_SpeedBoots":22,"Replay:Baseball":29,"Bird Faced Urn":27,"Orrery":7,"REME_HandOfSuture":6,"Bottled Lightning":24,"Membership Card":25,"REME_CardOfGreed":29,"AT_SunfireAegis":26,"FossilizedHelix":29,"REME_ComplimentaryCards":0,"ReplayTheSpireMod:ShopPack":16},{"AT_ATBox":0,"AT_MibuBalloonWealth":162,"AT_ArcaneBoots":167,"Ring of Peace":123,"Toolbox":168,"qcfpunch:Necklace_of_Skulls":168,"Iron Hammer":13,"qcfpunch:Handcuffs":168,"Replay:Antivirus Software":58,"Cracked Core":0,"AT_ChloranthyRing":14,"Inserter":36,"Ring of Hypnosis":123,"Golden Idol":4,"Oddly Smooth Stone":101,"AT_EbonyIvory":193,"Medical Kit":188,"Akabeko":4,"Replay:Arrowhead":13,"Nuclear Battery":112,"OrangePellets":101,"AT_SpeedBoots":147,"Replay:Baseball":188,"Bird Faced Urn":177,"Orrery":25,"REME_HandOfSuture":22,"Bottled Lightning":162,"Membership Card":168,"REME_CardOfGreed":188,"AT_SunfireAegis":175,"FossilizedHelix":188,"REME_ComplimentaryCards":0,"ReplayTheSpireMod:ShopPack":101}]},"card_choices":[{"not_picked":["Rainbow","Seek"],"picked":"AT_RightCognition","floor":0.0},{"not_picked":["Rip and Tear","AT_HeatAcrobatics"],"picked":"Hologram","floor":1.0},{"not_picked":["Hologram","Steam","Go for the Eyes"],"picked":"SKIP","floor":5.0},{"not_picked":["Darkness","Stack"],"picked":"Panic Button","floor":7.0},{"not_picked":["AT_EMC2","Sweeping Beam"],"picked":"FTL","floor":10.0},{"not_picked":["Steam Power","Leap"],"picked":"Compile Driver","floor":11.0},{"not_picked":["Darkness","ReplayTheSpireMod:Omega Cannon","AT_ThunderBolt","Rebound"],"picked":"SKIP","floor":12.0},{"not_picked":["Skim","Barrage"],"picked":"Coolheaded","floor":13.0},{"not_picked":["Steam","Conserve Battery"],"picked":"Capacitor","floor":14.0},{"not_picked":["conspire:SharedLibrary","Stack"],"picked":"REME_SelfUpgrade","floor":14.0},{"not_picked":["Scrape","Redo"],"picked":"Cold Snap","floor":14.0},{"not_picked":["Reinforced Body","Panic Button"],"picked":"Blizzard","floor":14.0},{"not_picked":["Steam","Stack","Cold Snap"],"picked":"SKIP","floor":18.0},{"not_picked":["Rebound","ReplayTheSpireMod:Calculation Training"],"picked":"Coolheaded","floor":20.0},{"not_picked":["AT_HeatAcrobatics","Panic Button","Barrage"],"picked":"ReplayTheSpireMod:Calculation Training","floor":22.0},{"not_picked":["Ball Lightning","BootSequence","Capacitor","Rebound"],"picked":"AT_WaterDrop","floor":23.0},{"not_picked":["Ball Lightning","Compile Driver+1","Hologram"],"picked":"Self Repair","floor":27.0},{"not_picked":["Barrage","Rebound","Darkness"],"picked":"Turbo","floor":29.0},{"not_picked":["FTL+1","Hologram","Ball Lightning"],"picked":"Coolheaded","floor":30.0},{"not_picked":["Coolheaded","Stack","Leap"],"picked":"Glacier","floor":31.0},{"not_picked":["Panache","REME_BuildACard"],"picked":"Master of Strategy","floor":32.0},{"not_picked":["Enlightenment","Replay:Sssssssssshield"],"picked":"Deep Breath","floor":32.0},{"not_picked":["ReplayTheSpireMod:Uncanny Aura","Survey Options"],"picked":"AT_FamilyPortrait","floor":32.0},{"not_picked":["Compile Driver","Stack","Steam"],"picked":"SKIP","floor":35.0},{"not_picked":["Steam","Tempest","Coolheaded","Turbo+1"],"picked":"SKIP","floor":36.0},{"not_picked":["Gash","Leap","Aggregate"],"picked":"AT_StudyProgram","floor":38.0},{"not_picked":["AT_HeatAcrobatics","Panic Button+1","Redo","Leap"],"picked":"AT_EMC2+1","floor":39.0},{"not_picked":["Compile Driver+1","Panic Button+1","AT_EMC2","Loop"],"picked":"Heatsinks","floor":40.0},{"not_picked":["Heatsinks","Leap","Conserve Battery+1","Barrage"],"picked":"Defragment+1","floor":41.0},{"not_picked":["REME_Shoggoth","Steam","Panic Button","Thunder Strike"],"picked":"SKIP","floor":42.0},{"not_picked":["Rebound+1","AT_HeatAcrobatics","Conserve Battery"],"picked":"SKIP","floor":45.0},{"not_picked":["Leap","Cold Snap","Panic Button"],"picked":"BasicCrystalCard+1","floor":47.0},{"not_picked":["REME_Compress","Turbo","Cold Snap","AT_RightCognition","Go for the Eyes+1"],"picked":"SKIP","floor":48.0},{"not_picked":["REME_Compress","Turbo","Cold Snap","Go for the Eyes+1"],"picked":"AT_RightCognition","floor":48.0},{"not_picked":["BasicCrystalCard","Heatsinks","Consume+1"],"picked":"SKIP","floor":55},{"not_picked":["BasicCrystalCard","Heatsinks"],"picked":"Consume+1","floor":55}],"player_experience":1326197,"relics_obtained":[{"floor":7.0,"key":"Iron Hammer"},{"floor":9.0,"key":"Replay:Arrowhead"},{"floor":10.0,"key":"AT_ChloranthyRing"},{"floor":12.0,"key":"REME_HandOfSuture"},{"floor":23.0,"key":"Replay:Antivirus Software"},{"floor":31.0,"key":"Oddly Smooth Stone"},{"floor":37.0,"key":"Ring of Hypnosis"},{"floor":37.0,"key":"Ring of Peace"},{"floor":40.0,"key":"AT_SpeedBoots"},{"floor":42.0,"key":"Bottled Lightning"},{"floor":43.0,"key":"AT_MibuBalloonWealth"},{"floor":45.0,"key":"qcfpunch:Handcuffs"},{"floor":47.0,"key":"AT_SunfireAegis"},{"floor":48.0,"key":"Bird Faced Urn"},{"floor":55,"key":"AT_EbonyIvory"}],"event_choices":[{"damage_healed":0.0,"max_hp_gain":0.0,"max_hp_loss":0.0,"gold_gain":0.0,"event_name":"Shining Light","player_choice":"Entered Light","floor":2.0,"gold_loss":0.0,"damage_taken":21.0,"cards_upgraded":["Hologram","AT_FamilyPortrait"]},{"damage_healed":0.0,"max_hp_gain":0.0,"max_hp_loss":7.0,"gold_gain":0.0,"event_name":"Golden Idol","player_choice":"Lose Max HP","floor":3.0,"gold_loss":0.0,"damage_taken":0.0,"relics_obtained":["Golden Idol"]},{"damage_healed":0.0,"max_hp_gain":0.0,"max_hp_loss":0.0,"gold_gain":0.0,"event_name":"Scrap Ooze","player_choice":"Success","floor":4.0,"gold_loss":0.0,"damage_taken":5.0,"relics_obtained":["Akabeko"]},{"damage_healed":0.0,"max_hp_gain":0.0,"max_hp_loss":0.0,"gold_gain":0.0,"event_name":"conspire:LoneGhost","player_choice":"Agree","floor":8.0,"gold_loss":0.0,"damage_taken":0.0},{"damage_healed":0.0,"max_hp_gain":0.0,"max_hp_loss":0.0,"gold_gain":0.0,"event_name":"conspire:Investor","player_choice":"Invest 1","floor":19.0,"gold_loss":0.0,"damage_taken":0.0},{"cards_removed":["conspire:GhostlyStrike"],"damage_healed":0.0,"max_hp_gain":0.0,"max_hp_loss":0.0,"gold_gain":0.0,"event_name":"Beggar","player_choice":"Gave Gold","floor":21.0,"gold_loss":75.0,"damage_taken":0.0},{"damage_healed":0.0,"max_hp_gain":0.0,"max_hp_loss":0.0,"gold_gain":50.0,"event_name":"Nest","player_choice":"Stole From Cult","floor":25.0,"gold_loss":0.0,"damage_taken":0.0}],"is_beta":false,"boss_relics":[{"not_picked":["Calling Bell","REME_ChargedStone"],"picked":"Inserter"},{"not_picked":["energizedSpire:OldTV","SacredBark"],"picked":"Nuclear Battery"}],"items_purged_floors":[46],"is_endless":false,"potions_floor_spawned":[5,10,11,18,22,29,35,36,39,41],"ascension_level":20}}