{"host":"1w6a2rjjfnt8te8e","time":1613032138,"event":{"mods":["AchievementEnabler","BaseMod","Colored Powertips","Highlight Path","Minty Spire (QoL Compilation)","Quick Restart","Relic Stats","StSLib"],"gold_per_floor":[109,59,70,170,184,184,214,289,314,58,71,97,97,97,97,199,199,214,227,407,73,91,91,104,104,104],"floor_reached":25,"language":"ENG","playtime":899,"items_purged":["Strike_P"],"score":306,"play_id":"db9ae45e-dced-4311-a3d1-41e7fcbea7fd","local_time":"20210211162858","is_ascension_mode":true,"campfire_choices":[{"data":"Eruption","floor":6.0,"key":"SMITH"},{"data":"Halt","floor":15.0,"key":"SMITH"},{"data":"BowlingBash","floor":23.0,"key":"SMITH"}],"circlet_count":0,"master_deck":["Strike_P","Defend_P","Defend_P","Defend_P","Defend_P","Eruption+1","Vigilance","BowlingBash+1","ReachHeaven","Adaptation","CutThroughFate","EmptyMind","Halt+1","Wallop+1","Parasite","Tantrum+1","SashWhip+1","BattleHymn+1","ThirdEye+1","Halt"],"relics":["PureWater","MealTicket","Lantern","Molten Egg 2","Prayer Wheel","Blue Candle","Runic Dome","Question Card"],"acts_visited":["Exordium","TheCity"],"potions_floor_usage":[25],"damage_taken":[{"damage":0.0,"enemies":"Small Slimes","floor":1.0,"turns":3.0},{"damage":2.0,"enemies":"Jaw Worm","floor":3.0,"turns":2.0},{"damage":2.0,"enemies":"Cultist","floor":5.0,"turns":3.0},{"damage":32.0,"enemies":"Gremlin Nob","floor":7.0,"turns":4.0},{"damage":0.0,"enemies":"Looter","floor":11.0,"turns":2.0},{"damage":7.0,"enemies":"3 Sentries","floor":12.0,"turns":6.0},{"damage":39.0,"enemies":"The Guardian","floor":16.0,"turns":9.0},{"damage":5.0,"enemies":"Chosen","floor":18.0,"turns":3.0},{"damage":3.0,"enemies":"Shell Parasite","floor":19.0,"turns":3.0},{"damage":0.0,"enemies":"Cultist and Chosen","floor":22.0,"turns":3.0},{"damage":14.0,"enemies":"Snake Plant","floor":24.0,"turns":2.0},{"damage":33,"enemies":"Book of Stabbing","floor":25,"turns":2}],"seed_played":"-6077376917311202220","potions_obtained":[{"floor":1.0,"key":"Dexterity Potion"},{"floor":5.0,"key":"Dexterity Potion"},{"floor":12.0,"key":"FearPotion"},{"floor":16.0,"key":"Regen Potion"},{"floor":24.0,"key":"SteroidPotion"}],"is_trial":false,"path_per_floor":["M","?","M","?","M","R","E","?","T","$","M","E","T","?","R","B",null,"M","M","?","$","M","R","M","E"],"character_chosen":"WATCHER","items_purchased":["Molten Egg 2","Question Card"],"campfire_rested":0,"item_purchase_floors":[10,21],"current_hp_per_floor":[65,65,63,63,61,61,29,18,18,33,33,26,26,44,44,5,55,50,47,28,43,43,43,29,0,0],"gold":104,"neow_bonus":"TRANSFORM_CARD","is_daily":false,"chose_seed":false,"campfire_upgraded":3,"win_rate":0.0,"timestamp":1613032138,"path_taken":["M","?","M","?","?","R","E","?","T","?","M","E","?","?","R","BOSS","M","M","?","$","?","R","M","E"],"items_purchased_type":["Relic","Relic"],"build_version":"2020-12-22","purchased_purges":1,"victory":false,"max_hp_per_floor":[72,72,72,72,72,72,72,72,72,72,72,72,72,72,72,72,72,72,72,72,72,72,72,72,72,72],"relic_stats":{"counters":[12,42],"Blue Candle":[3],"MealTicket":30,"Prayer Wheel":4,"Question Card":4,"obtain_stats":[{"Runic Dome":17,"Lantern":9,"Blue Candle":13,"MealTicket":7,"Molten Egg 2":10,"Prayer Wheel":12,"PureWater":0,"Question Card":21},{"Runic Dome":7,"Lantern":4,"Blue Candle":6,"MealTicket":4,"Molten Egg 2":4,"Prayer Wheel":6,"PureWater":0,"Question Card":9},{"Runic Dome":29,"Lantern":12,"Blue Candle":20,"MealTicket":12,"Molten Egg 2":12,"Prayer Wheel":20,"PureWater":0,"Question Card":35}]},"card_choices":[{"not_picked":["Fasting2","SashWhip"],"picked":"ReachHeaven","floor":1.0},{"not_picked":["ThirdEye","Protect"],"picked":"Adaptation","floor":3.0},{"not_picked":["InnerPeace","PathToVictory"],"picked":"CutThroughFate","floor":5.0},{"not_picked":["WindmillStrike","CrushJoints"],"picked":"EmptyMind","floor":7.0},{"not_picked":["ReachHeaven+1","CutThroughFate+1"],"picked":"Halt","floor":11.0},{"not_picked":["ClearTheMind","PathToVictory"],"picked":"Wallop+1","floor":12.0},{"not_picked":["FollowUp+1","Consecrate+1"],"picked":"Tantrum+1","floor":18.0},{"not_picked":["Meditate+1","FollowUp+1","EmptyFist+1"],"picked":"SKIP","floor":18.0},{"not_picked":["Evaluate","Protect"],"picked":"SashWhip+1","floor":19.0},{"not_picked":["CrushJoints+1","EmptyFist+1"],"picked":"BattleHymn+1","floor":19.0},{"not_picked":["FollowUp+1","Prostrate","CutThroughFate+1"],"picked":"ThirdEye+1","floor":22.0},{"not_picked":["SashWhip+1","DevaForm","EmptyMind+1","BowlingBash+1"],"picked":"SKIP","floor":22.0},{"not_picked":["Consecrate+1","Prostrate","Devotion"],"picked":"Halt","floor":24.0},{"not_picked":["WindmillStrike+1","FlurryOfBlows+1","Evaluate","Collect"],"picked":"SKIP","floor":24.0}],"player_experience":311959,"relics_obtained":[{"floor":7.0,"key":"MealTicket"},{"floor":9.0,"key":"Lantern"},{"floor":12.0,"key":"Prayer Wheel"},{"floor":13.0,"key":"Blue Candle"}],"event_choices":[{"cards_removed":["Strike_P"],"damage_healed":0.0,"max_hp_gain":0.0,"max_hp_loss":0.0,"gold_gain":0.0,"event_name":"The Cleric","player_choice":"Card Removal","floor":2.0,"gold_loss":50.0,"damage_taken":0.0},{"damage_healed":0.0,"max_hp_gain":0.0,"max_hp_loss":0.0,"gold_gain":100.0,"event_name":"Golden Shrine","player_choice":"Pray","floor":4.0,"gold_loss":0.0,"damage_taken":0.0},{"damage_healed":0.0,"max_hp_gain":0.0,"max_hp_loss":0.0,"gold_gain":75.0,"event_name":"World of Goop","player_choice":"Gather Gold","floor":8.0,"gold_loss":0.0,"damage_taken":11.0},{"damage_healed":18.0,"max_hp_gain":0.0,"max_hp_loss":0.0,"gold_gain":0.0,"event_name":"Mushrooms","player_choice":"Healed and dodged fight","floor":14.0,"gold_loss":0.0,"damage_taken":0.0,"cards_obtained":["Parasite"]},{"damage_healed":0.0,"max_hp_gain":0.0,"max_hp_loss":0.0,"gold_gain":180.0,"event_name":"Knowing Skull","player_choice":"GOLD GOLD ","floor":20.0,"potions_obtained":[],"gold_loss":0.0,"damage_taken":19.0,"cards_obtained":[]}],"is_beta":false,"boss_relics":[{"not_picked":["Philosopher\u0027s Stone","Ectoplasm"],"picked":"Runic Dome"}],"items_purged_floors":[21],"is_endless":false,"potions_floor_spawned":[1,5,12,16,19,24],"killed_by":"Book of Stabbing","ascension_level":9}}