{"host":"eft627g0ddukeijo","time":1613076933,"event":{"mods":["AchievementEnabler","BaseMod","Bestiary","Better Note","Block Reminder","Colored Powertips","Filter the Spire","Highlight Path","Minty Spire (QoL Compilation)","Permanent Neow","Quick Restart","Rare Cards Sparkle","Relic Stats","Slay-I","StSLib","Weighted Paths"],"gold_per_floor":[10,10,25,25,37,37,37,37,37,71,82,82,108,124,124,229,229,239,239,239],"floor_reached":19,"language":"ENG","playtime":513,"items_purged":[],"score":257,"play_id":"74f77484-393d-4000-9794-1d1dc0f6bf70","local_time":"20210212055533","is_ascension_mode":true,"campfire_choices":[{"floor":6.0,"key":"REST"},{"floor":8.0,"key":"RECALL"},{"floor":12.0,"key":"REST"},{"floor":15.0,"key":"REST"}],"circlet_count":0,"master_deck":["Strike_R","Strike_R","Defend_R","Defend_R","Defend_R","Defend_R","Bash","Heavy Blade","Demon Form","Sword Boomerang","Shockwave","Impervious"],"relics":["Burning Blood","Smiling Mask","Question Card","SlaversCollar"],"acts_visited":["Exordium","TheCity"],"potions_floor_usage":[16,16,19],"damage_taken":[{"damage":14.0,"enemies":"Small Slimes","floor":1.0,"turns":4.0},{"damage":12.0,"enemies":"Jaw Worm","floor":3.0,"turns":2.0},{"damage":0.0,"enemies":"2 Louse","floor":5.0,"turns":2.0},{"damage":32.0,"enemies":"Gremlin Nob","floor":10.0,"turns":4.0},{"damage":40.0,"enemies":"Gremlin Gang","floor":11.0,"turns":5.0},{"damage":25.0,"enemies":"Lagavulin","floor":13.0,"turns":6.0},{"damage":16.0,"enemies":"Blue Slaver","floor":14.0,"turns":3.0},{"damage":32,"enemies":"The Guardian","floor":16,"turns":9},{"damage":59,"enemies":"Spheric Guardian","floor":18,"turns":8},{"damage":10,"enemies":"Chosen","floor":19,"turns":4}],"seed_played":"-5763127320783659397","potions_obtained":[{"floor":13.0,"key":"Weak Potion"},{"floor":14.0,"key":"GamblersBrew"},{"floor":18,"key":"Fire Potion"}],"is_trial":false,"path_per_floor":["M","?","M","$","M","R","$","R","T","E","M","R","E","M","R","B",null,"M","M"],"character_chosen":"IRONCLAD","items_purchased":[],"campfire_rested":3,"item_purchase_floors":[],"current_hp_per_floor":[64,64,58,58,64,80,80,80,80,54,20,44,25,15,39,13,63,10,0,0],"gold":239,"neow_bonus":"REMOVE_TWO","is_daily":false,"chose_seed":false,"campfire_upgraded":0,"win_rate":0.0,"timestamp":1613076933,"path_taken":["M","?","M","$","M","R","$","R","T","E","M","R","E","M","R","BOSS","M","M"],"items_purchased_type":[],"build_version":"2020-12-22","purchased_purges":0,"victory":false,"max_hp_per_floor":[80,80,80,80,80,80,80,80,80,80,80,80,80,80,80,80,80,80,80,80],"relic_stats":{"counters":[10,47],"Smiling Mask":0,"Question Card":3,"obtain_stats":[{"SlaversCollar":17,"Smiling Mask":10,"Question Card":13,"Burning Blood":0},{"SlaversCollar":8,"Smiling Mask":4,"Question Card":6,"Burning Blood":0},{"SlaversCollar":35,"Smiling Mask":12,"Question Card":23,"Burning Blood":0}],"Burning Blood":54},"card_choices":[{"not_picked":["Flex","Battle Trance"],"picked":"Heavy Blade","floor":1.0},{"not_picked":["Clash","Clothesline","Warcry"],"picked":"SKIP","floor":3.0},{"not_picked":["Ghostly Armor","Dual Wield","Warcry"],"picked":"SKIP","floor":5.0},{"not_picked":["True Grit","Pommel Strike"],"picked":"Demon Form","floor":10.0},{"not_picked":["Warcry","Flex","Rage"],"picked":"SKIP","floor":11.0},{"not_picked":["Body Slam","Combust"],"picked":"Sword Boomerang","floor":13.0},{"not_picked":["True Grit","Cleave","Spot Weakness"],"picked":"Shockwave","floor":14.0},{"not_picked":["Demon Form","Fiend Fire","Juggernaut"],"picked":"Impervious","floor":16},{"not_picked":["Wild Strike","Rampage","Infernal Blade","Intimidate"],"picked":"SKIP","floor":18}],"player_experience":571478,"relics_obtained":[{"floor":10.0,"key":"Smiling Mask"},{"floor":13.0,"key":"Question Card"}],"event_choices":[{"cards_removed":["Strike_R"],"damage_healed":0.0,"max_hp_gain":0.0,"max_hp_loss":0.0,"gold_gain":0.0,"event_name":"Living Wall","player_choice":"Forget","floor":2.0,"gold_loss":0.0,"damage_taken":0.0}],"is_beta":false,"boss_relics":[{"not_picked":["Astrolabe","Runic Cube"],"picked":"SlaversCollar"}],"items_purged_floors":[],"is_endless":false,"potions_floor_spawned":[13,14,18],"killed_by":"Chosen","ascension_level":9}}