{"host":"zwezhz46a5cjkxff","time":1613028310,"event":{"mods":["AchievementEnabler","BaseMod","Colored Map","Colored Powertips","DeckTracker","Hermit","Marisa????????","Minty Spire (QoL Compilation)","Permanent Neow","Quick Restart","Rare Cards Sparkle","Relic Stats","Robot Space Explorer","StSLib","SuperFastMode","The Hierophant","The Servant 0.9.4","Weighted Paths","slay the spire mod where everything is the same but ironclad has a cowboy hat"],"gold_per_floor":[15,34,50,60,60,60,104,104,129,165,165,165,196,22,22,148,148,162,177,177,27,27,27,27],"floor_reached":23,"language":"ENG","playtime":601,"items_purged":["Strike_G","Regret"],"score":267,"play_id":"746fa94d-7775-4775-b584-bbe353d77579","local_time":"20210211012510","is_ascension_mode":true,"campfire_choices":[{"data":"Sadistic Nature","floor":6,"key":"SMITH"},{"floor":11,"key":"REST"},{"floor":15,"key":"RECALL"}],"circlet_count":0,"master_deck":["Strike_G","Strike_G+1","Strike_G","Strike_G","Defend_G","Defend_G","Defend_G","Defend_G","Defend_G+1","Survivor","Neutralize","Sadistic Nature+1","Poisoned Stab","Backflip","Envenom","Noxious Fumes","Noxious Fumes","Caltrops"],"relics":["Ring of the Snake","Golden Idol","Tiny Chest","Lantern","Vajra","Ginger","SlaversCollar","Nloth\u0027s Gift"],"acts_visited":["Exordium","TheCity"],"potions_floor_usage":[7,14,16,23,23],"damage_taken":[{"damage":2,"enemies":"Jaw Worm","floor":1,"turns":4},{"damage":0,"enemies":"2 Louse","floor":2,"turns":2},{"damage":0,"enemies":"Small Slimes","floor":3,"turns":3},{"damage":7,"enemies":"3 Louse","floor":4,"turns":5},{"damage":0,"enemies":"Gremlin Nob","floor":7,"turns":3},{"damage":31,"enemies":"3 Sentries","floor":10,"turns":7},{"damage":5,"enemies":"Lagavulin","floor":13,"turns":4},{"damage":7,"enemies":"Slime Boss","floor":16,"turns":5},{"damage":21,"enemies":"Spheric Guardian","floor":18,"turns":5},{"damage":26,"enemies":"Shell Parasite","floor":19,"turns":5},{"damage":35,"enemies":"Gremlin Leader","floor":23,"turns":3}],"seed_played":"8050454001669397546","potions_obtained":[{"floor":3,"key":"Ancient Potion"},{"floor":4,"key":"GhostInAJar"},{"floor":13,"key":"Strength Potion"},{"floor":18,"key":"LiquidBronze"},{"floor":19,"key":"Ancient Potion"}],"is_trial":false,"path_per_floor":["M","M","M","M","?","R","E","?","T","E","R","?","E","$","R","B",null,"M","M","?","$","T","E"],"character_chosen":"THE_SILENT","items_purchased":["Fruit Juice","ColorlessPotion"],"campfire_rested":1,"item_purchase_floors":[14,21],"current_hp_per_floor":[68,68,68,61,44,44,44,44,44,13,34,20,15,20,20,13,75,54,28,28,28,28,0,0],"gold":27,"neow_bonus":"RANDOM_COLORLESS_2","is_daily":false,"chose_seed":false,"campfire_upgraded":1,"win_rate":0.0,"timestamp":1613028310,"path_taken":["M","M","M","M","?","R","E","?","T","E","R","?","E","$","R","BOSS","M","M","?","$","?","E"],"items_purchased_type":["Potion","Potion"],"build_version":"2020-12-22","purchased_purges":2,"victory":false,"max_hp_per_floor":[70,70,70,70,70,70,70,70,70,70,70,70,70,75,75,75,75,75,75,75,75,75,75,75],"relic_stats":{"counters":[11,46],"Golden Idol":53,"Tiny Chest":1,"Nloth\u0027s Gift":0,"Ginger":[1],"obtain_stats":[{"SlaversCollar":17,"Lantern":8,"Golden Idol":5,"Vajra":9,"Tiny Chest":7,"Art of War":10,"Nloth\u0027s Gift":20,"Ginger":13,"Ring of the Snake":0},{"SlaversCollar":8,"Lantern":5,"Golden Idol":4,"Vajra":5,"Tiny Chest":5,"Art of War":6,"Nloth\u0027s Gift":10,"Ginger":7,"Ring of the Snake":0},{"SlaversCollar":33,"Lantern":17,"Golden Idol":14,"Vajra":17,"Tiny Chest":17,"Art of War":24,"Nloth\u0027s Gift":43,"Ginger":28,"Ring of the Snake":0}],"Ring of the Snake":[22]},"card_choices":[{"not_picked":["Secret Weapon","Metamorphosis"],"picked":"Sadistic Nature","floor":0},{"not_picked":["Setup","Skewer"],"picked":"Poisoned Stab","floor":1},{"not_picked":["Dodge and Roll","Acrobatics"],"picked":"Backflip","floor":2},{"not_picked":["Bane","Cloak And Dagger","Eviscerate"],"picked":"SKIP","floor":3},{"not_picked":["PiercingWail","Underhanded Strike"],"picked":"Envenom","floor":4},{"not_picked":["Concentrate","Slice","Doppelganger"],"picked":"SKIP","floor":7},{"not_picked":["Backflip","Cloak And Dagger"],"picked":"Noxious Fumes","floor":10},{"not_picked":["Blur","Outmaneuver"],"picked":"Noxious Fumes","floor":13},{"not_picked":["Bane","Expertise","Noxious Fumes"],"picked":"SKIP","floor":18},{"not_picked":["Slice","Poisoned Stab"],"picked":"Caltrops","floor":19}],"player_experience":97405,"relics_obtained":[{"floor":7,"key":"Tiny Chest"},{"floor":9,"key":"Vajra"},{"floor":10,"key":"Art of War"},{"floor":13,"key":"Ginger"}],"event_choices":[{"damage_healed":0,"gold_gain":0,"player_choice":"Take Damage","damage_taken":17,"relics_obtained":["Golden Idol"],"max_hp_gain":0,"max_hp_loss":0,"event_name":"Golden Idol","floor":5,"gold_loss":0},{"damage_healed":0,"gold_gain":0,"player_choice":"Box","damage_taken":0,"relics_obtained":["Lantern"],"max_hp_gain":0,"max_hp_loss":0,"event_name":"Big Fish","floor":8,"gold_loss":0,"cards_obtained":["Regret"]},{"damage_healed":0,"gold_gain":0,"player_choice":"Entered Light","damage_taken":14,"max_hp_gain":0,"max_hp_loss":0,"event_name":"Shining Light","floor":12,"gold_loss":0,"cards_upgraded":["Strike_G","Defend_G"]},{"damage_healed":0,"gold_gain":0,"player_choice":"Traded Relic","damage_taken":0,"relics_obtained":["Nloth\u0027s Gift"],"max_hp_gain":0,"max_hp_loss":0,"event_name":"N\u0027loth","floor":20,"relics_lost":["Art of War"],"gold_loss":0}],"is_beta":false,"boss_relics":[{"not_picked":["Empty Cage","Coffee Dripper"],"picked":"SlaversCollar"}],"items_purged_floors":[14,21],"is_endless":false,"potions_floor_spawned":[3,4,13,18,19],"killed_by":"Gremlin Leader","ascension_level":3}}