{"host":"Jinnai","time":1613006624,"event":{"mods":["BaseMod","Bestiary","Block Reminder","Colored Map","Colored Powertips","Curses Come First","Highlight Path","Minty Spire (QoL Compilation)","Permanent Neow","Potion Indicator Mod","Quick Restart","Relic Stats","StSLib","ojb\u0027s Info Mod"],"gold_per_floor":[10,10,23,38,51,85,85,118,118,118,141,184,72,72,72,72,72],"floor_reached":16,"language":"ENG","playtime":747,"items_purged":["Strike_B"],"score":240,"play_id":"9c809246-0aea-4ce2-931e-b947cc787015","local_time":"20210210202344","is_ascension_mode":true,"campfire_choices":[{"floor":7,"key":"REST"},{"floor":10,"key":"REST"},{"floor":15,"key":"REST"}],"circlet_count":0,"master_deck":["AscendersBane","Strike_B","Strike_B","Strike_B","Defend_B","Defend_B","Defend_B","Defend_B","Zap","Dualcast","Fission","Barrage","Lockon","Cold Snap","Static Discharge","Capacitor","Defragment","Creative AI","Cold Snap","Core Surge","Heatsinks","Genetic Algorithm","Force Field"],"relics":["Cracked Core","Golden Idol","Dream Catcher","Meat on the Bone","Kunai","Ancient Tea Set"],"acts_visited":["Exordium"],"potions_floor_usage":[6,6,12,16],"damage_taken":[{"damage":6,"enemies":"2 Louse","floor":1,"turns":3},{"damage":7,"enemies":"Jaw Worm","floor":3,"turns":3},{"damage":1,"enemies":"Cultist","floor":4,"turns":3},{"damage":9,"enemies":"Red Slaver","floor":5,"turns":3},{"damage":30,"enemies":"Lagavulin","floor":6,"turns":6},{"damage":39,"enemies":"3 Sentries","floor":8,"turns":6},{"damage":15,"enemies":"Looter","floor":11,"turns":3},{"damage":18,"enemies":"Lagavulin","floor":12,"turns":9},{"damage":39,"enemies":"Slime Boss","floor":16,"turns":6}],"seed_played":"-4484134651801526846","potions_obtained":[{"floor":1,"key":"SkillPotion"},{"floor":5,"key":"Regen Potion"},{"floor":8,"key":"SkillPotion"},{"floor":14,"key":"Block Potion"},{"floor":14,"key":"SmokeBomb"}],"is_trial":false,"path_per_floor":["M","?","M","M","M","E","R","E","T","R","M","E","$","?","R","B"],"character_chosen":"DEFECT","items_purchased":["Genetic Algorithm"],"campfire_rested":3,"item_purchase_floors":[13],"current_hp_per_floor":[58,58,51,50,41,26,45,6,6,25,22,16,16,16,35,0,0],"gold":72,"neow_bonus":"THREE_RARE_CARDS","is_daily":false,"chose_seed":false,"campfire_upgraded":0,"win_rate":0.0,"timestamp":1613006624,"path_taken":["M","?","M","M","M","E","R","E","T","R","M","E","$","?","R","BOSS"],"items_purchased_type":["Card"],"build_version":"2020-12-18","purchased_purges":1,"victory":false,"max_hp_per_floor":[71,64,64,64,64,64,64,64,64,64,64,64,64,64,64,64,64],"relic_stats":{"Dream Catcher":3,"counters":[9,42],"Golden Idol":37,"Kunai":[2],"obtain_stats":[{"Dream Catcher":6,"Golden Idol":2,"Kunai":9,"Cracked Core":0,"Ancient Tea Set":12,"Meat on the Bone":8},{"Dream Catcher":5,"Golden Idol":1,"Kunai":6,"Cracked Core":0,"Ancient Tea Set":8,"Meat on the Bone":6},{"Dream Catcher":18,"Golden Idol":3,"Kunai":24,"Cracked Core":0,"Ancient Tea Set":36,"Meat on the Bone":24}],"Meat on the Bone":24},"card_choices":[{"not_picked":["Meteor Strike","Seek"],"picked":"Fission","floor":0},{"not_picked":["Tempest","Blizzard"],"picked":"Barrage","floor":1},{"not_picked":["Conserve Battery","Hologram"],"picked":"Lockon","floor":3},{"not_picked":["Hologram","Streamline"],"picked":"Cold Snap","floor":4},{"not_picked":["Coolheaded","Steam"],"picked":"Static Discharge","floor":5},{"not_picked":["Streamline","Force Field"],"picked":"Capacitor","floor":6},{"not_picked":["Storm","Aggregate"],"picked":"Defragment","floor":7},{"not_picked":["Sweeping Beam","Streamline"],"picked":"Creative AI","floor":8},{"not_picked":["Gash","Redo"],"picked":"Cold Snap","floor":10},{"not_picked":["Compile Driver","Barrage"],"picked":"Core Surge","floor":11},{"not_picked":["Compile Driver","Beam Cell"],"picked":"Heatsinks","floor":12},{"not_picked":["Barrage","Streamline"],"picked":"Force Field","floor":15}],"player_experience":1710358,"relics_obtained":[{"floor":6,"key":"Dream Catcher"},{"floor":8,"key":"Meat on the Bone"},{"floor":9,"key":"Kunai"},{"floor":12,"key":"Ancient Tea Set"}],"event_choices":[{"damage_healed":0,"gold_gain":0,"player_choice":"Lose Max HP","damage_taken":0,"relics_obtained":["Golden Idol"],"max_hp_gain":0,"max_hp_loss":7,"event_name":"Golden Idol","floor":2,"gold_loss":0},{"damage_healed":0,"gold_gain":0,"player_choice":"Got Potions","damage_taken":0,"max_hp_gain":0,"max_hp_loss":0,"event_name":"Lab","floor":14,"gold_loss":0}],"is_beta":true,"boss_relics":[],"items_purged_floors":[13],"is_endless":false,"potions_floor_spawned":[1,5,8],"killed_by":"Slime Boss","ascension_level":20}}