{"host":"c97twqu0op5dg8i4","time":1613031523,"event":{"mods":["AchievementEnabler","BaseMod","Colored Map","Minty Spire (QoL Compilation)","Permanent Neow"],"gold_per_floor":[110,126,126,142,142,142,176,20,89,140,170,170,185,185,195,222,222,323,323,340,340,350,124,143,143,168,180,207,244,268,297,323,250,294,306,419,431,462,494,519,531,531],"floor_reached":41,"language":"ENG","playtime":1540,"items_purged":["Parasite"],"score":819,"play_id":"7e18cff7-246e-4c0b-9100-86485958fb96","local_time":"20210211031843","is_ascension_mode":true,"campfire_choices":[{"data":"Eruption","floor":6.0,"key":"SMITH"},{"data":"Vigilance","floor":14,"key":"SMITH"},{"data":"FlurryOfBlows","floor":17,"key":"SMITH"},{"data":"CutThroughFate","floor":25,"key":"SMITH"},{"floor":27,"key":"REST"},{"floor":35,"key":"REST"}],"circlet_count":0,"master_deck":["Strike_P","Strike_P","Defend_P","Defend_P","Defend_P","Defend_P","Eruption+1","Vigilance+1","PathToVictory+1","Halt","Conclude","PathToVictory+1","EmptyMind","CutThroughFate+1","FlurryOfBlows+1","CurseOfTheBell","Evaluate","PathToVictory","PathToVictory+1","PathToVictory","Wish"],"relics":["PureWater","Thread and Needle","Orichalcum","DollysMirror","Bottled Lightning","MealTicket","Darkstone Periapt","Bottled Flame","Calling Bell","Bronze Scales","Pear","Lizard Tail","Lee\u0027s Waffle","MawBank","Bag of Marbles","StrikeDummy","Lantern","Empty Cage"],"acts_visited":["Exordium","TheCity","TheBeyond"],"potions_floor_usage":[13,20,36,36],"damage_taken":[{"damage":0.0,"enemies":"Cultist","floor":1.0,"turns":5.0},{"damage":0.0,"enemies":"Jaw Worm","floor":2.0,"turns":3.0},{"damage":0.0,"enemies":"2 Louse","floor":4.0,"turns":3.0},{"damage":28.0,"enemies":"Lagavulin","floor":7.0,"turns":8.0},{"damage":0,"enemies":"Gremlin Nob","floor":11,"turns":2},{"damage":0,"enemies":"Looter","floor":13,"turns":2},{"damage":0,"enemies":"Red Slaver","floor":15,"turns":2},{"damage":3,"enemies":"3 Sentries","floor":16,"turns":8},{"damage":0,"enemies":"Slime Boss","floor":18,"turns":5},{"damage":17,"enemies":"2 Thieves","floor":20,"turns":4},{"damage":0,"enemies":"3 Byrds","floor":22,"turns":3},{"damage":22,"enemies":"Snake Plant","floor":24,"turns":3},{"damage":41,"enemies":"Gremlin Leader","floor":26,"turns":6},{"damage":12,"enemies":"Shelled Parasite and Fungi","floor":28,"turns":4},{"damage":7,"enemies":"Centurion and Healer","floor":30,"turns":6},{"damage":12,"enemies":"Sentry and Sphere","floor":31,"turns":4},{"damage":0,"enemies":"3 Cultists","floor":32,"turns":3},{"damage":31,"enemies":"Book of Stabbing","floor":34,"turns":5},{"damage":83,"enemies":"Automaton","floor":36,"turns":8},{"damage":26,"enemies":"3 Darklings","floor":38,"turns":3},{"damage":4,"enemies":"3 Shapes","floor":39,"turns":2},{"damage":37,"enemies":"Jaw Worm Horde","floor":40,"turns":3},{"damage":24,"enemies":"Sphere and 2 Shapes","floor":41,"turns":3}],"seed_played":"-7926444171392431988","potions_obtained":[{"floor":1.0,"key":"Explosive Potion"},{"floor":3.0,"key":"FairyPotion"},{"floor":3.0,"key":"Block Potion"},{"floor":7.0,"key":"SteroidPotion"},{"floor":15,"key":"DistilledChaos"},{"floor":26,"key":"PowerPotion"},{"floor":32,"key":"EssenceOfSteel"},{"floor":36,"key":"Swift Potion"},{"floor":39,"key":"Swift Potion"}],"is_trial":false,"path_per_floor":["M","M","?","M","?","R","E","$","T","T","E","?","M","R","M","E","R","B",null,"M","?","M","$","M","R","E","R","M","T","M","M","M","?","E","R","B",null,"M","M","M","M"],"character_chosen":"WATCHER","items_purchased":["DollysMirror","Lee\u0027s Waffle"],"campfire_rested":2,"item_purchase_floors":[8,23],"current_hp_per_floor":[47,47,47,47,47,47,19,19,19,19,19,43,43,43,43,40,40,40,85,68,68,68,98,76,76,35,64,52,52,45,33,33,33,2,31,49,86,60,56,19,0,0],"gold":531,"neow_bonus":"ONE_RARE_RELIC","is_daily":false,"chose_seed":false,"campfire_upgraded":4,"win_rate":0.0,"timestamp":1613031523,"path_taken":["M","?","?","?","?","R","E","$","T","T","E","?","M","R","M","E","R","BOSS","M","?","?","$","M","R","E","R","M","T","M","M","M","?","E","R","BOSS","M","M","M","M"],"items_purchased_type":["Relic","Relic"],"build_version":"2020-12-22","purchased_purges":1,"victory":false,"max_hp_per_floor":[72,72,72,72,72,72,72,72,72,72,72,78,78,78,78,78,78,78,94,94,94,94,98,98,98,98,98,98,98,98,98,98,98,98,98,98,98,98,98,98,98,98],"card_choices":[{"not_picked":["FlyingSleeves","Evaluate"],"picked":"PathToVictory","floor":1.0},{"not_picked":["Protect","ForeignInfluence"],"picked":"Halt","floor":2.0},{"not_picked":["FollowUp","TalkToTheHand"],"picked":"Conclude","floor":4.0},{"not_picked":["Perseverance","BowlingBash","Worship"],"picked":"SKIP","floor":7.0},{"not_picked":["WheelKick","Sanctity"],"picked":"EmptyMind","floor":11},{"not_picked":["SashWhip","FlyingSleeves"],"picked":"CutThroughFate","floor":13},{"not_picked":["Conclude","FlyingSleeves","WheelKick"],"picked":"SKIP","floor":15},{"not_picked":["WaveOfTheHand","Worship"],"picked":"FlurryOfBlows","floor":16},{"not_picked":["FlyingSleeves","MentalFortress"],"picked":"Evaluate","floor":20},{"not_picked":["EmptyFist+1","InnerPeace","FlyingSleeves"],"picked":"SKIP","floor":22},{"not_picked":["EmptyFist+1","Tantrum","Collect+1"],"picked":"SKIP","floor":24},{"not_picked":["BowlingBash+1","LessonLearned"],"picked":"PathToVictory","floor":26},{"not_picked":["EmptyMind","CarveReality","Weave"],"picked":"SKIP","floor":28},{"not_picked":["ReachHeaven","SashWhip"],"picked":"PathToVictory+1","floor":30},{"not_picked":["SpiritShield","FollowUp","Protect"],"picked":"SKIP","floor":31},{"not_picked":["InnerPeace","WindmillStrike","BowlingBash+1"],"picked":"SKIP","floor":32},{"not_picked":["JustLucky","MentalFortress"],"picked":"PathToVictory","floor":34},{"not_picked":["MasterReality","DeusExMachina"],"picked":"Wish","floor":36},{"not_picked":["Protect+1","FlurryOfBlows+1","ThirdEye"],"picked":"SKIP","floor":38},{"not_picked":["DeceiveReality+1","FollowUp","Evaluate"],"picked":"SKIP","floor":39},{"not_picked":["CutThroughFate","FearNoEvil+1","Scrawl"],"picked":"SKIP","floor":40}],"player_experience":381626,"relics_obtained":[{"floor":7.0,"key":"Orichalcum"},{"floor":9,"key":"Bottled Lightning"},{"floor":10,"key":"MealTicket"},{"floor":11,"key":"Darkstone Periapt"},{"floor":16,"key":"Bottled Flame"},{"floor":19,"key":"Bronze Scales"},{"floor":19,"key":"Pear"},{"floor":19,"key":"Lizard Tail"},{"floor":26,"key":"MawBank"},{"floor":29,"key":"Bag of Marbles"},{"floor":34,"key":"Lantern"}],"event_choices":[{"damage_healed":0.0,"max_hp_gain":0.0,"max_hp_loss":0.0,"gold_gain":0.0,"event_name":"Lab","player_choice":"Got Potions","floor":3.0,"gold_loss":0.0,"damage_taken":0.0},{"damage_healed":0.0,"max_hp_gain":0.0,"max_hp_loss":0.0,"gold_gain":0.0,"event_name":"Living Wall","player_choice":"Grow","floor":5.0,"gold_loss":0.0,"damage_taken":0.0,"cards_upgraded":["PathToVictory"]},{"damage_healed":18,"gold_gain":0,"player_choice":"Healed and dodged fight","damage_taken":0,"max_hp_gain":0,"max_hp_loss":0,"event_name":"Mushrooms","floor":12,"gold_loss":0,"cards_obtained":["Parasite"]},{"damage_healed":0,"gold_gain":0,"player_choice":"Bought 0 Potions","damage_taken":0,"max_hp_gain":0,"max_hp_loss":0,"event_name":"The Woman in Blue","floor":21,"gold_loss":0},{"damage_healed":0,"gold_gain":0,"player_choice":"Obtained Relic","damage_taken":0,"relics_obtained":["StrikeDummy"],"max_hp_gain":0,"max_hp_loss":0,"event_name":"Addict","floor":33,"gold_loss":85}],"is_beta":false,"boss_relics":[{"not_picked":["Runic Dome","Philosopher\u0027s Stone"],"picked":"Calling Bell"},{"not_picked":["HolyWater","SlaversCollar"],"picked":"Empty Cage"}],"items_purged_floors":[23],"is_endless":false,"potions_floor_spawned":[1,7,11,15,26,28,31,32,34,36,39],"killed_by":"Sphere and 2 Shapes","ascension_level":9}}