{"host":"kcvncuxxsb6xpuus","time":1613037109,"event":{"mods":["BaseMod","Minty Spire (QoL Compilation)","Replay The Spire","StSLib"],"gold_per_floor":[112,37,37,51,110,110,135,135,135,150,150,180,198,213,213,213,213],"floor_reached":16,"language":"ZHS","playtime":913,"items_purged":["Strike_R"],"score":149,"play_id":"c607fdeb-faa7-4031-abdf-b63927283b18","local_time":"20210211175149","is_ascension_mode":true,"campfire_choices":[{"data":"Pummel","floor":6,"key":"SMITH"},{"floor":8,"key":"REST"},{"floor":11,"key":"REST"},{"floor":15,"key":"REST"}],"circlet_count":0,"master_deck":["Strike_R","Strike_R","Strike_R","Strike_R","Defend_R","Defend_R","Defend_R","Defend_R","Bash","Pummel+1","Intimidate","Impervious","Replay:Undeath\u0027s Touch","ReplayReversal"],"relics":["Burning Blood","Kunai","Replay:Wax Seal","Bottled Flame","Matryoshka"],"acts_visited":["Exordium"],"potions_floor_usage":[7,12],"damage_taken":[{"damage":9,"enemies":"Jaw Worm","floor":1,"turns":4},{"damage":6,"enemies":"Cultist","floor":4,"turns":4},{"damage":43,"enemies":"3 Sentries","floor":7,"turns":10},{"damage":7,"enemies":"Small Slimes","floor":10,"turns":4},{"damage":0,"enemies":"Lagavulin","floor":12,"turns":6},{"damage":15,"enemies":"3 Louse","floor":13,"turns":5},{"damage":15,"enemies":"Red Slaver","floor":14,"turns":4},{"damage":58,"enemies":"Hexaghost","floor":16,"turns":10}],"seed_played":"7309141591134379140","potions_obtained":[{"floor":4,"key":"LiquidBronze"},{"floor":7,"key":"BlessingOfTheForge"}],"is_trial":false,"path_per_floor":["M","$","?","M","?","R","E","R","T","M","R","E","M","M","R","B"],"character_chosen":"IRONCLAD","items_purchased":[],"campfire_rested":3,"item_purchase_floors":[],"current_hp_per_floor":[77,77,77,77,45,45,8,32,32,31,55,61,52,43,67,9,9],"gold":213,"neow_bonus":"THREE_CARDS","is_daily":false,"chose_seed":false,"campfire_upgraded":1,"win_rate":0.0,"timestamp":1613037109,"path_taken":["M","$","?","?","?","R","E","R","T","?","R","E","M","M","R","BOSS"],"items_purchased_type":[],"build_version":"2020-12-22","purchased_purges":1,"victory":false,"max_hp_per_floor":[80,80,80,80,80,80,80,80,80,80,80,80,80,80,80,80,80],"card_choices":[{"not_picked":["Heavy Blade","Thunderclap"],"picked":"Pummel","floor":0},{"not_picked":["Headbutt","Fire Breathing","Thunderclap"],"picked":"SKIP","floor":1},{"not_picked":["Shrug It Off","Thunderclap"],"picked":"Replay:Undeath\u0027s Touch","floor":4},{"not_picked":["Defy Death","Run Through","Flex"],"picked":"SKIP","floor":7},{"not_picked":["ReplayTheSpireMod:LeadingStrike","Wild Strike"],"picked":"ReplayReversal","floor":10},{"not_picked":["Whirlwind","Cleave","Armaments"],"picked":"SKIP","floor":12},{"not_picked":["Sever Soul","Corruption","ReplayTheSpireMod:Strike From Hell"],"picked":"SKIP","floor":13},{"not_picked":["Pommel Strike","Run Through","Clash"],"picked":"SKIP","floor":14}],"player_experience":91955,"relics_obtained":[{"floor":5,"key":"Kunai"},{"floor":7,"key":"Replay:Wax Seal"},{"floor":9,"key":"Bottled Flame"},{"floor":12,"key":"Matryoshka"}],"event_choices":[{"damage_healed":0,"gold_gain":0,"player_choice":"2 cards matched","damage_taken":0,"max_hp_gain":0,"max_hp_loss":0,"event_name":"Match and Keep!","floor":3,"gold_loss":0,"cards_obtained":["Intimidate","Impervious"]}],"is_beta":false,"boss_relics":[],"items_purged_floors":[2],"is_endless":false,"potions_floor_spawned":[4,7],"killed_by":"Hexaghost","ascension_level":2}}