{"host":"ynimr9ugvc6f046i","time":1613032425,"event":{"mods":["2.2 Compatiblity","BaseMod","Colored Map","DeckTracker","Highlight Path","Keyboard Shortcuts","Minty Spire (QoL Compilation)","Permanent Neow","Quick Restart","StSLib","SuperFastMode"],"gold_per_floor":[112,125,125,125,125,156,156,186,210,210,222,236,236,161,161,237,237,249,174,192,242,259,259,259],"floor_reached":23,"language":"KOR","playtime":337,"items_purged":["Defend_P"],"score":448,"play_id":"b5e94016-f4a7-4bd5-8aeb-a1f6dd63707b","local_time":"20210211173345","is_ascension_mode":true,"campfire_choices":[{"data":"Apotheosis","floor":7.0,"key":"SMITH"},{"data":"Eruption","floor":10.0,"key":"SMITH"},{"floor":15.0,"key":"RECALL"}],"circlet_count":0,"master_deck":["AscendersBane","Strike_P","Strike_P+1","Defend_P","Defend_P","Defend_P","Eruption+1","Vigilance+1","Apotheosis+1","Tantrum","CrushJoints","FlurryOfBlows","DeusExMachina"],"relics":["PureWater","Oddly Smooth Stone","Mercury Hourglass","Runic Pyramid"],"acts_visited":["Exordium","TheCity"],"potions_floor_usage":[],"damage_taken":[{"damage":0.0,"enemies":"2 Louse","floor":1.0,"turns":3.0},{"damage":0.0,"enemies":"Small Slimes","floor":2.0,"turns":3.0},{"damage":0.0,"enemies":"Gremlin Nob","floor":6.0,"turns":2.0},{"damage":11.0,"enemies":"Lagavulin","floor":8.0,"turns":7.0},{"damage":0.0,"enemies":"Cultist","floor":11.0,"turns":2.0},{"damage":0.0,"enemies":"Large Slime","floor":12.0,"turns":3.0},{"damage":13.0,"enemies":"Hexaghost","floor":16.0,"turns":4.0},{"damage":15.0,"enemies":"Shell Parasite","floor":18.0,"turns":2.0},{"damage":0.0,"enemies":"Chosen","floor":20.0,"turns":3.0},{"damage":6,"enemies":"Sentry and Sphere","floor":22,"turns":5},{"damage":58,"enemies":"Book of Stabbing","floor":23,"turns":3}],"seed_played":"2045533386711852543","potions_obtained":[{"floor":2.0,"key":"SteroidPotion"},{"floor":6.0,"key":"Dexterity Potion"}],"is_trial":false,"path_per_floor":["M","M","?","?","?","E","R","E","T","R","M","M","?","$","R","B",null,"M","?","M","?","M","E"],"character_chosen":"WATCHER","items_purchased":[],"campfire_rested":0,"item_purchase_floors":[],"current_hp_per_floor":[43,43,48,48,48,48,48,37,37,37,37,37,15,15,15,2,55,40,40,40,40,34,0,0],"gold":259,"neow_bonus":"RANDOM_COLORLESS_2","is_daily":false,"chose_seed":false,"campfire_upgraded":2,"win_rate":0.0,"timestamp":1613032425,"path_taken":["M","M","?","?","?","E","R","E","T","R","?","M","?","$","R","BOSS","M","?","M","?","M","E"],"items_purchased_type":[],"build_version":"2020-12-22","purchased_purges":1,"victory":false,"max_hp_per_floor":[68,68,73,73,73,73,73,73,73,73,73,73,73,73,73,73,73,73,73,73,73,73,73,73],"card_choices":[{"not_picked":["The Bomb","Magnetism"],"picked":"Apotheosis","floor":0.0},{"not_picked":["Evaluate","Halt"],"picked":"Tantrum","floor":1.0},{"not_picked":["CarveReality","Weave"],"picked":"CrushJoints","floor":2.0},{"not_picked":["ThirdEye","EmptyBody"],"picked":"FlurryOfBlows","floor":6.0},{"not_picked":["SashWhip","Brilliance","Wireheading"],"picked":"SKIP","floor":8.0},{"not_picked":["Worship","Prostrate","CrushJoints"],"picked":"SKIP","floor":11.0},{"not_picked":["PathToVictory","CutThroughFate","Protect"],"picked":"SKIP","floor":12.0},{"not_picked":["SpiritShield","Wish"],"picked":"DeusExMachina","floor":16.0},{"not_picked":["FlurryOfBlows","Pray","ReachHeaven+1"],"picked":"SKIP","floor":18.0},{"not_picked":["EmptyMind","PathToVictory","Indignation+1"],"picked":"SKIP","floor":20.0},{"not_picked":["ForeignInfluence","ClearTheMind","DeusExMachina"],"picked":"SKIP","floor":22}],"player_experience":575961,"relics_obtained":[{"floor":6.0,"key":"Oddly Smooth Stone"},{"floor":8.0,"key":"Mercury Hourglass"}],"event_choices":[{"damage_healed":0.0,"max_hp_gain":5.0,"max_hp_loss":0.0,"gold_gain":0.0,"event_name":"Big Fish","player_choice":"Donut","floor":3.0,"gold_loss":0.0,"damage_taken":0.0},{"damage_healed":0.0,"max_hp_gain":0.0,"max_hp_loss":0.0,"gold_gain":0.0,"event_name":"Liars Game","player_choice":"Ignored","floor":4.0,"gold_loss":0.0,"damage_taken":0.0},{"cards_removed":["Strike_P"],"damage_healed":0.0,"max_hp_gain":0.0,"max_hp_loss":0.0,"gold_gain":0.0,"event_name":"Bonfire Elementals","player_choice":"Offered Basic","floor":5.0,"gold_loss":0.0,"damage_taken":0.0},{"damage_healed":0.0,"max_hp_gain":0.0,"max_hp_loss":0.0,"gold_gain":0.0,"event_name":"Shining Light","player_choice":"Entered Light","floor":13.0,"gold_loss":0.0,"damage_taken":22.0,"cards_upgraded":["Vigilance","Strike_P"]},{"cards_removed":["Strike_P"],"damage_healed":0.0,"max_hp_gain":0.0,"max_hp_loss":0.0,"gold_gain":0.0,"event_name":"Beggar","player_choice":"Gave Gold","floor":19.0,"gold_loss":75.0,"damage_taken":0.0},{"damage_healed":0,"gold_gain":50,"player_choice":"Pray","damage_taken":0,"max_hp_gain":0,"max_hp_loss":0,"event_name":"Golden Shrine","floor":21,"gold_loss":0}],"is_beta":false,"boss_relics":[{"not_picked":["SacredBark","Cursed Key"],"picked":"Runic Pyramid"}],"items_purged_floors":[14],"is_endless":false,"potions_floor_spawned":[2,6,12],"killed_by":"Book of Stabbing","ascension_level":20}}