{"host":"NuclearRollton","time":1613034004,"event":{"mods":["BaseMod","Block Reminder","Minty Spire (QoL Compilation)","Quick Restart"],"gold_per_floor":[113,113,113,113,128,128,169,189,189,213,231,231,284,317,317,317,317],"floor_reached":16,"language":"RUS","playtime":606,"items_purged":[],"score":247,"play_id":"3b93211e-4b1c-4a71-83cc-e77e5699b262","local_time":"20210211120004","is_ascension_mode":true,"campfire_choices":[{"floor":6.0,"key":"REST"},{"floor":12,"key":"REST"},{"floor":15,"key":"REST"}],"circlet_count":0,"master_deck":["AscendersBane","Strike_R+1","Strike_R","Strike_R+1","Strike_R","Strike_R","Defend_R","Defend_R","Defend_R","Defend_R","Bash","Rampage","Battle Trance","Burning Pact","Shrug It Off","Armaments"],"relics":["Burning Blood","NeowsBlessing","Golden Idol","Darkstone Periapt","Matryoshka","CeramicFish"],"acts_visited":["Exordium"],"potions_floor_usage":[11,13,16],"damage_taken":[{"damage":0.0,"enemies":"Jaw Worm","floor":1.0,"turns":1.0},{"damage":0.0,"enemies":"Small Slimes","floor":5.0,"turns":1.0},{"damage":0.0,"enemies":"Lagavulin","floor":7.0,"turns":1.0},{"damage":1.0,"enemies":"Cultist","floor":8.0,"turns":3.0},{"damage":8.0,"enemies":"Exordium Wildlife","floor":10.0,"turns":3.0},{"damage":24,"enemies":"Red Slaver","floor":11,"turns":5},{"damage":36,"enemies":"Gremlin Nob","floor":13,"turns":4},{"damage":16,"enemies":"Blue Slaver","floor":14,"turns":4},{"damage":64,"enemies":"Hexaghost","floor":16,"turns":11}],"seed_played":"-8670347954910675107","potions_obtained":[{"floor":5.0,"key":"ColorlessPotion"},{"floor":8.0,"key":"SkillPotion"},{"floor":11,"key":"ElixirPotion"},{"floor":13,"key":"BloodPotion"}],"is_trial":false,"path_per_floor":["M","?","$","?","M","R","E","M","T","M","M","R","E","M","R","B"],"character_chosen":"IRONCLAD","items_purchased":[],"campfire_rested":3,"item_purchase_floors":[],"current_hp_per_floor":[74,51,51,25,31,53,59,64,64,62,44,66,51,41,63,0,0],"gold":317,"neow_bonus":"THREE_ENEMY_KILL","is_daily":false,"chose_seed":false,"campfire_upgraded":0,"win_rate":0.0,"timestamp":1613034004,"path_taken":["M","?","$","?","M","R","E","M","T","?","M","R","E","M","R","BOSS"],"items_purchased_type":[],"build_version":"2020-12-18","purchased_purges":0,"victory":false,"max_hp_per_floor":[75,75,75,75,75,75,75,75,75,75,75,75,75,75,75,75,75],"card_choices":[{"not_picked":["True Grit","Warcry","Carnage"],"picked":"SKIP","floor":1.0},{"not_picked":["Clash","Whirlwind"],"picked":"Rampage","floor":5.0},{"not_picked":["Shockwave","Clash"],"picked":"Battle Trance","floor":7.0},{"not_picked":["Twin Strike","Anger","Entrench"],"picked":"SKIP","floor":8.0},{"not_picked":["Fiend Fire","Pommel Strike"],"picked":"Burning Pact","floor":10},{"not_picked":["Fire Breathing","Clash","Wild Strike"],"picked":"SKIP","floor":11},{"not_picked":["Dual Wield","Armaments"],"picked":"Shrug It Off","floor":13},{"not_picked":["Wild Strike","Clash"],"picked":"Armaments","floor":14}],"player_experience":883994,"relics_obtained":[{"floor":7.0,"key":"Darkstone Periapt"},{"floor":9.0,"key":"Matryoshka"},{"floor":13,"key":"CeramicFish"}],"event_choices":[{"damage_healed":0.0,"max_hp_gain":0.0,"max_hp_loss":0.0,"gold_gain":0.0,"event_name":"Shining Light","player_choice":"Entered Light","floor":2.0,"gold_loss":0.0,"damage_taken":23.0,"cards_upgraded":["Strike_R","Strike_R"]},{"damage_healed":0.0,"max_hp_gain":0.0,"max_hp_loss":0.0,"gold_gain":0.0,"event_name":"Golden Idol","player_choice":"Take Damage","floor":4.0,"gold_loss":0.0,"damage_taken":26.0,"relics_obtained":["Golden Idol"]}],"is_beta":true,"boss_relics":[],"items_purged_floors":[],"is_endless":false,"potions_floor_spawned":[5,8,11,13],"killed_by":"Hexaghost","ascension_level":16}}