{"host":"0qevis500jgmlc2v","time":1613017711,"event":{"mods":["100% Spire Juice","Act Like it!","Aspiration","BaseMod","Conspire","Energized Spire","Friendly Minions","GifTheSpireLib","KinomotoSakuraMod(木之本樱)","KomeijiMod","Marisa（F雨　魔理沙）","Minty Spire (QoL Compilation)","Pale of the Ancients","Quick Restart","Reliquary","Replay The Spire","Shop Mod","Spicy Shops","StSLib","Yakumo Yukari mod","【功能Mod】聪明的最终Boss"],"gold_per_floor":[115,115,131,131,144,144,144,144],"floor_reached":7,"language":"ZHS","playtime":323,"items_purged":[],"score":82,"play_id":"686ba277-bb17-4c6a-91f2-547eb01756e9","local_time":"20210211122831","is_ascension_mode":true,"campfire_choices":[{"data":"Fusion","floor":6,"key":"SMITH"}],"circlet_count":0,"master_deck":["AscendersBane","Zap","Dualcast","Static Discharge","Machine Learning","ReplaySolidLightProjector","Aggregate","Streamline","Self Repair","Sunder","Hello World","BootSequence","ReplayTheSpireMod:GoodbyeWorld","Capacitor","Fusion+1"],"relics":["Pandora\u0027s Box","Prayer Wheel","ReplayTheSpireMod:Ninjato"],"acts_visited":["Exordium"],"potions_floor_usage":[7,7],"damage_taken":[{"damage":38,"enemies":"Small Slimes","floor":1,"turns":4},{"damage":6,"enemies":"Cultist","floor":3,"turns":3},{"damage":12,"enemies":"2 Louse","floor":5,"turns":4},{"damage":36,"enemies":"Gremlin Nob","floor":7,"turns":3}],"seed_played":"-3844781637264177606","potions_obtained":[{"floor":1,"key":"Milkshake"},{"floor":5,"key":"Adrenaline Potion"}],"is_trial":false,"path_per_floor":["M","?","M","T","M","R","E"],"character_chosen":"DEFECT","items_purchased":[],"campfire_rested":0,"item_purchase_floors":[],"current_hp_per_floor":[33,33,34,34,29,29,0,0],"gold":144,"neow_bonus":"BOSS_RELIC","is_daily":false,"chose_seed":false,"campfire_upgraded":1,"win_rate":0.0,"timestamp":1613017711,"path_taken":["M","?","?","?","M","R","E"],"items_purchased_type":[],"build_version":"2020-12-22","purchased_purges":0,"victory":false,"max_hp_per_floor":[71,71,71,71,71,71,71,71],"card_choices":[{"not_picked":["Panic Button","Ball Lightning"],"picked":"Sunder","floor":1},{"not_picked":["Rebound","Conserve Battery"],"picked":"Hello World","floor":1},{"not_picked":["Hologram","Streamline"],"picked":"BootSequence","floor":3},{"not_picked":["Barrage","Mirror Shield"],"picked":"ReplayTheSpireMod:GoodbyeWorld","floor":3},{"not_picked":["Stack","ReplaySort"],"picked":"Capacitor","floor":5},{"not_picked":["ReplaySolidLightProjector","Go for the Eyes"],"picked":"Fusion","floor":5}],"player_experience":931175,"relics_obtained":[{"floor":4,"key":"ReplayTheSpireMod:Ninjato"}],"event_choices":[{"cards_removed":["Scrape"],"damage_healed":0,"gold_gain":0,"player_choice":"Purged","damage_taken":0,"max_hp_gain":0,"max_hp_loss":0,"event_name":"Purifier","floor":2,"gold_loss":0}],"is_beta":false,"boss_relics":[],"items_purged_floors":[],"is_endless":false,"potions_floor_spawned":[1,5],"killed_by":"Gremlin Nob","ascension_level":20}}