{"host":"188x3om7sf6mgxv1","time":1613064841,"event":{"mods":["BaseMod","Block Reminder","Jorbs\u0027s Wanderer Trilogy","Minty Spire (QoL Compilation)","Relic Stats","StSLib"],"gold_per_floor":[369,37,50,65,65,94,111,127,127,154,154,154,181,191,191,289,289,278,278,22,42,60,60,95,95,95,95,113,126,144,155,155,254,254,270,285,195,211,222,257,257,290,338,351,366,366,3,3,3,3,3],"floor_reached":50,"language":"ENG","playtime":2509,"items_purged":["Strike_G"],"score":713,"play_id":"8159ad0e-fb05-44bb-bd13-67555d882d6e","local_time":"20210211123401","is_ascension_mode":true,"campfire_choices":[{"data":"Tactician","floor":15,"key":"SMITH"},{"data":"Adrenaline","floor":23,"key":"SMITH"},{"data":"Predator","floor":25,"key":"SMITH"},{"data":"Leg Sweep","floor":32,"key":"SMITH"},{"data":"Venomology","floor":41,"key":"SMITH"},{"floor":46,"key":"RECALL"},{"data":"Noxious Fumes","floor":49,"key":"SMITH"}],"circlet_count":0,"master_deck":["Strike_G","Strike_G","Defend_G","Defend_G","Defend_G","Defend_G","Defend_G","Survivor","Neutralize","Predator+1","Dagger Throw","Underhanded Strike","Leg Sweep+1","Tactician+1","PiercingWail","Blade Dance","Adrenaline+1","Dagger Throw+1","Cloak And Dagger","Deadly Poison+1","Deadly Poison","Acrobatics+1","Acrobatics+1","Venomology+1","Catalyst+1","Well Laid Plans+1","Noxious Fumes+1","Footwork+1","Escape Plan"],"relics":["Ring of the Snake","Tingsha","Happy Flower","Meat on the Bone","Molten Egg 2","Snake Skull","SacredBark","OrangePellets","Singing Bowl","Sundial","HoveringKite","Centennial Puzzle","Torii","Frozen Egg 2"],"acts_visited":["Exordium","TheCity","TheBeyond"],"potions_floor_usage":[33,33,36,38,40,40,44],"damage_taken":[{"damage":0,"enemies":"Cultist","floor":1,"turns":4},{"damage":4,"enemies":"Small Slimes","floor":3,"turns":4},{"damage":0,"enemies":"2 Louse","floor":4,"turns":2},{"damage":12,"enemies":"Gremlin Nob","floor":6,"turns":3},{"damage":3,"enemies":"Exordium Thugs","floor":7,"turns":4},{"damage":0,"enemies":"Lots of Slimes","floor":8,"turns":2},{"damage":10,"enemies":"3 Sentries","floor":10,"turns":6},{"damage":18,"enemies":"Gremlin Nob","floor":13,"turns":4},{"damage":2,"enemies":"3 Louse","floor":14,"turns":4},{"damage":28,"enemies":"Hexaghost","floor":16,"turns":14},{"damage":13,"enemies":"2 Thieves","floor":18,"turns":4},{"damage":1,"enemies":"Chosen","floor":21,"turns":4},{"damage":8,"enemies":"Centurion and Healer","floor":22,"turns":8},{"damage":22,"enemies":"Book of Stabbing","floor":24,"turns":6},{"damage":9,"enemies":"Chosen and Byrds","floor":28,"turns":5},{"damage":12,"enemies":"Snecko","floor":29,"turns":5},{"damage":0,"enemies":"Centurion and Healer","floor":30,"turns":4},{"damage":10,"enemies":"Shelled Parasite and Fungi","floor":31,"turns":6},{"damage":38,"enemies":"Automaton","floor":33,"turns":10},{"damage":3,"enemies":"Orb Walker","floor":35,"turns":3},{"damage":0,"enemies":"3 Shapes","floor":36,"turns":3},{"damage":20,"enemies":"Writhing Mass","floor":38,"turns":6},{"damage":10,"enemies":"Sphere and 2 Shapes","floor":39,"turns":5},{"damage":20,"enemies":"Giant Head","floor":40,"turns":9},{"damage":24,"enemies":"Nemesis","floor":42,"turns":5},{"damage":15,"enemies":"3 Darklings","floor":44,"turns":4},{"damage":1,"enemies":"Transient","floor":45,"turns":5},{"damage":41,"enemies":"Time Eater","floor":50,"turns":6}],"seed_played":"-934131794705550007","potions_obtained":[{"floor":4,"key":"FairyPotion"},{"floor":6,"key":"FairyPotion"},{"floor":7,"key":"SteroidPotion"},{"floor":12,"key":"GhostInAJar"},{"floor":12,"key":"Regen Potion"},{"floor":12,"key":"PowerPotion"},{"floor":13,"key":"GhostInAJar"},{"floor":29,"key":"GhostInAJar"},{"floor":35,"key":"Energy Potion"},{"floor":42,"key":"Energy Potion"}],"is_trial":false,"path_per_floor":["M","$","M","M","?","E","M","M","T","E","?","?","E","M","R","B",null,"M","?","$","M","M","R","E","R","T","?","M","M","M","M","R","B",null,"M","M","?","M","M","E","R","E","T","M","M","R","$","?","R","B"],"character_chosen":"THE_SILENT","items_purchased":["Tingsha","Predator","OrangePellets","Cloak And Dagger","Frozen Egg 2","Footwork+1","Escape Plan"],"campfire_rested":0,"item_purchase_floors":[2,2,20,20,47,47,47],"current_hp_per_floor":[49,49,45,45,45,33,30,30,30,32,32,32,26,36,36,20,70,57,70,70,69,61,61,41,41,41,41,44,44,44,48,48,22,74,73,73,73,55,47,39,39,29,29,28,39,39,39,39,39,0,0],"gold":3,"neow_bonus":"TWO_FIFTY_GOLD","is_daily":false,"chose_seed":false,"campfire_upgraded":6,"win_rate":0.0,"timestamp":1613064841,"path_taken":["M","$","M","?","?","E","M","?","T","E","?","?","E","M","R","BOSS","M","?","$","M","?","R","E","R","T","?","M","M","M","?","R","BOSS","M","M","?","M","?","E","R","E","T","M","M","R","$","?","R","BOSS"],"items_purchased_type":["Relic","Card","Relic","Card","Relic","Card","Card"],"build_version":"2020-12-22","purchased_purges":1,"victory":false,"max_hp_per_floor":[70,70,70,70,70,70,70,70,70,70,70,70,70,70,70,70,70,70,70,70,70,70,70,72,72,72,72,72,72,72,74,74,74,74,76,76,76,78,80,80,80,82,82,84,84,84,84,84,84,84,84],"relic_stats":{"Happy Flower":[44],"Singing Bowl":14,"Torii":4,"counters":[28,145],"HoveringKite":[39],"Tingsha":[335],"Snake Skull":[59],"OrangePellets":[1],"Centennial Puzzle":[12],"Sundial":[14],"obtain_stats":[{"Happy Flower":6,"Singing Bowl":24,"Torii":42,"SacredBark":17,"HoveringKite":34,"Tingsha":2,"Snake Skull":13,"Frozen Egg 2":47,"OrangePellets":20,"Centennial Puzzle":40,"Sundial":26,"Molten Egg 2":10,"Ring of the Snake":0,"Meat on the Bone":9},{"Happy Flower":4,"Singing Bowl":14,"Torii":25,"SacredBark":10,"HoveringKite":19,"Tingsha":1,"Snake Skull":8,"Frozen Egg 2":27,"OrangePellets":11,"Centennial Puzzle":24,"Sundial":14,"Molten Egg 2":7,"Ring of the Snake":0,"Meat on the Bone":6},{"Happy Flower":13,"Singing Bowl":69,"Torii":130,"SacredBark":47,"HoveringKite":99,"Tingsha":4,"Snake Skull":29,"Frozen Egg 2":139,"OrangePellets":51,"Centennial Puzzle":125,"Sundial":69,"Molten Egg 2":25,"Ring of the Snake":0,"Meat on the Bone":19}],"Ring of the Snake":[56],"Meat on the Bone":144},"card_choices":[{"not_picked":["Cloak And Dagger","Backflip"],"picked":"Quick Slash","floor":1},{"not_picked":["Riddle With Holes","Dagger Spray"],"picked":"Dagger Throw","floor":3},{"not_picked":["Distraction","Terror"],"picked":"Underhanded Strike","floor":4},{"not_picked":["PiercingWail","Heel Hook"],"picked":"Leg Sweep","floor":6},{"not_picked":["Underhanded Strike","Dagger Spray"],"picked":"Tactician","floor":7},{"not_picked":["Skewer","Expertise","Backflip"],"picked":"SKIP","floor":8},{"not_picked":["Dagger Spray+1","Heel Hook+1"],"picked":"PiercingWail","floor":10},{"not_picked":["Bane+1","Storm of Steel"],"picked":"Blade Dance","floor":13},{"not_picked":["Blur","Leg Sweep","Backflip"],"picked":"SKIP","floor":14},{"not_picked":["Envenom","Bullet Time"],"picked":"Adrenaline","floor":16},{"not_picked":["PiercingWail","Outmaneuver"],"picked":"Dagger Throw+1","floor":18},{"not_picked":["Slice+1","All Out Attack+1","Terror"],"picked":"SKIP","floor":21},{"not_picked":["Prepared","Deflect"],"picked":"Deadly Poison+1","floor":22},{"not_picked":["Finisher+1","Distraction","Accuracy"],"picked":"Singing Bowl","floor":24},{"not_picked":["Infinite Blades","Cloak And Dagger"],"picked":"Deadly Poison","floor":28},{"not_picked":["Poisoned Stab+1","Die Die Die+1"],"picked":"Acrobatics+1","floor":29},{"not_picked":["Prepared","Slice+1"],"picked":"Acrobatics+1","floor":30},{"not_picked":["Terror","Slice+1","Riddle With Holes+1"],"picked":"Singing Bowl","floor":31},{"not_picked":["Night Terror","Unload+1"],"picked":"Venomology","floor":33},{"not_picked":["Predator+1","Quick Slash+1","Leg Sweep+1"],"picked":"Singing Bowl","floor":35},{"not_picked":["All Out Attack+1","PiercingWail+1"],"picked":"Catalyst+1","floor":36},{"not_picked":["Cloak And Dagger","Underhanded Strike+1","Dash+1"],"picked":"Singing Bowl","floor":38},{"not_picked":["Riddle With Holes+1","Endless Agony+1","Slice+1"],"picked":"Singing Bowl","floor":39},{"not_picked":["Heel Hook+1","Cloak And Dagger"],"picked":"Well Laid Plans+1","floor":40},{"not_picked":["Heel Hook+1","Slice+1","Deflect"],"picked":"Singing Bowl","floor":42},{"not_picked":["Bane+1","Blade Dance","Poisoned Stab+1"],"picked":"Singing Bowl","floor":44},{"not_picked":["Accuracy+1","Acrobatics"],"picked":"Noxious Fumes","floor":45}],"player_experience":58007,"relics_obtained":[{"floor":6,"key":"Happy Flower"},{"floor":9,"key":"Meat on the Bone"},{"floor":10,"key":"Molten Egg 2"},{"floor":13,"key":"Snake Skull"},{"floor":24,"key":"Singing Bowl"},{"floor":26,"key":"Sundial"},{"floor":40,"key":"Centennial Puzzle"},{"floor":42,"key":"Torii"}],"event_choices":[{"cards_removed":["Strike_G"],"damage_healed":0,"gold_gain":0,"player_choice":"Offered Basic","damage_taken":0,"max_hp_gain":0,"max_hp_loss":0,"event_name":"Bonfire Elementals","floor":5,"gold_loss":0},{"damage_healed":0,"gold_gain":0,"player_choice":"Ignored","damage_taken":0,"max_hp_gain":0,"max_hp_loss":0,"event_name":"Liars Game","floor":11,"gold_loss":0},{"damage_healed":0,"gold_gain":0,"player_choice":"Got Potions","damage_taken":0,"max_hp_gain":0,"max_hp_loss":0,"event_name":"Lab","floor":12,"gold_loss":0},{"damage_healed":13,"gold_gain":0,"player_choice":"Full Heal","damage_taken":0,"max_hp_gain":0,"max_hp_loss":0,"event_name":"Wheel of Change","floor":19,"gold_loss":0},{"damage_healed":0,"gold_gain":0,"player_choice":"0 cards matched","damage_taken":0,"max_hp_gain":0,"max_hp_loss":0,"event_name":"Match and Keep!","floor":27,"gold_loss":0,"cards_obtained":[]},{"cards_removed":["Strike_G"],"damage_healed":0,"gold_gain":0,"player_choice":"Upgrade and Remove","damage_taken":0,"max_hp_gain":0,"max_hp_loss":0,"event_name":"Designer","floor":37,"gold_loss":90,"cards_upgraded":["Quick Slash"]},{"cards_removed":["Quick Slash"],"damage_healed":0,"gold_gain":0,"player_choice":"Removed Attack","damage_taken":0,"max_hp_gain":0,"max_hp_loss":0,"event_name":"Falling","floor":48,"gold_loss":0}],"is_beta":false,"boss_relics":[{"not_picked":["Ectoplasm","Busted Crown"],"picked":"SacredBark"},{"not_picked":["Empty Cage","Ring of the Serpent"],"picked":"HoveringKite"}],"items_purged_floors":[20],"is_endless":false,"potions_floor_spawned":[4,6,7,8,13,24,28,29,35,42,44],"killed_by":"Time Eater","ascension_level":4}}