{"host":"zxkjcgzis4pm3za5","time":1613016997,"event":{"mods":["AchievementEnabler","BaseMod","Colored Map","Colored Powertips","Minty Spire (QoL Compilation)","Quick Restart","RNG Fix","Random Character Button","Relic Sorter","Relic Stats","StSLib"],"gold_per_floor":[369,379,304,304,70,104,104,104,104],"floor_reached":8,"language":"ENG","playtime":276,"items_purged":["Strike_R","Defend_R"],"score":108,"play_id":"66fcd2a2-ede2-4b53-9eaf-fbcdc0a327bc","local_time":"20210211094637","is_ascension_mode":true,"campfire_choices":[{"data":"Flame Barrier","floor":7,"key":"SMITH"}],"circlet_count":0,"master_deck":["AscendersBane","Strike_R","Strike_R","Strike_R","Defend_R","Defend_R","Defend_R","Bash","Battle Trance","Rampage","Flame Barrier+1","Ghostly Armor"],"relics":["Burning Blood","Membership Card","Singing Bowl"],"acts_visited":["Exordium"],"potions_floor_usage":[8],"damage_taken":[{"damage":1,"enemies":"2 Louse","floor":1,"turns":3},{"damage":4,"enemies":"Small Slimes","floor":2,"turns":5},{"damage":32,"enemies":"Gremlin Nob","floor":6,"turns":4},{"damage":45,"enemies":"3 Sentries","floor":8,"turns":9}],"seed_played":"-5551553425652926424","potions_obtained":[{"floor":2,"key":"SteroidPotion"}],"is_trial":false,"path_per_floor":["M","M","$","?","$","E","R","E"],"character_chosen":"IRONCLAD","items_purchased":["Membership Card","Flame Barrier"],"campfire_rested":0,"item_purchase_floors":[5,5],"current_hp_per_floor":[68,68,68,68,68,42,42,0,0],"gold":104,"neow_bonus":"TWO_FIFTY_GOLD","is_daily":false,"chose_seed":false,"campfire_upgraded":1,"win_rate":0.0,"timestamp":1613016997,"path_taken":["M","M","$","?","$","E","R","E"],"items_purchased_type":["Relic","Card"],"build_version":"2020-12-22","purchased_purges":2,"victory":false,"max_hp_per_floor":[68,68,68,68,68,68,68,68,68],"relic_stats":{"Singing Bowl":0,"counters":[4,21],"obtain_stats":[{"Singing Bowl":6,"Membership Card":5,"Burning Blood":0},{"Singing Bowl":3,"Membership Card":2,"Burning Blood":0},{"Singing Bowl":12,"Membership Card":8,"Burning Blood":0}],"Burning Blood":11},"card_choices":[{"not_picked":["Clash","Ghostly Armor"],"picked":"Battle Trance","floor":1},{"not_picked":["Sword Boomerang","Twin Strike"],"picked":"Rampage","floor":2},{"not_picked":["Infernal Blade","Clothesline"],"picked":"Ghostly Armor","floor":6}],"player_experience":351481,"relics_obtained":[{"floor":6,"key":"Singing Bowl"}],"event_choices":[{"cards_removed":["Strike_R"],"damage_healed":0,"gold_gain":0,"player_choice":"Offered Basic","damage_taken":0,"max_hp_gain":0,"max_hp_loss":0,"event_name":"Bonfire Elementals","floor":4,"gold_loss":0}],"is_beta":false,"boss_relics":[],"items_purged_floors":[3,5],"is_endless":false,"potions_floor_spawned":[2],"killed_by":"3 Sentries","ascension_level":20}}