{"host":"7gewg82ormp6yt4e","time":1613051356,"event":{"mods":["BaseMod","Block Reminder","Colored Map","DeckTracker","Highlight Path","Minty Spire (QoL Compilation)","Relic Stats","StSLib","ojb\u0027s Info Mod"],"gold_per_floor":[366,366,383,393,1,1,20,50,50,84,84,102,102,127,127,202,202,215,415,430,47,67,100,100,100,100,145,145,145,225,4,4,80,80,124,124,174,259,259,351,351,410,410,455,455,534,622,665,665,665,735,735,735,152,181,181],"floor_reached":57,"language":"JPN","playtime":6483,"items_purged":["Injury","BowlingBash"],"score":2960,"play_id":"f6c25669-ad53-4ab0-8625-9db1ac1f8cc7","local_time":"20210211224916","is_ascension_mode":true,"campfire_choices":[{"data":"Eruption","floor":6.0,"key":"SMITH"},{"data":"Wallop","floor":13.0,"key":"SMITH"},{"data":"MentalFortress","floor":15.0,"key":"SMITH"},{"data":"TalkToTheHand","floor":25.0,"key":"SMITH"},{"data":"MentalFortress","floor":29.0,"key":"SMITH"},{"data":"Tantrum","floor":32.0,"key":"SMITH"},{"floor":41,"key":"RECALL"},{"data":"Vigilance","floor":45,"key":"SMITH"},{"data":"Prostrate+1","floor":49,"key":"PURGE"},{"data":"Consecrate","floor":53,"key":"PURGE"}],"circlet_count":0,"master_deck":["AscendersBane","Eruption+1","Vigilance+1","EmptyFist","FearNoEvil","Evaluate+1","Halt+1","Wallop+1","InnerPeace+1","ForeignInfluence+1","MentalFortress+1","Wish+1","Evaluate+1","ThirdEye+1","WaveOfTheHand+1","Omniscience+1","FearNoEvil","ConjureBlade+1","EmptyBody+1","Tantrum+1","MentalFortress+1","Evaluate+1","Vengeance+1","TalkToTheHand+1","Collect+1","Ghostly+1","Ghostly+1","Ghostly+1","ThirdEye+1","DeusExMachina+1","Omniscience+1","CrushJoints+1","WaveOfTheHand+1","SpiritShield+1","Tantrum"],"relics":["PureWater","CultistMask","Toxic Egg 2","Pear","Meat on the Bone","Mummified Hand","MealTicket","Pandora\u0027s Box","Orrery","Bronze Scales","Smiling Mask","Potion Belt","Runic Pyramid","Peace Pipe","Nunchaku","Sundial","Torii","ClockworkSouvenir","Bottled Lightning","Boot"],"acts_visited":["Exordium","TheCity","TheBeyond","TheEnding"],"potions_floor_usage":[33,40,47,56,56],"damage_taken":[{"damage":6.0,"enemies":"2 Louse","floor":1.0,"turns":3.0},{"damage":0.0,"enemies":"Cultist","floor":3.0,"turns":3.0},{"damage":5.0,"enemies":"Small Slimes","floor":4.0,"turns":3.0},{"damage":1.0,"enemies":"2 Fungi Beasts","floor":7.0,"turns":3.0},{"damage":22.0,"enemies":"Lagavulin","floor":8.0,"turns":7.0},{"damage":34.0,"enemies":"Gremlin Nob","floor":10.0,"turns":4.0},{"damage":0.0,"enemies":"Blue Slaver","floor":12.0,"turns":2.0},{"damage":11.0,"enemies":"Lagavulin","floor":14.0,"turns":5.0},{"damage":0.0,"enemies":"Slime Boss","floor":16.0,"turns":5.0},{"damage":0.0,"enemies":"Spheric Guardian","floor":18.0,"turns":7.0},{"damage":20.0,"enemies":"2 Thieves","floor":20.0,"turns":5.0},{"damage":24.0,"enemies":"Cultist and Chosen","floor":22.0,"turns":7.0},{"damage":22.0,"enemies":"Slavers","floor":23.0,"turns":5.0},{"damage":0.0,"enemies":"Sentry and Sphere","floor":27.0,"turns":6.0},{"damage":3.0,"enemies":"Shelled Parasite and Fungi","floor":30.0,"turns":5.0},{"damage":7,"enemies":"Automaton","floor":33,"turns":13},{"damage":0,"enemies":"3 Shapes","floor":35,"turns":8},{"damage":4,"enemies":"Orb Walker","floor":37,"turns":4},{"damage":0,"enemies":"Mind Bloom Boss Battle","floor":38,"turns":8},{"damage":4,"enemies":"Reptomancer","floor":40,"turns":6},{"damage":0,"enemies":"Giant Head","floor":42,"turns":7},{"damage":5,"enemies":"Spire Growth","floor":44,"turns":5},{"damage":0,"enemies":"Sphere and 2 Shapes","floor":46,"turns":6},{"damage":4,"enemies":"Reptomancer","floor":47,"turns":5},{"damage":0,"enemies":"Jaw Worm Horde","floor":48,"turns":3},{"damage":0,"enemies":"Awakened One","floor":50,"turns":18},{"damage":1,"enemies":"Donu and Deca","floor":51,"turns":16},{"damage":3,"enemies":"Shield and Spear","floor":55,"turns":9},{"damage":13,"enemies":"The Heart","floor":56,"turns":10}],"seed_played":"-3202175445851716700","potions_obtained":[{"floor":7.0,"key":"ColorlessPotion"},{"floor":12.0,"key":"DistilledChaos"},{"floor":14.0,"key":"Fire Potion"},{"floor":20.0,"key":"LiquidMemories"},{"floor":23.0,"key":"LiquidMemories"},{"floor":33,"key":"PowerPotion"},{"floor":40,"key":"BottledMiracle"},{"floor":44,"key":"Regen Potion"},{"floor":46,"key":"LiquidMemories"},{"floor":47,"key":"Block Potion"}],"is_trial":false,"path_per_floor":["M","?","M","M","$","R","M","E","T","E","$","M","R","E","R","B",null,"M","?","M","$","M","E","?","R","T","M","?","R","M","$","R","B",null,"M","?","M","?","?","E","R","E","T","M","R","M","E","M","R","B","B",null,"R","$","E","B",null],"character_chosen":"WATCHER","items_purchased":["Toxic Egg 2","Evaluate+1","SteroidPotion","Orrery","TalkToTheHand","Explosive Potion","Potion Belt","Block Potion","ClockworkSouvenir","Bottled Lightning","DuplicationPotion"],"campfire_rested":0,"item_purchase_floors":[5,5,5,21,21,21,31,31,54,54,54],"current_hp_per_floor":[55,55,55,50,50,50,49,37,37,15,15,27,27,28,28,40,69,69,69,49,64,40,30,30,30,30,30,30,30,27,39,39,32,37,37,49,45,45,45,41,41,41,41,36,36,36,46,46,46,46,45,48,48,49,46,33],"gold":181,"neow_bonus":"TWO_FIFTY_GOLD","is_daily":false,"chose_seed":false,"campfire_upgraded":7,"win_rate":0.0,"timestamp":1613051356,"path_taken":["M","?","?","M","$","R","M","E","T","E","$","M","R","E","R","BOSS","M","?","M","?","M","E","?","R","T","M","?","R","M","$","R","BOSS","M","?","?","?","?","E","R","E","T","M","R","?","E","M","R","BOSS","BOSS","R","$","E","BOSS"],"items_purchased_type":["Relic","Card","Potion","Relic","Card","Potion","Relic","Potion","Relic","Relic","Potion"],"build_version":"2020-12-22","purchased_purges":2,"victory":true,"max_hp_per_floor":[68,68,68,68,68,68,68,78,78,78,78,78,78,78,78,78,78,78,78,78,78,78,78,39,39,39,39,39,39,39,39,39,39,39,39,49,49,49,49,49,49,49,49,49,49,49,49,49,49,49,49,49,49,49,49,49],"relic_stats":{"Torii":4,"counters":[29,188],"Smiling Mask":50,"Boot":[0],"Peace Pipe":2,"Nunchaku":[16],"Mummified Hand":[41],"Sundial":[6],"Bronze Scales":[575],"MealTicket":28,"Pandora\u0027s Box":["Evaluate","ThirdEye","WaveOfTheHand","Brilliance","Omniscience","FearNoEvil","BowlingBash","ConjureBlade"],"obtain_stats":[{"Potion Belt":31,"Pear":8,"Torii":47,"Smiling Mask":26,"Boot":55,"ClockworkSouvenir":54,"Peace Pipe":38,"Nunchaku":40,"Mummified Hand":10,"Sundial":42,"Bronze Scales":23,"Orrery":21,"MealTicket":14,"Pandora\u0027s Box":17,"CultistMask":2,"Bottled Lightning":54,"PureWater":0,"Toxic Egg 2":5,"Meat on the Bone":9,"Runic Pyramid":34},{"Potion Belt":15,"Pear":5,"Torii":24,"Smiling Mask":13,"Boot":28,"ClockworkSouvenir":27,"Peace Pipe":19,"Nunchaku":20,"Mummified Hand":6,"Sundial":21,"Bronze Scales":13,"Orrery":11,"MealTicket":8,"Pandora\u0027s Box":9,"CultistMask":1,"Bottled Lightning":27,"PureWater":0,"Toxic Egg 2":3,"Meat on the Bone":5,"Runic Pyramid":16},{"Potion Belt":70,"Pear":19,"Torii":132,"Smiling Mask":59,"Boot":178,"ClockworkSouvenir":169,"Peace Pipe":103,"Nunchaku":109,"Mummified Hand":23,"Sundial":116,"Bronze Scales":59,"Orrery":47,"MealTicket":30,"Pandora\u0027s Box":35,"CultistMask":3,"Bottled Lightning":169,"PureWater":0,"Toxic Egg 2":9,"Meat on the Bone":19,"Runic Pyramid":83}],"Meat on the Bone":60},"card_choices":[{"not_picked":["JustLucky","Evaluate"],"picked":"EmptyFist","floor":1.0},{"not_picked":["EmptyBody","InnerPeace"],"picked":"FearNoEvil","floor":3.0},{"not_picked":["ThirdEye","Halt"],"picked":"Consecrate","floor":4.0},{"not_picked":["Consecrate","WreathOfFlame+1"],"picked":"Halt+1","floor":7.0},{"not_picked":["EmptyFist","ClearTheMind+1"],"picked":"Wallop","floor":8.0},{"not_picked":["ClearTheMind+1","Alpha+1"],"picked":"InnerPeace+1","floor":10.0},{"not_picked":["JustLucky","SashWhip"],"picked":"ForeignInfluence+1","floor":12.0},{"not_picked":["ClearTheMind+1","JustLucky"],"picked":"MentalFortress","floor":14.0},{"not_picked":["Ragnarok","Blasphemy+1"],"picked":"Wish+1","floor":16.0},{"not_picked":["Prostrate+1","CutThroughFate"],"picked":"EmptyBody+1","floor":18.0},{"not_picked":["Weave","FlyingSleeves+1"],"picked":"Tantrum","floor":20.0},{"not_picked":["Wireheading","PathToVictory+1"],"picked":"MentalFortress","floor":21.0},{"not_picked":["WaveOfTheHand+1","WreathOfFlame+1"],"picked":"Prostrate+1","floor":21.0},{"not_picked":["SignatureMove+1","ConjureBlade+1"],"picked":"Evaluate+1","floor":21.0},{"not_picked":["SandsOfTime","Fasting2"],"picked":"Vengeance+1","floor":21.0},{"not_picked":["FlurryOfBlows","FlyingSleeves+1"],"picked":"Collect+1","floor":22.0},{"not_picked":["JustLucky","EmptyFist+1","CarveReality+1"],"picked":"SKIP","floor":23.0},{"not_picked":["Conclude","SandsOfTime"],"picked":"ThirdEye+1","floor":27.0},{"not_picked":["JustLucky","EmptyFist","FearNoEvil"],"picked":"SKIP","floor":30.0},{"not_picked":["Brilliance","Judgement+1"],"picked":"DeusExMachina+1","floor":33},{"not_picked":["JustLucky","EmptyBody+1","CutThroughFate"],"picked":"SKIP","floor":35},{"not_picked":["Consecrate+1","Evaluate+1","BowlingBash"],"picked":"SKIP","floor":37},{"not_picked":["Ragnarok","WheelKick"],"picked":"CrushJoints+1","floor":40},{"not_picked":["FollowUp","ThirdEye+1","CrushJoints"],"picked":"SKIP","floor":42},{"not_picked":["JustLucky","CrushJoints","Consecrate"],"picked":"SKIP","floor":44},{"not_picked":["DeceiveReality+1","ThirdEye+1"],"picked":"WaveOfTheHand+1","floor":46},{"not_picked":["FearNoEvil","WaveOfTheHand+1"],"picked":"SpiritShield+1","floor":47},{"not_picked":["BowlingBash","ThirdEye+1","Prostrate+1"],"picked":"SKIP","floor":48},{"not_picked":["Conclude","FlurryOfBlows"],"picked":"Tantrum","floor":55}],"player_experience":2833767,"relics_obtained":[{"floor":8.0,"key":"Pear"},{"floor":9.0,"key":"Meat on the Bone"},{"floor":10.0,"key":"Mummified Hand"},{"floor":14.0,"key":"MealTicket"},{"floor":23.0,"key":"Bronze Scales"},{"floor":26.0,"key":"Smiling Mask"},{"floor":38,"key":"Peace Pipe"},{"floor":40,"key":"Nunchaku"},{"floor":42,"key":"Sundial"},{"floor":47,"key":"Torii"},{"floor":55,"key":"Boot"}],"event_choices":[{"damage_healed":0.0,"max_hp_gain":0.0,"max_hp_loss":0.0,"gold_gain":0.0,"event_name":"FaceTrader","player_choice":"Trade","floor":2.0,"gold_loss":0.0,"damage_taken":0.0,"relics_obtained":["CultistMask"]},{"damage_healed":0.0,"max_hp_gain":0.0,"max_hp_loss":0.0,"gold_gain":250.0,"event_name":"The Joust","player_choice":"Bet on Owner","floor":19.0,"gold_loss":50.0,"damage_taken":0.0},{"damage_healed":0.0,"max_hp_gain":0.0,"max_hp_loss":39.0,"gold_gain":0.0,"event_name":"Ghosts","player_choice":"Became a Ghost","floor":24.0,"gold_loss":0.0,"damage_taken":0.0,"cards_obtained":["Ghostly","Ghostly","Ghostly"]},{"damage_healed":0.0,"max_hp_gain":0.0,"max_hp_loss":0.0,"gold_gain":0.0,"event_name":"Vampires","player_choice":"Ignored","floor":28.0,"gold_loss":0.0,"damage_taken":0.0},{"cards_removed":["Brilliance"],"damage_healed":2,"gold_gain":0,"player_choice":"Offered Rare","damage_taken":0,"max_hp_gain":10,"max_hp_loss":0,"event_name":"Bonfire Elementals","floor":36,"gold_loss":0},{"damage_healed":0,"gold_gain":0,"player_choice":"Fight","damage_taken":0,"max_hp_gain":0,"max_hp_loss":0,"event_name":"MindBloom","floor":38,"gold_loss":0},{"damage_healed":0,"gold_gain":0,"player_choice":"Copied","damage_taken":0,"max_hp_gain":0,"max_hp_loss":0,"event_name":"Duplicator","floor":39,"gold_loss":0,"cards_obtained":["Omniscience"]}],"is_beta":false,"boss_relics":[{"not_picked":["Snecko Eye","Tiny House"],"picked":"Pandora\u0027s Box"},{"not_picked":["Black Star","Philosopher\u0027s Stone"],"picked":"Runic Pyramid"}],"items_purged_floors":[21,54],"is_endless":false,"potions_floor_spawned":[7,12,14,20,23,33,40,44,46,47],"ascension_level":20}}