{"host":"vyjryxuuuxkt43k4","time":1613068538,"event":{"mods":["AchievementEnabler","BaseMod","Colored Map","DeckTracker","Keyboard Shortcuts","Minty Spire (QoL Compilation)","Permanent Neow","Quick Restart","StSLib","SuperFastMode","everything is the same but u backflip on backflip"],"gold_per_floor":[113,263,21,21,40,75,75,104,129,129,158,170,170,199,199,273,273,293,293,343,360,118,118,153,153,153,169,186,206,206,224,224,298,298,312,337,337,71,89,89,107,132,132,164,180,180,210,223,223,223,223,223],"floor_reached":51,"language":"KOR","playtime":1889,"items_purged":["Doubt","Decay","Strike_R"],"score":1516,"play_id":"acd1f605-2f33-474e-bfb5-ccdf1285a547","local_time":"20210212033538","is_ascension_mode":true,"campfire_choices":[{"data":"Pommel Strike","floor":7.0,"key":"SMITH"},{"floor":10.0,"key":"REST"},{"floor":13.0,"key":"REST"},{"data":"Carnage","floor":15.0,"key":"SMITH"},{"data":"Juggernaut","floor":23.0,"key":"SMITH"},{"data":"Power Through","floor":25.0,"key":"SMITH"},{"data":"Corruption","floor":30.0,"key":"SMITH"},{"data":"Feel No Pain","floor":32.0,"key":"SMITH"},{"data":"Evolve","floor":40.0,"key":"SMITH"},{"data":"Disarm","floor":46.0,"key":"SMITH"},{"floor":49,"key":"RECALL"}],"circlet_count":0,"master_deck":["AscendersBane","Strike_R","Strike_R","Defend_R","Defend_R","Defend_R","Defend_R+1","Bash+1","Shrug It Off+1","Second Wind","Pommel Strike+1","Carnage+1","Ghostly Armor","Power Through+1","Juggernaut+1","Impervious","Shrug It Off","Sentinel","Corruption+1","Feel No Pain+1","Ghostly Armor+1","Evolve+1","Disarm+1","Feel No Pain+1","Doubt","Fire Breathing","Disarm+1"],"relics":["Burning Blood","TheAbacus","Boot","Red Skull","PreservedInsect","Bottled Flame","War Paint","Coffee Dripper","Bottled Tornado","Singing Bowl","Cursed Key","Ginger","Oddly Smooth Stone","Gremlin Horn","Letter Opener","Bag of Marbles"],"acts_visited":["Exordium","TheCity","TheBeyond"],"potions_floor_usage":[48,50],"damage_taken":[{"damage":19.0,"enemies":"Jaw Worm","floor":1.0,"turns":4.0},{"damage":6.0,"enemies":"2 Louse","floor":5.0,"turns":3.0},{"damage":51.0,"enemies":"Lagavulin","floor":6.0,"turns":9.0},{"damage":44.0,"enemies":"Gremlin Nob","floor":8.0,"turns":5.0},{"damage":14.0,"enemies":"Lagavulin","floor":11.0,"turns":4.0},{"damage":0.0,"enemies":"Cultist","floor":12.0,"turns":2.0},{"damage":32.0,"enemies":"Gremlin Nob","floor":14.0,"turns":4.0},{"damage":2.0,"enemies":"The Guardian","floor":16.0,"turns":11.0},{"damage":4.0,"enemies":"3 Byrds","floor":18.0,"turns":6.0},{"damage":19.0,"enemies":"Shell Parasite","floor":21.0,"turns":6.0},{"damage":41.0,"enemies":"Slavers","floor":24.0,"turns":6.0},{"damage":10.0,"enemies":"Centurion and Healer","floor":27.0,"turns":8.0},{"damage":8.0,"enemies":"Sentry and Sphere","floor":28.0,"turns":4.0},{"damage":0.0,"enemies":"3 Cultists","floor":29.0,"turns":4.0},{"damage":0.0,"enemies":"Snake Plant","floor":31.0,"turns":2.0},{"damage":33.0,"enemies":"Collector","floor":33.0,"turns":7.0},{"damage":0.0,"enemies":"3 Shapes","floor":35.0,"turns":4.0},{"damage":0.0,"enemies":"Mind Bloom Boss Battle","floor":36.0,"turns":5.0},{"damage":0.0,"enemies":"Orb Walker","floor":39.0,"turns":4.0},{"damage":9.0,"enemies":"Spire Growth","floor":41.0,"turns":4.0},{"damage":0.0,"enemies":"Nemesis","floor":42.0,"turns":5.0},{"damage":9.0,"enemies":"Giant Head","floor":44.0,"turns":7.0},{"damage":0.0,"enemies":"Maw","floor":45.0,"turns":5.0},{"damage":4.0,"enemies":"Nemesis","floor":47.0,"turns":5.0},{"damage":32,"enemies":"Jaw Worm Horde","floor":48,"turns":2},{"damage":10,"enemies":"Donu and Deca","floor":50,"turns":7},{"damage":62,"enemies":"Awakened One","floor":51,"turns":5}],"seed_played":"-2194313450333248680","potions_obtained":[{"floor":5.0,"key":"LiquidBronze"},{"floor":6.0,"key":"FairyPotion"},{"floor":11.0,"key":"Explosive Potion"},{"floor":12.0,"key":"SpeedPotion"},{"floor":24.0,"key":"Block Potion"},{"floor":27.0,"key":"Ancient Potion"},{"floor":31.0,"key":"Strength Potion"},{"floor":36.0,"key":"Weak Potion"},{"floor":42.0,"key":"Energy Potion"},{"floor":48,"key":"Swift Potion"}],"is_trial":false,"path_per_floor":["M","?","$","?","M","E","R","E","T","R","E","M","R","E","R","B",null,"M","?","?","M","$","R","E","R","T","M","M","M","R","M","R","B",null,"M","?","?","$","M","R","M","E","T","E","M","R","E","M","R","B","B"],"character_chosen":"IRONCLAD","items_purchased":["TheAbacus","BloodPotion","Sentinel","Evolve","AttackPotion"],"campfire_rested":2,"item_purchase_floors":[3,22,22,38,38],"current_hp_per_floor":[55,55,55,55,55,10,10,8,8,28,20,26,46,20,20,24,57,59,59,59,46,46,46,24,24,24,20,20,28,28,34,34,9,58,66,72,72,72,76,76,75,78,78,75,80,80,80,56,56,52,0,0],"gold":223,"neow_bonus":"REMOVE_TWO","is_daily":false,"chose_seed":false,"campfire_upgraded":8,"win_rate":0.0,"timestamp":1613068538,"path_taken":["M","?","$","?","?","E","R","E","T","R","E","M","R","E","R","BOSS","M","?","?","?","$","R","E","R","T","M","M","M","R","M","R","BOSS","M","?","?","$","M","R","M","E","T","E","M","R","E","?","R","BOSS","BOSS"],"items_purchased_type":["Relic","Potion","Card","Card","Potion"],"build_version":"2020-12-22","purchased_purges":3,"victory":false,"max_hp_per_floor":[68,68,68,68,68,68,68,68,68,68,68,68,68,68,68,68,68,68,68,68,68,68,68,68,68,68,68,70,72,72,72,72,74,74,76,76,76,76,76,76,78,78,78,78,80,80,80,82,82,82,82,82],"card_choices":[{"not_picked":["Perfected Strike","Bloodletting"],"picked":"Shrug It Off","floor":1.0},{"not_picked":["Dual Wield","Thunderclap"],"picked":"Second Wind","floor":5.0},{"not_picked":["Second Wind","Wild Strike"],"picked":"Pommel Strike","floor":6.0},{"not_picked":["Thunderclap","Heavy Blade"],"picked":"Carnage","floor":8.0},{"not_picked":["Shrug It Off","Clash"],"picked":"Ghostly Armor","floor":11.0},{"not_picked":["Searing Blow","Body Slam"],"picked":"Power Through","floor":12.0},{"not_picked":["Sword Boomerang","Havoc"],"picked":"Juggernaut","floor":14.0},{"not_picked":["Exhume","Demon Form"],"picked":"Impervious","floor":16.0},{"not_picked":["Clash","Headbutt"],"picked":"Shrug It Off","floor":18.0},{"not_picked":["Iron Wave","Pommel Strike","Clash"],"picked":"SKIP","floor":21.0},{"not_picked":["Second Wind","Clash","Rampage"],"picked":"SKIP","floor":24.0},{"not_picked":["Flex","Thunderclap"],"picked":"Corruption","floor":27.0},{"not_picked":["Hemokinesis","Shrug It Off","Pommel Strike"],"picked":"Singing Bowl","floor":28.0},{"not_picked":["Shrug It Off","Intimidate","Iron Wave"],"picked":"Singing Bowl","floor":29.0},{"not_picked":["Rupture","Anger+1"],"picked":"Feel No Pain","floor":31.0},{"not_picked":["Limit Break","Bludgeon","Berserk"],"picked":"Singing Bowl","floor":33.0},{"not_picked":["Shrug It Off","Whirlwind+1","Clothesline+1"],"picked":"Singing Bowl","floor":35.0},{"not_picked":["Anger","Heavy Blade+1"],"picked":"Ghostly Armor+1","floor":36.0},{"not_picked":["Ghostly Armor+1","Headbutt"],"picked":"Disarm","floor":39.0},{"not_picked":["Havoc","Iron Wave","Cleave"],"picked":"Singing Bowl","floor":41.0},{"not_picked":["Shrug It Off","Rage"],"picked":"Feel No Pain+1","floor":42.0},{"not_picked":["Sever Soul+1","Perfected Strike"],"picked":"Fire Breathing","floor":44.0},{"not_picked":["Armaments","Headbutt","Carnage+1"],"picked":"Singing Bowl","floor":45.0},{"not_picked":["Carnage","Infernal Blade"],"picked":"Disarm+1","floor":47.0},{"not_picked":["Inflame+1","Clothesline+1","Flex+1"],"picked":"Singing Bowl","floor":48}],"player_experience":960936,"relics_obtained":[{"floor":6.0,"key":"Boot"},{"floor":8.0,"key":"Red Skull"},{"floor":9.0,"key":"PreservedInsect"},{"floor":11.0,"key":"Bottled Flame"},{"floor":14.0,"key":"War Paint"},{"floor":24.0,"key":"Bottled Tornado"},{"floor":26.0,"key":"Singing Bowl"},{"floor":36.0,"key":"Ginger"},{"floor":42.0,"key":"Gremlin Horn"},{"floor":44.0,"key":"Letter Opener"},{"floor":47.0,"key":"Bag of Marbles"}],"event_choices":[{"damage_healed":0.0,"max_hp_gain":0.0,"max_hp_loss":0.0,"gold_gain":150.0,"event_name":"Liars Game","player_choice":"AGREE","floor":2.0,"gold_loss":0.0,"damage_taken":0.0,"cards_obtained":["Doubt"]},{"damage_healed":0.0,"max_hp_gain":0.0,"max_hp_loss":0.0,"gold_gain":0.0,"event_name":"Upgrade Shrine","player_choice":"Upgraded","floor":4.0,"gold_loss":0.0,"damage_taken":0.0,"cards_upgraded":["Bash"]},{"damage_healed":0.0,"max_hp_gain":0.0,"max_hp_loss":0.0,"gold_gain":0.0,"event_name":"Forgotten Altar","player_choice":"Smashed Altar","floor":19.0,"gold_loss":0.0,"damage_taken":0.0,"cards_obtained":["Decay"]},{"damage_healed":0.0,"max_hp_gain":0.0,"max_hp_loss":0.0,"gold_gain":100.0,"event_name":"The Joust","player_choice":"Bet on Murderer","floor":20.0,"gold_loss":50.0,"damage_taken":0.0},{"damage_healed":0.0,"max_hp_gain":0.0,"max_hp_loss":0.0,"gold_gain":0.0,"event_name":"MindBloom","player_choice":"Fight","floor":36.0,"gold_loss":0.0,"damage_taken":0.0},{"damage_healed":0.0,"max_hp_gain":0.0,"max_hp_loss":0.0,"gold_gain":0.0,"event_name":"WeMeetAgain","player_choice":"Gave Potion","floor":37.0,"gold_loss":0.0,"damage_taken":0.0,"relics_obtained":["Oddly Smooth Stone"]}],"is_beta":false,"boss_relics":[{"not_picked":["SacredBark","Ectoplasm"],"picked":"Coffee Dripper"},{"not_picked":["Busted Crown","Pandora\u0027s Box"],"picked":"Cursed Key"}],"items_purged_floors":[3,22,38],"is_endless":false,"potions_floor_spawned":[5,6,11,12,24,27,31,36,42,48],"killed_by":"Awakened One","ascension_level":20}}