{"host":"n4fty02wqqi95laq","time":1613007394,"event":{"mods":["BaseMod","Highlight Path","Minty Spire (QoL Compilation)","Quick Restart","Rare Cards Sparkle","StSLib"],"gold_per_floor":[116,130,143,218,237,237,271,282,282,308,308,323,340,357,357,357,357],"floor_reached":16,"language":"ZHS","playtime":383,"items_purged":[],"score":232,"play_id":"027aec16-5aac-4043-8196-003c70adfeaa","local_time":"20210211093634","is_ascension_mode":true,"campfire_choices":[{"data":"Sunder","floor":6.0,"key":"SMITH"},{"floor":11,"key":"REST"},{"floor":15,"key":"REST"}],"circlet_count":0,"master_deck":["AscendersBane","Strike_B","Strike_B","Strike_B","Strike_B","Defend_B","Defend_B","Defend_B","Defend_B","Zap","Dualcast","Hologram","Sunder+1","Turbo","Tempest","Cold Snap","White Noise","Amplify","Heatsinks","Coolheaded","Undo"],"relics":["Cracked Core","NeowsBlessing","Dream Catcher","Mummified Hand"],"acts_visited":["Exordium"],"potions_floor_usage":[14],"damage_taken":[{"damage":0.0,"enemies":"Cultist","floor":1.0,"turns":1.0},{"damage":0.0,"enemies":"2 Louse","floor":2.0,"turns":1.0},{"damage":0.0,"enemies":"Jaw Worm","floor":3.0,"turns":1.0},{"damage":4.0,"enemies":"Large Slime","floor":5.0,"turns":6.0},{"damage":17.0,"enemies":"3 Sentries","floor":7.0,"turns":6.0},{"damage":0.0,"enemies":"2 Fungi Beasts","floor":8.0,"turns":2.0},{"damage":20.0,"enemies":"Gremlin Nob","floor":10.0,"turns":4.0},{"damage":11,"enemies":"Red Slaver","floor":12,"turns":3},{"damage":17,"enemies":"Exordium Wildlife","floor":13,"turns":5},{"damage":0,"enemies":"Looter","floor":14,"turns":2},{"damage":14,"enemies":"Hexaghost","floor":16,"turns":7}],"seed_played":"-9095135526651358813","potions_obtained":[{"floor":2.0,"key":"Weak Potion"},{"floor":5.0,"key":"Block Potion"},{"floor":13,"key":"SteroidPotion"}],"is_trial":false,"path_per_floor":["M","M","M","?","M","R","E","M","T","E","R","M","M","M","R","B"],"character_chosen":"DEFECT","items_purchased":[],"campfire_rested":2,"item_purchase_floors":[],"current_hp_per_floor":[64,64,64,53,49,49,32,32,32,12,33,22,5,5,26,12,12],"gold":357,"neow_bonus":"THREE_ENEMY_KILL","is_daily":false,"chose_seed":false,"campfire_upgraded":1,"win_rate":0.0,"timestamp":1613007394,"path_taken":["M","M","?","?","M","R","E","M","T","E","R","M","M","M","R","BOSS"],"items_purchased_type":[],"build_version":"2020-12-22","purchased_purges":0,"victory":false,"max_hp_per_floor":[71,71,71,71,71,71,71,71,71,71,71,71,71,71,71,71,71],"card_choices":[{"not_picked":["Beam Cell","Barrage"],"picked":"Hologram","floor":1.0},{"not_picked":["Streamline","Self Repair"],"picked":"Sunder","floor":2.0},{"not_picked":["Steam","Sunder"],"picked":"Turbo","floor":3.0},{"not_picked":["Coolheaded","Barrage"],"picked":"Tempest","floor":5.0},{"not_picked":["Conserve Battery","Stack"],"picked":"Cold Snap","floor":7.0},{"not_picked":["Reprogram","Barrage"],"picked":"White Noise","floor":8.0},{"not_picked":["All For One","Stack"],"picked":"Amplify","floor":10.0},{"not_picked":["Go for the Eyes","Leap"],"picked":"Heatsinks","floor":11},{"not_picked":["Sweeping Beam","Conserve Battery","Rebound"],"picked":"SKIP","floor":12},{"not_picked":["Stack","Barrage"],"picked":"Coolheaded","floor":13},{"not_picked":["Compile Driver","Stack","Doom and Gloom"],"picked":"SKIP","floor":14},{"not_picked":["Genetic Algorithm","Rip and Tear"],"picked":"Undo","floor":15}],"player_experience":732225,"relics_obtained":[{"floor":7.0,"key":"Dream Catcher"},{"floor":10.0,"key":"Mummified Hand"}],"event_choices":[{"damage_healed":0.0,"max_hp_gain":0.0,"max_hp_loss":0.0,"gold_gain":75.0,"event_name":"World of Goop","player_choice":"Gather Gold","floor":4.0,"gold_loss":0.0,"damage_taken":11.0}],"is_beta":false,"boss_relics":[],"items_purged_floors":[],"is_endless":false,"potions_floor_spawned":[2,5,13],"killed_by":"Hexaghost","ascension_level":20}}