{"host":"5hsgormuu0lj4iiq","time":1613014382,"event":{"mods":["AchievementEnabler","BaseMod","Colored Map","Colored Powertips","Minty Spire (QoL Compilation)","Quick Restart","Relic Stats","SuperFastMode","everything is the same but u backflip on backflip","slay the spire mod where everything is the same but ironclad has a cowboy hat"],"gold_per_floor":[111,111,111,126,44,84,98,138,138,138,138],"floor_reached":10,"language":"ENG","playtime":233,"items_purged":[],"score":122,"play_id":"6a303278-f2cf-4233-bd48-6b3e7ad041d8","local_time":"20210210223302","is_ascension_mode":true,"campfire_choices":[],"circlet_count":0,"master_deck":["AscendersBane","Strike_B","Strike_B","Strike_B","Strike_B","Defend_B","Defend_B","Defend_B","Defend_B","Zap","Dualcast","Buffer","Ball Lightning","Cold Snap","Flash of Steel","Genetic Algorithm+1"],"relics":["Cracked Core","Golden Idol","Toxic Egg 2","Mummified Hand","Sundial"],"acts_visited":["Exordium"],"potions_floor_usage":[6,8],"damage_taken":[{"damage":1,"enemies":"Small Slimes","floor":1,"turns":4},{"damage":1,"enemies":"Jaw Worm","floor":4,"turns":4},{"damage":24,"enemies":"3 Sentries","floor":6,"turns":6},{"damage":0,"enemies":"Cultist","floor":7,"turns":3},{"damage":18,"enemies":"Lagavulin","floor":8,"turns":5},{"damage":42,"enemies":"Gremlin Nob","floor":10,"turns":4}],"seed_played":"4471067755019361376","potions_obtained":[{"floor":1,"key":"AttackPotion"},{"floor":6,"key":"Regen Potion"}],"is_trial":false,"path_per_floor":["M","?","?","M","$","E","M","E","T","E"],"character_chosen":"DEFECT","items_purchased":["Flash of Steel"],"campfire_rested":0,"item_purchase_floors":[5],"current_hp_per_floor":[67,67,67,66,66,42,42,36,36,0,0],"gold":138,"neow_bonus":"ONE_RANDOM_RARE_CARD","is_daily":false,"chose_seed":false,"campfire_upgraded":0,"win_rate":0.0,"timestamp":1613014382,"path_taken":["M","?","?","?","$","E","M","E","T","E"],"items_purchased_type":["Card"],"build_version":"2020-12-22","purchased_purges":0,"victory":false,"max_hp_per_floor":[75,75,75,75,75,75,75,75,75,75,75],"relic_stats":{"counters":[6,26],"Golden Idol":22,"Mummified Hand":[0],"Sundial":[0],"obtain_stats":[{"Golden Idol":2,"Mummified Hand":8,"Sundial":9,"Toxic Egg 2":6,"Cracked Core":0},{"Golden Idol":1,"Mummified Hand":5,"Sundial":5,"Toxic Egg 2":3,"Cracked Core":0},{"Golden Idol":4,"Mummified Hand":22,"Sundial":22,"Toxic Egg 2":14,"Cracked Core":0}]},"card_choices":[{"not_picked":["BootSequence","Redo"],"picked":"Ball Lightning","floor":1},{"not_picked":["Heatsinks","Stack"],"picked":"Cold Snap","floor":4},{"not_picked":["Redo+1","Auto Shields+1","Fusion+1"],"picked":"SKIP","floor":6},{"not_picked":["Sweeping Beam","Go for the Eyes","Streamline"],"picked":"SKIP","floor":7},{"not_picked":["Barrage","Scrape"],"picked":"Genetic Algorithm+1","floor":8}],"player_experience":723423,"relics_obtained":[{"floor":6,"key":"Toxic Egg 2"},{"floor":8,"key":"Mummified Hand"},{"floor":9,"key":"Sundial"}],"event_choices":[{"damage_healed":0,"gold_gain":0,"player_choice":"Take Wound","damage_taken":0,"relics_obtained":["Golden Idol"],"max_hp_gain":0,"max_hp_loss":0,"event_name":"Golden Idol","floor":2,"gold_loss":0,"cards_obtained":["Injury"]},{"cards_removed":["Injury"],"damage_healed":0,"gold_gain":0,"player_choice":"Removed Curses","damage_taken":0,"max_hp_gain":0,"max_hp_loss":0,"event_name":"Fountain of Cleansing","floor":3,"gold_loss":0}],"is_beta":false,"boss_relics":[],"items_purged_floors":[],"is_endless":false,"potions_floor_spawned":[1,6],"killed_by":"Gremlin Nob","ascension_level":12}}