{"host":"kubg1eqfxrnqnv0b","time":1613056402,"event":{"mods":["Aspiration","BaseMod","BetterRewards","Colored Map","Conspire","Energized Spire","Gremlin Skip","Halation","Hubris","Infinite Spire","Minty Spire (QoL Compilation)","Quick Restart","Replay The Spire","StSLib"],"gold_per_floor":[112,127,127,143,163,193,211,224,292,307,332,347,347,27,27,124,124,138,148,148,163,181,181,181,192,241,273,273,284,303,303,303,418,418,464,464,404,442,487,487,530,575,601,601,601],"floor_reached":44,"language":"ENG","playtime":2179,"items_purged":["ReplayTheSpireMod:LeadingStrike"],"score":650,"play_id":"2cd0cf78-997b-4073-8d5b-a9a09e875545","local_time":"20210211111322","is_ascension_mode":false,"campfire_choices":[{"floor":13,"key":"REST"},{"data":"Flex","floor":15,"key":"SMITH"},{"data":"Flame Barrier","floor":24,"key":"SMITH"},{"floor":28,"key":"REST"},{"floor":32,"key":"REST"},{"floor":40,"key":"REST"}],"circlet_count":0,"master_deck":["Defend_R","Defend_R","Bash","Twin Strike","Sword Boomerang+1","Pommel Strike","Iron Wave+1","Flex+1","ReplayReversal","Flex","ReplayTheSpireMod:Strike From Hell","Rage+1","Flex+1","Anger","Juggernaut+1","Flame Barrier+1","Dropkick","Necronomicurse","Reckless Charge+1","Anger","Bite","Bite","Bite","Bite","Bite","Dual Wield+1","Warcry","Headbutt","Inflame+1","infinitespire:Fortify","Offering","Anger","hubris:ReadiedAction","Infernal Blade","Shrug It Off","Battle Trance+1"],"relics":["Burning Blood","Gremlin Food","Gremlin Horn","infinitespire:EmpoweringShard","halation:Sosunser","energizedSpire:DecayingSkull","Necronomicon","Red Skull","Bottled Tornado","infinitespire:EvilPickle","Empty Cage","Paper Frog","Bag of Marbles"],"acts_visited":["Exordium","TheCity","TheBeyond"],"potions_floor_usage":[5,6,6,21,22,27,33,35,44,44],"damage_taken":[{"damage":1,"enemies":"Cultist","floor":1,"turns":4},{"damage":5,"enemies":"Small Slimes","floor":2,"turns":3},{"damage":1,"enemies":"2 Louse","floor":4,"turns":2},{"damage":11,"enemies":"Exordium Wildlife","floor":5,"turns":3},{"damage":13,"enemies":"3 Sentries","floor":6,"turns":4},{"damage":5,"enemies":"Looter","floor":7,"turns":2},{"damage":7,"enemies":"Blue Slaver","floor":8,"turns":3},{"damage":8,"enemies":"Exordium Thugs","floor":10,"turns":4},{"damage":41,"enemies":"Lagavulin","floor":11,"turns":6},{"damage":1,"enemies":"Lots of Slimes","floor":12,"turns":3},{"damage":9,"enemies":"Fading Forest","floor":16,"turns":11},{"damage":20,"enemies":"2 Thieves","floor":18,"turns":3},{"damage":0,"enemies":"Chosen","floor":19,"turns":3},{"damage":14,"enemies":"Snake Plant","floor":21,"turns":3},{"damage":10,"enemies":"Snecko","floor":22,"turns":3},{"damage":14,"enemies":"Sentry and Sphere","floor":25,"turns":4},{"damage":38,"enemies":"Nightmare","floor":27,"turns":6},{"damage":14,"enemies":"Cultist and Chosen","floor":29,"turns":3},{"damage":17,"enemies":"Centurion and Healer","floor":30,"turns":5},{"damage":28,"enemies":"Pondfish","floor":33,"turns":8},{"damage":10,"enemies":"3 Shapes","floor":35,"turns":2},{"damage":12,"enemies":"Orb Walker","floor":38,"turns":2},{"damage":36,"enemies":"Spire Growth","floor":39,"turns":3},{"damage":28,"enemies":"4 Shapes","floor":41,"turns":4},{"damage":6,"enemies":"Transient","floor":42,"turns":5},{"damage":36,"enemies":"Nemesis","floor":44,"turns":2}],"seed_played":"8260981292864073161","potions_obtained":[{"floor":2,"key":"Strength Potion"},{"floor":4,"key":"LifebloodPotion"},{"floor":5,"key":"ColorlessPotion"},{"floor":10,"key":"SpeedPotion"},{"floor":16,"key":"BlessingOfTheForge"},{"floor":18,"key":"EssenceOfSteel"},{"floor":19,"key":"Toxic Potion"},{"floor":27,"key":"Cursed Concoction"},{"floor":33,"key":"Explosive Potion"},{"floor":38,"key":"SkillPotion"},{"floor":39,"key":"SteroidPotion"},{"floor":41,"key":"Adrenaline Potion"}],"is_trial":false,"path_per_floor":["M","M","?","M","M","E","M","M","T","M","E","M","R","$","R","B",null,"M","M","?","M","M","?","R","M","T","NM","R","M","M","?","R","B",null,"M","?","?","M","M","R","M","M","T","E"],"character_chosen":"IRONCLAD","items_purchased":["Flex","halation:Sosunser","Anger"],"campfire_rested":4,"item_purchase_floors":[14,14,14],"current_hp_per_floor":[80,80,80,80,75,68,69,68,68,66,31,36,60,60,60,67,80,66,72,56,48,44,44,44,40,40,16,32,34,31,18,34,22,56,54,54,54,48,20,36,20,28,28,0,0],"gold":601,"neow_bonus":"","is_daily":false,"chose_seed":false,"campfire_upgraded":2,"win_rate":0.0,"timestamp":1613056402,"path_taken":["M","M","?","M","M","E","M","M","T","M","E","?","R","$","R","BOSS","M","M","?","M","M","?","R","M","T","NM","R","M","?","?","R","BOSS","M","?","?","M","M","R","M","M","T","E"],"items_purchased_type":["Card","Relic","Card"],"build_version":"2020-12-22","purchased_purges":1,"victory":false,"max_hp_per_floor":[80,80,80,80,80,80,80,80,80,80,80,80,80,80,80,80,80,80,80,80,80,80,56,56,56,56,56,56,56,56,56,56,56,56,56,56,56,56,56,56,56,56,56,56,56],"card_choices":[{"not_picked":["Armaments","Sever Soul"],"picked":"Twin Strike","floor":1},{"not_picked":["Clothesline","conspire:ExplosiveBarrier"],"picked":"Sword Boomerang","floor":2},{"not_picked":["Replay:Undeath\u0027s Touch","Anger"],"picked":"ReplayTheSpireMod:LeadingStrike","floor":4},{"not_picked":["Replay:Undeath\u0027s Touch","hubris:SharpeningStone"],"picked":"Pommel Strike","floor":5},{"not_picked":["Headbutt","conspire:Purge"],"picked":"Iron Wave","floor":6},{"not_picked":["Armaments","Warcry"],"picked":"Flex","floor":7},{"not_picked":["Armaments","Searing Blow"],"picked":"ReplayReversal","floor":8},{"not_picked":["True Grit","Second Wind"],"picked":"Flex","floor":10},{"not_picked":["True Grit","Sever Soul"],"picked":"ReplayTheSpireMod:Strike From Hell","floor":11},{"not_picked":["Replay:Undeath\u0027s Touch","Corruption"],"picked":"Rage","floor":12},{"not_picked":["Barricade","Brutality"],"picked":"Juggernaut","floor":16},{"not_picked":["Clash","hubris:ReadiedAction"],"picked":"Flame Barrier","floor":18},{"not_picked":["infinitespire:OneForAll","Shrug It Off"],"picked":"Dropkick","floor":19},{"not_picked":["Sever Soul","ReplayTheSpireMod:Corrosion Curse"],"picked":"Reckless Charge+1","floor":21},{"not_picked":["Massacre","Dark Embrace+1"],"picked":"Anger","floor":22},{"not_picked":["Pommel Strike","Iron Wave"],"picked":"Dual Wield+1","floor":25},{"not_picked":["Defy Death","hubris:CleavingFinish"],"picked":"Warcry","floor":27},{"not_picked":["Armaments","Warcry+1"],"picked":"Headbutt","floor":29},{"not_picked":["Pummel","Flex"],"picked":"Inflame+1","floor":30},{"not_picked":["ReplayTheSpireMod:Chaos Vortex","infinitespire:FutureSight"],"picked":"infinitespire:Fortify","floor":31},{"not_picked":["Impervious","Hemogenesis"],"picked":"Offering","floor":33},{"not_picked":["Dark Embrace+1","Perfected Strike+1"],"picked":"Anger","floor":35},{"not_picked":["Clothesline","ReplayTheSpireMod:Strike From Hell"],"picked":"hubris:ReadiedAction","floor":38},{"not_picked":["True Grit+1","Sword Boomerang"],"picked":"Infernal Blade","floor":39},{"not_picked":["Sever Soul","Twin Strike"],"picked":"Shrug It Off","floor":41},{"not_picked":["Hemogenesis","Warcry"],"picked":"Battle Trance+1","floor":42}],"player_experience":0,"relics_obtained":[{"floor":6,"key":"Gremlin Food"},{"floor":9,"key":"Gremlin Horn"},{"floor":11,"key":"infinitespire:EmpoweringShard"},{"floor":20,"key":"Necronomicon"},{"floor":26,"key":"Red Skull"},{"floor":27,"key":"Bottled Tornado"},{"floor":43,"key":"Bag of Marbles"}],"event_choices":[{"damage_healed":0,"gold_gain":0,"player_choice":"Upgraded","damage_taken":0,"max_hp_gain":0,"max_hp_loss":0,"event_name":"Upgrade Shrine","floor":3,"gold_loss":0,"cards_upgraded":["Sword Boomerang"]},{"damage_healed":0,"gold_gain":0,"player_choice":"Obtained Book","damage_taken":16,"max_hp_gain":0,"max_hp_loss":0,"event_name":"Cursed Tome","floor":20,"gold_loss":0},{"damage_healed":0,"gold_gain":0,"player_choice":"Became a vampire","damage_taken":0,"max_hp_gain":0,"max_hp_loss":24,"event_name":"Vampires","floor":23,"gold_loss":0,"cards_obtained":["Bite","Bite","Bite","Bite","Bite"]},{"damage_healed":0,"gold_gain":0,"player_choice":"Ignored","damage_taken":0,"max_hp_gain":0,"max_hp_loss":0,"event_name":"Tomb of Lord Red Mask","floor":36,"gold_loss":0},{"damage_healed":0,"gold_gain":0,"player_choice":"Paid Gold","damage_taken":0,"relics_obtained":["Paper Frog"],"max_hp_gain":0,"max_hp_loss":0,"event_name":"WeMeetAgain","floor":37,"gold_loss":60}],"is_beta":false,"boss_relics":[{"not_picked":["energizedSpire:EnergizedDie","halation:CatFaceCupcake"],"picked":"energizedSpire:DecayingSkull"},{"not_picked":["hubris:BlackHole","aspiration:FutureDiary"],"picked":"Empty Cage"}],"items_purged_floors":[14],"is_endless":true,"potions_floor_spawned":[2,4,5,10,16,18,19,27,33,38,39,41],"killed_by":"Nemesis","ascension_level":0}}