{"host":"k5fgrtcqzqosfxt0","time":1613045900,"event":{"mods":["Act Like it!","Aspiration","BaseMod","Downfall","Gensokyo","Minty Spire (QoL Compilation)","StSLib","TestMod","UnlockEverythingMod"],"gold_per_floor":[115,40,115,115,136,169,190,240,265,265,268,268],"floor_reached":11,"language":"ZHS","playtime":356,"items_purged":["Strike_B"],"score":212,"play_id":"9e954c45-20e4-4f0a-b667-f6f00003cbf3","local_time":"20210211201820","is_ascension_mode":true,"campfire_choices":[{"data":"Defragment","floor":10,"key":"SMITH"}],"circlet_count":0,"master_deck":["AscendersBane","Strike_B","Strike_B","Strike_B","Defend_B","Defend_B","Defend_B","Defend_B","Zap","Dualcast","Static Discharge","Defragment+1","Defragment"],"relics":["Cracked Core","testmod-TestBox","NeowsBlessing","testmod-Alchemist","Golden Idol","testmod-TheFather","TungstenRod","Potion Belt"],"acts_visited":["Exordium"],"potions_floor_usage":[8],"damage_taken":[{"damage":0,"enemies":"Cultist","floor":1,"turns":1},{"damage":0,"enemies":"2 Louse","floor":5,"turns":1},{"damage":0,"enemies":"Lagavulin","floor":6,"turns":1},{"damage":7,"enemies":"Small Slimes","floor":7,"turns":3},{"damage":12,"enemies":"3 Sentries","floor":8,"turns":7},{"damage":13,"enemies":"Lagavulin","floor":11,"turns":5}],"seed_played":"-7262837933920046450","potions_obtained":[{"floor":1,"key":"SkillPotion"}],"is_trial":false,"path_per_floor":["M","$","?","?","M","E","M","E","T","R","E"],"character_chosen":"DEFECT","items_purchased":[],"campfire_rested":0,"item_purchase_floors":[],"current_hp_per_floor":[64,64,53,29,29,29,22,10,10,10,0,0],"gold":268,"neow_bonus":"THREE_ENEMY_KILL","is_daily":false,"chose_seed":false,"campfire_upgraded":1,"win_rate":0.0,"timestamp":1613045900,"path_taken":["M","$","?","?","M","E","M","E","T","R","E"],"items_purchased_type":[],"build_version":"2020-12-22","purchased_purges":1,"victory":false,"max_hp_per_floor":[71,71,71,71,71,71,71,71,71,71,71,71],"card_choices":[{"not_picked":["Scrape","Beam Cell","White Noise"],"picked":"SKIP","floor":1},{"not_picked":["Gash","BootSequence"],"picked":"Static Discharge","floor":5},{"not_picked":["Stack","Reinforced Body"],"picked":"Defragment","floor":6},{"not_picked":["Beam Cell","Darkness","Conserve Battery"],"picked":"SKIP","floor":7},{"not_picked":["Sweeping Beam","Doom and Gloom"],"picked":"Defragment","floor":8}],"player_experience":647777,"relics_obtained":[{"floor":6,"key":"testmod-TheFather"},{"floor":8,"key":"TungstenRod"},{"floor":9,"key":"Potion Belt"}],"event_choices":[{"damage_healed":0,"gold_gain":75,"player_choice":"Gather Gold","damage_taken":11,"max_hp_gain":0,"max_hp_loss":0,"event_name":"World of Goop","floor":3,"gold_loss":0},{"damage_healed":0,"gold_gain":0,"player_choice":"Take Damage","damage_taken":24,"relics_obtained":["Golden Idol"],"max_hp_gain":0,"max_hp_loss":0,"event_name":"Golden Idol","floor":4,"gold_loss":0}],"is_beta":false,"boss_relics":[],"items_purged_floors":[2],"is_endless":false,"potions_floor_spawned":[1],"killed_by":"Lagavulin","ascension_level":20}}