{"host":"0cm5wy4nhuju7tij","time":1613020343,"event":{"mods":["100% Spire Juice","2.2 Compatiblity","AchievementEnabler","Aspiration","BaseMod","Better Third Choice","BetterRewards","CCEM2","CapriCore","Colored Powertips","Curses Come First","Displayed Cursed Tome","Downfall","Energized Spire","Evolution","Filter the Spire","Highlight Path","Jess\u0027s Bottle","Minty Spire (QoL Compilation)","Permanent Neow","Poor People Problems","Relic Filter Mod","Relic Stats","Shop Mod","Spicy Shops","StSLib","The Cursed","The Warrior","TheSurvivalist","TheVacant","Weighted Paths"],"gold_per_floor":[114,126,144,155,2,2,34,34,34,34,66,76,76,88,88,190,190,208,228,238,256,256,256],"floor_reached":22,"language":"ENG","playtime":1474,"items_purged":[],"score":220,"play_id":"1ded6c5c-fa27-4848-8f09-c0cb74b8a29d","local_time":"20210211001223","is_ascension_mode":true,"campfire_choices":[{"data":"theVacant:Release","floor":6.0,"key":"SMITH"},{"floor":8.0,"key":"REST"},{"data":"theVacant:IntoTheAbyss","floor":10.0,"key":"SMITH"},{"floor":15,"key":"REST"}],"circlet_count":0,"master_deck":["theVacant:VacantStarterStrike","theVacant:VacantStarterStrike","theVacant:VacantStarterStrike","theVacant:VacantStarterStrike","theVacant:VacantStarterDefend","theVacant:VacantStarterDefend","theVacant:VacantStarterDefend","theVacant:VacantStarterDefend","theVacant:Release+1","theVacant:Crunch","theVacant:Whip","theVacant:BellToll","theVacant:BurdenBreak","theVacant:IntoTheAbyss+1","theVacant:Threat+1","theVacant:Snowball+1","theVacant:ShutAway","theVacant:ShriekingBlast+1","theVacant:ForgeSoul","theVacant:VoidEmbrace","theVacant:CleanseSoul+1","theVacant:VoidEmbrace","theVacant:Fling+1"],"relics":["theVacant:BrassGoblet","EVO:Axolotl","Happy Flower","Molten Egg 2","CCEMRelics:TechnogenicHelmet","Boot","Snecko Eye"],"acts_visited":["Exordium","TheCity"],"potions_floor_usage":[20],"damage_taken":[{"damage":6.0,"enemies":"2 Louse","floor":1.0,"turns":3.0},{"damage":9.0,"enemies":"Jaw Worm","floor":2.0,"turns":4.0},{"damage":13.0,"enemies":"Small Slimes","floor":3.0,"turns":3.0},{"damage":9.0,"enemies":"2 Fungi Beasts","floor":4.0,"turns":4.0},{"damage":20.0,"enemies":"Gremlin Nob","floor":7.0,"turns":4.0},{"damage":8.0,"enemies":"Lagavulin","floor":11.0,"turns":5.0},{"damage":10.0,"enemies":"Exordium Wildlife","floor":12.0,"turns":3.0},{"damage":6,"enemies":"Lots of Slimes","floor":14,"turns":3},{"damage":20,"enemies":"Hexaghost","floor":16,"turns":5},{"damage":20,"enemies":"2 Thieves","floor":18,"turns":3},{"damage":22,"enemies":"Chosen","floor":19,"turns":5},{"damage":51,"enemies":"Centurion and Healer","floor":20,"turns":7},{"damage":22,"enemies":"Cultist and Chosen","floor":21,"turns":5},{"damage":5,"enemies":"3 Cultists","floor":22,"turns":2}],"seed_played":"-5876224980293659474","potions_obtained":[{"floor":2.0,"key":"SpeedPotion"},{"floor":3.0,"key":"FairyPotion"},{"floor":16,"key":"SpeedPotion"},{"floor":20,"key":"PowerPotion"}],"is_trial":false,"path_per_floor":["M","M","M","M","$","R","E","R","T","R","E","M","?","M","R","B",null,"M","M","M","M","M"],"character_chosen":"THE_VACANT","items_purchased":["Happy Flower"],"campfire_rested":2,"item_purchase_floors":[5],"current_hp_per_floor":[82,73,60,51,51,51,31,57,57,57,49,39,39,33,59,39,88,68,46,26,4,0,0],"gold":256,"neow_bonus":"TEN_PERCENT_HP_BONUS","is_daily":false,"chose_seed":false,"campfire_upgraded":2,"win_rate":0.0,"timestamp":1613020343,"path_taken":["M","M","M","M","$","R","E","R","T","R","E","M","?","M","R","BOSS","M","M","M","M","M"],"items_purchased_type":["Relic"],"build_version":"2020-12-22","purchased_purges":0,"victory":false,"max_hp_per_floor":[88,88,88,88,88,88,88,88,88,88,88,88,88,88,88,88,88,88,88,88,88,88,88],"relic_stats":{"Happy Flower":[14],"counters":[14,56],"Snecko Eye":[50,35,38,38],"Boot":[50],"obtain_stats":[{"theVacant:BrassGoblet":0,"Happy Flower":5,"Snecko Eye":17,"Molten Egg 2":7,"EVO:Axolotl":0,"CCEMRelics:TechnogenicHelmet":9,"Boot":11},{"theVacant:BrassGoblet":0,"Happy Flower":4,"Snecko Eye":9,"Molten Egg 2":5,"EVO:Axolotl":0,"CCEMRelics:TechnogenicHelmet":5,"Boot":6},{"theVacant:BrassGoblet":0,"Happy Flower":14,"Snecko Eye":34,"Molten Egg 2":18,"EVO:Axolotl":0,"CCEMRelics:TechnogenicHelmet":18,"Boot":23}]},"card_choices":[{"not_picked":["theVacant:EyePoke","theVacant:GraveWave"],"picked":"theVacant:Whip","floor":1.0},{"not_picked":["theVacant:Threat","theVacant:BrassMagnet"],"picked":"theVacant:BellToll","floor":2.0},{"not_picked":["theVacant:LashOut","theVacant:Immaterialize"],"picked":"theVacant:BurdenBreak","floor":3.0},{"not_picked":["theVacant:SurpriseAttack","theVacant:HolyWater"],"picked":"theVacant:IntoTheAbyss","floor":4.0},{"not_picked":["theVacant:FranticBlow+1","theVacant:BattleScars"],"picked":"theVacant:Threat+1","floor":7.0},{"not_picked":["theVacant:HolyWater","theVacant:EmbraceDarkness"],"picked":"theVacant:Snowball+1","floor":11.0},{"not_picked":["theVacant:Enrage","theVacant:Barrage+1"],"picked":"theVacant:ShutAway","floor":12},{"not_picked":["theVacant:GraveWave+1","theVacant:Whip+1"],"picked":"theVacant:ShriekingBlast+1","floor":14},{"not_picked":["theVacant:Prevent","theVacant:FromNothing"],"picked":"theVacant:ForgeSoul","floor":16},{"not_picked":["theVacant:CursedBlast+1","theVacant:Immaterialize+1"],"picked":"theVacant:VoidEmbrace","floor":18},{"not_picked":["theVacant:Thoughtseize+1","theVacant:BurdenBreak"],"picked":"theVacant:CleanseSoul+1","floor":19},{"not_picked":["theVacant:CursedBlast+1","theVacant:GraveWave+1"],"picked":"theVacant:VoidEmbrace","floor":20},{"not_picked":["theVacant:HolyWater","theVacant:Snowball+1"],"picked":"theVacant:Fling+1","floor":21}],"player_experience":318002,"relics_obtained":[{"floor":7.0,"key":"Molten Egg 2"},{"floor":9.0,"key":"CCEMRelics:TechnogenicHelmet"},{"floor":11.0,"key":"Boot"}],"event_choices":[{"damage_healed":0,"gold_gain":0,"player_choice":"Ignored","damage_taken":76,"max_hp_gain":0,"max_hp_loss":0,"event_name":"betterThird:BetterSerpent","floor":13,"gold_loss":0}],"is_beta":false,"boss_relics":[{"not_picked":["aspiration:RunicSpoon","Fusion Hammer"],"picked":"Snecko Eye"}],"items_purged_floors":[],"is_endless":false,"potions_floor_spawned":[2,3,4,14,16,18,20],"killed_by":"3 Cultists","ascension_level":2}}