{"host":"0rn20prxkpuv2e47","time":1613050780,"event":{"mods":["100% Spire Juice","ATMod(阿瑾Mod)","Act Like it!","Arknights","Aspiration","BaseMod","Challenge The Spire","Downfall","Friendly Minions","Gensokyo","Hermit","Koishi","KomeijiMod","Marisa（F雨　魔理沙）","Minty Spire (QoL Compilation)","Prisma Mod","Quick Restart","Reimu（博丽灵梦）","Relic Filter Mod","Remilia（蕾米莉亚）","Robot Space Explorer","StSLib","The Alterego","The Animator","The Construct","The Cursed","The Jungle","The Mystic","The Runesmith","The Senshi","The Servant 0.9.4","Wide Potions","Youmu（魂魄妖梦）","Yuyuko","[GremlinLeader]The Maniac","[功能]功能增强和修复MOD","noobMod","【功能Mod】聪明的最终Boss","【遗物卡牌】REMEMod"],"gold_per_floor":[119,79,79,95,95,95,95,95,95,113,113,146,146,131,131,228,228,244,261,119,129,99,99,134,147,147,147,165,140,120,130,130,226,226,244,261,236,236,206,288,301,301,301,301,301,291,302,333,333,333],"floor_reached":51,"language":"ZHS","playtime":3012,"items_purged":["ats:Strike S","ats:Defend","ats:Defend","ats:Defend","ats:Defend","ats:Strike G","ats:Strike V","ats:Strike C","ats:Shell Defense","ats:Armor Crushing Shot","ats:Nebulous Foxfire","ats:Revitalization","ats:Flexible Camouflage","ats:Closed Bolt Burst Fire","ats:Consecutive Shot Auto","Forethought","Transmutation","ats:Flexible Camouflage","ats:Closed Bolt Burst Fire","ats:LN2 Cannon","ats:Closed Bolt Burst Fire+1","ats:Shell Defense","AT_EmpoweredMortalDraw","HandOfGreedExtend","ats:Shell Defense","ats:Powerful Strike","Sadistic Nature","ats:Shadow Raid","ats:Phantom","ats:Hammer On","ats:Absolute Focus","REME_AllRoundStrike","ats:Ambush+1","ats:Curse Doll","REME_AllRoundStrike","REME_AllRoundStrike","REME_AllRoundStrike+1","ats:Magnetic Hammer","ats:Calcification"],"score":816,"play_id":"85949d6a-0c17-4319-982a-b8e409641343","local_time":"20210211213940","is_ascension_mode":false,"campfire_choices":[{"data":"ats:Sword Rain","floor":6.0,"key":"SMITH"},{"data":"ats:Emotion Absorption","floor":8.0,"key":"SMITH"},{"data":"ats:Song Of Battle","floor":11.0,"key":"SMITH"},{"data":"ats:Defend Order","floor":13.0,"key":"SMITH"},{"data":"ats:Closed Bolt Burst Fire","floor":15.0,"key":"SMITH"},{"floor":23.0,"key":"DIG"},{"floor":32.0,"key":"DIG"},{"floor":49,"key":"DIG"}],"circlet_count":8,"master_deck":["ats:Emotion Absorption+1","ats:Defend Order+1","ats:Sword Rain+1","ats:Blood Oath+1","ats:Song Of Battle+1","ats:Song Of Battle+1","ats:Red Shift+1","ats:Absolute Focus+1","ats:Support Order+1","ats:Very Hot Blade+1","ats:Ignite+1","ats:Roar Of Ursus+1","ats:Roar Of Ursus+1","ats:Leaping Hammer+1","ats:Flame Of Heaven+1","ats:Demon Strength+1","ats:Shell Defense+1","Secret Weapon+1","REME_TwoStrings+1","ats:Chain Hook+1","ats:Demon Strength+1","ats:Demon Strength+1","ats:Apocalypse+1","ats:Flame Of Heaven+1","ats:Roar Of Ursus+1","ats:Overload+1","ats:Beaten Up+1","ats:Assault Order+1","ats:Ignite+1","Flash of Steel+1","ats:Chain Hook+1","Finesse+1","ats:Spore Proliferation+1","REME_AllRoundStrike+1","ats:Rapid Magazine+1","REME_BuildACard+1","ats:Flame Of Heaven+1","ats:Sword Rain+1","ats:Thorns+1"],"relics":["ats:Sanity","ice","AT_ATBox","REME_ComplimentaryCards","aspiration:Nostalgia","Circlet","AT_SunfireAegis","ats:Snipe","CaptainsWheel","Strawberry","WingedGreaves","ats:Bonebreaker","ats:Cure","ats:Lavender","ats:Originium","Centennial Puzzle","Shovel","Lizard Tail","SlaversCollar","TheAbacus","AT_SilvercatRing","Frozen Eye","Runesmith:Nanobots","Tiny Chest","ats:Rhine Circuitry","AT_RedNoBalance","NitorisBag","aspiration:HatOfInfinitePower","Prayer Wheel","Coffee Dripper","Strange Spoon","ats:Military Tradition","Toolbox","Omamori","theSenshi:FeatherClipsRelic","ats:Arts","AT_GoldPhoenixTree","StoneCalendar","ats:Support","Art of War"],"acts_visited":["Gensokyo:Gensokyo","Gensokyo:Gensokyoer","Gensokyo:Gensokyoest"],"potions_floor_usage":[],"damage_taken":[{"damage":4.0,"enemies":"Gensokyo:3_Fairies","floor":1.0,"turns":5.0},{"damage":3.0,"enemies":"Gensokyo:Python","floor":4.0,"turns":4.0},{"damage":2.0,"enemies":"Gensokyo:2_Kodama","floor":10.0,"turns":2.0},{"damage":4.0,"enemies":"Gensokyo:Cirno","floor":12.0,"turns":5.0},{"damage":41.0,"enemies":"Gensokyo:Kokoro","floor":16.0,"turns":7.0},{"damage":17.0,"enemies":"Gensokyo:CosmicMonolith","floor":18.0,"turns":3.0},{"damage":29.0,"enemies":"Gensokyo:AngelMirror","floor":19.0,"turns":2.0},{"damage":26.0,"enemies":"Gensokyo:Monolith_and_Dog","floor":21.0,"turns":5.0},{"damage":28.0,"enemies":"Gensokyo:Tenshi","floor":24.0,"turns":3.0},{"damage":22.0,"enemies":"Gensokyo:Wraith","floor":25.0,"turns":4.0},{"damage":23.0,"enemies":"Gensokyo:Slime_Group","floor":28.0,"turns":3.0},{"damage":32.0,"enemies":"Gensokyo:Monolith_and_Dog","floor":31.0,"turns":3.0},{"damage":20.0,"enemies":"Gensokyo:Eiki","floor":33.0,"turns":4.0},{"damage":0.0,"enemies":"Gensokyo:AncientGuardian","floor":35.0,"turns":2.0},{"damage":0.0,"enemies":"Gensokyo:3_Boulders","floor":36.0,"turns":3.0},{"damage":0,"enemies":"Gensokyo:SeedOfUnknown","floor":41,"turns":3},{"damage":22,"enemies":"Gensokyo:Rafflesia","floor":47,"turns":4},{"damage":39,"enemies":"Gensokyo:Marisa","floor":48,"turns":3},{"damage":0,"enemies":"Gensokyo:Scarlet_Devils","floor":50,"turns":4}],"seed_played":"1462426248855930124","potions_obtained":[{"floor":1.0,"key":"EssenceOfSteel"},{"floor":4.0,"key":"DistilledChaos"},{"floor":31.0,"key":"Milkshake"}],"is_trial":false,"path_per_floor":["M","$","?","M","$","R","?","R","T","M","R","E","R","$","R","B",null,"M","M","COS","M","$","R","E","M","T","?","M","$","$","M","R","B",null,"M","M","$","?","$","T","M","?","T","R","$","$","M","E","R","B",null],"character_chosen":"DOCTOR_CLASS","items_purchased":["AT_SunfireAegis","ats:Snipe","CaptainsWheel","ats:Sword Rain","ats:Shell Defense","ats:Nebulous Foxfire","ats:Blood Oath","WingedGreaves","ats:Bonebreaker","ats:Cure","ats:Song Of Battle+1","ats:Red Shift","Shovel","Lizard Tail","ats:Absolute Focus","ats:Closed Bolt Burst Fire","AT_SilvercatRing","Divine Protection","Frozen Eye","ats:Closed Bolt Burst Fire","ats:Roar Of Ursus","ats:Flexible Camouflage","ats:Revitalization","ats:Consecutive Shot Auto","Transmutation","Forethought","Replay:Mystery Machine","AT_SilverBalance","NitorisBag","ats:Demon Strength","ats:Shell Defense+1","ats:Flexible Camouflage","ats:LN2 Cannon","ats:Closed Bolt Burst Fire","Secret Weapon","REME_TwoStrings","aspiration:HatOfInfinitePower","Guide Book","ReplayTheSpireMod:Shallot","ats:Chain Hook","ats:Demon Strength","ats:Apocalypse","ats:Shell Defense","ats:Powerful Strike","HandOfGreedExtend","AT_EmpoweredMortalDraw","ats:Absolute Focus","ats:Assault Order","ats:Ignite","ats:Hammer On","ats:Phantom","Flash of Steel","Sadistic Nature","Strange Spoon","ats:Military Tradition","Circlet","Toolbox","Omamori","ats:Chain Hook","ats:Ambush","REME_AllRoundStrike","Finesse","ats:Curse Doll","ats:Spore Proliferation","ats:Arts","AT_GoldPhoenixTree","Circlet","REME_BuildACard","StoneCalendar","Circlet","ats:Support","ats:Flame Of Heaven","ats:Sword Rain","ats:Calcification","ats:Magnetic Hammer"],"campfire_rested":0,"item_purchase_floors":[2,2,2,2,2,2,2,5,5,5,5,5,14,14,14,14,22,22,22,22,22,22,22,22,22,22,29,29,29,29,29,29,29,29,29,29,30,30,30,30,30,30,30,30,30,30,37,37,37,37,37,37,37,37,37,39,39,39,39,39,39,39,39,39,45,45,45,45,46,46,46,46,46,46,46],"current_hp_per_floor":[68,68,65,68,68,68,68,68,68,67,67,76,76,76,76,53,79,72,44,44,28,28,28,9,65,65,65,44,44,44,24,24,53,94,48,49,49,49,49,49,49,49,49,49,49,49,47,95,95,95],"gold":333,"neow_bonus":"NOSTALGIA","is_daily":false,"chose_seed":false,"campfire_upgraded":5,"win_rate":0.0,"timestamp":1613050780,"path_taken":["M","$","?","M","$","R","?","R","T","M","R","E","R","$","R","BOSS","M","?","COS","M","$","R","E","M","T","?","M","$","$","M","R","BOSS","M","?","$","?","$","?","M","?","T","R","$","$","?","E","R","BOSS"],"items_purchased_type":["Relic","Relic","Relic","Card","Card","Card","Card","Relic","Relic","Relic","Card","Card","Relic","Relic","Card","Card","Relic","Undefined","Relic","Card","Card","Card","Card","Card","Card","Card","Undefined","Relic","Relic","Card","Card","Card","Card","Card","Card","Card","Relic","Undefined","Undefined","Card","Card","Card","Card","Card","Card","Card","Card","Card","Card","Card","Card","Card","Card","Relic","Relic","Undefined","Relic","Relic","Card","Card","Card","Card","Card","Card","Relic","Relic","Undefined","Card","Relic","Undefined","Relic","Card","Card","Card","Card"],"build_version":"2020-12-22","purchased_purges":39,"victory":true,"max_hp_per_floor":[72,72,79,79,79,79,79,79,79,79,79,79,79,79,79,79,79,79,79,79,79,79,79,79,83,83,83,86,86,86,92,92,94,94,94,95,95,95,95,95,95,95,95,95,95,95,95,95,95,95],"card_choices":[{"not_picked":["ats:Shadow Raid","ReachHeaven"],"picked":"ats:Defend Order","floor":1.0},{"not_picked":["ats:Ignite","ats:Very Hot Blade"],"picked":"ats:Song Of Battle","floor":4.0},{"not_picked":["ats:Steam Pump","ats:Flexible Camouflage","ats:Blood Oath"],"picked":"SKIP","floor":10.0},{"not_picked":["ats:Fractured Body","ats:Blood Oath","EmptyFist"],"picked":"SKIP","floor":12.0},{"not_picked":["ats:Blood Oath","ats:Explosion Area Strengthen"],"picked":"ats:Support Order","floor":18.0},{"not_picked":["ats:Curse Doll","ats:Thermite Blade+1"],"picked":"ats:Very Hot Blade","floor":19.0},{"not_picked":["ats:Powerful Strike","ats:Cat Scratch"],"picked":"ats:Ignite","floor":21.0},{"not_picked":["ats:Healing Strengthening","ats:Apocalypse"],"picked":"ats:Leaping Hammer+1","floor":24.0},{"not_picked":["ats:Flexible Camouflage","ats:Shadow Raid","ats:Hammer On"],"picked":"SKIP","floor":25.0},{"not_picked":["ats:Calcification","ats:Shell Defense"],"picked":"ats:Flame Of Heaven","floor":28.0},{"not_picked":["ats:Closed Bolt Burst Fire","ats:Powerful Strike"],"picked":"ats:Flame Of Heaven","floor":31.0},{"not_picked":["ats:Volcano","ats:Wolf Pack"],"picked":"ats:Roar Of Ursus","floor":33.0},{"not_picked":["ats:Poison Spread","ats:Explosion Area Strengthen"],"picked":"ats:Shadow Raid","floor":35.0},{"not_picked":["ats:Soul Absorption","ats:Ignite+1"],"picked":"ats:Overload+1","floor":35.0},{"not_picked":["ats:Curse Doll+1","ats:Soul Absorption+1"],"picked":"ats:Beaten Up","floor":36.0},{"not_picked":["ats:Hammer On+1","ats:Calcification","ats:Very Hot Blade+1"],"picked":"SKIP","floor":36.0},{"not_picked":["ats:Leaping Hammer","ats:Guardian Obelisk+1"],"picked":"ats:Rapid Magazine+1","floor":41},{"not_picked":["ats:Steam Pump","ats:Shadow Raid","ats:Consecutive Shot Auto+1"],"picked":"SKIP","floor":41},{"not_picked":["ats:Powerful Strike+1","ats:Guard Mode"],"picked":"ats:Thorns+1","floor":47},{"not_picked":["ats:Ignite+1","ats:Powerful Strike+1","ats:Absolute Focus+1"],"picked":"SKIP","floor":47},{"not_picked":["ats:Directed Diagnosis","ats:Hammer On+1","ats:Cat Scratch+1"],"picked":"SKIP","floor":48}],"player_experience":175533,"relics_obtained":[{"floor":9.0,"key":"ats:Lavender"},{"floor":12.0,"key":"ats:Originium"},{"floor":12.0,"key":"Centennial Puzzle"},{"floor":23.0,"key":"Runesmith:Nanobots"},{"floor":24.0,"key":"ats:Originium"},{"floor":24.0,"key":"Tiny Chest"},{"floor":26.0,"key":"ats:Rhine Circuitry"},{"floor":32.0,"key":"Prayer Wheel"},{"floor":40,"key":"Circlet"},{"floor":43,"key":"theSenshi:FeatherClipsRelic"},{"floor":48,"key":"ats:Originium"},{"floor":48,"key":"Circlet"},{"floor":49,"key":"Art of War"}],"event_choices":[],"is_beta":false,"boss_relics":[{"not_picked":["Kintsugi","Pandora\u0027s Box"],"picked":"SlaversCollar"},{"not_picked":["aspiration:ServantSkillbook","construct:WeddingRing"],"picked":"Coffee Dripper"}],"items_purged_floors":[2,2,2,2,2,2,2,2,14,14,14,22,22,22,22,22,22,29,29,29,29,29,30,30,30,30,37,37,37,37,37,39,39,39,39,39,39,46,46],"is_endless":false,"potions_floor_spawned":[1,1,4,10,12,16,19,21,24,24,25,28,31,33,33,36,41,41,47,47,47],"ascension_level":0}}