{"host":"vlqej45p0v31lhdi","time":1613067622,"event":{"mods":["AchievementEnabler","BaseMod","Bestiary","Colored Powertips","Minty Spire (QoL Compilation)","Relic Stats"],"gold_per_floor":[13,13,25,39,50,50,76,94,94,94,129,129,129,141,141,242,242,258,269,269,280,292,292,15,15,15,15,41,41,58,85,85,184,184,196,214,214,19,39,71,71,106,106,106,117,117,117,145,145,145],"floor_reached":51,"language":"ENG","playtime":40339,"items_purged":["Strike_G"],"score":1089,"play_id":"860389b3-a0c5-44ab-8403-7d044b4c2a1c","local_time":"20210211122022","is_ascension_mode":true,"campfire_choices":[{"data":"Prepared","floor":6,"key":"SMITH"},{"data":"Footwork","floor":10,"key":"SMITH"},{"floor":12,"key":"REST"},{"floor":15,"key":"REST"},{"data":"Footwork","floor":23,"key":"SMITH"},{"floor":25,"key":"REST"},{"floor":27,"key":"REST"},{"data":"Adrenaline","floor":29,"key":"SMITH"},{"floor":32,"key":"REST"},{"floor":41,"key":"REST"},{"floor":44,"key":"REST"},{"floor":47,"key":"REST"},{"floor":49,"key":"REST"}],"circlet_count":0,"master_deck":["Strike_G","Strike_G","Strike_G","Strike_G","Defend_G","Defend_G","Defend_G","Defend_G","Defend_G","Survivor","Neutralize+1","Poisoned Stab","Backstab","Prepared+1","Underhanded Strike","Noxious Fumes","Footwork+1","Bane","Dagger Spray","Cloak And Dagger","Acrobatics","Adrenaline+1","Calculated Gamble+1","Footwork+1","Blade Dance","Die Die Die","Acrobatics","Deflect","Blade Dance","Catalyst","Venomology","Bouncing Flask","After Image+1","Accuracy+1","Sadistic Nature+1","Caltrops+1","Concentrate","Infinite Blades+1","Bouncing Flask","Leg Sweep+1","Accuracy+1","Acrobatics+1","Tactician"],"relics":["Ring of the Snake","Tingsha","Toy Ornithopter","Omamori","Dream Catcher","Runic Dome","Bronze Scales","Frozen Egg 2","Bottled Lightning","Pen Nib","Calling Bell","Smiling Mask","Ninja Scroll","WingedGreaves","Darkstone Periapt","Boot","Vajra"],"acts_visited":["Exordium","TheCity","TheBeyond"],"potions_floor_usage":[16,28,28,28,33,33,33,33,39,40,42,45,48,48,50,50,50,50,50],"damage_taken":[{"damage":2,"enemies":"Cultist","floor":1,"turns":5},{"damage":12,"enemies":"Small Slimes","floor":3,"turns":3},{"damage":0,"enemies":"2 Louse","floor":4,"turns":3},{"damage":1,"enemies":"Looter","floor":5,"turns":3},{"damage":5,"enemies":"3 Sentries","floor":7,"turns":7},{"damage":4,"enemies":"Red Slaver","floor":8,"turns":3},{"damage":11,"enemies":"Lagavulin","floor":11,"turns":6},{"damage":3,"enemies":"2 Fungi Beasts","floor":14,"turns":3},{"damage":4,"enemies":"The Guardian","floor":16,"turns":9},{"damage":11,"enemies":"Spheric Guardian","floor":18,"turns":4},{"damage":5,"enemies":"Shell Parasite","floor":19,"turns":3},{"damage":5,"enemies":"Centurion and Healer","floor":21,"turns":8},{"damage":24,"enemies":"Snake Plant","floor":22,"turns":5},{"damage":0,"enemies":"Slavers","floor":28,"turns":4},{"damage":6,"enemies":"Cultist and Chosen","floor":30,"turns":5},{"damage":31,"enemies":"Book of Stabbing","floor":31,"turns":5},{"damage":54,"enemies":"Champ","floor":33,"turns":9},{"damage":2,"enemies":"Orb Walker","floor":35,"turns":3},{"damage":8,"enemies":"3 Darklings","floor":36,"turns":4},{"damage":0,"enemies":"Sphere and 2 Shapes","floor":39,"turns":3},{"damage":70,"enemies":"Reptomancer","floor":40,"turns":6},{"damage":44,"enemies":"Giant Head","floor":42,"turns":8},{"damage":16,"enemies":"Spire Growth","floor":45,"turns":4},{"damage":37,"enemies":"Reptomancer","floor":48,"turns":6},{"damage":43,"enemies":"Donu and Deca","floor":50,"turns":6}],"seed_played":"-3356947479572376323","potions_obtained":[{"floor":5,"key":"FearPotion"},{"floor":8,"key":"Explosive Potion"},{"floor":11,"key":"Weak Potion"},{"floor":13,"key":"Poison Potion"},{"floor":13,"key":"CunningPotion"},{"floor":18,"key":"EssenceOfSteel"},{"floor":28,"key":"SteroidPotion"},{"floor":30,"key":"Swift Potion"},{"floor":31,"key":"LiquidMemories"},{"floor":42,"key":"BlessingOfTheForge"},{"floor":48,"key":"EntropicBrew"}],"is_trial":false,"path_per_floor":["M","?","M","M","M","R","E","M","T","R","E","R","?","M","R","B",null,"M","M","?","M","M","R","$","R","T","R","E","R","M","E","R","B",null,"M","M","?","$","M","E","R","E","T","R","M","?","R","E","R","B",null],"character_chosen":"THE_SILENT","items_purchased":["Bronze Scales","Acrobatics","Sadistic Nature+1"],"campfire_rested":9,"item_purchase_floors":[24,24,38],"current_hp_per_floor":[61,61,49,49,48,48,43,39,39,39,28,49,49,46,67,66,69,58,53,53,48,24,24,24,45,45,66,70,70,64,33,54,20,58,56,48,48,48,53,21,42,3,3,24,13,13,34,7,28,22],"gold":145,"neow_bonus":"ONE_RARE_RELIC","is_daily":false,"chose_seed":false,"campfire_upgraded":4,"win_rate":0.0,"timestamp":1613067622,"path_taken":["M","?","?","?","M","R","E","M","T","R","E","R","?","M","R","BOSS","M","?","?","M","M","R","$","R","T","R","E","R","M","E","R","BOSS","M","M","?","$","M","E","R","E","T","R","?","?","R","E","R","BOSS"],"items_purchased_type":["Relic","Card","Card"],"build_version":"2020-12-22","purchased_purges":1,"victory":true,"max_hp_per_floor":[70,70,70,70,70,70,70,70,70,70,70,70,70,70,70,70,70,70,70,70,70,70,70,70,70,70,70,70,70,70,70,70,70,70,70,70,70,70,70,70,70,70,70,70,70,70,70,70,70,70],"relic_stats":{"Darkstone Periapt":0,"Dream Catcher":9,"counters":[25,125],"Bronze Scales":[161],"Tingsha":[498],"Pen Nib":[16],"Smiling Mask":0,"Boot":[16],"obtain_stats":[{"Darkstone Periapt":40,"Vajra":48,"Tingsha":0,"Pen Nib":31,"Omamori":9,"Frozen Egg 2":26,"Smiling Mask":34,"Boot":42,"Calling Bell":34,"Runic Dome":17,"Dream Catcher":11,"Ninja Scroll":34,"Bronze Scales":24,"WingedGreaves":34,"Bottled Lightning":28,"Toy Ornithopter":7,"Ring of the Snake":0},{"Darkstone Periapt":21,"Vajra":24,"Tingsha":0,"Pen Nib":16,"Omamori":6,"Frozen Egg 2":13,"Smiling Mask":17,"Boot":22,"Calling Bell":17,"Runic Dome":9,"Dream Catcher":7,"Ninja Scroll":17,"Bronze Scales":13,"WingedGreaves":17,"Bottled Lightning":14,"Toy Ornithopter":5,"Ring of the Snake":0},{"Darkstone Periapt":101,"Vajra":119,"Tingsha":0,"Pen Nib":76,"Omamori":24,"Frozen Egg 2":62,"Smiling Mask":85,"Boot":109,"Calling Bell":85,"Runic Dome":42,"Dream Catcher":30,"Ninja Scroll":85,"Bronze Scales":62,"WingedGreaves":85,"Bottled Lightning":66,"Toy Ornithopter":21,"Ring of the Snake":0}],"Toy Ornithopter":82,"Ring of the Snake":[50]},"card_choices":[{"not_picked":["Dodge and Roll","Bane"],"picked":"Poisoned Stab","floor":1},{"not_picked":["Dodge and Roll","Deflect"],"picked":"Backstab","floor":3},{"not_picked":["Bouncing Flask","Predator"],"picked":"Prepared","floor":4},{"not_picked":["Setup","Quick Slash"],"picked":"Underhanded Strike","floor":5},{"not_picked":["Underhanded Strike","All Out Attack"],"picked":"Noxious Fumes","floor":7},{"not_picked":["Sucker Punch","Backstab"],"picked":"Footwork","floor":8},{"not_picked":["Outmaneuver","Phantasmal Killer"],"picked":"Bane","floor":11},{"not_picked":["Sucker Punch","Cloak And Dagger"],"picked":"Dagger Spray","floor":12},{"not_picked":["Infinite Blades","Dagger Spray"],"picked":"Cloak And Dagger","floor":14},{"not_picked":["Deflect","Dagger Throw"],"picked":"Acrobatics","floor":15},{"not_picked":["Storm of Steel","Wraith Form v2"],"picked":"Adrenaline","floor":16},{"not_picked":["Deflect","Reflex"],"picked":"Calculated Gamble+1","floor":18},{"not_picked":["Riddle With Holes","Sucker Punch+1","Quick Slash"],"picked":"SKIP","floor":19},{"not_picked":["Deadly Poison","Dodge and Roll"],"picked":"Blade Dance","floor":21},{"not_picked":["PiercingWail","Deadly Poison+1"],"picked":"Die Die Die","floor":22},{"not_picked":["Quick Slash+1","Slice"],"picked":"Deflect","floor":25},{"not_picked":["Dagger Spray","Terror"],"picked":"Blade Dance","floor":27},{"not_picked":["Terror","Poisoned Stab","Dodge and Roll"],"picked":"SKIP","floor":28},{"not_picked":["Heel Hook","Slice"],"picked":"Catalyst","floor":30},{"not_picked":["Outmaneuver","Dagger Spray"],"picked":"Venomology","floor":31},{"not_picked":["PiercingWail","Dodge and Roll"],"picked":"Bouncing Flask","floor":32},{"not_picked":["Envenom+1","Venomology"],"picked":"After Image+1","floor":33},{"not_picked":["Acrobatics+1","Outmaneuver"],"picked":"Accuracy+1","floor":35},{"not_picked":["Outmaneuver","Sucker Punch","Blur"],"picked":"SKIP","floor":36},{"not_picked":["Endless Agony","Underhanded Strike+1"],"picked":"Caltrops+1","floor":39},{"not_picked":["Venomology","Slice+1"],"picked":"Concentrate","floor":40},{"not_picked":["Blade Dance","Acrobatics"],"picked":"Infinite Blades+1","floor":41},{"not_picked":["All Out Attack","Unload","Heel Hook"],"picked":"SKIP","floor":42},{"not_picked":["Slice","Distraction+1"],"picked":"Bouncing Flask","floor":44},{"not_picked":["Cloak And Dagger","PiercingWail+1"],"picked":"Leg Sweep+1","floor":45},{"not_picked":["Acrobatics","Deadly Poison"],"picked":"Accuracy+1","floor":47},{"not_picked":["Flying Knee","Deflect"],"picked":"Acrobatics+1","floor":48},{"not_picked":["Masterful Stab","Quick Slash+1"],"picked":"Tactician","floor":49}],"player_experience":2610447,"relics_obtained":[{"floor":7,"key":"Toy Ornithopter"},{"floor":9,"key":"Omamori"},{"floor":11,"key":"Dream Catcher"},{"floor":26,"key":"Frozen Egg 2"},{"floor":28,"key":"Bottled Lightning"},{"floor":31,"key":"Pen Nib"},{"floor":34,"key":"Smiling Mask"},{"floor":34,"key":"Ninja Scroll"},{"floor":34,"key":"WingedGreaves"},{"floor":40,"key":"Darkstone Periapt"},{"floor":42,"key":"Boot"},{"floor":48,"key":"Vajra"}],"event_choices":[{"damage_healed":0,"gold_gain":0,"player_choice":"Upgraded","damage_taken":0,"max_hp_gain":0,"max_hp_loss":0,"event_name":"Upgrade Shrine","floor":2,"gold_loss":0,"cards_upgraded":["Neutralize"]},{"damage_healed":0,"gold_gain":0,"player_choice":"Got Potions","damage_taken":0,"max_hp_gain":0,"max_hp_loss":0,"event_name":"Lab","floor":13,"gold_loss":0},{"damage_healed":0,"gold_gain":0,"player_choice":"Read","damage_taken":0,"max_hp_gain":0,"max_hp_loss":0,"event_name":"The Library","floor":20,"gold_loss":0,"cards_obtained":["Footwork"]},{"damage_healed":0,"gold_gain":0,"player_choice":"Ignored","damage_taken":0,"max_hp_gain":0,"max_hp_loss":0,"event_name":"SecretPortal","floor":37,"gold_loss":0},{"damage_healed":0,"gold_gain":0,"player_choice":"Ignored","damage_taken":0,"max_hp_gain":0,"max_hp_loss":0,"event_name":"Mysterious Sphere","floor":46,"gold_loss":0}],"is_beta":false,"boss_relics":[{"not_picked":["Empty Cage","Sozu"],"picked":"Runic Dome"},{"not_picked":["Snecko Eye","Fusion Hammer"],"picked":"Calling Bell"}],"items_purged_floors":[24],"is_endless":false,"potions_floor_spawned":[5,8,11,14,18,22,28,30,31,42,48],"ascension_level":8}}