{"host":"m5ot5sucdtsdvl98","time":1613043591,"event":{"mods":["Act Like it!","BaseMod","Friendly Minions","GungeonMod","Hero for Fun","Minty Spire (QoL Compilation)","StSLib","SuperFastMode","The Jungle","Waifu the Spire"],"gold_per_floor":[11,11,11,29,29,77,77,105,105,105,128,312,312,341,341,478,478,503,503,521,554,479,479,501,526,526,573,603,603,54,107,107,237,237,274,311,342,380,380,422,422,91,91,130,171,210,250,583,583,583,583,592,121,157,157],"floor_reached":56,"language":"KOR","playtime":1322,"items_purged":["Doubt","Injury","Strike_Y"],"score":1724,"play_id":"6fd8999f-d90e-4c2a-bf70-04772bb7a97d","local_time":"20210211203951","is_ascension_mode":false,"campfire_choices":[{"data":"Do_Nothing","floor":7,"key":"SMITH"},{"floor":13,"key":"RECALL"},{"data":"Wear_Disguise","floor":15,"key":"SMITH"},{"data":"Oh","floor":23,"key":"SMITH"},{"data":"Yawn","floor":32,"key":"SMITH"},{"data":"Terrifying_Presence","floor":41,"key":"SMITH"},{"data":"Serious_Side_Hops","floor":49,"key":"SMITH"},{"floor":52,"key":"REST"}],"circlet_count":0,"master_deck":["Strike_Y","Strike_Y","Strike_Y","Defend_Y","Defend_Y","Defend_Y","Defend_Y","Defend_Y","Side_Hop","Do_Nothing+1","Consecutive_Normal_Punch","Yawn+1","Toss_Stone","Wear_Disguise+1","Oh+1","Dramatic Entrance","Get_Hopes_Up","Get_Hopes_Up","Normal_Punch","Do_Nothing+1","Do_Nothing","Normal_Punch","Get_Hopes_Up","Terrifying_Presence+1","Side_Hop+1","Yawn","Do_Nothing","Yawn+1","Consecutive_Normal_Punch+1","Ignore+1","Yawn+1","Get_Hopes_Up","Slap+1","Serious_Side_Hops+1","Hip_Strike","Consecutive_Normal_Punch+1","Yawn","Ignore+1","Ignore+1","Yawn+1","Do_Nothing+1","Hop","Wear_Disguise","Serious_Punch"],"relics":["Cape","DemoMod:GlassGuonStoneRelic","CeramicFish","Runic Dome","Ornamental Fan","Dream Catcher","DemoMod:MeatBun","Letter Opener","Bag of Marbles","Prayer Wheel","Sozu","Smiling Mask","Sundial","Shuriken","DemoMod:GundromedaStrain","DemoMod:ClearGuonStone","Boot"],"acts_visited":["Exordium","theJungle:Jungle","TheBeyond","TheEnding"],"potions_floor_usage":[55,55,55],"damage_taken":[{"damage":0,"enemies":"Cultist","floor":1,"turns":1},{"damage":0,"enemies":"Jaw Worm","floor":4,"turns":1},{"damage":0,"enemies":"3 Sentries","floor":6,"turns":3},{"damage":0,"enemies":"Small Slimes","floor":8,"turns":1},{"damage":0,"enemies":"3 Louse","floor":11,"turns":2},{"damage":0,"enemies":"Looter","floor":14,"turns":1},{"damage":0,"enemies":"Hexaghost","floor":16,"turns":3},{"damage":0,"enemies":"theJungle:MUSHROOMGANG","floor":18,"turns":2},{"damage":0,"enemies":"theJungle:Flameango_and_Byrd","floor":21,"turns":1},{"damage":0,"enemies":"theJungle:Lyon","floor":24,"turns":1},{"damage":0,"enemies":"theJungle:JungleHuntersEncounter","floor":25,"turns":1},{"damage":0,"enemies":"theJungle:MamaSnecko","floor":27,"turns":1},{"damage":0,"enemies":"theJungle:2_Snecko_Cultists","floor":28,"turns":1},{"damage":0,"enemies":"theJungle:Cassacara","floor":31,"turns":1},{"damage":0,"enemies":"theJungle:QueenSpyder","floor":33,"turns":1},{"damage":0,"enemies":"3 Shapes","floor":35,"turns":1},{"damage":0,"enemies":"Orb Walker","floor":36,"turns":1},{"damage":0,"enemies":"Transient","floor":37,"turns":1},{"damage":0,"enemies":"Sphere and 2 Shapes","floor":38,"turns":1},{"damage":0,"enemies":"Giant Head","floor":40,"turns":1},{"damage":0,"enemies":"Writhing Mass","floor":44,"turns":1},{"damage":0,"enemies":"4 Shapes","floor":45,"turns":1},{"damage":0,"enemies":"Maw","floor":46,"turns":1},{"damage":0,"enemies":"Nemesis","floor":47,"turns":5},{"damage":0,"enemies":"Donu and Deca","floor":50,"turns":3},{"damage":0,"enemies":"Shield and Spear","floor":54,"turns":1},{"damage":0,"enemies":"The Heart","floor":55,"turns":9}],"seed_played":"1113833064959095319","potions_obtained":[{"floor":0,"key":"SmokeBomb"},{"floor":0,"key":"Dexterity Potion"},{"floor":0,"key":"Explosive Potion"}],"is_trial":false,"path_per_floor":["M","$","$","M","?","E","R","M","T","$","M","?","R","M","R","B",null,"M","?","?","M","$","R","M","M","T","E","M","?","$","E","R","B",null,"M","M","M","M","?","E","R","$","T","M","M","M","E","?","R","B",null,"R","$","E","B",null],"character_chosen":"OPM","items_purchased":["DemoMod:MeatBun","DemoMod:WeirdEgg","Bag of Marbles","Serious_Side_Hops","Hip_Strike","DemoMod:GundromedaStrain","DemoMod:ClearGuonStone","Wear_Disguise"],"campfire_rested":1,"item_purchase_floors":[30,30,30,42,42,53,53,53],"current_hp_per_floor":[999,999,999,999,999,999,999,999,999,999,999,999,999,999,999,999,999,999,999,999,999,999,999,999,999,999,999,999,999,999,999,999,999,999,999,999,999,999,999,999,999,999,999,999,999,999,999,999,999,999,999,999,999,999,999],"gold":157,"neow_bonus":"THREE_SMALL_POTIONS","is_daily":false,"chose_seed":false,"campfire_upgraded":6,"win_rate":0.0,"timestamp":1613043591,"path_taken":["M","?","$","M","?","E","R","M","T","?","M","?","R","M","R","BOSS","M","?","?","?","?","R","?","M","T","E","M","?","$","E","R","BOSS","M","?","M","?","?","E","R","$","T","M","M","M","E","?","R","BOSS","R","$","E","BOSS"],"items_purchased_type":["Relic","Relic","Relic","Card","Card","Relic","Relic","Card"],"build_version":"2020-12-22","purchased_purges":3,"victory":true,"max_hp_per_floor":[999,999,999,999,999,999,999,999,999,999,999,999,999,999,999,999,999,999,999,999,999,999,999,999,999,999,999,999,999,999,999,999,999,999,999,999,999,999,999,999,999,999,999,999,999,999,999,999,999,999,999,999,999,999,999],"card_choices":[{"not_picked":["Hop","Consecutive_Normal_Punch"],"picked":"Side_Hop","floor":1},{"not_picked":["Yawn","Consecutive_Normal_Punch"],"picked":"Do_Nothing","floor":4},{"not_picked":["Toss_Stone","Side_Hop"],"picked":"Consecutive_Normal_Punch","floor":6},{"not_picked":["Side_Hop","Consecutive_Normal_Punch"],"picked":"Yawn","floor":8},{"not_picked":["Hop","Side_Hop"],"picked":"Toss_Stone","floor":11},{"not_picked":["Side_Hop","Ignore"],"picked":"Wear_Disguise","floor":14},{"not_picked":["Hip_Strike","Terrifying_Presence"],"picked":"Oh","floor":16},{"not_picked":["Slap","Side_Hop","Hop"],"picked":"SKIP","floor":18},{"not_picked":["Yawn","Consecutive_Normal_Punch"],"picked":"Get_Hopes_Up","floor":21},{"not_picked":["Side_Hop","Do_Nothing"],"picked":"Normal_Punch","floor":24},{"not_picked":["Normal_Punch","Wear_Disguise"],"picked":"Do_Nothing+1","floor":25},{"not_picked":["Wear_Disguise+1","Slap+1"],"picked":"Do_Nothing","floor":27},{"not_picked":["Side_Hop","Yawn"],"picked":"Normal_Punch","floor":28},{"not_picked":["Hop","Ignore+1"],"picked":"Get_Hopes_Up","floor":31},{"not_picked":["Hip_Strike","Serious_Side_Hops"],"picked":"Terrifying_Presence","floor":33},{"not_picked":["Slap+1","Do_Nothing"],"picked":"Side_Hop+1","floor":35},{"not_picked":["Normal_Punch+1","Oh"],"picked":"Yawn","floor":35},{"not_picked":["Yawn+1","Wear_Disguise"],"picked":"Do_Nothing","floor":36},{"not_picked":["Hop+1","Consecutive_Normal_Punch"],"picked":"Yawn+1","floor":36},{"not_picked":["Side_Hop","Yawn"],"picked":"Consecutive_Normal_Punch+1","floor":37},{"not_picked":["Slap","Consecutive_Normal_Punch+1"],"picked":"Ignore+1","floor":37},{"not_picked":["Hop+1","Toss_Stone+1"],"picked":"Yawn+1","floor":38},{"not_picked":["Consecutive_Normal_Punch+1","Side_Hop"],"picked":"Get_Hopes_Up","floor":38},{"not_picked":["Wear_Disguise","Yawn"],"picked":"Slap+1","floor":40},{"not_picked":["Toss_Stone+1","Side_Hop+1"],"picked":"Consecutive_Normal_Punch+1","floor":44},{"not_picked":["Get_Hopes_Up","Normal_Punch"],"picked":"Yawn","floor":44},{"not_picked":["Do_Nothing","Toss_Stone"],"picked":"Ignore+1","floor":45},{"not_picked":["Hop+1","Do_Nothing"],"picked":"Ignore+1","floor":45},{"not_picked":["Normal_Punch","Hop"],"picked":"Yawn+1","floor":46},{"not_picked":["Ignore","Wear_Disguise+1"],"picked":"Do_Nothing+1","floor":46},{"not_picked":["Side_Hop","Wear_Disguise","Consecutive_Normal_Punch+1"],"picked":"SKIP","floor":47},{"not_picked":["Side_Hop+1","Consecutive_Normal_Punch"],"picked":"Hop","floor":52},{"not_picked":["Yawn+1","Do_Nothing+1"],"picked":"Serious_Punch","floor":54}],"player_experience":219047,"relics_obtained":[{"floor":6,"key":"CeramicFish"},{"floor":26,"key":"Ornamental Fan"},{"floor":27,"key":"Dream Catcher"},{"floor":31,"key":"Prayer Wheel"},{"floor":40,"key":"Smiling Mask"},{"floor":43,"key":"Sundial"},{"floor":47,"key":"Shuriken"},{"floor":54,"key":"Boot"}],"event_choices":[{"damage_healed":0,"gold_gain":0,"player_choice":"Take Wound","damage_taken":0,"relics_obtained":["Golden Idol"],"max_hp_gain":0,"max_hp_loss":0,"event_name":"Golden Idol","floor":5,"gold_loss":0,"cards_obtained":["Injury"]},{"damage_healed":0,"gold_gain":175,"player_choice":"AGREE","damage_taken":0,"max_hp_gain":0,"max_hp_loss":0,"event_name":"Liars Game","floor":12,"gold_loss":0,"cards_obtained":["Doubt"]},{"damage_healed":0,"gold_gain":0,"player_choice":"2 cards matched","damage_taken":0,"max_hp_gain":0,"max_hp_loss":0,"event_name":"Match and Keep!","floor":20,"gold_loss":0,"cards_obtained":["Dramatic Entrance","Get_Hopes_Up"]},{"damage_healed":0,"gold_gain":0,"player_choice":"Ignored","damage_taken":0,"max_hp_gain":0,"max_hp_loss":0,"event_name":"NoteForYourself","floor":29,"gold_loss":0},{"cards_removed":["Strike_Y"],"damage_healed":0,"gold_gain":0,"player_choice":"Removed Attack","damage_taken":0,"max_hp_gain":0,"max_hp_loss":0,"event_name":"Falling","floor":39,"gold_loss":0},{"damage_healed":0,"gold_gain":333,"player_choice":"Gave Idol","damage_taken":0,"max_hp_gain":0,"max_hp_loss":0,"event_name":"The Moai Head","floor":48,"relics_lost":["Golden Idol"],"gold_loss":0}],"is_beta":false,"boss_relics":[{"not_picked":["Runic Pyramid","Velvet Choker"],"picked":"Runic Dome"},{"not_picked":["Snecko Eye","Cursed Key"],"picked":"Sozu"}],"items_purged_floors":[22,30,42],"is_endless":false,"potions_floor_spawned":[4,11,14,16,25,27,33,37,44,45,46,54],"ascension_level":0}}