{"host":"5rycm1ajjg5acc5q","time":1613073866,"event":{"mods":["BaseMod","Better Third Choice","Downfall","Highlight Path","Minty Spire (QoL Compilation)","Replay The Spire","StSLib"],"gold_per_floor":[109,109,127,142,39,39,51,65,89,129,138,159,159,13,13,122,122,150,150,176,176,176,176,214,241,290,329,354,396,311,311,311],"floor_reached":31,"language":"ENG","playtime":2206,"items_purged":["downfall:Bewildered"],"score":325,"play_id":"ad8677c6-e91d-43d9-8216-93f51b5789c2","local_time":"20210211140426","is_ascension_mode":true,"campfire_choices":[{"data":"Dagger Spray","floor":6,"key":"SMITH"},{"data":"Survivor","floor":13,"key":"SMITH"},{"data":"Footwork","floor":15,"key":"SMITH"},{"data":"Crippling Poison","floor":23,"key":"SMITH"}],"circlet_count":0,"master_deck":["Strike_G","Strike_G","Strike_G","Strike_G","Strike_G","Defend_G","Defend_G","Defend_G","Defend_G","Defend_G","Survivor+1","Neutralize+1","Dagger Spray+1","Quick Slash","Quick Slash","ReplayTheSpireMod:Speed Training","Caltrops+1","ReplayTheSpireMod:From All Sides","Finisher","Masterful Stab","Footwork+1","Unload","Flying Knee","Crippling Poison+1","Doppelganger","Leg Sweep","Outmaneuver","Dodge and Roll+1","Expertise+1"],"relics":["Ring of the Snake","NeowsBlessing","Pen Nib","CeramicFish","ReplayTheSpireMod:Ring of Collecting","Ring of Peace","Coffee Dripper","Regal Pillow","Shuriken","Snake Skull","ReplayTheSpireMod:Ring of Exchange","Oddly Smooth Stone","ReplayTheSpireMod:Shallot","Blue Doll"],"acts_visited":["Exordium","TheCity"],"potions_floor_usage":[10,16,25,25,28,31],"damage_taken":[{"damage":0,"enemies":"Small Slimes","floor":1,"turns":1},{"damage":0,"enemies":"Cultist","floor":3,"turns":1},{"damage":0,"enemies":"Jaw Worm","floor":4,"turns":1},{"damage":1,"enemies":"Exordium Thugs","floor":7,"turns":4},{"damage":0,"enemies":"3 Louse","floor":8,"turns":1},{"damage":30,"enemies":"Lagavulin","floor":10,"turns":8},{"damage":0,"enemies":"2 Fungi Beasts","floor":12,"turns":4},{"damage":21,"enemies":"Hexaghost","floor":16,"turns":12},{"damage":0,"enemies":"Spheric Guardian","floor":18,"turns":4},{"damage":0,"enemies":"3 Byrds","floor":20,"turns":4},{"damage":27,"enemies":"Gremlin Leader","floor":24,"turns":6},{"damage":2,"enemies":"Snecko","floor":25,"turns":5},{"damage":9,"enemies":"Replay:Snechameleon","floor":27,"turns":5},{"damage":8,"enemies":"Sentry and Sphere","floor":28,"turns":4},{"damage":22,"enemies":"Slavers","floor":29,"turns":7},{"damage":7,"enemies":"3 Cultists","floor":31,"turns":3}],"seed_played":"6476400684243876185","potions_obtained":[{"floor":1,"key":"Flashbang"},{"floor":8,"key":"FearPotion"},{"floor":12,"key":"LiquidMemories"},{"floor":18,"key":"sneckomod:MuddlingPotion"},{"floor":24,"key":"SkillPotion"},{"floor":27,"key":"Guardian:BlockOnCardUsePotion"}],"is_trial":false,"path_per_floor":["M","?","M","M","$","R","M","M","T","E","?","M","R","$","R","B",null,"M","?","M","?","?","R","E","M","T","E","M","E","?","M"],"character_chosen":"THE_SILENT","items_purchased":["Quick Slash","ReplayTheSpireMod:Speed Training","Footwork"],"campfire_rested":0,"item_purchase_floors":[5,5,14],"current_hp_per_floor":[70,70,70,70,70,70,69,69,69,39,39,39,39,39,39,18,70,70,70,70,70,70,70,43,41,41,32,24,2,2,0,0],"gold":311,"neow_bonus":"THREE_ENEMY_KILL","is_daily":false,"chose_seed":false,"campfire_upgraded":4,"win_rate":0.0,"timestamp":1613073866,"path_taken":["M","?","M","?","$","R","M","M","T","E","?","M","R","$","R","BOSS","M","?","?","?","?","R","E","M","T","E","M","E","?","M"],"items_purchased_type":["Card","Card","Card"],"build_version":"2020-12-22","purchased_purges":1,"victory":false,"max_hp_per_floor":[70,70,70,70,70,70,70,70,70,70,70,70,70,70,70,70,70,70,70,70,70,70,70,70,70,70,70,70,70,70,70,70],"card_choices":[{"not_picked":["Choke","Dodge and Roll","Poisoned Stab"],"picked":"SKIP","floor":1},{"not_picked":["Bane","Dodge and Roll"],"picked":"Dagger Spray","floor":3},{"not_picked":["Accuracy","Deflect"],"picked":"Quick Slash","floor":4},{"not_picked":["Skewer","Sucker Punch"],"picked":"Caltrops","floor":7},{"not_picked":["Backflip","Dodge and Roll"],"picked":"ReplayTheSpireMod:From All Sides","floor":8},{"not_picked":["Underhanded Strike","Tactician"],"picked":"Finisher","floor":10},{"not_picked":["Quick Slash","Outmaneuver"],"picked":"Masterful Stab","floor":12},{"not_picked":["A Thousand Cuts","Malaise"],"picked":"Unload","floor":16},{"not_picked":["Poisoned Stab+1","Deadly Poison"],"picked":"Flying Knee","floor":18},{"not_picked":["ReplayTheSpireMod:Shiv Toss","Deadly Poison"],"picked":"Crippling Poison","floor":20},{"not_picked":["Backstab","Poisoned Stab"],"picked":"Doppelganger","floor":24},{"not_picked":["Caltrops+1","PiercingWail"],"picked":"Leg Sweep","floor":25},{"not_picked":["Slice+1","Bane"],"picked":"Outmaneuver","floor":27},{"not_picked":["Escape Plan","Hidden Blade"],"picked":"Dodge and Roll+1","floor":28},{"not_picked":["Poison Darts","Backflip"],"picked":"Expertise+1","floor":29}],"player_experience":519068,"relics_obtained":[{"floor":9,"key":"Pen Nib"},{"floor":10,"key":"CeramicFish"},{"floor":11,"key":"ReplayTheSpireMod:Ring of Collecting"},{"floor":11,"key":"Ring of Peace"},{"floor":24,"key":"Shuriken"},{"floor":26,"key":"Snake Skull"},{"floor":26,"key":"ReplayTheSpireMod:Ring of Exchange"},{"floor":27,"key":"Oddly Smooth Stone"},{"floor":29,"key":"ReplayTheSpireMod:Shallot"}],"event_choices":[{"damage_healed":0,"gold_gain":0,"player_choice":"Upgraded","damage_taken":0,"max_hp_gain":0,"max_hp_loss":0,"event_name":"Upgrade Shrine","floor":2,"gold_loss":0,"cards_upgraded":["Neutralize"]},{"damage_healed":0,"gold_gain":0,"player_choice":"Upgraded","damage_taken":0,"max_hp_gain":0,"max_hp_loss":0,"event_name":"Upgrade Shrine","floor":19,"gold_loss":0,"cards_upgraded":["Caltrops"]},{"damage_healed":0,"gold_gain":0,"player_choice":"Ignored","damage_taken":0,"max_hp_gain":0,"max_hp_loss":0,"event_name":"Ghosts","floor":21,"gold_loss":0},{"damage_healed":0,"gold_gain":0,"player_choice":"Opened","damage_taken":0,"relics_obtained":["Regal Pillow"],"max_hp_gain":0,"max_hp_loss":0,"event_name":"The Mausoleum","floor":22,"gold_loss":0},{"damage_healed":0,"gold_gain":0,"player_choice":"Obtained Relic","damage_taken":0,"relics_obtained":["Blue Doll"],"max_hp_gain":0,"max_hp_loss":0,"event_name":"Addict","floor":30,"gold_loss":85}],"is_beta":false,"boss_relics":[{"not_picked":["Empty Cage","Replay:Wanted Poster"],"picked":"Coffee Dripper"}],"items_purged_floors":[14],"is_endless":false,"potions_floor_spawned":[1,8,12,18,24,27],"killed_by":"3 Cultists","ascension_level":2}}