{"host":"uceopoba4zvqsgiy","time":1613029914,"event":{"mods":["2.2 Compatiblity","Act Like it!","BaseMod","Better Skull","Better Third Choice","Elementarium","Evolution","GifTheSpireLib","Hermit","Humility","Infinite Spire","Jorbs\u0027s Wanderer Trilogy","Marked Mod","Minty Spire (QoL Compilation)","Potionbrewer","Reliquary","Replay The Spire","Robot Space Explorer","Shade Mod","Spicy Shops","StS++","StSLib","Stuff the Spire","The Blue Laboratory","The Caster","The Cursed","The Dragon Tamer","The Hierophant","The Judge","The Jungle","TheSurvivalist","Wandering Minibosses"],"gold_per_floor":[119,133,133,133,152,152,152],"floor_reached":6,"language":"ENG","playtime":1356,"items_purged":[],"score":45,"play_id":"c9ede30d-4c0f-4e02-9c1e-d20cb083985b","local_time":"20210211182154","is_ascension_mode":true,"campfire_choices":[],"circlet_count":0,"master_deck":["WordoMod:StrikeCard","WordoMod:StrikeCard","WordoMod:StrikeCard","WordoMod:DefendCard","WordoMod:DefendCard","WordoMod:DefendCard","WordoMod:DefendCard","WordoMod:Accursed","WordoMod:IllWill","WordoMod:Parry","Sickly","WordoMod:BreakChains"],"relics":["WordoMod:Obsidian","WordoMod:Effigy","EVO:Axolotl","reliquary:RoseTintedGlasses","Centennial Puzzle","Blood Vial","Oddly Smooth Stone"],"acts_visited":["Exordium"],"potions_floor_usage":[],"damage_taken":[{"damage":0,"enemies":"2 Louse","floor":1,"turns":2},{"damage":7,"enemies":"Jaw Worm","floor":2,"turns":4},{"damage":1,"enemies":"Cultist","floor":5,"turns":5},{"damage":15,"enemies":"Lagavulin","floor":6,"turns":6}],"seed_played":"4159707607977538770","potions_obtained":[{"floor":2,"key":"Strength Potion"}],"is_trial":false,"path_per_floor":["M","M","?","?","M","E"],"character_chosen":"JUDGE_CLASS","items_purchased":[],"campfire_rested":0,"item_purchase_floors":[],"current_hp_per_floor":[75,68,68,10,11,0,0],"gold":152,"neow_bonus":"RANDOM_COMMON_RELIC","is_daily":false,"chose_seed":false,"campfire_upgraded":0,"win_rate":0.0,"timestamp":1613029914,"path_taken":["M","M","?","?","?","E"],"items_purchased_type":[],"build_version":"2020-12-22","purchased_purges":0,"victory":false,"max_hp_per_floor":[75,75,75,75,75,75,75],"card_choices":[{"not_picked":["WordoMod:HoldTheFort","WordoMod:AfflictedWeapon","WordoMod:ShackleGuard"],"picked":"SKIP","floor":1},{"not_picked":["WordoMod:ICurseThee","WordoMod:LanternFlame"],"picked":"WordoMod:Parry","floor":2},{"not_picked":["Parasite","Languid"],"picked":"Sickly","floor":5},{"not_picked":["WordoMod:InfectiousCulture","WordoMod:CurseBuckler"],"picked":"WordoMod:BreakChains","floor":5}],"player_experience":1806834,"relics_obtained":[],"event_choices":[{"damage_healed":0,"gold_gain":0,"player_choice":"RE RE RE ","damage_taken":64,"relics_obtained":["Centennial Puzzle","Blood Vial","Oddly Smooth Stone"],"max_hp_gain":0,"max_hp_loss":0,"event_name":"betterSkull:BetterSkull","floor":4,"gold_loss":0,"cards_upgraded":[]}],"is_beta":false,"boss_relics":[],"items_purged_floors":[],"is_endless":false,"potions_floor_spawned":[2],"killed_by":"Lagavulin","ascension_level":5,"is_humility":true}}