{"host":"8is2j71l4wmybkoi","time":1613053525,"event":{"mods":["AchievementEnabler","BaseMod","Colored Map","Minty Spire (QoL Compilation)","Rare Cards Sparkle","StSLib","SuperFastMode"],"gold_per_floor":[115,115,190,190,206,239,239,249,249,284,296,310,310,33,33,107,107,119,34,34,50,61,61,94,94,94,111,111,33,60,78,78,155,155,171,171,181,181,181,213,213,213,213,240,258,258,275,304,304,304,304,304,304,2,30,30],"floor_reached":57,"language":"KOR","playtime":1968,"items_purged":["Strike_R"],"score":2976,"play_id":"2b7f2eb3-3343-4f3f-9260-161cd5fef908","local_time":"20210211232525","is_ascension_mode":true,"campfire_choices":[{"data":"Wild Strike","floor":7.0,"key":"SMITH"},{"data":"Uppercut","floor":13.0,"key":"SMITH"},{"data":"Infernal Blade","floor":15.0,"key":"SMITH"},{"floor":23.0,"key":"RECALL"},{"floor":28.0,"key":"REST"},{"floor":32.0,"key":"REST"},{"floor":41,"key":"REST"},{"floor":46,"key":"REST"},{"floor":49,"key":"REST"},{"floor":53,"key":"REST"}],"circlet_count":0,"master_deck":["AscendersBane","Strike_R","Strike_R+1","Strike_R","Defend_R","Defend_R","Defend_R+1","Defend_R","Bash","Wild Strike+1","Impervious","Infernal Blade+1","Spot Weakness","Power Through","Uppercut+1","Necronomicurse","Armaments+1","Flame Barrier","Feel No Pain","Battle Trance","Dark Embrace","Second Wind","Entrench","Corruption","Body Slam+1","Bloodletting+1","Evolve+1","Heavy Blade+1","Entrench","Havoc+1","Barricade","Shrug It Off","Pommel Strike+1"],"relics":["Burning Blood","NeowsBlessing","White Beast Statue","Dream Catcher","Art of War","Paper Frog","Fusion Hammer","Letter Opener","Necronomicon","Pen Nib","Mummified Hand","SlaversCollar","Matryoshka","Orichalcum","Bottled Lightning","Oddly Smooth Stone","InkBottle","Blood Vial","Kunai","OrangePellets","Bag of Preparation"],"acts_visited":["Exordium","TheCity","TheBeyond","TheEnding"],"potions_floor_usage":[40,44,45,48,55,56,56],"damage_taken":[{"damage":0.0,"enemies":"Small Slimes","floor":1.0,"turns":1.0},{"damage":0.0,"enemies":"Jaw Worm","floor":5.0,"turns":1.0},{"damage":0.0,"enemies":"3 Sentries","floor":6.0,"turns":1.0},{"damage":0.0,"enemies":"2 Louse","floor":8.0,"turns":3.0},{"damage":6.0,"enemies":"Gremlin Nob","floor":10.0,"turns":4.0},{"damage":8.0,"enemies":"Blue Slaver","floor":11.0,"turns":3.0},{"damage":1.0,"enemies":"Looter","floor":12.0,"turns":4.0},{"damage":22.0,"enemies":"The Guardian","floor":16.0,"turns":12.0},{"damage":0.0,"enemies":"Chosen","floor":18.0,"turns":3.0},{"damage":1.0,"enemies":"2 Thieves","floor":21.0,"turns":2.0},{"damage":6.0,"enemies":"Centurion and Healer","floor":22.0,"turns":4.0},{"damage":15.0,"enemies":"Slavers","floor":24.0,"turns":5.0},{"damage":20.0,"enemies":"Snake Plant","floor":27.0,"turns":3.0},{"damage":18.0,"enemies":"Book of Stabbing","floor":30.0,"turns":4.0},{"damage":6.0,"enemies":"3 Cultists","floor":31.0,"turns":4.0},{"damage":55.0,"enemies":"Automaton","floor":33.0,"turns":11.0},{"damage":22.0,"enemies":"3 Darklings","floor":35.0,"turns":6.0},{"damage":6.0,"enemies":"Orb Walker","floor":37.0,"turns":3.0},{"damage":27,"enemies":"Reptomancer","floor":40,"turns":6},{"damage":3,"enemies":"Nemesis","floor":44,"turns":3},{"damage":9,"enemies":"Jaw Worm Horde","floor":45,"turns":5},{"damage":0,"enemies":"Maw","floor":47,"turns":4},{"damage":3,"enemies":"Reptomancer","floor":48,"turns":3},{"damage":30,"enemies":"Awakened One","floor":50,"turns":7},{"damage":11,"enemies":"Donu and Deca","floor":51,"turns":7},{"damage":74,"enemies":"Shield and Spear","floor":55,"turns":5},{"damage":8,"enemies":"The Heart","floor":56,"turns":5}],"seed_played":"756394935572288407","potions_obtained":[{"floor":1.0,"key":"GamblersBrew"},{"floor":8.0,"key":"DuplicationPotion"},{"floor":10.0,"key":"Swift Potion"},{"floor":11.0,"key":"BloodPotion"},{"floor":12.0,"key":"FearPotion"},{"floor":18.0,"key":"Explosive Potion"},{"floor":21.0,"key":"SneckoOil"},{"floor":22.0,"key":"SpeedPotion"},{"floor":24.0,"key":"EssenceOfSteel"},{"floor":27.0,"key":"DistilledChaos"},{"floor":30.0,"key":"FearPotion"},{"floor":35.0,"key":"PowerPotion"},{"floor":37.0,"key":"Energy Potion"},{"floor":40,"key":"DistilledChaos"},{"floor":44,"key":"DistilledChaos"},{"floor":45,"key":"Block Potion"},{"floor":48,"key":"Strength Potion"},{"floor":55,"key":"GamblersBrew"}],"is_trial":false,"path_per_floor":["M","?","?","?","M","E","R","M","T","E","M","M","R","$","R","B",null,"M","?","?","M","M","R","E","?","T","M","R","$","E","M","R","B",null,"M","?","M","?","?","E","R","T","T","E","M","R","M","E","R","B","B",null,"R","$","E","B",null],"character_chosen":"IRONCLAD","items_purchased":["Paper Frog","Dark Embrace","OrangePellets","Shrug It Off"],"campfire_rested":6,"item_purchase_floors":[14,29,54,54],"current_hp_per_floor":[74,51,40,40,46,52,52,58,58,58,56,75,75,75,75,59,71,75,75,54,59,59,59,50,50,50,36,58,58,46,46,68,19,61,45,45,45,45,45,24,46,46,46,49,48,70,75,75,75,51,48,68,75,75,7,7],"gold":30,"neow_bonus":"THREE_ENEMY_KILL","is_daily":false,"chose_seed":false,"campfire_upgraded":3,"win_rate":0.0,"timestamp":1613053525,"path_taken":["M","?","?","?","M","E","R","M","T","E","M","M","R","?","R","BOSS","M","?","?","M","M","R","E","?","T","M","R","?","E","M","R","BOSS","M","?","M","?","?","E","R","?","T","E","M","R","?","E","R","BOSS","BOSS","R","$","E","BOSS"],"items_purchased_type":["Relic","Card","Relic","Card"],"build_version":"2020-12-22","purchased_purges":1,"victory":true,"max_hp_per_floor":[75,75,75,75,75,75,75,75,75,75,75,75,75,75,75,75,75,75,75,75,75,75,75,75,75,75,75,75,75,75,75,75,75,75,75,75,75,75,75,75,75,75,75,75,75,75,75,75,75,75,75,75,75,75,75,75],"card_choices":[{"not_picked":["True Grit","Clash"],"picked":"Wild Strike","floor":1.0},{"not_picked":["Clothesline","Havoc","Warcry"],"picked":"SKIP","floor":5.0},{"not_picked":["Flex","Warcry"],"picked":"Impervious","floor":6.0},{"not_picked":["Heavy Blade","Sword Boomerang"],"picked":"Infernal Blade","floor":8.0},{"not_picked":["Corruption","Clothesline"],"picked":"Spot Weakness","floor":10.0},{"not_picked":["Headbutt","Burning Pact"],"picked":"Power Through","floor":11.0},{"not_picked":["Bloodletting","Sword Boomerang"],"picked":"Uppercut","floor":12.0},{"not_picked":["Feed","Berserk"],"picked":"Offering","floor":16.0},{"not_picked":["Iron Wave","Havoc","Sever Soul"],"picked":"SKIP","floor":18.0},{"not_picked":["Intimidate+1","Uppercut"],"picked":"Armaments+1","floor":21.0},{"not_picked":["Warcry","Clothesline"],"picked":"Flame Barrier","floor":24.0},{"not_picked":["Infernal Blade","Iron Wave"],"picked":"Battle Trance","floor":27.0},{"not_picked":["Thunderclap","Searing Blow"],"picked":"Second Wind","floor":30.0},{"not_picked":["Heavy Blade","True Grit","Clash"],"picked":"SKIP","floor":31.0},{"not_picked":["Dual Wield","Armaments+1"],"picked":"Entrench","floor":32.0},{"not_picked":["Bludgeon","Demon Form"],"picked":"Corruption","floor":33.0},{"not_picked":["Wild Strike+1","Sword Boomerang","Warcry"],"picked":"SKIP","floor":35.0},{"not_picked":["Blood for Blood","Berserk"],"picked":"Body Slam+1","floor":37.0},{"not_picked":["Anger+1","Battle Trance+1"],"picked":"Bloodletting+1","floor":40},{"not_picked":["Combust","Warcry"],"picked":"Evolve+1","floor":41},{"not_picked":["Cleave","Clash"],"picked":"Heavy Blade+1","floor":44},{"not_picked":["Sword Boomerang","Rampage"],"picked":"Entrench","floor":45},{"not_picked":["Pommel Strike","True Grit+1"],"picked":"Havoc+1","floor":46},{"not_picked":["Armaments","Iron Wave","Pommel Strike"],"picked":"SKIP","floor":47},{"not_picked":["Spot Weakness","Double Tap"],"picked":"Barricade","floor":48},{"not_picked":["Wild Strike","Rupture+1"],"picked":"Pommel Strike+1","floor":55}],"player_experience":1147509,"relics_obtained":[{"floor":6.0,"key":"White Beast Statue"},{"floor":9.0,"key":"Dream Catcher"},{"floor":10.0,"key":"Art of War"},{"floor":20.0,"key":"Necronomicon"},{"floor":24.0,"key":"Pen Nib"},{"floor":30.0,"key":"Mummified Hand"},{"floor":40,"key":"Matryoshka"},{"floor":42,"key":"Orichalcum"},{"floor":42,"key":"Bottled Lightning"},{"floor":43,"key":"Oddly Smooth Stone"},{"floor":43,"key":"InkBottle"},{"floor":44,"key":"Blood Vial"},{"floor":48,"key":"Kunai"},{"floor":55,"key":"Bag of Preparation"}],"event_choices":[{"damage_healed":0.0,"max_hp_gain":0.0,"max_hp_loss":0.0,"gold_gain":0.0,"event_name":"Shining Light","player_choice":"Entered Light","floor":2.0,"gold_loss":0.0,"damage_taken":23.0,"cards_upgraded":["Defend_R","Strike_R"]},{"damage_healed":0.0,"max_hp_gain":0.0,"max_hp_loss":0.0,"gold_gain":75.0,"event_name":"World of Goop","player_choice":"Gather Gold","floor":3.0,"gold_loss":0.0,"damage_taken":11.0},{"cards_removed":["Strike_R"],"damage_healed":0.0,"max_hp_gain":0.0,"max_hp_loss":0.0,"gold_gain":0.0,"event_name":"Living Wall","player_choice":"Forget","floor":4.0,"gold_loss":0.0,"damage_taken":0.0},{"damage_healed":0.0,"max_hp_gain":0.0,"max_hp_loss":0.0,"gold_gain":0.0,"event_name":"Addict","player_choice":"Obtained Relic","floor":19.0,"gold_loss":85.0,"damage_taken":0.0,"relics_obtained":["Letter Opener"]},{"damage_healed":0.0,"max_hp_gain":0.0,"max_hp_loss":0.0,"gold_gain":0.0,"event_name":"Cursed Tome","player_choice":"Obtained Book","floor":20.0,"gold_loss":0.0,"damage_taken":21.0},{"damage_healed":0.0,"max_hp_gain":0.0,"max_hp_loss":0.0,"gold_gain":0.0,"event_name":"The Library","player_choice":"Read","floor":25.0,"gold_loss":0.0,"damage_taken":0.0,"cards_obtained":["Feel No Pain"]},{"damage_healed":0.0,"max_hp_gain":0.0,"max_hp_loss":0.0,"gold_gain":0.0,"event_name":"Tomb of Lord Red Mask","player_choice":"Ignored","floor":36.0,"gold_loss":0.0,"damage_taken":0.0},{"damage_healed":0,"gold_gain":0,"player_choice":"Ignored","damage_taken":0,"max_hp_gain":0,"max_hp_loss":0,"event_name":"Mysterious Sphere","floor":38,"gold_loss":0},{"cards_removed":["Offering"],"damage_healed":0,"gold_gain":0,"player_choice":"Removed Skill","damage_taken":0,"max_hp_gain":0,"max_hp_loss":0,"event_name":"Falling","floor":39,"gold_loss":0}],"is_beta":false,"boss_relics":[{"not_picked":["Velvet Choker","Black Blood"],"picked":"Fusion Hammer"},{"not_picked":["Busted Crown","Coffee Dripper"],"picked":"SlaversCollar"}],"items_purged_floors":[54],"is_endless":false,"potions_floor_spawned":[1,8,10,11,12,16,18,21,22,24,27,30,31,33,35,37,40,44,45,47,48,55],"ascension_level":20}}