{"host":"v98566chcnixoavo","time":1613026531,"event":{"mods":["100% Spire Juice","Act Like it!","Arknights","BaseMod","Decade(王小明)","DeckTracker","FGO Abigail","Friendly Minions","Highlight Path","Kiyohime（清姬）","Luminous","Marisa（F雨　魔理沙）","Minty Spire (QoL Compilation)","Prisma Mod","Railgun Mod","Reimu（博丽灵梦）","StSLib","Td1madao Mod","The Alterego","UnlockEverythingMod","WarShipGirlsR/战舰少女R mod","Yakumo Yukari mod","Youmu（魂魄妖梦）","【功能Mod】Neow奖励","【功能Mod】混沌之环修复补丁","【功能Mod】聪明的最终Boss"],"gold_per_floor":[118,118,132,132,151,181,191,191,191,209,209,221,232,247,247,247,247],"floor_reached":16,"language":"ZHS","playtime":695,"items_purged":[],"score":111,"play_id":"d0226d25-9481-4580-aaed-09e53b687b3c","local_time":"20210211145531","is_ascension_mode":true,"campfire_choices":[{"data":"ats:Emotion Absorption","floor":8,"key":"SMITH"},{"data":"ats:Apocalypse","floor":11,"key":"SMITH"},{"data":"ats:Serious Mode","floor":15,"key":"SMITH"}],"circlet_count":0,"master_deck":["ats:Strike C","ats:Strike G","ats:Strike S","ats:Strike V","ats:Armor Crushing Shot","ats:Defend","ats:Defend","ats:Defend","ats:Defend","ats:Emotion Absorption+1","Impatience","ats:Apocalypse+1","ats:Poison Spread","ats:Directed Diagnosis","ats:Shell Defense","ats:Chain Hook","ats:Poison Spread","ats:Demon Strength","ats:Serious Mode+1","ats:Consecutive Shot Auto"],"relics":["ats:Sanity","ats:Originium","ats:Ability Aura"],"acts_visited":["Exordium"],"potions_floor_usage":[6,10,16,16],"damage_taken":[{"damage":5,"enemies":"Cultist","floor":1,"turns":4},{"damage":1,"enemies":"2 Louse","floor":3,"turns":3},{"damage":10,"enemies":"Small Slimes","floor":5,"turns":4},{"damage":54,"enemies":"Lagavulin","floor":6,"turns":9},{"damage":19,"enemies":"3 Louse","floor":7,"turns":5},{"damage":10,"enemies":"Looter","floor":10,"turns":2},{"damage":4,"enemies":"Exordium Wildlife","floor":12,"turns":4},{"damage":2,"enemies":"2 Fungi Beasts","floor":13,"turns":3},{"damage":6,"enemies":"Exordium Thugs","floor":14,"turns":3},{"damage":34,"enemies":"The Guardian","floor":16,"turns":6}],"seed_played":"977331142336533781","potions_obtained":[{"floor":3,"key":"Weak Potion"},{"floor":5,"key":"PanachePotion"},{"floor":6,"key":"ats:Burn Big Potion"},{"floor":13,"key":"EssenceOfSteel"}],"is_trial":false,"path_per_floor":["M","?","M","?","M","E","M","R","T","M","R","M","M","M","R","B"],"character_chosen":"DOCTOR_CLASS","items_purchased":[],"campfire_rested":0,"item_purchase_floors":[],"current_hp_per_floor":[67,67,72,72,62,25,19,19,19,13,13,18,27,21,21,0,0],"gold":247,"neow_bonus":"RANDOM_COLORLESS","is_daily":false,"chose_seed":false,"campfire_upgraded":3,"win_rate":0.0,"timestamp":1613026531,"path_taken":["M","?","M","?","M","E","?","R","T","M","R","M","M","M","R","BOSS"],"items_purchased_type":[],"build_version":"2020-12-22","purchased_purges":0,"victory":false,"max_hp_per_floor":[72,72,72,72,72,72,72,72,72,72,72,72,72,72,72,72,72],"card_choices":[{"not_picked":["Dark Shackles","Panacea"],"picked":"Impatience","floor":0},{"not_picked":["ats:Explosion Area Strengthen","ats:Guard Mode"],"picked":"ats:Apocalypse","floor":1},{"not_picked":["ats:Rapid Magazine","ats:Red Shift"],"picked":"ats:Poison Spread","floor":3},{"not_picked":["ats:Revitalization","ats:Shell Defense"],"picked":"ats:Directed Diagnosis","floor":5},{"not_picked":["ats:Leaping Hammer","ats:Flexible Camouflage"],"picked":"ats:Shell Defense","floor":6},{"not_picked":["ats:Burning Ground","ats:Leaping Hammer"],"picked":"ats:Chain Hook","floor":7},{"not_picked":["ats:Hammer On","ats:Curse Doll"],"picked":"ats:Poison Spread","floor":10},{"not_picked":["ats:Explosion Area Strengthen","ats:Burning Ground"],"picked":"ats:Demon Strength","floor":12},{"not_picked":["ats:Steam Pump","ats:Disruption Kick"],"picked":"ats:Serious Mode","floor":13},{"not_picked":["ats:Ignite","ats:Guard Mode"],"picked":"ats:Consecutive Shot Auto","floor":14}],"player_experience":215822,"relics_obtained":[{"floor":6,"key":"ats:Originium"},{"floor":6,"key":"ats:Ability Aura"}],"event_choices":[{"damage_healed":0,"gold_gain":0,"player_choice":"Bought 0 Potions","damage_taken":0,"max_hp_gain":0,"max_hp_loss":0,"event_name":"The Woman in Blue","floor":4,"gold_loss":0}],"is_beta":false,"boss_relics":[],"items_purged_floors":[],"is_endless":false,"potions_floor_spawned":[3,5,6,13],"killed_by":"The Guardian","ascension_level":1}}