{"host":"3y9j540ftq0by6cq","time":1613052078,"event":{"mods":["BaseMod","Minty Spire (QoL Compilation)","StSLib"],"gold_per_floor":[114,132,12,28,44,77,77,94,94,122,122,297,316,326,326,424,424,412,427,37,54,74,74,74],"floor_reached":23,"language":"ZHT","playtime":856,"items_purged":[],"score":207,"play_id":"a935a29a-af7e-4b61-9ef7-efe0c562d201","local_time":"20210211220118","is_ascension_mode":false,"campfire_choices":[{"data":"Inflame","floor":7,"key":"SMITH"},{"floor":11,"key":"REST"},{"floor":15,"key":"REST"}],"circlet_count":0,"master_deck":["Strike_R","Strike_R","Strike_R","Strike_R","Strike_R","Defend_R","Defend_R","Defend_R","Defend_R","Bash","Pommel Strike","Armaments","Inflame+1","Flex","Anger","Pommel Strike","Barricade","Infernal Blade","Dual Wield","Doubt","Inflame","Infernal Blade","Limit Break","Anger+1","Inflame","Enlightenment","Heavy Blade","Battle Trance"],"relics":["Burning Blood","NeowsBlessing","Smiling Mask","Regal Pillow","Oddly Smooth Stone","Runic Pyramid","HandDrill","Strawberry"],"acts_visited":["Exordium","TheCity"],"potions_floor_usage":[6,6,16,22],"damage_taken":[{"damage":0,"enemies":"2 Louse","floor":1,"turns":1},{"damage":0,"enemies":"Small Slimes","floor":2,"turns":1},{"damage":0,"enemies":"Jaw Worm","floor":4,"turns":1},{"damage":14,"enemies":"Blue Slaver","floor":5,"turns":3},{"damage":21,"enemies":"Lagavulin","floor":6,"turns":5},{"damage":21,"enemies":"Exordium Wildlife","floor":8,"turns":5},{"damage":24,"enemies":"Gremlin Nob","floor":10,"turns":4},{"damage":44,"enemies":"Large Slime","floor":13,"turns":7},{"damage":14,"enemies":"Looter","floor":14,"turns":3},{"damage":55,"enemies":"Slime Boss","floor":16,"turns":9},{"damage":30,"enemies":"2 Thieves","floor":18,"turns":4},{"damage":10,"enemies":"Shell Parasite","floor":19,"turns":4},{"damage":20,"enemies":"Snecko","floor":21,"turns":4},{"damage":41,"enemies":"Shelled Parasite and Fungi","floor":22,"turns":4},{"damage":12,"enemies":"Book of Stabbing","floor":23,"turns":1}],"seed_played":"-5902485173396553579","potions_obtained":[{"floor":2,"key":"Explosive Potion"},{"floor":5,"key":"SkillPotion"},{"floor":13,"key":"Fire Potion"},{"floor":16,"key":"SpeedPotion"},{"floor":18,"key":"Strength Potion"},{"floor":21,"key":"Energy Potion"}],"is_trial":false,"path_per_floor":["M","M","$","M","M","E","R","M","T","E","R","?","M","M","R","B",null,"M","M","$","M","M","E"],"character_chosen":"IRONCLAD","items_purchased":["Inflame","Flex","Enlightenment","HandDrill","Strawberry"],"campfire_rested":2,"item_purchase_floors":[3,3,20,20,20],"current_hp_per_floor":[80,80,80,80,72,57,57,42,42,24,63,63,25,17,56,7,80,56,52,59,45,10,0,0],"gold":74,"neow_bonus":"THREE_ENEMY_KILL","is_daily":false,"chose_seed":false,"campfire_upgraded":1,"win_rate":0.0,"timestamp":1613052078,"path_taken":["M","M","$","M","M","E","R","M","T","E","R","?","M","M","R","BOSS","M","M","$","M","M","E"],"items_purchased_type":["Card","Card","Card","Relic","Relic"],"build_version":"2020-12-22","purchased_purges":0,"victory":false,"max_hp_per_floor":[80,80,80,80,80,80,80,80,80,80,80,80,80,80,80,80,80,80,80,87,87,87,87,87],"card_choices":[{"not_picked":["Warcry","Headbutt"],"picked":"Pommel Strike","floor":1},{"not_picked":["Sword Boomerang","Body Slam"],"picked":"Armaments","floor":2},{"not_picked":["Body Slam","Armaments"],"picked":"Anger","floor":4},{"not_picked":["Wild Strike","Bloodletting"],"picked":"Pommel Strike","floor":5},{"not_picked":["Evolve","Burning Pact"],"picked":"Barricade","floor":6},{"not_picked":["True Grit","Battle Trance"],"picked":"Infernal Blade","floor":8},{"not_picked":["Rupture","Warcry"],"picked":"Dual Wield","floor":10},{"not_picked":["Iron Wave","Rampage"],"picked":"Inflame","floor":13},{"not_picked":["Flex","Cleave"],"picked":"Infernal Blade","floor":14},{"not_picked":["Berserk","Feed"],"picked":"Limit Break","floor":16},{"not_picked":["Carnage","Reckless Charge"],"picked":"Anger+1","floor":18},{"not_picked":["Wild Strike+1","Anger+1"],"picked":"Inflame","floor":19},{"not_picked":["Headbutt","Entrench+1"],"picked":"Heavy Blade","floor":21},{"not_picked":["Searing Blow","Clothesline"],"picked":"Battle Trance","floor":22}],"player_experience":70864,"relics_obtained":[{"floor":6,"key":"Smiling Mask"},{"floor":9,"key":"Regal Pillow"},{"floor":10,"key":"Oddly Smooth Stone"}],"event_choices":[{"damage_healed":0,"gold_gain":175,"player_choice":"AGREE","damage_taken":0,"max_hp_gain":0,"max_hp_loss":0,"event_name":"Liars Game","floor":12,"gold_loss":0,"cards_obtained":["Doubt"]}],"is_beta":false,"boss_relics":[{"not_picked":["Empty Cage","Runic Cube"],"picked":"Runic Pyramid"}],"items_purged_floors":[],"is_endless":false,"potions_floor_spawned":[2,5,13,16,18,21],"killed_by":"Book of Stabbing","ascension_level":0}}