{"host":"k6d6vy172g6ium25","time":1613068206,"event":{"mods":["Act Like it!","BaseMod","Bossed Relics","Custom Start","Downfall","Friendly Minions","Kiyohime????","Marisa????????","Minty Spire (QoL Compilation)","Prisma Mod","Rare Cards Sparkle","Relic Filter","StSLib","The Alterego","Transform Curses","Waifu the Spire","Wide Potions","Yakumo Yukari mod","Yohane!"],"gold_per_floor":[116,127,277,277,290,303,349,678,689,233,74,84,84,112,112,211,211,227,238,143,159,144,144,144,163,178,195,205,205,235,252,252,354,354,367,367,384,398,410,444,444,444,444,244,261,261,279,184,84,84,84,110,38,38,38,38,38,38],"floor_reached":56,"language":"ENG","playtime":7758,"items_purged":["downfall:Malfunctioning","champ:BerserkersShout"],"score":1015,"play_id":"826a8dab-ecf5-468e-8135-cbba56f758cb","local_time":"20210211193006","is_ascension_mode":false,"campfire_choices":[{"floor":13,"key":"REST"},{"data":"champ:Duel","floor":15,"key":"SMITH"},{"floor":32,"key":"REST"},{"floor":44,"key":"REST"},{"floor":46,"key":"RECALL"},{"floor":49,"key":"REST"},{"floor":54,"key":"REST"}],"circlet_count":0,"master_deck":["champ:Strike","champ:Strike+1","champ:Strike+1","champ:Strike","champ:Defend","champ:Defend","champ:Defend","champ:Defend","champ:Execute","champ:Taunt","champ:DefensiveShout+1","champ:SetATrap","champ:FocusedDefense","champ:CheapShot","champ:Duel+1","champ:VampiricStrike","champ:Circumvent","champ:PreciseThrust","champ:StanceDance","champ:EnGarde","champ:LastStand","champ:TornadoPunch+1","champ:GutPunch+1","champ:RisingSlash","champ:Parry","champ:Duel","champ:Circumvent","champ:Improvising","champ:FalseCounter+1","champ:Lariat","champ:MurderStrike","champ:IronFortress+1","champ:AdrenalArmor","champ:Duel","champ:ShieldSlam+1","champ:ArenaPreparation","expansioncontent:Chronoboost","champ:Parry+1","champ:UltimateStance","champ:ShieldWall"],"relics":["champ:ChampionCrown","Old Coin","SacredBark","TungstenRod","Ginger","SlaversCollar","WarpedTongs","Ornamental Fan","Nilry\u0027s Codex","Bronze Scales","Velvet Choker","champ:FightingForDummies","Gambling Chip","Blue Candle","downfall:HeartBlessingGreen","downfall:HeartBlessingBlue","StoneCalendar","downfall:HeartBlessingRed","Bottled Flame"],"acts_visited":["Exordium","TheCity","TheBeyond","TheEnding"],"potions_floor_usage":[8,16,27,30,30,33,33,48,50,56],"damage_taken":[{"damage":12,"enemies":"2 Louse","floor":1,"turns":4},{"damage":10,"enemies":"Jaw Worm","floor":2,"turns":2},{"damage":7,"enemies":"Cultist","floor":5,"turns":4},{"damage":13,"enemies":"Lots of Slimes","floor":6,"turns":4},{"damage":62,"enemies":"Lagavulin","floor":8,"turns":10},{"damage":42,"enemies":"Blue Slaver","floor":9,"turns":4},{"damage":30,"enemies":"downfall:FleeingMerchant","floor":10,"turns":5},{"damage":15,"enemies":"downfall:FleeingMerchant","floor":11,"turns":5},{"damage":25,"enemies":"2 Fungi Beasts","floor":12,"turns":3},{"damage":15,"enemies":"Gremlin Nob","floor":14,"turns":5},{"damage":50,"enemies":"IC_STATUS_ARCHETYPE","floor":16,"turns":10},{"damage":14,"enemies":"Shell Parasite","floor":18,"turns":7},{"damage":0,"enemies":"3 Byrds","floor":19,"turns":6},{"damage":19,"enemies":"downfall:FleeingMerchant","floor":20,"turns":5},{"damage":44,"enemies":"Snake Plant","floor":21,"turns":5},{"damage":13,"enemies":"downfall:FleeingMerchant","floor":22,"turns":5},{"damage":11,"enemies":"Snecko","floor":25,"turns":5},{"damage":59,"enemies":"Sentry and Sphere","floor":26,"turns":7},{"damage":16,"enemies":"Cultist and Chosen","floor":27,"turns":6},{"damage":13,"enemies":"Centurion and Healer","floor":28,"turns":6},{"damage":33,"enemies":"Gremlin Leader","floor":30,"turns":6},{"damage":35,"enemies":"Shelled Parasite and Fungi","floor":31,"turns":6},{"damage":10,"enemies":"SI_MIRROR_ARCHETYPE","floor":33,"turns":8},{"damage":35,"enemies":"3 Shapes","floor":35,"turns":8},{"damage":59,"enemies":"3 Darklings","floor":37,"turns":9},{"damage":5,"enemies":"Transient","floor":38,"turns":5},{"damage":22,"enemies":"Jaw Worm Horde","floor":39,"turns":5},{"damage":41,"enemies":"Reptomancer","floor":40,"turns":8},{"damage":20,"enemies":"Maw","floor":45,"turns":7},{"damage":4,"enemies":"Spire Growth","floor":47,"turns":4},{"damage":0,"enemies":"downfall:FleeingMerchant","floor":48,"turns":1},{"damage":48,"enemies":"DF_ARCHETYPE_ORBS","floor":50,"turns":10},{"damage":67,"enemies":"downfall:CharBossMerchant","floor":52,"turns":7},{"damage":79,"enemies":"downfall:NeowBoss","floor":55,"turns":25},{"damage":20,"enemies":"downfall:NeowBossFinal","floor":56,"turns":8}],"seed_played":"-3909961137039148246","potions_obtained":[{"floor":5,"key":"Swift Potion"},{"floor":9,"key":"Swift Potion"},{"floor":12,"key":"ColorlessPotion"},{"floor":14,"key":"EssenceOfSteel"},{"floor":25,"key":"AttackPotion"},{"floor":27,"key":"Fire Potion"},{"floor":28,"key":"hexamod:SoulburnPotion"},{"floor":30,"key":"Guardian:BlockOnCardUsePotion"},{"floor":39,"key":"AttackPotion"},{"floor":45,"key":"Fire Potion"}],"is_trial":false,"path_per_floor":["M","M","?","?","M","M","T","E","M","$","$","M","R","E","R","B",null,"M","M","$","M","$","?","T","M","M","M","M","?","E","M","R","B",null,"M","?","M","M","M","E","T","?","?","R","M","R","M","$","R","B",null,"E","$","R","B","B"],"character_chosen":"THE_CHAMP","items_purchased":["champ:Circumvent","champ:PreciseThrust","SacredBark","TungstenRod","champ:Parry","EssenceOfSteel","StoneCalendar","champ:ShieldWall","DuplicationPotion"],"campfire_rested":5,"item_purchase_floors":[10,10,10,11,20,48,48,48,53],"current_hp_per_floor":[97,97,97,97,90,87,87,60,48,43,43,38,67,62,62,42,99,99,99,94,70,67,67,67,61,42,36,38,23,30,15,44,34,99,84,77,68,63,46,20,20,20,16,58,63,63,64,64,96,58,109,67,67,99,20,0,0,0],"gold":38,"neow_bonus":"TEN_PERCENT_HP_BONUS","is_daily":false,"chose_seed":false,"campfire_upgraded":1,"win_rate":0.0,"timestamp":1613068206,"path_taken":["M","M","?","?","M","M","T","E","M","?","$","?","R","E","R","BOSS","M","M","?","M","$","?","T","M","M","M","?","?","E","M","R","BOSS","M","?","?","M","M","E","T","?","?","R","M","R","M","$","R","BOSS","E","$","R","BOSS","BOSS"],"items_purchased_type":["Card","Card","Relic","Relic","Card","Potion","Relic","Card","Potion"],"build_version":"2020-12-22","purchased_purges":2,"victory":false,"max_hp_per_floor":[99,99,99,99,99,99,99,99,99,99,99,99,99,99,99,99,99,99,99,99,99,99,99,99,99,99,99,99,99,99,99,99,99,99,99,99,99,99,99,99,99,99,99,109,109,109,109,109,109,109,109,109,109,109,109,109,109,109],"card_choices":[{"not_picked":["champ:SetATrap","champ:Haymaker"],"picked":"champ:DefensiveShout","floor":1},{"not_picked":["champ:CalledShot","champ:TornadoPunch"],"picked":"champ:SetATrap","floor":2},{"not_picked":["champ:Circumvent","champ:Backstep"],"picked":"champ:FocusedDefense","floor":5},{"not_picked":["champ:FocusedBerserking","champ:Encircle"],"picked":"champ:BerserkersShout","floor":6},{"not_picked":["champ:PreciseThrust","champ:PerfectedStrike"],"picked":"champ:CheapShot","floor":8},{"not_picked":["champ:EndlessRage","champ:Shatter"],"picked":"champ:Duel","floor":9},{"not_picked":["champ:DefensiveShout","champ:SetATrap"],"picked":"champ:VampiricStrike","floor":10},{"not_picked":["champ:BladeFlurry","champ:PreemptiveStrike"],"picked":"champ:StanceDance","floor":11},{"not_picked":["champ:StanceDance","champ:FanOfKnives"],"picked":"champ:EnGarde","floor":12},{"not_picked":["champ:ShieldThrow","champ:FaceSlap","champ:BerserkersShout"],"picked":"SKIP","floor":14},{"not_picked":["champ:IgnorePain","champ:UltimateStance"],"picked":"champ:LastStand","floor":16},{"not_picked":["champ:DefensiveShout+1","champ:Haymaker"],"picked":"champ:TornadoPunch+1","floor":18},{"not_picked":["champ:BerserkersShout","champ:PreciseThrust"],"picked":"champ:GutPunch+1","floor":19},{"not_picked":["champ:EnragedBash","champ:FocusedBerserking"],"picked":"champ:RisingSlash","floor":20},{"not_picked":["champ:BladeFlurry","champ:RapidStrikes","champ:Backstep"],"picked":"SKIP","floor":21},{"not_picked":["champ:EnragedBash","champ:FanOfKnives"],"picked":"champ:Duel","floor":22},{"not_picked":["champ:FaceSlap","champ:GutPunch+1"],"picked":"champ:Circumvent","floor":25},{"not_picked":["champ:Haymaker","champ:BerserkersShout"],"picked":"champ:Improvising","floor":26},{"not_picked":["champ:RecklessLeap","champ:Circumvent","champ:EnragedBash"],"picked":"SKIP","floor":27},{"not_picked":["champ:CrownThrow+1","champ:StrikeOfGenius"],"picked":"champ:FalseCounter+1","floor":28},{"not_picked":["champ:BerserkersShout+1","champ:HeavySlash","champ:FocusedBerserking+1"],"picked":"SKIP","floor":30},{"not_picked":["champ:Haymaker","champ:GutPunch"],"picked":"champ:Lariat","floor":31},{"not_picked":["champ:StrikeOfGenius","champ:Devastate"],"picked":"champ:MurderStrike","floor":33},{"not_picked":["champ:BladeFlurry","champ:DeathBlow"],"picked":"champ:IronFortress+1","floor":35},{"not_picked":["champ:FocusedBerserking","champ:PreciseThrust","champ:Shatter+1"],"picked":"SKIP","floor":37},{"not_picked":["champ:HeartStrike","champ:BringItOn"],"picked":"champ:ShieldSlam+1","floor":38},{"not_picked":["champ:Haymaker+1","champ:Shatter+1"],"picked":"champ:ArenaPreparation","floor":39},{"not_picked":["champ:GutPunch","champ:FanOfKnives+1","champ:FlashCut"],"picked":"SKIP","floor":40},{"not_picked":["expansioncontent:HyperBeam","expansioncontent:YouAreMine"],"picked":"expansioncontent:Chronoboost","floor":42},{"not_picked":["champ:CrookedStrike+1","champ:FaceSlap","champ:CrownThrow"],"picked":"SKIP","floor":45},{"not_picked":["champ:DeathBlow+1","champ:EnGarde"],"picked":"champ:Parry+1","floor":47},{"not_picked":["champ:PreciseThrust","champ:AdrenalArmor+1"],"picked":"champ:UltimateStance","floor":48},{"not_picked":["champ:BladeFlurry+1","champ:Endure","champ:AdrenalArmor"],"picked":"SKIP","floor":52}],"player_experience":93338,"relics_obtained":[{"floor":8,"key":"Old Coin"},{"floor":14,"key":"Ginger"},{"floor":24,"key":"Ornamental Fan"},{"floor":29,"key":"Nilry\u0027s Codex"},{"floor":30,"key":"Bronze Scales"},{"floor":40,"key":"champ:FightingForDummies"},{"floor":41,"key":"Gambling Chip"},{"floor":52,"key":"Bottled Flame"}],"event_choices":[{"damage_healed":0,"gold_gain":0,"player_choice":"Rummage","damage_taken":0,"relics_obtained":["WarpedTongs"],"max_hp_gain":0,"max_hp_loss":0,"event_name":"Accursed Blacksmith","floor":23,"gold_loss":0,"cards_obtained":["Pain"]}],"is_beta":false,"boss_relics":[{"not_picked":["Cursed Key","Calling Bell"],"picked":"SlaversCollar"},{"not_picked":["Tiny House","champ:ChampionCrownUpgraded"],"picked":"Velvet Choker"}],"items_purged_floors":[10,48],"is_endless":false,"potions_floor_spawned":[5,9,12,14,25,26,27,28,30,31,39,45,47],"killed_by":"downfall:NeowBossFinal","ascension_level":0}}