{"host":"uv5ws9rdk87e8i5k","time":1613068290,"event":{"mods":["AchievementEnabler","BaseMod","Colored Map","Minty Spire (QoL Compilation)","Permanent Neow","Quick Restart","StSLib","SuperFastMode","The Necromancer"],"gold_per_floor":[118,138,148,161,175,208,208,242,269,281,293,318,344,382,394,509,521,549,581,863,886,918,930,973,91,91,124,149,176,176,203,203,306,306,318,337,356,375,63,95,111,111,158,186,206,206,428,456,456,456,456],"floor_reached":50,"language":"ENG","playtime":3194,"items_purged":["Writhe","Strike_B"],"score":873,"play_id":"f91f59ef-78ea-4e7b-9bd2-cbcc288ad2cc","local_time":"20210211123130","is_ascension_mode":true,"campfire_choices":[{"data":"Defragment","floor":7.0,"key":"SMITH"},{"data":"Dualcast","floor":11.0,"key":"SMITH"},{"data":"Rainbow","floor":15.0,"key":"SMITH"},{"data":"Double Energy","floor":23.0,"key":"SMITH"},{"data":"Buffer","floor":32.0,"key":"SMITH"},{"data":"Amplify","floor":42.0,"key":"SMITH"},{"data":"Storm","floor":49,"key":"SMITH"}],"circlet_count":0,"master_deck":["Strike_B","Strike_B","Defend_B","Defend_B","Defend_B","Defend_B","Zap","Dualcast+1","Defragment+1","Cold Snap","Genetic Algorithm","Skim","Compile Driver","Self Repair","Streamline+1","Undo","Double Energy+1","Rainbow+1","Meteor Strike+1","White Noise","Conserve Battery+1","Coolheaded+1","Chaos+1","Core Surge+1","Amplify+1","Chaos+1","Coolheaded","Buffer+1","Electrodynamics","Echo Form","Coolheaded+1","Electrodynamics","Capacitor","Capacitor","Heatsinks+1","Storm+1"],"relics":["Cracked Core","Calipers","HornCleat","Molten Egg 2","MawBank","Bronze Scales","Velvet Choker","Ancient Tea Set","Mercury Hourglass","Anchor","Orrery","The Courier","Unceasing Top","Red Mask","InkBottle","Omamori","Blue Candle","Nuclear Battery","Question Card","DataDisk","Pantograph","Strawberry"],"acts_visited":["Exordium","TheCity","TheBeyond"],"potions_floor_usage":[50,50,50],"damage_taken":[{"damage":4.0,"enemies":"Jaw Worm","floor":1.0,"turns":4.0},{"damage":1.0,"enemies":"Cultist","floor":2.0,"turns":3.0},{"damage":1.0,"enemies":"2 Louse","floor":3.0,"turns":2.0},{"damage":2.0,"enemies":"Gremlin Gang","floor":4.0,"turns":3.0},{"damage":7.0,"enemies":"Blue Slaver","floor":5.0,"turns":4.0},{"damage":27.0,"enemies":"3 Sentries","floor":6.0,"turns":8.0},{"damage":9.0,"enemies":"Lagavulin","floor":8.0,"turns":7.0},{"damage":11.0,"enemies":"Exordium Wildlife","floor":12.0,"turns":5.0},{"damage":12.0,"enemies":"Lots of Slimes","floor":13.0,"turns":4.0},{"damage":0.0,"enemies":"3 Sentries","floor":14.0,"turns":5.0},{"damage":24.0,"enemies":"The Guardian","floor":16.0,"turns":8.0},{"damage":1.0,"enemies":"Spheric Guardian","floor":18.0,"turns":4.0},{"damage":0.0,"enemies":"Chosen","floor":19.0,"turns":4.0},{"damage":10.0,"enemies":"Shelled Parasite and Fungi","floor":21.0,"turns":5.0},{"damage":9.0,"enemies":"Cultist and Chosen","floor":22.0,"turns":7.0},{"damage":13.0,"enemies":"Gremlin Leader","floor":24.0,"turns":6.0},{"damage":16.0,"enemies":"Slavers","floor":27.0,"turns":4.0},{"damage":0.0,"enemies":"Masked Bandits","floor":28.0,"turns":3.0},{"damage":7.0,"enemies":"Gremlin Leader","floor":29.0,"turns":6.0},{"damage":0.0,"enemies":"Book of Stabbing","floor":31.0,"turns":5.0},{"damage":0.0,"enemies":"Collector","floor":33.0,"turns":11.0},{"damage":0.0,"enemies":"3 Shapes","floor":35.0,"turns":4.0},{"damage":0.0,"enemies":"Orb Walker","floor":36.0,"turns":4.0},{"damage":0.0,"enemies":"4 Shapes","floor":37.0,"turns":3.0},{"damage":0.0,"enemies":"3 Darklings","floor":38.0,"turns":4.0},{"damage":0.0,"enemies":"Nemesis","floor":40.0,"turns":7.0},{"damage":39.0,"enemies":"Spire Growth","floor":41.0,"turns":7.0},{"damage":0.0,"enemies":"Giant Head","floor":44.0,"turns":8.0},{"damage":0.0,"enemies":"4 Shapes","floor":45.0,"turns":4.0},{"damage":2,"enemies":"Reptomancer","floor":48,"turns":5},{"damage":102,"enemies":"Awakened One","floor":50,"turns":9}],"seed_played":"5669474137040158648","potions_obtained":[{"floor":1.0,"key":"FocusPotion"},{"floor":2.0,"key":"Explosive Potion"},{"floor":13.0,"key":"Explosive Potion"},{"floor":16.0,"key":"SkillPotion"},{"floor":18.0,"key":"SkillPotion"},{"floor":21.0,"key":"Fire Potion"},{"floor":33.0,"key":"AttackPotion"},{"floor":35.0,"key":"BlessingOfTheForge"},{"floor":37.0,"key":"Fruit Juice"},{"floor":41.0,"key":"DistilledChaos"},{"floor":45.0,"key":"PowerPotion"}],"is_trial":false,"path_per_floor":["M","M","M","M","M","E","R","E","T","?","R","M","M","E","R","B",null,"M","M","?","M","M","R","E","$","T","E","?","E","T","E","R","B",null,"M","M","M","M","$","E","M","R","T","E","M","?","?","E","R","B"],"character_chosen":"DEFECT","items_purchased":["Mercury Hourglass","Anchor","Orrery","PowerPotion","Amplify","PowerPotion","Electrodynamics","Capacitor","Capacitor"],"campfire_rested":0,"item_purchase_floors":[25,25,25,25,25,25,39,39,39],"current_hp_per_floor":[71,70,69,67,60,33,33,31,31,31,31,27,22,29,29,12,75,75,75,48,45,43,43,37,37,37,28,35,42,42,49,49,56,75,75,75,75,80,80,80,55,55,55,69,69,69,69,81,81,0,0],"gold":456,"neow_bonus":"ONE_RARE_RELIC","is_daily":false,"chose_seed":false,"campfire_upgraded":7,"win_rate":0.0,"timestamp":1613068290,"path_taken":["M","M","M","M","M","E","R","E","T","?","R","M","?","E","R","BOSS","M","M","?","?","M","R","E","$","T","E","?","E","?","E","R","BOSS","M","M","M","?","$","E","M","R","T","E","M","?","?","E","R","BOSS"],"items_purchased_type":["Relic","Relic","Relic","Potion","Card","Potion","Card","Card","Card"],"build_version":"2020-12-22","purchased_purges":2,"victory":false,"max_hp_per_floor":[75,75,75,75,75,75,75,75,75,75,75,75,75,75,75,75,75,75,75,75,75,75,75,75,75,75,75,75,75,75,75,75,75,75,75,75,75,80,80,80,80,80,80,80,80,80,80,87,87,87,87],"card_choices":[{"not_picked":["Reinforced Body","Beam Cell"],"picked":"Defragment","floor":1.0},{"not_picked":["Beam Cell","Go for the Eyes"],"picked":"Cold Snap","floor":2.0},{"not_picked":["BootSequence","Turbo"],"picked":"Genetic Algorithm","floor":3.0},{"not_picked":["Barrage","Fusion"],"picked":"Skim","floor":4.0},{"not_picked":["Fusion","Sweeping Beam"],"picked":"Compile Driver","floor":5.0},{"not_picked":["Amplify","Darkness"],"picked":"Self Repair","floor":6.0},{"not_picked":["Double Energy","Go for the Eyes+1"],"picked":"Streamline+1","floor":8.0},{"not_picked":["Go for the Eyes+1","Conserve Battery"],"picked":"Undo","floor":12.0},{"not_picked":["Skim","Rebound+1"],"picked":"Double Energy","floor":13.0},{"not_picked":["Stack","Gash+1"],"picked":"Rainbow","floor":14.0},{"not_picked":["Seek","All For One+1"],"picked":"Meteor Strike+1","floor":16.0},{"not_picked":["Conserve Battery","Double Energy"],"picked":"White Noise","floor":18.0},{"not_picked":["Steam","Gash+1","Stack"],"picked":"SKIP","floor":19.0},{"not_picked":["Leap","Redo+1"],"picked":"Conserve Battery+1","floor":21.0},{"not_picked":["Beam Cell+1","Chill","Sweeping Beam+1"],"picked":"SKIP","floor":22.0},{"not_picked":["Gash+1","Beam Cell+1"],"picked":"Coolheaded+1","floor":24.0},{"not_picked":["Tempest","Auto Shields"],"picked":"Chaos+1","floor":25.0},{"not_picked":["Compile Driver+1","Barrage+1"],"picked":"Core Surge+1","floor":25.0},{"not_picked":["Chill","Beam Cell+1"],"picked":"Chaos+1","floor":27.0},{"not_picked":["Compile Driver+1","Chaos"],"picked":"Coolheaded","floor":28.0},{"not_picked":["Leap+1","Undo"],"picked":"Buffer","floor":29.0},{"not_picked":["Hologram","Doom and Gloom+1"],"picked":"Electrodynamics","floor":31.0},{"not_picked":["Meteor Strike+1","Seek"],"picked":"Echo Form","floor":33.0},{"not_picked":["Aggregate+1","Leap","Gash+1"],"picked":"SKIP","floor":35.0},{"not_picked":["Chaos","Coolheaded+1","Doom and Gloom+1"],"picked":"SKIP","floor":36.0},{"not_picked":["Chaos","Doom and Gloom+1"],"picked":"Coolheaded+1","floor":36.0},{"not_picked":["Steam","Aggregate","Gash+1"],"picked":"SKIP","floor":37.0},{"not_picked":["Redo","Conserve Battery+1","Stack+1"],"picked":"SKIP","floor":38.0},{"not_picked":["Hyperbeam+1","Conserve Battery+1","Static Discharge+1"],"picked":"SKIP","floor":40.0},{"not_picked":["Go for the Eyes+1","Rebound+1","Chaos+1","Streamline+1"],"picked":"SKIP","floor":41.0},{"not_picked":["Conserve Battery","Streamline+1","Rebound+1"],"picked":"Heatsinks+1","floor":44.0},{"not_picked":["Beam Cell+1","Coolheaded+1","Tempest+1","Rip and Tear+1"],"picked":"SKIP","floor":45.0},{"not_picked":["Turbo+1","Stack","Ball Lightning+1"],"picked":"Storm","floor":48}],"player_experience":147603,"relics_obtained":[{"floor":6.0,"key":"HornCleat"},{"floor":8.0,"key":"Molten Egg 2"},{"floor":9.0,"key":"MawBank"},{"floor":14.0,"key":"Bronze Scales"},{"floor":24.0,"key":"Ancient Tea Set"},{"floor":26.0,"key":"The Courier"},{"floor":27.0,"key":"Unceasing Top"},{"floor":28.0,"key":"Red Mask"},{"floor":29.0,"key":"InkBottle"},{"floor":30.0,"key":"Omamori"},{"floor":31.0,"key":"Blue Candle"},{"floor":40.0,"key":"Question Card"},{"floor":43.0,"key":"DataDisk"},{"floor":44.0,"key":"Pantograph"},{"floor":48,"key":"Strawberry"}],"event_choices":[{"cards_removed":["Strike_B"],"damage_healed":0.0,"max_hp_gain":0.0,"max_hp_loss":0.0,"gold_gain":0.0,"event_name":"Bonfire Elementals","player_choice":"Offered Basic","floor":10.0,"gold_loss":0.0,"damage_taken":0.0},{"damage_healed":0.0,"max_hp_gain":0.0,"max_hp_loss":0.0,"gold_gain":270.0,"event_name":"Knowing Skull","player_choice":"GOLD GOLD GOLD ","floor":20.0,"potions_obtained":[],"gold_loss":0.0,"damage_taken":27.0,"cards_obtained":[]},{"damage_healed":0.0,"max_hp_gain":0.0,"max_hp_loss":0.0,"gold_gain":0.0,"event_name":"Masked Bandits","player_choice":"Fought Bandits","floor":28.0,"gold_loss":0.0,"damage_taken":0.0},{"damage_healed":0,"gold_gain":0,"player_choice":"Memory 1","damage_taken":0,"max_hp_gain":0,"max_hp_loss":0,"event_name":"SensoryStone","floor":46,"gold_loss":0},{"damage_healed":0,"gold_gain":222,"player_choice":"Wore Mask","damage_taken":0,"max_hp_gain":0,"max_hp_loss":0,"event_name":"Tomb of Lord Red Mask","floor":47,"gold_loss":0}],"is_beta":false,"boss_relics":[{"not_picked":["SacredBark","Ectoplasm"],"picked":"Velvet Choker"},{"not_picked":["Pandora\u0027s Box","Sozu"],"picked":"Nuclear Battery"}],"items_purged_floors":[25,39],"is_endless":false,"potions_floor_spawned":[1,2,13,16,18,21,27,33,35,37,41,44,45],"killed_by":"Awakened One","ascension_level":1}}