{"host":"mgc7o2tpy0ck407l","time":1613003760,"event":{"mods":["Alarm Clock","BaseMod","Block Reminder","Colored Powertips","Key Reminder","Minty Spire (QoL Compilation)","Quick Restart","Rare Cards Sparkle","StSLib","SuperFastMode"],"gold_per_floor":[119,119,69,69,88,116,133,133,133,163,175,175,185,216,216,313,313,325,325,338,79,97,97,110,143,214,214,214,229,229,229],"floor_reached":30,"language":"ENG","playtime":997,"items_purged":["Strike_R"],"score":310,"play_id":"6863bef4-2cfe-4c06-836e-e50e819df9f3","local_time":"20210210193600","is_ascension_mode":true,"campfire_choices":[{"data":"Warcry","floor":8,"key":"SMITH"},{"floor":15,"key":"REST"},{"floor":23,"key":"RECALL"}],"circlet_count":0,"master_deck":["Strike_R","Strike_R","Strike_R","Defend_R","Defend_R","Defend_R","Defend_R","Bash","Pommel Strike+1","Warcry+1","Flex","Sword Boomerang","Inflame","Heavy Blade","Seeing Red","Demon Form","Heavy Blade+1","Master of Strategy","Demon Form","True Grit"],"relics":["Burning Blood","NeowsBlessing","Thread and Needle","Ginger","Shuriken","StrikeDummy","Du-Vu Doll","Coffee Dripper","InkBottle"],"acts_visited":["Exordium","TheCity"],"potions_floor_usage":[30,30],"damage_taken":[{"damage":0,"enemies":"Small Slimes","floor":1,"turns":1},{"damage":0,"enemies":"Jaw Worm","floor":5,"turns":1},{"damage":0,"enemies":"Lagavulin","floor":6,"turns":1},{"damage":0,"enemies":"Cultist","floor":7,"turns":3},{"damage":37,"enemies":"Gremlin Nob","floor":10,"turns":5},{"damage":1,"enemies":"Looter","floor":11,"turns":3},{"damage":22,"enemies":"Large Slime","floor":13,"turns":5},{"damage":29,"enemies":"Lagavulin","floor":14,"turns":4},{"damage":7,"enemies":"Slime Boss","floor":16,"turns":6},{"damage":19,"enemies":"Shell Parasite","floor":18,"turns":3},{"damage":6,"enemies":"Chosen","floor":20,"turns":3},{"damage":12,"enemies":"Snake Plant","floor":22,"turns":3},{"damage":22,"enemies":"3 Cultists","floor":24,"turns":5},{"damage":14,"enemies":"Gremlin Leader","floor":25,"turns":4},{"damage":0,"enemies":"Centurion and Healer","floor":29,"turns":6},{"damage":53,"enemies":"Book of Stabbing","floor":30,"turns":5}],"seed_played":"-2439136727968433356","potions_obtained":[{"floor":7,"key":"Strength Potion"},{"floor":11,"key":"DuplicationPotion"},{"floor":14,"key":"FearPotion"},{"floor":16,"key":"Regen Potion"}],"is_trial":false,"path_per_floor":["M","?","?","$","M","E","M","R","T","E","M","?","M","E","R","B",null,"M","?","M","$","M","R","M","E","T","?","?","M","E"],"character_chosen":"IRONCLAD","items_purchased":["Master of Strategy"],"campfire_rested":1,"item_purchase_floors":[21],"current_hp_per_floor":[80,55,55,55,61,67,73,73,73,42,47,52,36,13,38,37,85,72,72,72,72,66,66,50,42,42,42,42,48,0,0],"gold":229,"neow_bonus":"THREE_ENEMY_KILL","is_daily":false,"chose_seed":false,"campfire_upgraded":1,"win_rate":0.0,"timestamp":1613003760,"path_taken":["M","?","?","?","?","E","M","R","T","E","M","?","M","E","R","BOSS","M","?","?","$","M","R","M","E","T","?","?","?","E"],"items_purchased_type":["Card"],"build_version":"2020-12-22","purchased_purges":1,"victory":false,"max_hp_per_floor":[80,80,80,80,80,80,80,80,80,80,80,85,85,85,85,85,85,85,85,85,85,85,85,85,85,85,85,85,85,85,85],"card_choices":[{"not_picked":["Ghostly Armor","Seeing Red"],"picked":"Pommel Strike","floor":1},{"not_picked":["Intimidate","Twin Strike"],"picked":"Warcry","floor":5},{"not_picked":["Combust","Seeing Red"],"picked":"Flex","floor":6},{"not_picked":["Warcry","Carnage"],"picked":"Sword Boomerang","floor":7},{"not_picked":["Rampage","Rage"],"picked":"Inflame","floor":10},{"not_picked":["Sentinel","Anger"],"picked":"Heavy Blade","floor":11},{"not_picked":["Rampage","Flex","Headbutt"],"picked":"SKIP","floor":13},{"not_picked":["Headbutt","Warcry"],"picked":"Seeing Red","floor":14},{"not_picked":["Bludgeon","Feed"],"picked":"Demon Form","floor":16},{"not_picked":["Whirlwind","Wild Strike"],"picked":"Heavy Blade+1","floor":18},{"not_picked":["Second Wind","Cleave","Pommel Strike+1"],"picked":"SKIP","floor":20},{"not_picked":["Havoc","Seeing Red","Clash+1"],"picked":"SKIP","floor":22},{"not_picked":["Spot Weakness","Wild Strike","Fire Breathing+1"],"picked":"SKIP","floor":24},{"not_picked":["Clash+1","Wild Strike+1"],"picked":"Demon Form","floor":25},{"not_picked":["Iron Wave+1","Sword Boomerang","Dropkick+1"],"picked":"SKIP","floor":29}],"player_experience":763595,"relics_obtained":[{"floor":6,"key":"Ginger"},{"floor":9,"key":"Shuriken"},{"floor":10,"key":"StrikeDummy"},{"floor":14,"key":"Du-Vu Doll"},{"floor":25,"key":"InkBottle"}],"event_choices":[{"damage_healed":0,"gold_gain":0,"player_choice":"Success","damage_taken":25,"relics_obtained":["Thread and Needle"],"max_hp_gain":0,"max_hp_loss":0,"event_name":"Scrap Ooze","floor":2,"gold_loss":0},{"cards_removed":["Strike_R"],"damage_healed":0,"gold_gain":0,"player_choice":"Card Removal","damage_taken":0,"max_hp_gain":0,"max_hp_loss":0,"event_name":"The Cleric","floor":3,"gold_loss":50},{"damage_healed":0,"gold_gain":0,"player_choice":"Donut","damage_taken":0,"max_hp_gain":5,"max_hp_loss":0,"event_name":"Big Fish","floor":12,"gold_loss":0},{"damage_healed":0,"gold_gain":0,"player_choice":"Upgraded","damage_taken":0,"max_hp_gain":0,"max_hp_loss":0,"event_name":"Upgrade Shrine","floor":19,"gold_loss":0,"cards_upgraded":["Pommel Strike"]},{"damage_healed":0,"gold_gain":0,"player_choice":"Read","damage_taken":0,"max_hp_gain":0,"max_hp_loss":0,"event_name":"The Library","floor":27,"gold_loss":0,"cards_obtained":["True Grit"]},{"damage_healed":0,"gold_gain":0,"player_choice":"Ignored","damage_taken":0,"max_hp_gain":0,"max_hp_loss":0,"event_name":"Ghosts","floor":28,"gold_loss":0}],"is_beta":false,"boss_relics":[{"not_picked":["SacredBark","Runic Cube"],"picked":"Coffee Dripper"}],"items_purged_floors":[21],"is_endless":false,"potions_floor_spawned":[7,11,14,16,25,29],"killed_by":"Book of Stabbing","ascension_level":1}}