{"host":"kh6fvhxn285ncg0o","time":1613053365,"event":{"mods":["Act Like it!","BaseMod","Colored Map","Friendly Minions","Keyboard Shortcuts","Minty Spire (QoL Compilation)","Quick Restart","Relic Stats","StSLib","SuperFastMode","UnlockEverythingMod"],"gold_per_floor":[159,159,159,180,180,180,219,63,111,126,159,172,213,270,270,361,361,376,110,0,23,23,64,64,116,195,195,195,195],"floor_reached":28,"language":"KOR","playtime":625,"items_purged":["Strike_R","Strike_R"],"score":644,"play_id":"65aba3f7-837b-49ce-bb69-b014e7002374","local_time":"20210211232245","is_ascension_mode":true,"campfire_choices":[{"data":"Bash","floor":6.0,"key":"SMITH"},{"floor":15.0,"key":"REST"},{"floor":24,"key":"REST"}],"circlet_count":0,"master_deck":["AscendersBane","Strike_R+1","Strike_R+1","Defend_R","Defend_R+1","Defend_R","Defend_R","Bash+1","Evolve","Carnage+1","Disarm","Burning Pact","Immolate","Headbutt","Second Wind","Fiend Fire","Power Through+1"],"relics":["Tiny House","Golden Idol","Thread and Needle","Regal Pillow","Whetstone","Sozu","Centennial Puzzle","Art of War","CeramicFish","Matryoshka"],"acts_visited":["Exordium","TheCity"],"potions_floor_usage":[],"damage_taken":[{"damage":23.0,"enemies":"Jaw Worm","floor":1.0,"turns":7.0},{"damage":3.0,"enemies":"2 Louse","floor":4.0,"turns":3.0},{"damage":31.0,"enemies":"Lagavulin","floor":7.0,"turns":5.0},{"damage":0.0,"enemies":"Cultist","floor":10.0,"turns":3.0},{"damage":6.0,"enemies":"3 Sentries","floor":11.0,"turns":4.0},{"damage":7.0,"enemies":"Blue Slaver","floor":12.0,"turns":3.0},{"damage":24.0,"enemies":"Lagavulin","floor":13.0,"turns":7.0},{"damage":0.0,"enemies":"Slime Boss","floor":16.0,"turns":4.0},{"damage":17.0,"enemies":"Shell Parasite","floor":18.0,"turns":2.0},{"damage":2.0,"enemies":"3 Byrds","floor":21.0,"turns":5.0},{"damage":29,"enemies":"Gremlin Leader","floor":23,"turns":6},{"damage":51,"enemies":"Book of Stabbing","floor":25,"turns":6},{"damage":3,"enemies":"Sentry and Sphere","floor":28,"turns":3}],"seed_played":"-3295910090112384512","potions_obtained":[{"floor":0.0,"key":"Explosive Potion"},{"floor":1.0,"key":"DuplicationPotion"},{"floor":10.0,"key":"DuplicationPotion"},{"floor":11.0,"key":"DuplicationPotion"}],"is_trial":false,"path_per_floor":["M","?","?","M","?","R","E","$","T","M","E","M","E","?","R","B",null,"M","$","?","M","?","E","R","E","T","$","M"],"character_chosen":"IRONCLAD","items_purchased":["Immolate","Centennial Puzzle"],"campfire_rested":2,"item_purchase_floors":[8,19],"current_hp_per_floor":[50,50,50,47,71,71,40,40,40,40,34,27,3,3,39,39,64,47,47,47,45,45,16,52,1,1,1,0,0],"gold":195,"neow_bonus":"BOSS_RELIC","is_daily":false,"chose_seed":false,"campfire_upgraded":1,"win_rate":0.0,"timestamp":1613053365,"path_taken":["M","?","?","M","?","R","E","?","T","?","E","M","E","?","R","BOSS","M","$","?","?","?","E","R","E","T","?","M"],"items_purchased_type":["Card","Relic"],"build_version":"2020-12-22","purchased_purges":2,"victory":false,"max_hp_per_floor":[80,80,72,72,72,72,72,72,72,72,72,72,72,72,72,72,72,72,72,72,72,72,72,72,72,72,72,72,72],"relic_stats":{"Sozu":2,"Regal Pillow":30,"Centennial Puzzle":[9],"counters":[13,58],"Golden Idol":76,"CeramicFish":9,"Art of War":[0],"Whetstone":["Strike_R","Strike_R"],"obtain_stats":[{"Sozu":17,"Regal Pillow":9,"Centennial Puzzle":19,"Tiny House":0,"Matryoshka":26,"Golden Idol":3,"CeramicFish":25,"Thread and Needle":7,"Art of War":23,"Whetstone":13,"Burning Blood":0},{"Sozu":8,"Regal Pillow":3,"Centennial Puzzle":9,"Tiny House":0,"Matryoshka":12,"Golden Idol":1,"CeramicFish":12,"Thread and Needle":3,"Art of War":11,"Whetstone":7,"Burning Blood":0},{"Sozu":36,"Regal Pillow":15,"Centennial Puzzle":38,"Tiny House":0,"Matryoshka":55,"Golden Idol":7,"CeramicFish":55,"Thread and Needle":15,"Art of War":49,"Whetstone":32,"Burning Blood":0}]},"card_choices":[{"not_picked":["Seeing Red","Perfected Strike"],"picked":"Evolve","floor":0.0},{"not_picked":["Cleave","Armaments"],"picked":"Carnage","floor":1.0},{"not_picked":["Intimidate","Wild Strike"],"picked":"Disarm","floor":4.0},{"not_picked":["Pommel Strike","Iron Wave"],"picked":"Burning Pact","floor":7.0},{"not_picked":["Limit Break","Infernal Blade"],"picked":"Headbutt","floor":10.0},{"not_picked":["Uppercut","Thunderclap","Body Slam"],"picked":"SKIP","floor":11.0},{"not_picked":["Cleave","Sword Boomerang"],"picked":"Second Wind","floor":12.0},{"not_picked":["Iron Wave","Ghostly Armor","Entrench"],"picked":"SKIP","floor":13.0},{"not_picked":["Juggernaut","Demon Form"],"picked":"Fiend Fire","floor":16.0},{"not_picked":["Blood for Blood","Clash","Perfected Strike"],"picked":"SKIP","floor":23},{"not_picked":["Inflame","Rampage"],"picked":"Power Through+1","floor":25}],"player_experience":1369586,"relics_obtained":[{"floor":7.0,"key":"Thread and Needle"},{"floor":9.0,"key":"Regal Pillow"},{"floor":13.0,"key":"Whetstone"},{"floor":23,"key":"Art of War"},{"floor":25,"key":"CeramicFish"},{"floor":26,"key":"Matryoshka"}],"event_choices":[{"damage_healed":0.0,"max_hp_gain":0.0,"max_hp_loss":0.0,"gold_gain":0.0,"event_name":"Living Wall","player_choice":"Grow","floor":2.0,"gold_loss":0.0,"damage_taken":0.0,"cards_upgraded":["Carnage"]},{"damage_healed":0.0,"max_hp_gain":0.0,"max_hp_loss":8.0,"gold_gain":0.0,"event_name":"Golden Idol","player_choice":"Lose Max HP","floor":3.0,"gold_loss":0.0,"damage_taken":0.0,"relics_obtained":["Golden Idol"]},{"damage_healed":24.0,"max_hp_gain":0.0,"max_hp_loss":0.0,"gold_gain":0.0,"event_name":"Big Fish","player_choice":"Banana","floor":5.0,"gold_loss":0.0,"damage_taken":0.0},{"damage_healed":0.0,"max_hp_gain":0.0,"max_hp_loss":0.0,"gold_gain":57.0,"event_name":"Golden Wing","player_choice":"Gained Gold","floor":14.0,"gold_loss":0.0,"damage_taken":0.0},{"cards_removed":["Strike_R"],"damage_healed":0.0,"max_hp_gain":0.0,"max_hp_loss":0.0,"gold_gain":0.0,"event_name":"Designer","player_choice":"Upgrade and Remove","floor":20.0,"gold_loss":110.0,"damage_taken":0.0,"cards_upgraded":["Defend_R"]},{"damage_healed":0,"gold_gain":0,"player_choice":"Ignored","damage_taken":0,"max_hp_gain":0,"max_hp_loss":0,"event_name":"Cursed Tome","floor":22,"gold_loss":0}],"is_beta":false,"boss_relics":[{"not_picked":["Black Star","Fusion Hammer"],"picked":"Sozu"}],"items_purged_floors":[8,19],"is_endless":false,"potions_floor_spawned":[1,4,10,11,21,23],"killed_by":"Sentry and Sphere","ascension_level":20}}