{"host":"d52brwsy6af8zvaq","time":1613076223,"event":{"mods":["AchievementEnabler","BaseMod","Bestiary","Highlight Path","Minty Spire (QoL Compilation)","Quick Restart","Relic Stats","ojb\u0027s Better Paths Mod"],"gold_per_floor":[114,84,100,117,136,136,169,72,72,72,99,111,111,30,30,107,107,60,73,73,73,73,73],"floor_reached":22,"language":"ENG","playtime":1608,"items_purged":[],"score":438,"play_id":"9ba24b91-a3bc-416b-9c30-8c385d18292b","local_time":"20210211134343","is_ascension_mode":true,"campfire_choices":[{"data":"Streamline","floor":6.0,"key":"SMITH"},{"data":"Dualcast","floor":10.0,"key":"SMITH"},{"data":"Defragment","floor":13,"key":"SMITH"},{"floor":15,"key":"REST"}],"circlet_count":0,"master_deck":["AscendersBane","Strike_B","Strike_B","Defend_B","Defend_B","Defend_B","Defend_B","Zap+1","Dualcast+1","Rebound","Streamline+1","Ball Lightning","Leap","Chill","Panacea","Steam","Defragment+1","Conserve Battery","Self Repair","Creative AI","Turbo","Machine Learning","Ghostly","Ghostly","Ghostly"],"relics":["Cracked Core","Bottled Flame","StoneCalendar","Prayer Wheel","Empty Cage"],"acts_visited":["Exordium","TheCity"],"potions_floor_usage":[12,22],"damage_taken":[{"damage":1.0,"enemies":"Cultist","floor":1.0,"turns":3.0},{"damage":0.0,"enemies":"2 Louse","floor":3.0,"turns":2.0},{"damage":7.0,"enemies":"Small Slimes","floor":4.0,"turns":3.0},{"damage":11.0,"enemies":"Blue Slaver","floor":5.0,"turns":3.0},{"damage":0.0,"enemies":"Gremlin Nob","floor":7.0,"turns":2.0},{"damage":14.0,"enemies":"Lagavulin","floor":11.0,"turns":4.0},{"damage":12,"enemies":"Exordium Wildlife","floor":12,"turns":4},{"damage":27,"enemies":"The Guardian","floor":16,"turns":9},{"damage":27,"enemies":"2 Thieves","floor":18,"turns":5},{"damage":27,"enemies":"Shell Parasite","floor":19,"turns":6},{"damage":25,"enemies":"3 Cultists","floor":22,"turns":5}],"seed_played":"-4222995572362689117","potions_obtained":[{"floor":2.0,"key":"Fruit Juice"},{"floor":2.0,"key":"SneckoOil"},{"floor":3.0,"key":"DistilledChaos"},{"floor":11.0,"key":"Block Potion"},{"floor":16,"key":"PowerPotion"},{"floor":18,"key":"DistilledChaos"}],"is_trial":false,"path_per_floor":["M","?","M","M","M","R","E","$","T","R","E","M","R","$","R","B",null,"M","M","?","?","M"],"character_chosen":"DEFECT","items_purchased":["Panacea","Self Repair"],"campfire_rested":1,"item_purchase_floors":[8,14],"current_hp_per_floor":[63,63,68,61,50,50,50,50,50,50,36,24,24,24,46,26,64,44,24,24,24,0,0],"gold":73,"neow_bonus":"UPGRADE_CARD","is_daily":false,"chose_seed":false,"campfire_upgraded":3,"win_rate":0.0,"timestamp":1613076223,"path_taken":["M","?","?","M","M","R","E","$","T","R","E","M","R","?","R","BOSS","M","M","?","?","M"],"items_purchased_type":["Card","Card"],"build_version":"2020-12-22","purchased_purges":0,"victory":false,"max_hp_per_floor":[71,71,76,76,76,76,76,76,76,76,76,76,76,76,76,76,76,76,76,38,38,38,38],"relic_stats":{"counters":[11,46],"StoneCalendar":[52],"Prayer Wheel":3,"obtain_stats":[{"Bottled Flame":7,"StoneCalendar":9,"Prayer Wheel":11,"Cracked Core":0,"Empty Cage":17},{"Bottled Flame":5,"StoneCalendar":5,"Prayer Wheel":6,"Cracked Core":0,"Empty Cage":8},{"Bottled Flame":13,"StoneCalendar":13,"Prayer Wheel":17,"Cracked Core":0,"Empty Cage":30}]},"card_choices":[{"not_picked":["Reinforced Body","Leap"],"picked":"Rebound","floor":1.0},{"not_picked":["Turbo","Chill"],"picked":"Streamline","floor":3.0},{"not_picked":["Go for the Eyes","Compile Driver"],"picked":"Ball Lightning","floor":4.0},{"not_picked":["Skim","Go for the Eyes"],"picked":"Leap","floor":5.0},{"not_picked":["Leap","Auto Shields"],"picked":"Chill","floor":7.0},{"not_picked":["Rebound","Gash"],"picked":"Steam","floor":11.0},{"not_picked":["Consume","Barrage"],"picked":"Defragment","floor":12},{"not_picked":["Steam","Sunder"],"picked":"Conserve Battery","floor":12},{"not_picked":["Machine Learning","Core Surge"],"picked":"Creative AI","floor":16},{"not_picked":["Streamline+1","Consume+1"],"picked":"Turbo","floor":18},{"not_picked":["Rebound+1","Cold Snap","Gash"],"picked":"SKIP","floor":18},{"not_picked":["Sweeping Beam","Barrage"],"picked":"Machine Learning","floor":19},{"not_picked":["Steam","Rebound","Barrage"],"picked":"SKIP","floor":19}],"player_experience":2226365,"relics_obtained":[{"floor":7.0,"key":"Bottled Flame"},{"floor":9.0,"key":"StoneCalendar"},{"floor":11.0,"key":"Prayer Wheel"}],"event_choices":[{"damage_healed":0.0,"max_hp_gain":0.0,"max_hp_loss":0.0,"gold_gain":0.0,"event_name":"The Woman in Blue","player_choice":"Bought 2 Potions","floor":2.0,"gold_loss":0.0,"damage_taken":0.0},{"damage_healed":0,"gold_gain":0,"player_choice":"Became a Ghost","damage_taken":0,"max_hp_gain":0,"max_hp_loss":38,"event_name":"Ghosts","floor":20,"gold_loss":0,"cards_obtained":["Ghostly","Ghostly","Ghostly"]},{"damage_healed":0,"gold_gain":0,"player_choice":"Ignored","damage_taken":0,"max_hp_gain":0,"max_hp_loss":0,"event_name":"Vampires","floor":21,"gold_loss":0}],"is_beta":false,"boss_relics":[{"not_picked":["Runic Dome","Runic Pyramid"],"picked":"Empty Cage"}],"items_purged_floors":[],"is_endless":false,"potions_floor_spawned":[3,5,11,16,18],"killed_by":"3 Cultists","ascension_level":20}}