{"host":"yhhyog5h1q67ienp","time":1613083101,"event":{"mods":["AchievementEnabler","BaseMod","Block Reminder","Colored Map","Colored Powertips","Minty Spire (QoL Compilation)","Quick Restart","Relic Stats","StSLib","Weighted Paths","ojb\u0027s Better Paths Mod","ojb\u0027s Info Mod"],"gold_per_floor":[113,133,148,166,180,180,206,206,251,265,265,275,306,38,38,115,115,134,152,152,165,13,13,13],"floor_reached":23,"language":"ENG","playtime":2119,"items_purged":["Strike_P","Defend_P"],"score":460,"play_id":"d9214c4a-3e18-4031-bd04-699848bd0f00","local_time":"20210211193821","is_ascension_mode":true,"campfire_choices":[{"floor":6,"key":"REST"},{"floor":8,"key":"REST"},{"floor":11,"key":"REST"},{"data":"MentalFortress","floor":15,"key":"SMITH"}],"circlet_count":0,"master_deck":["AscendersBane","Strike_P+1","Strike_P+1","Strike_P+1","Defend_P","Defend_P+1","Defend_P","Eruption+1","Vigilance","LessonLearned+1","EmptyFist","Vengeance+1","BattleHymn+1","ThirdEye","FollowUp+1","EmptyFist+1","TalkToTheHand","Crescendo+1","BowlingBash+1","MentalFortress+1","BowlingBash+1","Scrawl","Wireheading","CrushJoints+1","ThirdEye","CutThroughFate+1"],"relics":["PureWater","Bottled Tornado","Pen Nib","Molten Egg 2","Fusion Hammer","Enchiridion"],"acts_visited":["Exordium","TheCity"],"potions_floor_usage":[7,7,13,16,21],"damage_taken":[{"damage":0,"enemies":"2 Louse","floor":1,"turns":2},{"damage":7,"enemies":"Jaw Worm","floor":2,"turns":3},{"damage":10,"enemies":"Small Slimes","floor":3,"turns":4},{"damage":0,"enemies":"2 Fungi Beasts","floor":4,"turns":2},{"damage":11,"enemies":"Blue Slaver","floor":5,"turns":4},{"damage":21,"enemies":"3 Sentries","floor":7,"turns":6},{"damage":26,"enemies":"Lots of Slimes","floor":10,"turns":6},{"damage":15,"enemies":"Gremlin Gang","floor":12,"turns":5},{"damage":0,"enemies":"Lagavulin","floor":13,"turns":4},{"damage":2,"enemies":"Hexaghost","floor":16,"turns":7},{"damage":14,"enemies":"Shell Parasite","floor":18,"turns":3},{"damage":0,"enemies":"Spheric Guardian","floor":19,"turns":2},{"damage":1,"enemies":"3 Cultists","floor":21,"turns":4},{"damage":29,"enemies":"Slavers","floor":23,"turns":1}],"seed_played":"-8393193823147616537","potions_obtained":[{"floor":2,"key":"Dexterity Potion"},{"floor":5,"key":"ColorlessPotion"},{"floor":7,"key":"Swift Potion"},{"floor":10,"key":"CultistPotion"},{"floor":13,"key":"Swift Potion"},{"floor":16,"key":"LiquidBronze"},{"floor":18,"key":"FearPotion"},{"floor":19,"key":"DuplicationPotion"}],"is_trial":false,"path_per_floor":["M","M","M","M","M","R","E","R","T","M","R","M","E","$","R","B",null,"M","M","?","M","$","E"],"character_chosen":"WATCHER","items_purchased":["MentalFortress","BowlingBash+1","LiquidMemories","CutThroughFate+1"],"campfire_rested":3,"item_purchase_floors":[14,14,14,22],"current_hp_per_floor":[43,36,26,26,15,35,14,34,34,8,28,13,13,13,13,11,54,40,40,19,18,18,0,0],"gold":13,"neow_bonus":"THREE_RARE_CARDS","is_daily":false,"chose_seed":false,"campfire_upgraded":1,"win_rate":0.0,"timestamp":1613083101,"path_taken":["M","M","M","M","M","R","E","R","T","M","R","M","E","$","R","BOSS","M","M","?","M","$","E"],"items_purchased_type":["Card","Card","Potion","Card"],"build_version":"2020-12-22","purchased_purges":2,"victory":false,"max_hp_per_floor":[68,68,68,68,68,68,68,68,68,68,68,68,68,68,68,68,68,68,68,68,68,68,68,68],"relic_stats":{"counters":[14,53],"Pen Nib":[5],"obtain_stats":[{"Enchiridion":20,"Molten Egg 2":13,"Pen Nib":9,"Fusion Hammer":17,"PureWater":0,"Bottled Tornado":7},{"Enchiridion":12,"Molten Egg 2":9,"Pen Nib":6,"Fusion Hammer":10,"PureWater":0,"Bottled Tornado":6},{"Enchiridion":48,"Molten Egg 2":36,"Pen Nib":21,"Fusion Hammer":43,"PureWater":0,"Bottled Tornado":21}]},"card_choices":[{"not_picked":["Omniscience","Brilliance"],"picked":"LessonLearned","floor":0},{"not_picked":["ThirdEye","Evaluate"],"picked":"EmptyFist","floor":1},{"not_picked":["InnerPeace","WaveOfTheHand"],"picked":"Vengeance","floor":2},{"not_picked":["Sanctity","Consecrate"],"picked":"BattleHymn","floor":3},{"not_picked":["BowlingBash","SashWhip"],"picked":"ThirdEye","floor":4},{"not_picked":["WheelKick","Halt"],"picked":"FollowUp","floor":5},{"not_picked":["Nirvana","LikeWater"],"picked":"EmptyFist","floor":7},{"not_picked":["CarveReality","EmptyBody"],"picked":"TalkToTheHand","floor":10},{"not_picked":["Establishment","ForeignInfluence"],"picked":"Crescendo","floor":12},{"not_picked":["Prostrate","WaveOfTheHand"],"picked":"BowlingBash+1","floor":13},{"not_picked":["Devotion","Establishment"],"picked":"Scrawl","floor":16},{"not_picked":["Evaluate","EmptyBody"],"picked":"Wireheading","floor":18},{"not_picked":["PathToVictory","WindmillStrike+1"],"picked":"CrushJoints+1","floor":19},{"not_picked":["Perseverance","CrushJoints+1"],"picked":"ThirdEye","floor":21}],"player_experience":1454975,"relics_obtained":[{"floor":7,"key":"Bottled Tornado"},{"floor":9,"key":"Pen Nib"},{"floor":13,"key":"Molten Egg 2"},{"floor":20,"key":"Enchiridion"}],"event_choices":[{"damage_healed":0,"gold_gain":0,"player_choice":"Obtained Book","damage_taken":21,"max_hp_gain":0,"max_hp_loss":0,"event_name":"Cursed Tome","floor":20,"gold_loss":0}],"is_beta":false,"boss_relics":[{"not_picked":["Runic Dome","Calling Bell"],"picked":"Fusion Hammer"}],"items_purged_floors":[14,22],"is_endless":false,"potions_floor_spawned":[2,5,7,10,13,16,18,19],"killed_by":"Slavers","ascension_level":20}}