{"host":"sc0o2qwpf9j16a4i","time":1613068491,"event":{"mods":["AchievementEnabler","BaseMod","BetterRewards","Block Reminder","Colored Map","Colored Powertips","Custom Start","Highlight Path","Minty Spire (QoL Compilation)","Relic Stats"],"gold_per_floor":[117,117,128,138,7,7,40,40,120,150,50,63,63,80,80,159,159,170,185,204,221,221,252,252,279,279,279,279,279,279],"floor_reached":29,"language":"ENG","playtime":867,"items_purged":["Pain","Normality"],"score":546,"play_id":"e3f6c04c-ebe7-4965-b059-f1cbb80bae62","local_time":"20210211203451","is_ascension_mode":true,"campfire_choices":[{"data":"Coolheaded","floor":6,"key":"SMITH"},{"floor":8,"key":"REST"},{"floor":13,"key":"REST"},{"data":"Stack","floor":15,"key":"SMITH"},{"floor":24,"key":"REST"},{"floor":28,"key":"REST"}],"circlet_count":0,"master_deck":["AscendersBane","Strike_B","Strike_B","Strike_B","Strike_B","Defend_B","Defend_B","Defend_B","Defend_B","Zap","Dualcast","Stack+1","Streamline","Streamline","Coolheaded+1","Undo","Compile Driver","Echo Form","Cold Snap","Fission","CurseOfTheBell","Ball Lightning","White Noise","Static Discharge","Cold Snap","Ghostly","Ghostly","Ghostly","Go for the Eyes","Shame","Normality"],"relics":["Cursed Key","WarpedTongs","Toy Ornithopter","Mummified Hand","Mercury Hourglass","Calling Bell","Art of War","Ornamental Fan","CaptainsWheel","Bottled Flame","Ancient Tea Set","Eternal Feather","InkBottle"],"acts_visited":["Exordium","TheCity"],"potions_floor_usage":[7,16,20,21,29],"damage_taken":[{"damage":1,"enemies":"Cultist","floor":1,"turns":4},{"damage":4,"enemies":"2 Louse","floor":3,"turns":2},{"damage":7,"enemies":"Jaw Worm","floor":4,"turns":4},{"damage":13,"enemies":"3 Sentries","floor":7,"turns":9},{"damage":31,"enemies":"Gremlin Nob","floor":10,"turns":4},{"damage":1,"enemies":"3 Louse","floor":12,"turns":2},{"damage":17,"enemies":"Large Slime","floor":14,"turns":4},{"damage":19,"enemies":"Hexaghost","floor":16,"turns":8},{"damage":13,"enemies":"3 Byrds","floor":18,"turns":5},{"damage":12,"enemies":"Shell Parasite","floor":19,"turns":5},{"damage":3,"enemies":"3 Cultists","floor":20,"turns":6},{"damage":3,"enemies":"Snecko","floor":21,"turns":5},{"damage":23,"enemies":"Gremlin Leader","floor":23,"turns":6},{"damage":15,"enemies":"Book of Stabbing","floor":25,"turns":7},{"damage":39,"enemies":"Gremlin Leader","floor":29,"turns":7}],"seed_played":"-7179404748580576016","potions_obtained":[{"floor":3,"key":"BlessingOfTheForge"},{"floor":4,"key":"Energy Potion"},{"floor":7,"key":"PotionOfCapacity"},{"floor":12,"key":"PowerPotion"},{"floor":18,"key":"Swift Potion"},{"floor":23,"key":"Swift Potion"}],"is_trial":false,"path_per_floor":["M","?","M","M","$","R","E","R","T","E","$","M","R","M","R","B",null,"M","M","M","M","?","E","R","E","T","T","R","E"],"character_chosen":"DEFECT","items_purchased":["Coolheaded"],"campfire_rested":4,"item_purchase_floors":[5],"current_hp_per_floor":[63,63,59,52,52,52,39,60,60,29,29,28,49,32,32,18,58,45,33,35,37,35,12,22,7,7,7,35,0,0],"gold":279,"neow_bonus":"BOSS_RELIC","is_daily":false,"chose_seed":false,"campfire_upgraded":2,"win_rate":0.0,"timestamp":1613068491,"path_taken":["M","?","M","M","$","R","E","R","T","E","$","M","R","M","R","BOSS","M","M","?","M","?","E","R","E","T","?","R","E"],"items_purchased_type":["Card"],"build_version":"2020-12-22","purchased_purges":2,"victory":false,"max_hp_per_floor":[71,71,71,71,71,71,71,71,71,71,71,71,71,71,71,71,71,71,71,71,71,35,35,35,35,35,35,35,35,35],"relic_stats":{"counters":[15,78],"Mummified Hand":[20],"Ornamental Fan":[32],"Eternal Feather":18,"Art of War":[3],"Cursed Key":3,"obtain_stats":[{"Eternal Feather":26,"Cursed Key":0,"Ancient Tea Set":25,"WarpedTongs":2,"Mercury Hourglass":10,"Calling Bell":17,"CaptainsWheel":17,"Bottled Flame":23,"Mummified Hand":9,"Ornamental Fan":17,"Art of War":17,"Cracked Core":0,"Toy Ornithopter":7,"InkBottle":27},{"Eternal Feather":14,"Cursed Key":0,"Ancient Tea Set":14,"WarpedTongs":1,"Mercury Hourglass":5,"Calling Bell":8,"CaptainsWheel":8,"Bottled Flame":13,"Mummified Hand":4,"Ornamental Fan":8,"Art of War":8,"Cracked Core":0,"Toy Ornithopter":4,"InkBottle":14},{"Eternal Feather":71,"Cursed Key":0,"Ancient Tea Set":71,"WarpedTongs":4,"Mercury Hourglass":23,"Calling Bell":37,"CaptainsWheel":37,"Bottled Flame":64,"Mummified Hand":19,"Ornamental Fan":37,"Art of War":37,"Cracked Core":0,"Toy Ornithopter":19,"InkBottle":71}],"Toy Ornithopter":15,"InkBottle":[2],"WarpedTongs":[71],"Mercury Hourglass":[250]},"card_choices":[{"not_picked":["Turbo","Fusion"],"picked":"Stack","floor":1},{"not_picked":["Rebound","Gash"],"picked":"Streamline","floor":3},{"not_picked":["Rebound","Steam"],"picked":"Streamline","floor":4},{"not_picked":["Fusion","Blizzard"],"picked":"Undo","floor":7},{"not_picked":["Turbo","Fusion"],"picked":"Compile Driver","floor":10},{"not_picked":["Ball Lightning","Leap"],"picked":"Echo Form","floor":12},{"not_picked":["Hologram","Hello World"],"picked":"Cold Snap","floor":14},{"not_picked":["Rainbow","Hyperbeam"],"picked":"Fission","floor":16},{"not_picked":["Chaos+1","Darkness"],"picked":"Ball Lightning","floor":18},{"not_picked":["Hologram","Coolheaded"],"picked":"White Noise","floor":19},{"not_picked":["Machine Learning","Steam Power"],"picked":"Static Discharge","floor":20},{"not_picked":["Undo","Conserve Battery"],"picked":"Cold Snap","floor":21},{"not_picked":["Beam Cell","Chaos","Streamline"],"picked":"SKIP","floor":23},{"not_picked":["Redo","All For One"],"picked":"Go for the Eyes","floor":25}],"player_experience":1350022,"relics_obtained":[{"floor":7,"key":"Toy Ornithopter"},{"floor":9,"key":"Mummified Hand"},{"floor":10,"key":"Mercury Hourglass"},{"floor":17,"key":"Art of War"},{"floor":17,"key":"Ornamental Fan"},{"floor":17,"key":"CaptainsWheel"},{"floor":23,"key":"Bottled Flame"},{"floor":25,"key":"Ancient Tea Set"},{"floor":26,"key":"Eternal Feather"},{"floor":27,"key":"InkBottle"}],"event_choices":[{"damage_healed":0,"gold_gain":0,"player_choice":"Rummage","damage_taken":0,"relics_obtained":["WarpedTongs"],"max_hp_gain":0,"max_hp_loss":0,"event_name":"Accursed Blacksmith","floor":2,"gold_loss":0,"cards_obtained":["Pain"]},{"damage_healed":0,"gold_gain":0,"player_choice":"Became a Ghost","damage_taken":0,"max_hp_gain":0,"max_hp_loss":36,"event_name":"Ghosts","floor":22,"gold_loss":0,"cards_obtained":["Ghostly","Ghostly","Ghostly"]}],"is_beta":false,"boss_relics":[{"not_picked":["Nuclear Battery","Runic Dome"],"picked":"Calling Bell"}],"items_purged_floors":[5,11],"is_endless":false,"potions_floor_spawned":[3,4,7,12,18,19,23],"killed_by":"Gremlin Leader","ascension_level":20}}