{"host":"jh7kh5nqtgzr3auj","time":1613063176,"event":{"mods":["AchievementEnabler","Act Like it!","BaseMod","CapriCore","Colored Powertips","Good Game Mod","Highlight Path","HololiveMod","Minty Spire (QoL Compilation)","Quick Restart","Relic Stats","StSLib","TestMod"],"gold_per_floor":[77,87,87,105,105,137,137,152,152,115,127,47,57,76,76,171,171,190,200,125,142,42,68,68,103,103,103,103,103,103,117,117,218,218,230,230,247,18,53,53,107,133,156,82,93,103,118,151,151,151],"floor_reached":51,"language":"ZHS","playtime":3799,"items_purged":["Hololive_Strike","Hololive_Sequa+1"],"score":973,"play_id":"9d563197-1a20-4003-9033-f009462a821a","local_time":"20210212010616","is_ascension_mode":false,"campfire_choices":[{"data":"Hololive_OvertimeWork","floor":7.0,"key":"SMITH"},{"data":"Hololive_Yoholoon","floor":15.0,"key":"SMITH"},{"data":"Hololive_CallTsunomakiWatame","floor":24,"key":"SMITH"},{"data":"Hololive_Spy","floor":29,"key":"SMITH"},{"data":"Exhume","floor":32,"key":"SMITH"},{"data":"Apotheosis","floor":40,"key":"SMITH"},{"data":"Hololive_DurableLive","floor":49,"key":"SMITH"}],"circlet_count":0,"master_deck":["Hololive_Defend","Hololive_CallTokoyamiTowa","Hololive_CallAyundaRisu+1","Hololive_CallTsunomakiWatame+1","Hololive_CallInugamiKorone","Hololive_CallOkamiMio","Hololive_FlareMind","Exhume+1","Hololive_OvertimeWork+1","Hololive_CallMurasakiShion","Hololive_Trident","Hololive_CallAkiRosenthal","Hololive_Yoholoon+1","Hololive_FlyingPonyTail","Hololive_CallNekomataOkayu","Hololive_CallAkaiHaato","Hololive_Nanodesu","Hololive_Spy+1","Hololive_CallHimemoriLuna+1","Hololive_FlyingPonyTail+1","Hololive_CallManoAloe","Hololive_ILoveYou","Hololive_DurableLive+1","Apotheosis+1","Finesse","Hololive_CallOzoraSubaru","Hololive_DDD","Hololive_CallShishiroBotan+1","Hololive_CallMinatoAqua+1","Hololive_CallHoushouMarine","Hololive_CallUruhaRushia+1","Hololive_CocoNews+1","Hololive_CallYozoraMel","Hololive_ILoveYou+1","Hololive_CallYukihanaLamy+1","Hololive_CallMurasakiShion+1","Hololive_OvertimeWork+1"],"relics":["Hololive_TheStar","testmod-TestBox","REME:ComplimentaryCards","testmod-Maize","Bronze Scales","Gremlin Horn","SacredBark","testmod-LifeArmor","Thread and Needle","testmod-SaigiyounoYou","Orrery","testmod-AssaultLearning","testmod-RainbowHikingShoes"],"acts_visited":["Exordium","TheCity","TheBeyond"],"potions_floor_usage":[25,39,50,50,50,50,50,50],"damage_taken":[{"damage":0.0,"enemies":"2 Louse","floor":1.0,"turns":3.0},{"damage":0.0,"enemies":"Small Slimes","floor":2.0,"turns":4.0},{"damage":0.0,"enemies":"Jaw Worm","floor":4.0,"turns":2.0},{"damage":0.0,"enemies":"Lagavulin","floor":6.0,"turns":6.0},{"damage":0.0,"enemies":"Exordium Wildlife","floor":8.0,"turns":3.0},{"damage":0.0,"enemies":"Exordium Thugs","floor":11.0,"turns":2.0},{"damage":0.0,"enemies":"Large Slime","floor":13.0,"turns":4.0},{"damage":0.0,"enemies":"Blue Slaver","floor":14.0,"turns":2.0},{"damage":0.0,"enemies":"Slime Boss","floor":16.0,"turns":6.0},{"damage":0,"enemies":"Spheric Guardian","floor":18,"turns":3},{"damage":0,"enemies":"3 Byrds","floor":19,"turns":2},{"damage":0,"enemies":"Shelled Parasite and Fungi","floor":21,"turns":3},{"damage":0,"enemies":"Book of Stabbing","floor":23,"turns":4},{"damage":0,"enemies":"Gremlin Leader","floor":25,"turns":4},{"damage":0,"enemies":"Snake Plant","floor":31,"turns":2},{"damage":0,"enemies":"Champ","floor":33,"turns":7},{"damage":8,"enemies":"3 Shapes","floor":35,"turns":4},{"damage":0,"enemies":"3 Darklings","floor":37,"turns":5},{"damage":0,"enemies":"Sphere and 2 Shapes","floor":39,"turns":4},{"damage":0,"enemies":"4 Shapes","floor":41,"turns":4},{"damage":0,"enemies":"3 Darklings","floor":42,"turns":5},{"damage":0,"enemies":"Maw","floor":45,"turns":6},{"damage":0,"enemies":"Spire Growth","floor":46,"turns":4},{"damage":0,"enemies":"Jaw Worm Horde","floor":47,"turns":5},{"damage":30,"enemies":"Reptomancer","floor":48,"turns":7},{"damage":0,"enemies":"Time Eater","floor":50,"turns":5}],"seed_played":"-4195018280404990867","potions_obtained":[{"floor":2.0,"key":"EntropicBrew"},{"floor":4.0,"key":"testmod-SpacePotion"},{"floor":11.0,"key":"testmod-TestPotion"},{"floor":19,"key":"EntropicBrew"},{"floor":21,"key":"testmod-EscapePotion"},{"floor":23,"key":"Block Potion"},{"floor":25,"key":"FearPotion"},{"floor":33,"key":"SkillPotion"},{"floor":35,"key":"Regen Potion"},{"floor":42,"key":"ColorlessPotion"},{"floor":47,"key":"Swift Potion"}],"is_trial":false,"path_per_floor":["M","M","?","M","?","E","R","M","T","$","M","$","M","M","R","B",null,"M","M","$","M","$","E","R","E","T","?","$","R","?","M","R","B",null,"M","?","M","$","M","R","M","M","T","$","M","M","M","E","R","B",null],"character_chosen":"Hololive_HololiveCharacter","items_purchased":["Hololive_Yoholoon","Hololive_CallNekomataOkayu","Hololive_CallOzoraSubaru","Orrery","Hololive_CallYozoraMel"],"campfire_rested":0,"item_purchase_floors":[10,12,38,38,44],"current_hp_per_floor":[35,35,28,28,33,33,33,33,33,33,33,33,33,33,33,40,40,40,40,40,40,40,40,40,40,40,40,40,40,40,40,40,40,40,36,26,40,40,40,40,40,40,40,40,40,40,40,40,40,40],"gold":151,"neow_bonus":"TRANSFORM_CARD","is_daily":false,"chose_seed":false,"campfire_upgraded":7,"win_rate":0.0,"timestamp":1613063176,"path_taken":["M","M","?","M","?","E","R","M","T","$","M","?","M","M","R","BOSS","M","M","$","M","$","E","R","E","T","?","?","R","?","M","R","BOSS","M","?","M","$","M","R","M","M","T","$","M","M","M","E","R","BOSS"],"items_purchased_type":["Card","Card","Card","Relic","Card"],"build_version":"2020-12-22","purchased_purges":2,"victory":true,"max_hp_per_floor":[35,35,35,35,40,40,40,40,40,40,40,40,40,40,40,40,40,40,40,40,40,40,40,40,40,40,40,40,40,40,40,40,40,40,40,40,40,40,40,40,40,40,40,40,40,40,40,40,40,40],"relic_stats":{"Gremlin Horn":[28,28],"counters":[26,106],"Bronze Scales":[302],"obtain_stats":[{"testmod-Maize":0,"testmod-TestBox":0,"Gremlin Horn":9,"SacredBark":17,"Thread and Needle":26,"testmod-LifeArmor":25,"testmod-RainbowHikingShoes":48,"testmod-SaigiyounoYou":34,"REME:ComplimentaryCards":0,"Bronze Scales":6,"testmod-AssaultLearning":43,"Hololive_TheStar":0,"Orrery":38},{"testmod-Maize":0,"testmod-TestBox":0,"Gremlin Horn":5,"SacredBark":9,"Thread and Needle":14,"testmod-LifeArmor":14,"testmod-RainbowHikingShoes":25,"testmod-SaigiyounoYou":16,"REME:ComplimentaryCards":0,"Bronze Scales":4,"testmod-AssaultLearning":21,"Hololive_TheStar":0,"Orrery":18},{"testmod-Maize":0,"testmod-TestBox":0,"Gremlin Horn":18,"SacredBark":32,"Thread and Needle":48,"testmod-LifeArmor":48,"testmod-RainbowHikingShoes":101,"testmod-SaigiyounoYou":57,"REME:ComplimentaryCards":0,"Bronze Scales":15,"testmod-AssaultLearning":79,"Hololive_TheStar":0,"Orrery":66}]},"card_choices":[{"not_picked":["Hololive_CallShiroganeNoel","Hololive_LuckPotion","Hololive_CallOmaruPolka"],"picked":"Hololive_OvertimeWork","floor":1.0},{"not_picked":["Hololive_CocoNews","Hololive_Trident","Hololive_OvertimeWork"],"picked":"Hololive_CallMurasakiShion","floor":2.0},{"not_picked":["Hololive_Sequa","Hololive_CallTokoyamiTowa","Hololive_CallKiryuuCoco"],"picked":"Hololive_Trident","floor":4.0},{"not_picked":["Hololive_Breathe","Hololive_CocoNews","Hololive_FlareMind","Hololive_StrengthChampion"],"picked":"SKIP","floor":6.0},{"not_picked":["Hololive_CocoNews","Hololive_RevenueBasedLive","Hololive_CallTsunomakiWatame"],"picked":"Hololive_CallAkiRosenthal","floor":8.0},{"not_picked":["Hololive_CallAyundaRisu","Hololive_Psychosis","Hololive_OvertimeWork"],"picked":"Hololive_FlyingPonyTail","floor":11.0},{"not_picked":["Hololive_Psychosis","Hololive_CallOmaruPolka","Hololive_Trident","Hololive_ManjiGathering"],"picked":"SKIP","floor":13.0},{"not_picked":["Hololive_ASMR","Hololive_CallShiroganeNoel","Hololive_Rebound"],"picked":"Hololive_CallAkaiHaato","floor":14.0},{"not_picked":["Hololive_FlareMind","Hololive_StarCraft","Hololive_DiamondStrike"],"picked":"Hololive_Nanodesu","floor":16.0},{"not_picked":["Hololive_Rebound","Hololive_CallKiryuuCoco+1","Hololive_LuckPotion"],"picked":"Hololive_Spy","floor":18},{"not_picked":["Hololive_Trident","Hololive_Sequa+1","Hololive_LuckPotion","Hololive_Rebound"],"picked":"SKIP","floor":19},{"not_picked":["Hololive_Rebirth","Hololive_RevenueBasedLive","Hololive_HuntDinosaur"],"picked":"Hololive_CallHimemoriLuna+1","floor":21},{"not_picked":["Hololive_Drill+1","Hololive_Rebound","Hololive_CallInugamiKorone","Hololive_Watashimo"],"picked":"SKIP","floor":23},{"not_picked":["Hololive_DevilCharm","Hololive_OvertimeWork+1","Hololive_CandyCastle"],"picked":"Hololive_FlyingPonyTail+1","floor":25},{"not_picked":["Hololive_Rebound+1","Hololive_CallFriendA","Hololive_Drill"],"picked":"Hololive_ILoveYou","floor":31},{"not_picked":["Hololive_StarCraft","Hololive_IdolExercise","Hololive_OpenUp"],"picked":"Hololive_DurableLive","floor":33},{"not_picked":["Hololive_Rebound","Hololive_SummonFox+1","Hololive_Trident+1","Hololive_RevenueBasedLive+1"],"picked":"SKIP","floor":35},{"not_picked":["PanicButton","testmod-FightingIntention","testmod-ComboMaster"],"picked":"Apotheosis","floor":36},{"not_picked":["testmod-Bloodthirsty","Deep Breath","Blind"],"picked":"Finesse","floor":36},{"not_picked":["Hololive_RevenueBasedLive+1","Hololive_Sequa","Hololive_CocoNews+1","Hololive_CallMomosuzuNene"],"picked":"SKIP","floor":37},{"not_picked":["Hololive_LuckPotion","Hololive_ManjiGathering","Hololive_AWSL"],"picked":"Hololive_DDD","floor":38},{"not_picked":["Hololive_Psychosis+1","Hololive_FlyingPonyTail+1","Hololive_StrengthChampion"],"picked":"Hololive_CallShishiroBotan+1","floor":38},{"not_picked":["Hololive_OvertimeWork+1","Hololive_StrengthChampion","Hololive_CallOmaruPolka+1"],"picked":"Hololive_CallMinatoAqua+1","floor":38},{"not_picked":["Hololive_CallFriendA+1","Hololive_StrengthChampion","Hololive_Drill"],"picked":"Hololive_CallHoushouMarine","floor":38},{"not_picked":["Hololive_FlyingPonyTail","Hololive_StrengthChampion+1","Hololive_DiamondStrike","Hololive_RevenueBasedLive"],"picked":"SKIP","floor":39},{"not_picked":["Hololive_HuntDinosaur+1","Hololive_CocoNews","Hololive_RevenueBasedLive"],"picked":"Hololive_CallUruhaRushia+1","floor":41},{"not_picked":["Hololive_CallUsadaPekora","Hololive_CallAkaiHaato","Hololive_Drill+1"],"picked":"Hololive_CocoNews+1","floor":42},{"not_picked":["Hololive_StrengthChampion+1","Hololive_Psychosis+1","Hololive_Sequa"],"picked":"Hololive_ILoveYou+1","floor":45},{"not_picked":["Hololive_LuckPotion+1","Hololive_CallRoboco","Hololive_Psychosis+1"],"picked":"Hololive_CallYukihanaLamy+1","floor":46},{"not_picked":["Hololive_Breathe+1","Hololive_SummonFox+1","Hololive_RevenueBasedLive"],"picked":"Hololive_CallMurasakiShion+1","floor":47},{"not_picked":["Hololive_Drill+1","Hololive_CandyCastle","Hololive_Rebound+1"],"picked":"Hololive_OvertimeWork+1","floor":48}],"player_experience":323774,"relics_obtained":[{"floor":6.0,"key":"Bronze Scales"},{"floor":9.0,"key":"Gremlin Horn"},{"floor":25,"key":"testmod-LifeArmor"},{"floor":26,"key":"Thread and Needle"},{"floor":43,"key":"testmod-AssaultLearning"},{"floor":48,"key":"testmod-RainbowHikingShoes"}],"event_choices":[{"damage_healed":0.0,"max_hp_gain":0.0,"max_hp_loss":0.0,"gold_gain":0.0,"event_name":"Shining Light","player_choice":"Entered Light","floor":3.0,"gold_loss":0.0,"damage_taken":7.0,"cards_upgraded":["Hololive_CallAyundaRisu","Hololive_Sequa"]},{"damage_healed":0.0,"max_hp_gain":5.0,"max_hp_loss":0.0,"gold_gain":0.0,"event_name":"Big Fish","player_choice":"Donut","floor":5.0,"gold_loss":0.0,"damage_taken":0.0},{"cards_removed":["Hololive_Defend"],"damage_healed":5,"gold_gain":0,"player_choice":"Offered Special","damage_taken":0,"max_hp_gain":0,"max_hp_loss":0,"event_name":"Bonfire Elementals","floor":27,"gold_loss":0},{"damage_healed":0,"gold_gain":0,"player_choice":"Read","damage_taken":0,"max_hp_gain":0,"max_hp_loss":0,"event_name":"The Library","floor":30,"gold_loss":0,"cards_obtained":["Hololive_CallManoAloe"]},{"damage_healed":0,"gold_gain":0,"player_choice":"Memory 3","damage_taken":10,"max_hp_gain":0,"max_hp_loss":0,"event_name":"SensoryStone","floor":36,"gold_loss":0}],"is_beta":false,"boss_relics":[{"not_picked":["Hololive_ChaosS","testmod-DreamHouse"],"picked":"SacredBark"},{"not_picked":["testmod-GoldenSoul","Velvet Choker"],"picked":"testmod-SaigiyounoYou"}],"items_purged_floors":[20,22],"is_endless":false,"potions_floor_spawned":[2,4,11,19,21,23,25,33,35,37,42,45,47],"ascension_level":0}}