{"host":"zjnmjbs15rdpqnz9","time":1613066809,"event":{"mods":["BaseMod","Downfall","Minty Spire (QoL Compilation)","StSLib"],"gold_per_floor":[99,99,114,129,129,159,159,159,159,159],"floor_reached":8,"language":"ENG","playtime":592,"items_purged":[],"score":54,"play_id":"ff67b2cd-b50e-4416-a408-b11a476d88b1","local_time":"20210211110649","daily_mods":["Shiny","Uncertain Future","DeadlyEvents"],"is_ascension_mode":false,"campfire_choices":[{"data":"hexamod:HexaLevel","floor":1,"key":"SMITH"}],"circlet_count":0,"master_deck":["hexamod:Toasty","hexamod:UnleashSpirits","hexamod:HexaLevel+1","hexamod:SixthSeal","hexamod:WildfireWeapon","hexamod:VolcanoVisage","hexamod:ApocalypseNow","hexamod:FlameSwitch+1","hexamod:TimeOfNeed","hexamod:FifthSeal","hexamod:ForkedFlame+1","hexamod:SearingWound","hexamod:GhostflameInferno","hexamod:ParanormalForm","hexamod:GiftsFromTheDead","hexamod:ApocalypticArmor","hexamod:UnlimitedPower","hexamod:TurnItUp","hexamod:TimeWarp","hexamod:GhostOfSpirePresent","hexamod:NightmareStrike","hexamod:FastForward","hexamod:FourthSeal","hexamod:ThirdSeal"],"relics":["hexamod:SpiritBrand","downfall:ShatteredFragment","TungstenRod","Meat on the Bone"],"acts_visited":["Exordium"],"potions_floor_usage":[],"damage_taken":[{"damage":0,"enemies":"2 Louse","floor":3,"turns":1},{"damage":13,"enemies":"Jaw Worm","floor":4,"turns":3},{"damage":26,"enemies":"3 Sentries","floor":6,"turns":6},{"damage":12,"enemies":"Lagavulin","floor":8,"turns":3}],"seed_played":"-587577638262706789","potions_obtained":[{"floor":3,"key":"SmokeBomb"},{"floor":6,"key":"SneckoOil"}],"is_trial":false,"path_per_floor":["R","?","M","M","?","E","T","E"],"character_chosen":"THE_SPIRIT","items_purchased":[],"campfire_rested":0,"item_purchase_floors":[],"current_hp_per_floor":[70,49,49,36,36,10,10,0,0,0],"gold":159,"neow_bonus":"","is_daily":true,"chose_seed":false,"campfire_upgraded":1,"win_rate":0.0,"timestamp":1613066809,"path_taken":["R","?","M","M","?","?","T","E"],"items_purchased_type":[],"build_version":"2020-12-22","purchased_purges":0,"victory":false,"max_hp_per_floor":[70,70,70,70,70,70,70,70,70,70],"card_choices":[{"not_picked":["hexamod:BurningTouch","hexamod:GhostflameBarrier"],"picked":"hexamod:NightmareStrike","floor":3},{"not_picked":["hexamod:Firestarter","hexamod:SuperheatedStrike"],"picked":"hexamod:FastForward","floor":4},{"not_picked":["hexamod:SixthSeal","hexamod:SecondSeal"],"picked":"hexamod:FourthSeal","floor":4},{"not_picked":["hexamod:FourthSeal","hexamod:FirstSeal"],"picked":"hexamod:ThirdSeal","floor":6},{"not_picked":["hexamod:PowerFromBeyond","hexamod:HauntingEcho","hexamod:Firestarter"],"picked":"SKIP","floor":6}],"player_experience":914668,"relics_obtained":[{"floor":6,"key":"TungstenRod"},{"floor":7,"key":"Meat on the Bone"}],"event_choices":[],"is_beta":false,"boss_relics":[],"items_purged_floors":[],"is_endless":false,"potions_floor_spawned":[3],"killed_by":"Lagavulin","ascension_level":0}}