{"host":"oigynbtg272c19pw","time":1613037327,"event":{"mods":["BaseMod","Colored Map","Minty Spire (QoL Compilation)","Relic Stats","Slay the Relics Exporter","StSLib"],"gold_per_floor":[109,109,109,34,34,59,59,84,84,84,104,133,133,168,168,242,242,278,251,14,27,27,27,53,53,104,139,139,139,139,39,39,116,116,141,141],"floor_reached":35,"playtime":1554,"items_purged":["Strike_P","Defend_P"],"score":944,"play_id":"2181a6d6-9a71-4333-86fb-ede5bc046fd7","local_time":"20210211105527","is_ascension_mode":true,"campfire_choices":[{"data":"BowlingBash","floor":10.0,"key":"SMITH"},{"data":"Adaptation","floor":13.0,"key":"SMITH"},{"data":"1","floor":15.0,"key":"LIFT"},{"floor":23.0,"key":"REST"},{"floor":25.0,"key":"REST"},{"data":"Meditate","floor":28.0,"key":"SMITH"},{"data":"TalkToTheHand","floor":30.0,"key":"SMITH"},{"data":"MentalFortress","floor":32.0,"key":"SMITH"}],"circlet_count":0,"master_deck":["AscendersBane","Strike_P+1","Strike_P+1","Defend_P+1","Defend_P","Defend_P","Eruption","Vigilance","FlurryOfBlows","Meditate+1","BowlingBash+1","Adaptation+1","FearNoEvil+1","Wish","TalkToTheHand+1","MentalFortress+1","SpiritShield"],"relics":["HolyWater","NeowsBlessing","Gambling Chip","Ancient Tea Set","Blood Vial","Art of War","Girya","Whetstone","Turnip","Philosopher\u0027s Stone"],"acts_visited":["Exordium","TheCity","TheBeyond"],"potions_floor_usage":[33,35],"damage_taken":[{"damage":0.0,"enemies":"Small Slimes","floor":1.0,"turns":2.0},{"damage":0.0,"enemies":"Lagavulin","floor":6.0,"turns":1.0},{"damage":0.0,"enemies":"Gremlin Nob","floor":8.0,"turns":1.0},{"damage":0.0,"enemies":"Jaw Worm","floor":11.0,"turns":3.0},{"damage":10.0,"enemies":"Lagavulin","floor":12.0,"turns":5.0},{"damage":11.0,"enemies":"Gremlin Nob","floor":14.0,"turns":3.0},{"damage":26.0,"enemies":"The Guardian","floor":16.0,"turns":15.0},{"damage":23.0,"enemies":"3 Byrds","floor":18.0,"turns":7.0},{"damage":15.0,"enemies":"2 Thieves","floor":19.0,"turns":4.0},{"damage":11.0,"enemies":"Snake Plant","floor":21.0,"turns":3.0},{"damage":26.0,"enemies":"Slavers","floor":24.0,"turns":3.0},{"damage":4.0,"enemies":"Centurion and Healer","floor":27.0,"turns":7.0},{"damage":22,"enemies":"Champ","floor":33,"turns":5},{"damage":7,"enemies":"3 Darklings","floor":35,"turns":3}],"seed_played":"-599092607010319963","potions_obtained":[{"floor":1.0,"key":"GamblersBrew"},{"floor":14.0,"key":"FearPotion"},{"floor":27.0,"key":"EntropicBrew"},{"floor":33,"key":"AttackPotion"}],"is_trial":false,"path_per_floor":["M","?","?","?","$","E","$","E","T","R","M","E","R","E","R","B",null,"M","M","$","M","$","R","E","R","T","M","R","?","R","$","R","B",null,"M"],"character_chosen":"WATCHER","items_purchased":["Whetstone"],"campfire_rested":2,"item_purchase_floors":[20],"current_hp_per_floor":[61,66,44,44,44,44,44,44,44,44,46,38,38,29,29,5,56,35,22,22,13,13,34,10,31,31,29,29,29,29,29,29,9,57,52,52],"gold":141,"neow_bonus":"THREE_ENEMY_KILL","is_daily":false,"chose_seed":false,"campfire_upgraded":5,"win_rate":0.0,"timestamp":1613037327,"path_taken":["M","?","?","?","?","E","$","E","T","R","?","E","R","E","R","BOSS","M","M","$","M","$","R","E","R","T","M","R","?","R","$","R","BOSS","M"],"items_purchased_type":["Relic"],"build_version":"2020-12-13","purchased_purges":2,"victory":false,"max_hp_per_floor":[68,73,73,73,73,73,73,73,73,73,73,73,73,73,73,73,73,73,73,73,73,73,73,73,73,73,73,73,73,73,73,73,73,73,73,73],"relic_stats":{"Blood Vial":22,"counters":[14,62],"Gambling Chip":[39],"Turnip":[4],"Art of War":[11],"Whetstone":["FearNoEvil","Strike_P"],"obtain_stats":[{"Blood Vial":9,"Girya":14,"NeowsBlessing":0,"Gambling Chip":6,"HolyWater":17,"Philosopher\u0027s Stone":34,"Turnip":24,"Art of War":12,"Whetstone":20,"PureWater":0,"Ancient Tea Set":8},{"Blood Vial":3,"Girya":6,"NeowsBlessing":0,"Gambling Chip":2,"HolyWater":7,"Philosopher\u0027s Stone":13,"Turnip":11,"Art of War":5,"Whetstone":9,"PureWater":0,"Ancient Tea Set":3},{"Blood Vial":4,"Girya":15,"NeowsBlessing":0,"Gambling Chip":3,"HolyWater":30,"Philosopher\u0027s Stone":59,"Turnip":47,"Art of War":12,"Whetstone":41,"PureWater":0,"Ancient Tea Set":4}]},"card_choices":[{"not_picked":["WindmillStrike","ThirdEye"],"picked":"FlurryOfBlows","floor":1.0},{"not_picked":["BowlingBash","Protect"],"picked":"Meditate","floor":6.0},{"not_picked":["Halt","MentalFortress"],"picked":"BowlingBash","floor":8.0},{"not_picked":["Meditate","Protect","Nirvana"],"picked":"SKIP","floor":11.0},{"not_picked":["Sanctity","ThirdEye"],"picked":"Adaptation","floor":12.0},{"not_picked":["Prostrate","CutThroughFate"],"picked":"FearNoEvil","floor":14.0},{"not_picked":["Alpha","LessonLearned"],"picked":"Wish","floor":16.0},{"not_picked":["Crescendo","Prostrate","SashWhip"],"picked":"SKIP","floor":18.0},{"not_picked":["FlurryOfBlows","BowlingBash"],"picked":"TalkToTheHand","floor":19.0},{"not_picked":["Protect+1","Consecrate","Blasphemy"],"picked":"SKIP","floor":21.0},{"not_picked":["Wish","Consecrate"],"picked":"MentalFortress","floor":24.0},{"not_picked":["Consecrate","FlyingSleeves+1","JustLucky"],"picked":"SKIP","floor":27.0},{"not_picked":["Judgement","Blasphemy"],"picked":"SpiritShield","floor":33}],"player_experience":1580093,"relics_obtained":[{"floor":6.0,"key":"Gambling Chip"},{"floor":8.0,"key":"Ancient Tea Set"},{"floor":9.0,"key":"Blood Vial"},{"floor":12.0,"key":"Art of War"},{"floor":14.0,"key":"Girya"},{"floor":24.0,"key":"Turnip"}],"event_choices":[{"damage_healed":0.0,"max_hp_gain":5.0,"max_hp_loss":0.0,"gold_gain":0.0,"event_name":"Big Fish","player_choice":"Donut","floor":2.0,"gold_loss":0.0,"damage_taken":0.0},{"damage_healed":0.0,"max_hp_gain":0.0,"max_hp_loss":0.0,"gold_gain":0.0,"event_name":"Shining Light","player_choice":"Entered Light","floor":3.0,"gold_loss":0.0,"damage_taken":22.0,"cards_upgraded":["Defend_P","Strike_P"]},{"cards_removed":["Strike_P"],"damage_healed":0.0,"max_hp_gain":0.0,"max_hp_loss":0.0,"gold_gain":0.0,"event_name":"The Cleric","player_choice":"Card Removal","floor":4.0,"gold_loss":75.0,"damage_taken":0.0},{"damage_healed":0.0,"max_hp_gain":0.0,"max_hp_loss":0.0,"gold_gain":0.0,"event_name":"N\u0027loth","player_choice":"Ignored","floor":29.0,"gold_loss":0.0,"damage_taken":0.0}],"is_beta":false,"boss_relics":[{"not_picked":["Fusion Hammer","Runic Dome"],"picked":"HolyWater"},{"not_picked":["Sozu","SlaversCollar"],"picked":"Philosopher\u0027s Stone"}],"items_purged_floors":[20,31],"is_endless":false,"potions_floor_spawned":[1,14,27,33],"killed_by":"3 Darklings","ascension_level":20}}