{"host":"o3b7ow6d1xe49css","time":1613032436,"event":{"mods":["Act Like it!","Aspiration","BaseMod","Bestiary","Better Altar","Better Match","Better Note","Better Sensory Stone","Better Skull","Better Third Choice","Colored Powertips","Conspire","Energized Spire","GifTheSpireLib","Halation","Hermit","Hubris","Infinite Spire","Lobotomy","Marisa????????","Minty Spire (QoL Compilation)","Quick Restart","Rare Cards Sparkle","Relic Filter Mod","Reliquary","Replay The Spire","Spicy Shops","Spikes Relics","Spire Arcade","StSLib","Stuff the Spire","The Blue Laboratory","Wandering Minibosses"],"gold_per_floor":[116,129,139,150,150,150,181,209,236,236,236,265,298,8,8,108,108,124,124,135,135,135,170,170,198,198,198,198,228,228,8,8,108,108,126,145,145,145,145,145,173,173,173,202,202,202,3,3,3,102,102,102,102,131,230],"floor_reached":56,"language":"ENG","playtime":2012,"items_purged":["Strike_P","Defend_P","Strike_P"],"score":2070,"play_id":"a431bd10-6d13-44aa-88f2-2da2394cc35c","local_time":"20210210233356","daily_mods":["Heirloom","Flight"],"is_ascension_mode":true,"campfire_choices":[{"data":"Eruption","floor":6,"key":"SMITH"},{"data":"CrushJoints","floor":10,"key":"SMITH"},{"floor":11,"key":"REST"},{"data":"Strike_P","floor":15,"key":"PURGE"},{"data":"StuffTheSpire:Ambrosia","floor":24,"key":"SMITH"},{"floor":27,"key":"REST"},{"data":"infinitespire:Execution","floor":28,"key":"SMITH"},{"data":"Vault","floor":32,"key":"SMITH"},{"floor":40,"key":"REST"},{"data":"infinitespire:UltimateForm","floor":42,"key":"SMITH"},{"data":"FlurryOfBlows","floor":45,"key":"SMITH"},{"floor":46,"key":"REST"},{"data":"DevaForm","floor":49,"key":"SMITH"},{"data":"Halt","floor":52,"key":"SMITH"}],"circlet_count":0,"master_deck":["Defend_P","Defend_P","Defend_P","Eruption+1","Vigilance","FlurryOfBlows+1","CrushJoints+1","UniverseFragment","Scrawl+1","Tantrum","Halt+1","Replay:BluntJabs","Vault+1","Indignation","Wireheading","StuffTheSpire:Ambrosia+1","infinitespire:Execution+1","FlurryOfBlows+1","DevaForm+1","CurseOfTheBell","infinitespire:UltimateForm+1","Wallop+1","FlurryOfBlows"],"relics":["PureWater","Ring of Chaos","StuffTheSpire:Expresso","CogitoBucket","halation:PromiseList","infinitespire:ShieldingShard","Oddly Smooth Stone","StuffTheSpire:NeowsTribute","halation:Prosthetics","SkinProphecy","StuffTheSpire:OldFever","StrikeDummy","Replay:Kaleidoscope","Bag of Preparation","conspire:Boomerang","halation:Thesaurus","MealTicket","Replay:Grab Bag","infinitespire:Cupcake","reliquary:Ember","Calling Bell","Toy Ornithopter","hubris:PeanutButter","Bird Faced Urn","Simple Rune","hubris:Icosahedron","Thread and Needle","SpikesRelics:ToyHorsey","Mummified Hand","Lee\u0027s Waffle","Runic Pyramid","Ring of Chaos","Replay:Bottled Steam"],"acts_visited":["Exordium","TheCity","TheBeyond","Exordium","TheEnding"],"potions_floor_usage":[2,8,8,12,29,29,55,55],"damage_taken":[{"damage":0,"enemies":"Small Slimes","floor":1,"turns":3},{"damage":0,"enemies":"Cultist","floor":2,"turns":3},{"damage":0,"enemies":"conspire:RoseBush","floor":3,"turns":2},{"damage":0,"enemies":"Blue Slaver","floor":4,"turns":3},{"damage":4,"enemies":"Replay:BlueRogue","floor":7,"turns":4},{"damage":21,"enemies":"Lagavulin","floor":8,"turns":10},{"damage":0,"enemies":"3 Sentries","floor":12,"turns":4},{"damage":5,"enemies":"Replay:BlueRogue","floor":13,"turns":3},{"damage":13,"enemies":"Fading Forest","floor":16,"turns":11},{"damage":0,"enemies":"3 Byrds","floor":18,"turns":2},{"damage":0,"enemies":"Chosen","floor":20,"turns":1},{"damage":0,"enemies":"Nightmare","floor":23,"turns":4},{"damage":0,"enemies":"conspire:Head Lice","floor":25,"turns":3},{"damage":0,"enemies":"Slavers","floor":29,"turns":2},{"damage":0,"enemies":"Collector","floor":33,"turns":3},{"damage":6,"enemies":"3 Shapes","floor":35,"turns":4},{"damage":0,"enemies":"Orb Walker","floor":36,"turns":1},{"damage":0,"enemies":"R_Hoarder","floor":41,"turns":3},{"damage":0,"enemies":"Nightmare","floor":44,"turns":3},{"damage":0,"enemies":"Donu and Deca","floor":50,"turns":5},{"damage":0,"enemies":"Shield and Spear","floor":54,"turns":2},{"damage":0,"enemies":"The Heart","floor":55,"turns":5}],"seed_played":"-5802321003086980760","potions_obtained":[{"floor":1,"key":"Adrenaline Potion"},{"floor":2,"key":"DuplicationPotion"},{"floor":4,"key":"blueLaboratory:BottleOfVodka"},{"floor":8,"key":"blueLaboratory:StoneskinPotion"},{"floor":13,"key":"Dexterity Potion"},{"floor":20,"key":"SmokeBomb"},{"floor":23,"key":"Fire Potion"},{"floor":33,"key":"blueLaboratory:BottledHope"},{"floor":36,"key":"BottledMiracle"},{"floor":41,"key":"EssenceOfSteel"}],"is_trial":true,"path_per_floor":["M","M","M","M","?","R","E","E","T","R","R","E","E","$","R","B",null,"M","$","M","?","?","NM","R","E","T","R","R","E","AVR","$","R","B",null,"M","M","?","AVR","?","R","E","R","T","NM","R","R","$","?","R","B",null,"R","$","E","B",null],"character_chosen":"WATCHER","items_purchased":["Replay:BluntJabs","Omamori","Energy Potion","halation:Thesaurus","Lee\u0027s Waffle","FlurryOfBlows"],"campfire_rested":4,"item_purchase_floors":[14,14,14,31,47,47],"current_hp_per_floor":[72,72,72,72,65,65,61,40,40,40,61,61,56,56,56,51,37,37,37,33,33,24,21,21,19,19,32,32,30,30,30,30,28,48,40,38,38,38,38,56,56,56,56,54,54,71,78,78,78,82,82,82,82,80,90],"gold":230,"neow_bonus":"","is_daily":false,"chose_seed":false,"campfire_upgraded":9,"win_rate":0.0,"timestamp":1613032436,"path_taken":["M","M","M","M","?","R","E","E","T","R","R","E","E","$","R","BOSS","M","$","M","?","?","NM","R","E","T","R","R","E","AVR","$","R","BOSS","M","M","?","AVR","?","R","E","R","T","NM","R","R","$","?","R","BOSS","R","$","E","BOSS"],"items_purchased_type":["Card","Relic","Potion","Relic","Relic","Card"],"build_version":"2020-12-22","purchased_purges":3,"victory":true,"max_hp_per_floor":[72,72,72,72,72,72,72,72,72,72,72,72,72,72,72,72,37,37,37,39,39,39,42,42,46,46,46,46,50,50,50,50,54,54,62,66,63,63,63,63,67,67,67,71,71,71,78,78,78,82,82,82,82,86,90],"card_choices":[{"not_picked":["SpiderBud","Rudolta","MeatLantern"],"picked":"Singing Bowl","floor":1},{"not_picked":["Prostrate","InnerPeace","Pray"],"picked":"SKIP","floor":1},{"not_picked":["Judgement","Evaluate"],"picked":"FlurryOfBlows","floor":2},{"not_picked":["SpiderBud","CherryBlossoms","Bloodbath"],"picked":"Singing Bowl","floor":2},{"not_picked":["Replay:ManipulateFuture","Replay:Cycle"],"picked":"CrushJoints","floor":3},{"not_picked":["CrumblingArmor","MHz","QueenOfHatred"],"picked":"Singing Bowl","floor":3},{"not_picked":["OSAHOGD","LaLuna","Freischutz"],"picked":"Singing Bowl","floor":4},{"not_picked":["BlueStar","ShyLook"],"picked":"UniverseFragment","floor":4},{"not_picked":["Fasting2","Collect","EmptyBody"],"picked":"SKIP","floor":4},{"not_picked":["QueenOfHatred","LongBird","MHz"],"picked":"Singing Bowl","floor":7},{"not_picked":["FollowUp","EmptyFist","SpiritShield"],"picked":"SKIP","floor":7},{"not_picked":["CutThroughFate","Evaluate"],"picked":"Scrawl","floor":8},{"not_picked":["WheelKick","Replay:ManipulateFuture"],"picked":"Tantrum","floor":12},{"not_picked":["FieryBird","PunishingBird","Wellcheers"],"picked":"Singing Bowl","floor":12},{"not_picked":["Ragnarok","FlyingSleeves"],"picked":"Halt","floor":13},{"not_picked":["MasterReality","Ragnarok"],"picked":"Vault","floor":16},{"not_picked":["FearNoEvil","Replay:AtTheReady"],"picked":"Indignation","floor":18},{"not_picked":["Crescendo","BowlingBash"],"picked":"Wireheading","floor":20},{"not_picked":["StuffTheSpire:Innocence","StuffTheSpire:Perfection"],"picked":"StuffTheSpire:Ambrosia","floor":21},{"not_picked":["infinitespire:Collect","infinitespire:NeuralNetwork"],"picked":"infinitespire:Execution","floor":22},{"not_picked":["Weave","ThirdEye"],"picked":"FlurryOfBlows","floor":23},{"not_picked":["Ragnarok","Wallop","Prostrate"],"picked":"SKIP","floor":25},{"not_picked":["Crescendo","ReachHeaven","Establishment"],"picked":"SKIP","floor":29},{"not_picked":["Blasphemy","Ragnarok"],"picked":"DevaForm","floor":33},{"not_picked":["FlyingSleeves","EmptyMind+1"],"picked":"Protect","floor":35},{"not_picked":["FearNoEvil+1","Replay:ManipulateFuture+1","Replay:AtTheReady"],"picked":"SKIP","floor":36},{"not_picked":["FearNoEvil+1","Replay:ManipulateFuture+1","Replay:AtTheReady"],"picked":"SKIP","floor":36},{"not_picked":["Worship+1","BowlingBash+1","ClearTheMind+1"],"picked":"SKIP","floor":41},{"not_picked":["Worship+1","BowlingBash+1","ClearTheMind+1"],"picked":"SKIP","floor":41},{"not_picked":["BowlingBash","Devotion"],"picked":"Wallop+1","floor":44},{"not_picked":["Weave+1","Wireheading+1","BattleHymn+1"],"picked":"SKIP","floor":54}],"player_experience":1360499,"relics_obtained":[{"floor":7,"key":"halation:PromiseList"},{"floor":8,"key":"infinitespire:ShieldingShard"},{"floor":9,"key":"reliquary:Buckler"},{"floor":12,"key":"Oddly Smooth Stone"},{"floor":13,"key":"StuffTheSpire:NeowsTribute"},{"floor":23,"key":"StuffTheSpire:OldFever"},{"floor":25,"key":"StrikeDummy"},{"floor":26,"key":"Replay:Kaleidoscope"},{"floor":29,"key":"Bag of Preparation"},{"floor":34,"key":"Toy Ornithopter"},{"floor":34,"key":"hubris:PeanutButter"},{"floor":34,"key":"Bird Faced Urn"},{"floor":41,"key":"Thread and Needle"},{"floor":43,"key":"SpikesRelics:ToyHorsey"},{"floor":44,"key":"Mummified Hand"},{"floor":54,"key":"Replay:Bottled Steam"}],"event_choices":[{"cards_removed":["Strike_P"],"damage_healed":0,"gold_gain":0,"player_choice":"Card Removal","damage_taken":7,"max_hp_gain":0,"max_hp_loss":0,"event_name":"Golden Wing","floor":5,"gold_loss":0},{"damage_healed":0,"gold_gain":0,"player_choice":"Max HP","damage_taken":0,"max_hp_gain":0,"max_hp_loss":3,"event_name":"Winding Halls","floor":37,"gold_loss":0},{"cards_removed":["Protect"],"damage_healed":0,"gold_gain":0,"player_choice":"Removed Skill","damage_taken":0,"max_hp_gain":0,"max_hp_loss":0,"event_name":"Falling","floor":48,"gold_loss":0}],"is_beta":false,"boss_relics":[{"not_picked":["hubris:CrackedHourglass","reliquary:RedPaperclip"],"picked":"halation:Prosthetics"},{"not_picked":["Philosopher\u0027s Stone","aspiration:RitualDagger"],"picked":"Replay:Grab Bag"},{"not_picked":["StuffTheSpire:ModemDavis","StuffTheSpire:RunicConfusion"],"picked":"infinitespire:Cupcake"},{"not_picked":["hubris:GrandSneckoEye","halation:ForbiddenBikini"],"picked":"reliquary:Ember"},{"not_picked":["Kintsugi","aspiration:RunicSpoon"],"picked":"Calling Bell"},{"not_picked":["Ring of Chaos","Replay:Ancient Bell"],"picked":"Runic Pyramid"}],"items_purged_floors":[30,31,38],"is_endless":true,"potions_floor_spawned":[1,2,4,8,13,20,23,33,36,41],"ascension_level":5}}