{"host":"24vdok87ydm8sokm","time":1613043997,"event":{"mods":["AchievementEnabler","BaseMod","Colored Map","Colored Powertips","Minty Spire (QoL Compilation)","StSLib"],"gold_per_floor":[114,189,204,219,219,219,249,63,63,78,78,108,123,153,153,253,253,268,118,118,133,160,202,214,241,303,330,342,384,496,508,520,632,644,671,698,710,722,734,776,788,830,842,869,896,923,950,977,989,1001],"floor_reached":51,"language":"ENG","playtime":8938,"items_purged":[],"score":946,"play_id":"941a61de-974e-4b61-80a7-a4d49005d2af","local_time":"20210211054637","daily_mods":["Allstar","Vintage","Binary"],"is_ascension_mode":false,"campfire_choices":[{"data":"Panacea","floor":6,"key":"SMITH"},{"floor":15,"key":"REST"},{"floor":24,"key":"REST"},{"floor":28,"key":"REST"},{"data":"Vault","floor":32,"key":"SMITH"},{"floor":41,"key":"REST"},{"data":"Enlightenment","floor":49,"key":"SMITH"}],"circlet_count":0,"master_deck":["Strike_P","Strike_P","Strike_P+1","Strike_P","Defend_P+1","Defend_P+1","Defend_P","Defend_P","Eruption","Vigilance","Swift Strike","Dark Shackles","Sadistic Nature","Master of Strategy","Panacea+1","SandsOfTime+1","Worship","Worship","Vault+1","Eruption","FlyingSleeves","Protect","EmptyBody+1","Establishment+1","Enlightenment+1","Discovery","Dramatic Entrance","Vengeance","Consecrate+1"],"relics":["PureWater","Frozen Egg 2","Anchor","Art of War","Toy Ornithopter","Boot","Lantern","Matryoshka","Akabeko","Kunai","Oddly Smooth Stone","Prayer Wheel","SlaversCollar","Meat on the Bone","Bag of Preparation","MawBank","TeardropLocket","Question Card","PreservedInsect","Regal Pillow","InkBottle","Bronze Scales","Torii","CloakClasp","Ornamental Fan","Busted Crown","Pear","Yang","Happy Flower","Damaru","Mummified Hand","Bottled Flame","Darkstone Periapt","Nunchaku","Girya","Whetstone","HornCleat"],"acts_visited":["Exordium","TheCity","TheBeyond"],"potions_floor_usage":[1,7,7,16,18,23,23,30,33,33,33,50,50,50],"damage_taken":[{"damage":0,"enemies":"2 Louse","floor":1,"turns":4},{"damage":0,"enemies":"Jaw Worm","floor":3,"turns":2},{"damage":1,"enemies":"Cultist","floor":4,"turns":4},{"damage":1,"enemies":"Exordium Wildlife","floor":5,"turns":4},{"damage":13,"enemies":"3 Sentries","floor":7,"turns":12},{"damage":0,"enemies":"Looter","floor":10,"turns":2},{"damage":0,"enemies":"Lagavulin","floor":12,"turns":4},{"damage":0,"enemies":"Large Slime","floor":13,"turns":2},{"damage":9,"enemies":"3 Sentries","floor":14,"turns":6},{"damage":62,"enemies":"Hexaghost","floor":16,"turns":11},{"damage":2,"enemies":"2 Thieves","floor":18,"turns":4},{"damage":0,"enemies":"Spheric Guardian","floor":21,"turns":2},{"damage":15,"enemies":"Centurion and Healer","floor":22,"turns":7},{"damage":59,"enemies":"Gremlin Leader","floor":23,"turns":7},{"damage":0,"enemies":"Cultist and Chosen","floor":25,"turns":3},{"damage":0,"enemies":"Shelled Parasite and Fungi","floor":27,"turns":3},{"damage":0,"enemies":"Book of Stabbing","floor":29,"turns":3},{"damage":1,"enemies":"Colosseum Slavers","floor":30,"turns":3},{"damage":0,"enemies":"Colosseum Nobs","floor":30,"turns":2},{"damage":31,"enemies":"Collector","floor":33,"turns":10},{"damage":1,"enemies":"3 Shapes","floor":35,"turns":4},{"damage":15,"enemies":"3 Darklings","floor":36,"turns":6},{"damage":0,"enemies":"Reptomancer","floor":40,"turns":3},{"damage":7,"enemies":"Nemesis","floor":42,"turns":6},{"damage":5,"enemies":"Sphere and 2 Shapes","floor":44,"turns":3},{"damage":0,"enemies":"Spire Growth","floor":45,"turns":4},{"damage":0,"enemies":"3 Darklings","floor":46,"turns":3},{"damage":2,"enemies":"Writhing Mass","floor":47,"turns":6},{"damage":1,"enemies":"Jaw Worm Horde","floor":48,"turns":3},{"damage":0,"enemies":"Awakened One","floor":50,"turns":9}],"seed_played":"-587577638262706789","potions_obtained":[{"floor":1,"key":"Fruit Juice"},{"floor":3,"key":"Weak Potion"},{"floor":4,"key":"Block Potion"},{"floor":12,"key":"Energy Potion"},{"floor":16,"key":"FearPotion"},{"floor":21,"key":"PowerPotion"},{"floor":22,"key":"Explosive Potion"},{"floor":25,"key":"Ambrosia"},{"floor":27,"key":"LiquidBronze"},{"floor":29,"key":"DuplicationPotion"},{"floor":30,"key":"Dexterity Potion"},{"floor":44,"key":"LiquidMemories"},{"floor":45,"key":"ColorlessPotion"},{"floor":48,"key":"Regen Potion"}],"is_trial":false,"path_per_floor":["M","?","M","M","M","R","E","$","T","M","?","E","M","E","R","B",null,"M","$","?","M","M","E","R","M","T","M","R","E","?","?","R","B",null,"M","M","?","?","?","E","R","E","T","M","M","M","M","M","R","B",null],"character_chosen":"WATCHER","items_purchased":["Lantern","Worship","Bag of Preparation"],"campfire_rested":4,"item_purchase_floors":[8,8,19],"current_hp_per_floor":[77,66,66,65,64,64,61,61,61,61,46,46,46,37,60,3,77,75,75,75,75,60,23,46,46,46,46,77,77,77,77,77,46,77,86,71,71,71,61,61,87,80,80,75,75,75,73,72,72,87],"gold":1013,"neow_bonus":"","is_daily":true,"chose_seed":false,"campfire_upgraded":3,"win_rate":0.0,"timestamp":1613043997,"path_taken":["M","?","M","M","M","R","E","$","T","M","?","E","M","E","R","BOSS","M","$","?","M","M","E","R","?","T","M","R","E","?","?","R","BOSS","M","M","?","?","?","E","R","E","T","M","M","M","M","M","R","BOSS"],"items_purchased_type":["Relic","Card","Relic"],"build_version":"2020-12-22","purchased_purges":0,"victory":true,"max_hp_per_floor":[77,77,77,77,77,77,77,77,77,77,77,77,77,77,77,77,77,77,77,77,77,77,77,77,77,77,77,77,77,77,77,77,77,77,87,87,87,87,87,87,87,87,87,87,87,87,87,87,87,87],"card_choices":[{"not_picked":["Consecrate"],"picked":"SandsOfTime","floor":7},{"not_picked":["Tantrum"],"picked":"Worship","floor":12},{"not_picked":["ThirdEye","Tantrum"],"picked":"SKIP","floor":14},{"not_picked":["Brilliance"],"picked":"Vault","floor":16},{"not_picked":["SashWhip"],"picked":"Protect","floor":23},{"not_picked":["Consecrate","CarveReality+1"],"picked":"EmptyBody+1","floor":29},{"not_picked":["Meditate+1","Halt"],"picked":"LikeWater+1","floor":30},{"not_picked":["Blasphemy","Brilliance"],"picked":"Establishment+1","floor":33},{"not_picked":[],"picked":"Enlightenment","floor":39},{"not_picked":[],"picked":"Discovery","floor":39},{"not_picked":[],"picked":"Dramatic Entrance","floor":39},{"not_picked":[],"picked":"Vengeance","floor":40},{"not_picked":[],"picked":"Consecrate+1","floor":42}],"player_experience":87951,"relics_obtained":[{"floor":1,"key":"Frozen Egg 2"},{"floor":3,"key":"Anchor"},{"floor":4,"key":"Art of War"},{"floor":5,"key":"Toy Ornithopter"},{"floor":7,"key":"Boot"},{"floor":9,"key":"Matryoshka"},{"floor":10,"key":"Akabeko"},{"floor":12,"key":"Kunai"},{"floor":13,"key":"Oddly Smooth Stone"},{"floor":14,"key":"Prayer Wheel"},{"floor":18,"key":"Meat on the Bone"},{"floor":21,"key":"MawBank"},{"floor":22,"key":"TeardropLocket"},{"floor":23,"key":"Question Card"},{"floor":25,"key":"PreservedInsect"},{"floor":26,"key":"Regal Pillow"},{"floor":26,"key":"InkBottle"},{"floor":27,"key":"Bronze Scales"},{"floor":29,"key":"Torii"},{"floor":30,"key":"CloakClasp"},{"floor":30,"key":"Ornamental Fan"},{"floor":35,"key":"Pear"},{"floor":36,"key":"Yang"},{"floor":40,"key":"Happy Flower"},{"floor":42,"key":"Damaru"},{"floor":43,"key":"Mummified Hand"},{"floor":43,"key":"Bottled Flame"},{"floor":44,"key":"Darkstone Periapt"},{"floor":45,"key":"Nunchaku"},{"floor":46,"key":"Girya"},{"floor":47,"key":"Whetstone"},{"floor":48,"key":"HornCleat"}],"event_choices":[{"damage_healed":0,"gold_gain":75,"player_choice":"Gather Gold","damage_taken":11,"max_hp_gain":0,"max_hp_loss":0,"event_name":"World of Goop","floor":2,"gold_loss":0},{"damage_healed":0,"gold_gain":0,"player_choice":"Entered Light","damage_taken":15,"max_hp_gain":0,"max_hp_loss":0,"event_name":"Shining Light","floor":11,"gold_loss":0,"cards_upgraded":["Defend_P","Defend_P"]},{"damage_healed":0,"gold_gain":0,"player_choice":"2 cards matched","damage_taken":0,"max_hp_gain":0,"max_hp_loss":0,"event_name":"Match and Keep!","floor":20,"gold_loss":0,"cards_obtained":["Eruption","FlyingSleeves"]},{"damage_healed":0,"gold_gain":0,"player_choice":"Fight","damage_taken":0,"max_hp_gain":0,"max_hp_loss":0,"event_name":"Colosseum","floor":30,"gold_loss":0},{"damage_healed":0,"gold_gain":0,"player_choice":"Fought Nobs","damage_taken":0,"max_hp_gain":0,"max_hp_loss":0,"event_name":"Colosseum","floor":30,"gold_loss":0},{"damage_healed":0,"gold_gain":0,"player_choice":"Ignored","damage_taken":0,"max_hp_gain":0,"max_hp_loss":0,"event_name":"Beggar","floor":31,"gold_loss":0},{"cards_removed":["LikeWater"],"damage_healed":0,"gold_gain":0,"player_choice":"Removed Power","damage_taken":0,"max_hp_gain":0,"max_hp_loss":0,"event_name":"Falling","floor":37,"gold_loss":0},{"damage_healed":0,"gold_gain":0,"player_choice":"Ignored","damage_taken":0,"max_hp_gain":0,"max_hp_loss":0,"event_name":"Tomb of Lord Red Mask","floor":38,"gold_loss":0},{"damage_healed":0,"gold_gain":0,"player_choice":"Memory 3","damage_taken":10,"max_hp_gain":0,"max_hp_loss":0,"event_name":"SensoryStone","floor":39,"gold_loss":0}],"is_beta":false,"boss_relics":[{"not_picked":["Cursed Key","SacredBark"],"picked":"SlaversCollar"},{"not_picked":["Coffee Dripper","Runic Dome"],"picked":"Busted Crown"}],"items_purged_floors":[],"is_endless":false,"potions_floor_spawned":[1,3,4,12,16,21,22,25,27,29,30,44,45,48],"ascension_level":0}}