{"host":"mqhvlr3kpxebko0t","time":1613067124,"event":{"mods":["AchievementEnabler","BaseMod","Colored Map","Colored Powertips","KOR Keyword Fix","Keyboard Shortcuts","Minty Spire (QoL Compilation)","StSLib","SuperFastMode"],"gold_per_floor":[110,110,130,205,217,237,237,251,301,301,57,75,90,102,102,102,102],"floor_reached":16,"language":"KOR","playtime":223,"items_purged":["Strike_R"],"score":192,"play_id":"22d632cb-f7e9-454f-9cc9-9d9eef911ef5","local_time":"20210212031204","is_ascension_mode":true,"campfire_choices":[{"data":"Body Slam","floor":7,"key":"SMITH"},{"data":"Disarm","floor":10,"key":"SMITH"},{"data":"Uppercut","floor":15,"key":"SMITH"}],"circlet_count":0,"master_deck":["AscendersBane","Strike_R","Strike_R","Strike_R","Strike_R","Defend_R","Defend_R","Defend_R","Defend_R","Bash","Wild Strike","Disarm+1","Body Slam+1","Shrug It Off","Feed","Immolate","Shockwave","Uppercut+1","Pommel Strike"],"relics":["Burning Blood","NeowsBlessing","Dream Catcher","Orrery"],"acts_visited":["Exordium"],"potions_floor_usage":[13],"damage_taken":[{"damage":0,"enemies":"2 Louse","floor":1,"turns":1},{"damage":0,"enemies":"Cultist","floor":3,"turns":1},{"damage":0,"enemies":"Small Slimes","floor":5,"turns":1},{"damage":10,"enemies":"Looter","floor":6,"turns":4},{"damage":11,"enemies":"Blue Slaver","floor":8,"turns":3},{"damage":5,"enemies":"Large Slime","floor":12,"turns":5},{"damage":8,"enemies":"Exordium Thugs","floor":13,"turns":2},{"damage":7,"enemies":"Looter","floor":14,"turns":3},{"damage":88,"enemies":"Hexaghost","floor":16,"turns":14}],"seed_played":"2141825042113864703","potions_obtained":[{"floor":3,"key":"FairyPotion"},{"floor":12,"key":"Explosive Potion"}],"is_trial":false,"path_per_floor":["M","?","M","?","M","M","R","M","T","R","$","M","M","M","R","B"],"character_chosen":"IRONCLAD","items_purchased":["Orrery"],"campfire_rested":0,"item_purchase_floors":[11],"current_hp_per_floor":[74,74,75,64,70,66,66,61,61,61,61,62,63,62,62,0,0],"gold":102,"neow_bonus":"THREE_ENEMY_KILL","is_daily":false,"chose_seed":false,"campfire_upgraded":3,"win_rate":0.0,"timestamp":1613067124,"path_taken":["M","?","?","?","M","M","R","M","T","R","$","M","M","M","R","BOSS"],"items_purchased_type":["Relic"],"build_version":"2020-12-22","purchased_purges":1,"victory":false,"max_hp_per_floor":[75,75,75,75,75,75,75,75,75,75,75,75,78,78,78,78,78],"card_choices":[{"not_picked":["Perfected Strike","Sentinel"],"picked":"Wild Strike","floor":1},{"not_picked":["Bloodletting","Seeing Red"],"picked":"Disarm","floor":3},{"not_picked":["Rage","Anger"],"picked":"Body Slam","floor":5},{"not_picked":["Twin Strike","Warcry"],"picked":"Shrug It Off","floor":6},{"not_picked":["Perfected Strike","Burning Pact"],"picked":"Feed","floor":8},{"not_picked":["Iron Wave","True Grit"],"picked":"Immolate","floor":11},{"not_picked":["Pommel Strike","Shrug It Off"],"picked":"Shockwave","floor":11},{"not_picked":["Pommel Strike","Iron Wave"],"picked":"Uppercut","floor":11},{"not_picked":["True Grit","Inflame"],"picked":"Pommel Strike","floor":12},{"not_picked":["Shrug It Off","Seeing Red","Infernal Blade"],"picked":"SKIP","floor":13},{"not_picked":["Rampage","Flame Barrier","Searing Blow"],"picked":"SKIP","floor":14}],"player_experience":714717,"relics_obtained":[{"floor":9,"key":"Dream Catcher"}],"event_choices":[{"damage_healed":0,"gold_gain":0,"player_choice":"0 cards matched","damage_taken":0,"max_hp_gain":0,"max_hp_loss":0,"event_name":"Match and Keep!","floor":2,"gold_loss":0,"cards_obtained":[]},{"damage_healed":0,"gold_gain":75,"player_choice":"Gather Gold","damage_taken":11,"max_hp_gain":0,"max_hp_loss":0,"event_name":"World of Goop","floor":4,"gold_loss":0}],"is_beta":false,"boss_relics":[],"items_purged_floors":[11],"is_endless":false,"potions_floor_spawned":[3,12],"killed_by":"Hexaghost","ascension_level":20}}