{"host":"n23juj4d9qam5hh1","time":1613087338,"event":{"mods":["BaseMod","Better Note","BetterRewards","Bossed Relics","Curses Come First","Displayed Cursed Tome","Infinite Spire","Minty Spire (QoL Compilation)","Relic Stats","StSLib","Thieving Mod"],"gold_per_floor":[212,487,92,107,126,156,156,170,170,185,185,146,146,166,166,268,268,282,282,282,298,298,298,298,298],"floor_reached":24,"language":"ENG","playtime":718,"items_purged":["Regret"],"score":235,"play_id":"c1c61041-7db6-4de1-b732-19e885184996","local_time":"20210211184858","is_ascension_mode":true,"campfire_choices":[{"floor":11.0,"key":"REST"},{"data":"Dualcast","floor":13.0,"key":"SMITH"},{"data":"Consume","floor":15.0,"key":"SMITH"},{"data":"Echo Form","floor":23,"key":"SMITH"}],"circlet_count":0,"master_deck":["Strike_B","Strike_B","Strike_B","Strike_B","Defend_B","Defend_B","Defend_B","Defend_B","Zap","Dualcast+1","Steam","Ball Lightning","Cold Snap","Sunder","Redo","Auto Shields","Undo","Echo Form+1","Consume+1","Creative AI","Static Discharge+1","Self Repair"],"relics":["Cracked Core","Cables","Dead Branch","Astrolabe","Nloth\u0027s Gift"],"acts_visited":["Exordium","TheCity"],"potions_floor_usage":[],"damage_taken":[{"damage":1.0,"enemies":"2 Louse","floor":1.0,"turns":2.0},{"damage":1.0,"enemies":"Cultist","floor":4.0,"turns":3.0},{"damage":0.0,"enemies":"Small Slimes","floor":5.0,"turns":2.0},{"damage":18.0,"enemies":"Lagavulin","floor":6.0,"turns":5.0},{"damage":1.0,"enemies":"Gremlin Gang","floor":8.0,"turns":4.0},{"damage":7.0,"enemies":"Exordium Wildlife","floor":10.0,"turns":2.0},{"damage":0.0,"enemies":"Looter","floor":14.0,"turns":2.0},{"damage":6.0,"enemies":"The Guardian","floor":16.0,"turns":11.0},{"damage":11,"enemies":"Shell Parasite","floor":18,"turns":8},{"damage":10,"enemies":"Chosen","floor":21,"turns":3},{"damage":57,"enemies":"Slavers","floor":24,"turns":4}],"seed_played":"-1718454506598522284","potions_obtained":[{"floor":1.0,"key":"LiquidMemories"},{"floor":6.0,"key":"Strength Potion"}],"is_trial":false,"path_per_floor":["M","?","$","M","M","E","$","M","T","M","R","?","R","M","R","B",null,"M","?","$","M","?","R","E"],"character_chosen":"DEFECT","items_purchased":["Cables","Ball Lightning","Cold Snap"],"campfire_rested":1,"item_purchase_floors":[3,3,3],"current_hp_per_floor":[74,74,74,73,73,55,55,54,54,47,69,69,69,69,69,63,75,64,64,64,54,54,54,0,0],"gold":298,"neow_bonus":"HUNDRED_GOLD","is_daily":false,"chose_seed":false,"campfire_upgraded":3,"win_rate":0.0,"timestamp":1613087338,"path_taken":["M","?","$","M","M","E","$","M","T","?","R","?","R","M","R","BOSS","M","?","$","?","?","R","E"],"items_purchased_type":["Relic","Card","Card"],"build_version":"2020-12-22","purchased_purges":1,"victory":false,"max_hp_per_floor":[75,75,75,75,75,75,75,75,75,75,75,75,75,75,75,75,75,75,75,75,75,75,75,75,75],"relic_stats":{"counters":[11,46],"Dead Branch":[1],"Astrolabe":[],"Nloth\u0027s Gift":0,"obtain_stats":[{"Girya":6,"Dead Branch":9,"Astrolabe":17,"Nloth\u0027s Gift":19,"Cracked Core":0,"Cables":3},{"Girya":4,"Dead Branch":5,"Astrolabe":8,"Nloth\u0027s Gift":9,"Cracked Core":0,"Cables":1},{"Girya":12,"Dead Branch":16,"Astrolabe":31,"Nloth\u0027s Gift":39,"Cracked Core":0,"Cables":2}],"Cables":[35,22,13,0,0]},"card_choices":[{"not_picked":["Hologram","Skim"],"picked":"Steam","floor":1.0},{"not_picked":["Compile Driver","Blizzard"],"picked":"Sunder","floor":4.0},{"not_picked":["Steam","Barrage"],"picked":"Redo","floor":5.0},{"not_picked":["Ball Lightning","Go for the Eyes"],"picked":"Auto Shields","floor":6.0},{"not_picked":["Recycle","Sweeping Beam"],"picked":"Undo","floor":8.0},{"not_picked":["Steam","Rebound"],"picked":"Echo Form","floor":10.0},{"not_picked":["Cold Snap","BootSequence"],"picked":"Consume","floor":14.0},{"not_picked":["Core Surge","Thunder Strike"],"picked":"Creative AI","floor":16.0},{"not_picked":["Go for the Eyes+1","Coolheaded"],"picked":"Static Discharge+1","floor":18},{"not_picked":["Auto Shields","Lockon"],"picked":"Self Repair","floor":21}],"player_experience":292829,"relics_obtained":[{"floor":6.0,"key":"Girya"},{"floor":9.0,"key":"Dead Branch"}],"event_choices":[{"damage_healed":0.0,"max_hp_gain":0.0,"max_hp_loss":0.0,"gold_gain":275.0,"event_name":"Golden Shrine","player_choice":"Desecrate","floor":2.0,"gold_loss":0.0,"damage_taken":0.0,"cards_obtained":["Regret"]},{"damage_healed":0.0,"max_hp_gain":0.0,"max_hp_loss":0.0,"gold_gain":0.0,"event_name":"World of Goop","player_choice":"Left Gold","floor":12.0,"gold_loss":39.0,"damage_taken":0.0},{"damage_healed":0,"gold_gain":0,"player_choice":"Traded Relic","damage_taken":0,"relics_obtained":["Nloth\u0027s Gift"],"max_hp_gain":0,"max_hp_loss":0,"event_name":"N\u0027loth","floor":19,"relics_lost":["Girya"],"gold_loss":0}],"is_beta":false,"boss_relics":[{"not_picked":["Cursed Key","Pandora\u0027s Box"],"picked":"Astrolabe"}],"items_purged_floors":[3],"is_endless":false,"potions_floor_spawned":[1,6],"killed_by":"Slavers","ascension_level":4}}