{"host":"a1eatafr7pisesky","time":1613033697,"event":{"mods":["AchievementEnabler","BaseMod","Colored Map","Keyboard Shortcuts","Minty Spire (QoL Compilation)","Say the Spire","StSLib","SuperFastMode","everything is the same but u backflip on backflip"],"gold_per_floor":[362,373,390,390,408,440,515,515,538,557,557,584,12,31,31,110,110,125,144,144,22,37,37,37,47,107,134,184,234,234],"floor_reached":29,"language":"KOR","playtime":563,"items_purged":["Strike_R"],"score":462,"play_id":"596d38ad-ac93-49b6-9e9e-a3353e450939","local_time":"20210211175457","is_ascension_mode":true,"campfire_choices":[{"floor":11.0,"key":"REST"},{"data":"Shockwave","floor":15.0,"key":"SMITH"},{"floor":23,"key":"REST"},{"floor":24,"key":"REST"}],"circlet_count":0,"master_deck":["AscendersBane","Strike_R","Strike_R","Strike_R","Strike_R","Defend_R","Defend_R","Defend_R","Defend_R","Bash","Sword Boomerang","Armaments","Spot Weakness","Shockwave+1","Anger","Anger","Shrug It Off","Dual Wield","Limit Break+1","Disarm","Sword Boomerang","Rage","Evolve+1","Uppercut","Pommel Strike","Sword Boomerang"],"relics":["Burning Blood","Ancient Tea Set","PreservedInsect","Art of War","Torii","Lee\u0027s Waffle","Philosopher\u0027s Stone","SsserpentHead","Orrery","CeramicFish"],"acts_visited":["Exordium","TheCity"],"potions_floor_usage":[22,26],"damage_taken":[{"damage":14.0,"enemies":"Jaw Worm","floor":1.0,"turns":4.0},{"damage":8.0,"enemies":"Small Slimes","floor":2.0,"turns":3.0},{"damage":3.0,"enemies":"2 Louse","floor":3.0,"turns":3.0},{"damage":17.0,"enemies":"Looter","floor":5.0,"turns":4.0},{"damage":27.0,"enemies":"Gremlin Nob","floor":6.0,"turns":4.0},{"damage":21.0,"enemies":"Exordium Thugs","floor":10.0,"turns":5.0},{"damage":15.0,"enemies":"3 Sentries","floor":12.0,"turns":5.0},{"damage":16.0,"enemies":"Lots of Slimes","floor":14.0,"turns":5.0},{"damage":13.0,"enemies":"The Guardian","floor":16.0,"turns":9.0},{"damage":26.0,"enemies":"Shell Parasite","floor":18.0,"turns":5.0},{"damage":29.0,"enemies":"2 Thieves","floor":19.0,"turns":4.0},{"damage":32,"enemies":"Shelled Parasite and Fungi","floor":22,"turns":4},{"damage":27,"enemies":"3 Cultists","floor":25,"turns":5},{"damage":12,"enemies":"Snake Plant","floor":26,"turns":6},{"damage":28,"enemies":"Cultist and Chosen","floor":29,"turns":5}],"seed_played":"5807330062579310451","potions_obtained":[{"floor":1.0,"key":"BlessingOfTheForge"},{"floor":5.0,"key":"ColorlessPotion"},{"floor":12.0,"key":"Swift Potion"},{"floor":14.0,"key":"EssenceOfSteel"},{"floor":25,"key":"Energy Potion"}],"is_trial":false,"path_per_floor":["M","M","M","?","M","E","?","?","T","M","R","E","$","M","R","B",null,"M","M","?","$","M","R","R","M","M","T","?","M"],"character_chosen":"IRONCLAD","items_purchased":["Torii","Lee\u0027s Waffle","Orrery"],"campfire_rested":3,"item_purchase_floors":[13,13,21],"current_hp_per_floor":[42,40,43,68,57,36,25,25,25,10,32,23,82,72,72,65,78,58,35,35,35,9,33,57,36,30,30,30,2,2],"gold":234,"neow_bonus":"TWO_FIFTY_GOLD","is_daily":false,"chose_seed":false,"campfire_upgraded":1,"win_rate":0.0,"timestamp":1613033697,"path_taken":["M","M","M","?","M","E","?","?","T","M","R","E","$","M","R","BOSS","M","M","?","?","M","R","R","M","?","T","?","?"],"items_purchased_type":["Relic","Relic","Relic"],"build_version":"2020-12-22","purchased_purges":1,"victory":false,"max_hp_per_floor":[75,75,75,75,75,75,75,75,75,75,75,75,82,82,82,82,82,82,82,82,82,82,82,82,82,82,82,82,82,82],"card_choices":[{"not_picked":["Dropkick","Spot Weakness"],"picked":"Sword Boomerang","floor":1.0},{"not_picked":["True Grit","Flex"],"picked":"Armaments","floor":2.0},{"not_picked":["Flex","Juggernaut"],"picked":"Spot Weakness","floor":3.0},{"not_picked":["Second Wind","Dual Wield"],"picked":"Shockwave","floor":5.0},{"not_picked":["Ghostly Armor","Thunderclap"],"picked":"Anger","floor":6.0},{"not_picked":["Pommel Strike","Headbutt"],"picked":"Anger","floor":10.0},{"not_picked":["Havoc","Second Wind"],"picked":"Shrug It Off","floor":12.0},{"not_picked":["Spot Weakness","Warcry"],"picked":"Dual Wield","floor":14.0},{"not_picked":["Fiend Fire","Corruption"],"picked":"Limit Break","floor":16.0},{"not_picked":["Cleave","Sentinel"],"picked":"Disarm","floor":18.0},{"not_picked":["Anger","Pummel"],"picked":"Sword Boomerang","floor":19.0},{"not_picked":["Sword Boomerang","Wild Strike"],"picked":"Rage","floor":21.0},{"not_picked":["Wild Strike+1","Flame Barrier"],"picked":"Evolve+1","floor":21.0},{"not_picked":["Burning Pact","Spot Weakness"],"picked":"Uppercut","floor":21.0},{"not_picked":["Clash","Entrench"],"picked":"Pommel Strike","floor":21.0},{"not_picked":["True Grit","Entrench+1","Hemokinesis"],"picked":"SKIP","floor":22},{"not_picked":["Thunderclap","Headbutt"],"picked":"Sword Boomerang","floor":25},{"not_picked":["Pummel","Cleave","Anger"],"picked":"SKIP","floor":26}],"player_experience":441467,"relics_obtained":[{"floor":6.0,"key":"Ancient Tea Set"},{"floor":9.0,"key":"PreservedInsect"},{"floor":12.0,"key":"Art of War"},{"floor":27,"key":"CeramicFish"}],"event_choices":[{"damage_healed":25.0,"max_hp_gain":0.0,"max_hp_loss":0.0,"gold_gain":0.0,"event_name":"Big Fish","player_choice":"Banana","floor":4.0,"gold_loss":0.0,"damage_taken":0.0},{"damage_healed":0.0,"max_hp_gain":0.0,"max_hp_loss":0.0,"gold_gain":75.0,"event_name":"World of Goop","player_choice":"Gather Gold","floor":7.0,"gold_loss":0.0,"damage_taken":11.0},{"damage_healed":0.0,"max_hp_gain":0.0,"max_hp_loss":0.0,"gold_gain":0.0,"event_name":"Shining Light","player_choice":"Ignored","floor":8.0,"gold_loss":0.0,"damage_taken":0.0},{"damage_healed":0.0,"max_hp_gain":0.0,"max_hp_loss":0.0,"gold_gain":0.0,"event_name":"FaceTrader","player_choice":"Trade","floor":20.0,"gold_loss":0.0,"damage_taken":0.0,"relics_obtained":["SsserpentHead"]},{"damage_healed":0,"gold_gain":0,"player_choice":"Forge","damage_taken":0,"max_hp_gain":0,"max_hp_loss":0,"event_name":"Accursed Blacksmith","floor":28,"gold_loss":0,"cards_upgraded":["Limit Break"]}],"is_beta":false,"boss_relics":[{"not_picked":["Sozu","Runic Dome"],"picked":"Philosopher\u0027s Stone"}],"items_purged_floors":[13],"is_endless":false,"potions_floor_spawned":[1,5,12,14,25],"killed_by":"Cultist and Chosen","ascension_level":19}}