{"host":"d52brwsy6af8zvaq","time":1613087342,"event":{"mods":["AchievementEnabler","BaseMod","Bestiary","Highlight Path","Minty Spire (QoL Compilation)","Quick Restart","Relic Stats","ojb\u0027s Better Paths Mod"],"gold_per_floor":[365,365,365,215,226,226,236,266,311,327,354,354,279,311,311,385,385,400,233,253,303,313,313,347,363,389,389,389],"floor_reached":27,"language":"ENG","playtime":1548,"items_purged":["Strike_B"],"score":502,"play_id":"b5e63379-e319-485c-89e4-f12dd14b413d","local_time":"20210211164902","is_ascension_mode":true,"campfire_choices":[{"data":"Zap","floor":6.0,"key":"SMITH"},{"floor":12.0,"key":"REST"},{"data":"Loop","floor":15.0,"key":"SMITH"},{"floor":23,"key":"REST"}],"circlet_count":0,"master_deck":["AscendersBane","Defend_B","Defend_B","Defend_B","Zap+1","Dualcast","Cold Snap","Loop+1","Go for the Eyes","Glacier","Rip and Tear","FTL","Streamline","Skim","Compile Driver","Seek","Rebound+1","BootSequence+1","Darkness+1","Ball Lightning","Defragment","Panacea","Chill+1","BootSequence","Turbo"],"relics":["Cracked Core","Vajra","Lantern","Eternal Feather","Bag of Preparation","Astrolabe","Cables"],"acts_visited":["Exordium","TheCity"],"potions_floor_usage":[25,27],"damage_taken":[{"damage":2.0,"enemies":"Jaw Worm","floor":1.0,"turns":3.0},{"damage":3.0,"enemies":"2 Louse","floor":5.0,"turns":3.0},{"damage":0.0,"enemies":"Cultist","floor":7.0,"turns":4.0},{"damage":12.0,"enemies":"3 Sentries","floor":8.0,"turns":6.0},{"damage":3.0,"enemies":"Red Slaver","floor":10.0,"turns":3.0},{"damage":24.0,"enemies":"Gremlin Nob","floor":11.0,"turns":4.0},{"damage":1.0,"enemies":"3 Sentries","floor":14.0,"turns":10.0},{"damage":2.0,"enemies":"The Guardian","floor":16.0,"turns":13.0},{"damage":21.0,"enemies":"Spheric Guardian","floor":18.0,"turns":4.0},{"damage":0,"enemies":"Chosen","floor":20,"turns":4},{"damage":24,"enemies":"Snake Plant","floor":22,"turns":5},{"damage":32,"enemies":"Book of Stabbing","floor":24,"turns":7},{"damage":5,"enemies":"Sentry and Sphere","floor":25,"turns":5},{"damage":18,"enemies":"Slavers","floor":27,"turns":5}],"seed_played":"7132524170018778266","potions_obtained":[{"floor":1.0,"key":"FocusPotion"},{"floor":8.0,"key":"LiquidBronze"},{"floor":16.0,"key":"PotionOfCapacity"},{"floor":20,"key":"Fire Potion"},{"floor":25,"key":"Block Potion"}],"is_trial":false,"path_per_floor":["M","?","?","$","M","R","M","E","T","M","E","R","$","E","R","B",null,"M","$","M","?","M","R","E","M","T","E"],"character_chosen":"DEFECT","items_purchased":["Loop","Go for the Eyes","Explosive Potion","Defragment","Panacea"],"campfire_rested":2,"item_purchase_floors":[4,4,4,19,19],"current_hp_per_floor":[62,67,60,60,57,57,57,45,45,42,18,47,47,46,55,53,65,44,44,44,44,20,52,20,15,15,0,0],"gold":389,"neow_bonus":"TWO_FIFTY_GOLD","is_daily":false,"chose_seed":false,"campfire_upgraded":2,"win_rate":0.0,"timestamp":1613087342,"path_taken":["M","?","?","$","M","R","?","E","T","M","E","R","$","E","R","BOSS","M","$","M","?","M","R","E","?","T","E"],"items_purchased_type":["Card","Card","Potion","Card","Card"],"build_version":"2020-12-22","purchased_purges":1,"victory":false,"max_hp_per_floor":[64,69,69,69,69,69,69,69,69,69,69,69,69,69,69,69,69,69,69,69,69,69,69,69,69,69,69,69],"relic_stats":{"counters":[14,76],"Astrolabe":["Rebound","BootSequence","Darkness"],"Eternal Feather":30,"Bag of Preparation":[14],"obtain_stats":[{"Lantern":9,"Astrolabe":17,"Vajra":8,"Eternal Feather":11,"Bag of Preparation":14,"Cracked Core":0,"Cables":24},{"Lantern":4,"Astrolabe":8,"Vajra":4,"Eternal Feather":6,"Bag of Preparation":7,"Cracked Core":0,"Cables":12},{"Lantern":16,"Astrolabe":46,"Vajra":16,"Eternal Feather":23,"Bag of Preparation":33,"Cracked Core":0,"Cables":66}],"Cables":[9,2,7,0,0]},"card_choices":[{"not_picked":["Hello World","Sweeping Beam"],"picked":"Cold Snap","floor":1.0},{"not_picked":["Gash","Storm"],"picked":"Glacier","floor":5.0},{"not_picked":["Leap","Stack"],"picked":"Rip and Tear","floor":7.0},{"not_picked":["Coolheaded","Steam"],"picked":"FTL","floor":8.0},{"not_picked":["Steam","Stack"],"picked":"Streamline","floor":10.0},{"not_picked":["Glacier","Creative AI"],"picked":"Skim","floor":11.0},{"not_picked":["Turbo","Stack"],"picked":"Compile Driver","floor":14.0},{"not_picked":["Fission","Amplify"],"picked":"Seek","floor":16.0},{"not_picked":["Scrape+1","Rebound"],"picked":"Ball Lightning","floor":18.0},{"not_picked":["Skim","Gash","Sweeping Beam"],"picked":"SKIP","floor":20},{"not_picked":["Barrage","Compile Driver"],"picked":"Chill+1","floor":22},{"not_picked":["Go for the Eyes","Coolheaded"],"picked":"BootSequence","floor":24},{"not_picked":["Cold Snap","Skim"],"picked":"Turbo","floor":25}],"player_experience":2231167,"relics_obtained":[{"floor":8.0,"key":"Vajra"},{"floor":9.0,"key":"Lantern"},{"floor":11.0,"key":"Eternal Feather"},{"floor":14.0,"key":"Bag of Preparation"},{"floor":24,"key":"Cables"}],"event_choices":[{"damage_healed":0.0,"max_hp_gain":5.0,"max_hp_loss":0.0,"gold_gain":0.0,"event_name":"Big Fish","player_choice":"Donut","floor":2.0,"gold_loss":0.0,"damage_taken":0.0},{"cards_removed":["Strike_B"],"damage_healed":0.0,"max_hp_gain":0.0,"max_hp_loss":0.0,"gold_gain":0.0,"event_name":"Golden Wing","player_choice":"Card Removal","floor":3.0,"gold_loss":0.0,"damage_taken":7.0},{"damage_healed":0,"gold_gain":100,"player_choice":"Bet on Murderer","damage_taken":0,"max_hp_gain":0,"max_hp_loss":0,"event_name":"The Joust","floor":21,"gold_loss":50}],"is_beta":false,"boss_relics":[{"not_picked":["Ectoplasm","Snecko Eye"],"picked":"Astrolabe"}],"items_purged_floors":[13],"is_endless":false,"potions_floor_spawned":[1,8,10,11,16,20,25],"killed_by":"Slavers","ascension_level":20}}