{"host":"fc5kl670efuhtomy","time":1613022757,"event":{"mods":["AchievementEnabler","Act Like it!","Arknights","BaseMod","Colored Powertips","Downfall","Marisa（F雨　魔理沙）","Minty Spire (QoL Compilation)","Quick Restart","Reimu（博丽灵梦）","Relic Stats","Replay The Spire","Spicy Shops","StSLib","The Bug Knight","The Construct","The Cursed","The Servant 0.9.4","WarShipGirlsR/战舰少女R mod"],"gold_per_floor":[114,64,76,251,264,290,301,54,79,79,97,113,140,150,150,250,550,481,481,88,117,117,117,77,77,77,182,207,234,255,293,293,420,420,457,457,487,100,141,141,192,223,223,279,279,312,19,19,19,33,33,33,33,92,110],"floor_reached":56,"language":"ZHS","playtime":2493,"items_purged":["Doubt","Clumsy","Writhe","YinYangSign:ReiMu"],"score":1371,"play_id":"5a2c2230-6477-482d-97e6-cafa0480bb62","local_time":"20210211135237","is_ascension_mode":false,"campfire_choices":[{"data":"FoulBorder2:ReiMu","floor":15,"key":"SMITH"},{"floor":23,"key":"RECALL"},{"data":"ZunPunch:ReiMu","floor":25,"key":"SMITH"},{"data":"Conquer:ReiMu","floor":32,"key":"SMITH"},{"data":"Free:ReiMu","floor":40,"key":"SMITH"},{"data":"Free:ReiMu","floor":45,"key":"SMITH"},{"floor":49,"key":"REST"},{"data":"DoubleButterfly:ReiMu","floor":52,"key":"SMITH"}],"circlet_count":0,"master_deck":["Strike_Lin:ReiMu","Strike_Lin:ReiMu","Strike_Lin:ReiMu","Defend_Lin:ReiMu","Defend_Lin:ReiMu","Defend_Lin:ReiMu","Defend_Lin:ReiMu","NB:ReiMu","Stagnation:ReiMu","AlertArray:ReiMu","Conquer:ReiMu+1","Conquer:ReiMu","WonderfulDomain:ReiMu","Enchanting:ReiMu","Mountainwind:ReiMu","DoubleButterfly:ReiMu+1","FoulBorder2:ReiMu+1","BlastKick2:ReiMu","TheCursedMod:Dregs","Clumsy","NineCharacters:ReiMu","Conquer:ReiMu+1","ZunPunch:ReiMu+1","Crusade:ReiMu","AlertArray:ReiMu","Free:ReiMu+1","PayForSelf:ReiMu+1","NineCharacters:ReiMu","Dreaming2:ReiMu+1","AlertArray:ReiMu","Free:ReiMu+1","AlertArray:ReiMu+1","Conquer:ReiMu","WonderfulDomain:ReiMu","Crusade:ReiMu+1","Enchanting:ReiMu+1","SpringWay:ReiMu+1","MikOfLucky:ReiMu"],"relics":["Snecko Heart","RuthlessExorcism:ReiMu","Replay:Wax Seal","ReplayTheSpireMod:Lightbulb","HollowMod:PaleOreRelic","Replay:Ancient Bell","Replay:Bandana","Darkstone Periapt","Old Coin","Mastiff:ReiMu","Sling","Pen Nib","Kunai","Snecko Eye","FadedRune:ReiMu","Mummified Hand","Regal Pillow","Calipers","Bronze Scales","ClockworkSouvenir","Golden Egg","Bow_fan:ReiMu"],"acts_visited":["Exordium","TheCity","TheBeyond","TheEnding"],"potions_floor_usage":[13,30,33,55],"damage_taken":[{"damage":0,"enemies":"2 Louse","floor":1,"turns":4},{"damage":1,"enemies":"Small Slimes","floor":3,"turns":4},{"damage":0,"enemies":"Jaw Worm","floor":5,"turns":4},{"damage":10,"enemies":"Gremlin Nob","floor":6,"turns":5},{"damage":0,"enemies":"3 Louse","floor":7,"turns":1},{"damage":0,"enemies":"Looter","floor":11,"turns":2},{"damage":0,"enemies":"2 Fungi Beasts","floor":12,"turns":2},{"damage":18,"enemies":"Lagavulin","floor":13,"turns":7},{"damage":6,"enemies":"Large Slime","floor":14,"turns":6},{"damage":7,"enemies":"Fading Forest","floor":16,"turns":11},{"damage":1,"enemies":"3 Byrds","floor":18,"turns":4},{"damage":0,"enemies":"Shell Parasite","floor":21,"turns":5},{"damage":15,"enemies":"Centurion and Healer","floor":28,"turns":6},{"damage":0,"enemies":"Snecko","floor":29,"turns":2},{"damage":0,"enemies":"Snake Plant","floor":30,"turns":4},{"damage":9,"enemies":"Cultist and Chosen","floor":31,"turns":4},{"damage":34,"enemies":"Automaton","floor":33,"turns":9},{"damage":7,"enemies":"3 Darklings","floor":35,"turns":2},{"damage":0,"enemies":"Orb Walker","floor":37,"turns":2},{"damage":1,"enemies":"Maw","floor":39,"turns":4},{"damage":18,"enemies":"Nemesis","floor":41,"turns":7},{"damage":0,"enemies":"Writhing Mass","floor":42,"turns":2},{"damage":11,"enemies":"Giant Head","floor":44,"turns":7},{"damage":6,"enemies":"4 Shapes","floor":46,"turns":2},{"damage":32,"enemies":"Time Eater","floor":50,"turns":12},{"damage":44,"enemies":"Shield and Spear","floor":54,"turns":5},{"damage":71,"enemies":"The Heart","floor":55,"turns":8}],"seed_played":"-450812870384762943","potions_obtained":[{"floor":6,"key":"AttackPotion"},{"floor":11,"key":"Fire Potion"},{"floor":13,"key":"SkillPotion"},{"floor":14,"key":"Guardian:BlockOnCardUsePotion"},{"floor":35,"key":"Fire Potion"},{"floor":41,"key":"Ancient Potion"},{"floor":44,"key":"FairyPotion"}],"is_trial":false,"path_per_floor":["M","?","M","?","M","E","M","$","T","?","M","M","E","M","R","B",null,"M","?","$","M","?","R","?","R","T","?","M","M","M","M","R","B",null,"M","?","M","$","M","R","E","M","T","E","R","M","$","T","R","B",null,"R","$","E","B",null],"character_chosen":"REIMU","items_purchased":["Replay:Wax Seal","ReplayTheSpireMod:Lightbulb","Mastiff:ReiMu","Sling","Mummified Hand","ClockworkSouvenir"],"campfire_rested":1,"item_purchase_floors":[8,8,20,20,38,47],"current_hp_per_floor":[65,65,64,64,64,54,54,54,54,54,54,54,36,30,30,23,83,82,82,88,88,94,94,94,94,94,71,56,56,56,47,47,13,95,88,88,88,88,87,87,69,69,69,58,58,52,52,52,95,63,95,95,95,51,8],"gold":110,"neow_bonus":"BOSS_RELIC","is_daily":false,"chose_seed":false,"campfire_upgraded":6,"win_rate":0.0,"timestamp":1613022757,"path_taken":["M","?","M","?","M","E","M","$","T","?","M","?","E","M","R","BOSS","M","?","$","M","?","R","?","R","T","?","M","M","?","M","R","BOSS","M","?","?","?","M","R","E","M","T","E","R","M","$","?","R","BOSS","R","$","E","BOSS"],"items_purchased_type":["Relic","Relic","Relic","Relic","Relic","Relic"],"build_version":"2020-12-22","purchased_purges":4,"victory":true,"max_hp_per_floor":[65,65,65,65,65,65,65,65,65,65,65,65,65,65,65,65,83,83,83,89,89,95,95,95,95,95,95,95,95,95,95,95,95,95,95,95,95,95,95,95,95,95,95,95,95,95,95,95,95,95,95,95,95,95,95],"relic_stats":{"Darkstone Periapt":30,"Regal Pillow":15,"counters":[27,128],"Mummified Hand":[33],"Bronze Scales":[162],"Snecko Eye":[49,41,42,33],"Pen Nib":[15],"Kunai":[26],"obtain_stats":[{"Darkstone Periapt":17,"Golden Egg":48,"Regal Pillow":41,"Snecko Heart":0,"Calipers":43,"ZunR:ReiMu":24,"Pen Nib":22,"Replay:Ancient Bell":17,"Bow_fan:ReiMu":54,"Sling":20,"Old Coin":17,"ClockworkSouvenir":47,"Replay:Bandana":17,"FadedRune:ReiMu":36,"Mastiff:ReiMu":20,"Mummified Hand":38,"Bronze Scales":44,"Snecko Eye":34,"HollowMod:PaleOreRelic":13,"Kunai":26,"Replay:Wax Seal":8,"FlyPower:ReiMu":0,"ReplayTheSpireMod:Lightbulb":8,"RuthlessExorcism:ReiMu":6},{"Darkstone Periapt":10,"Golden Egg":24,"Regal Pillow":21,"Snecko Heart":0,"Calipers":22,"ZunR:ReiMu":12,"Pen Nib":12,"Replay:Ancient Bell":10,"Bow_fan:ReiMu":26,"Sling":11,"Old Coin":10,"ClockworkSouvenir":24,"Replay:Bandana":10,"FadedRune:ReiMu":18,"Mastiff:ReiMu":11,"Mummified Hand":19,"Bronze Scales":23,"Snecko Eye":17,"HollowMod:PaleOreRelic":8,"Kunai":12,"Replay:Wax Seal":5,"FlyPower:ReiMu":0,"ReplayTheSpireMod:Lightbulb":5,"RuthlessExorcism:ReiMu":4},{"Darkstone Periapt":45,"Golden Egg":105,"Regal Pillow":94,"Snecko Heart":0,"Calipers":96,"ZunR:ReiMu":54,"Pen Nib":54,"Replay:Ancient Bell":45,"Bow_fan:ReiMu":120,"Sling":49,"Old Coin":45,"ClockworkSouvenir":105,"Replay:Bandana":45,"FadedRune:ReiMu":81,"Mastiff:ReiMu":49,"Mummified Hand":83,"Bronze Scales":103,"Snecko Eye":79,"HollowMod:PaleOreRelic":28,"Kunai":54,"Replay:Wax Seal":18,"FlyPower:ReiMu":0,"ReplayTheSpireMod:Lightbulb":18,"RuthlessExorcism:ReiMu":17}]},"card_choices":[{"not_picked":["RainPray2:ReiMu","CareerPray:ReiMu"],"picked":"AlertArray:ReiMu","floor":1},{"not_picked":["SubcavityInstant:ReiMu","SafetyPray:ReiMu"],"picked":"Conquer:ReiMu","floor":3},{"not_picked":["Gathering:ReiMu","Crusade:ReiMu"],"picked":"Conquer:ReiMu","floor":5},{"not_picked":["SpringWay:ReiMu","Shading:ReiMu"],"picked":"WonderfulDomain:ReiMu","floor":6},{"not_picked":["SealNeedle:ReiMu","SubcavityInstant:ReiMu"],"picked":"Enchanting:ReiMu","floor":7},{"not_picked":["SubAcupoint:ReiMu","Intuition:ReiMu"],"picked":"Mountainwind:ReiMu","floor":11},{"not_picked":["SafetyPray:ReiMu","Mountainwind:ReiMu"],"picked":"YinYangSign:ReiMu","floor":12},{"not_picked":["RainPray2:ReiMu","FantasyBorder:ReiMu"],"picked":"DoubleButterfly:ReiMu","floor":13},{"not_picked":["FineLineFantasy:ReiMu","AlertArray:ReiMu"],"picked":"FoulBorder2:ReiMu","floor":14},{"not_picked":["SubcavityFantasy:ReiMu","KamiRite:ReiMu"],"picked":"BlastKick2:ReiMu","floor":16},{"not_picked":["Regret","ReplayTheSpireMod:Restless Dread"],"picked":"TheCursedMod:Dregs","floor":17},{"not_picked":["Normality","downfall:Haunted"],"picked":"ReplayTheSpireMod:IOU","floor":17},{"not_picked":["Writhe","AbeCurse"],"picked":"Clumsy","floor":17},{"not_picked":["SubcavityInstant:ReiMu","Revelation:ReiMu"],"picked":"NineCharacters:ReiMu","floor":18},{"not_picked":["UniversalSpiritual:ReiMu+1","AirStrike:ReiMu+1"],"picked":"Conquer:ReiMu","floor":21},{"not_picked":["CareerPray:ReiMu","Amulet:ReiMu+1"],"picked":"Crusade:ReiMu","floor":27},{"not_picked":["WonderfulDomain:ReiMu","Intuition:ReiMu"],"picked":"AlertArray:ReiMu","floor":27},{"not_picked":["AirStrike:ReiMu","Amulet:ReiMu"],"picked":"Free:ReiMu","floor":27},{"not_picked":["YinYangSign:ReiMu","SubAcupoint:ReiMu"],"picked":"PayForSelf:ReiMu+1","floor":28},{"not_picked":["LearningPray:ReiMu","RainPray2:ReiMu"],"picked":"NineCharacters:ReiMu","floor":29},{"not_picked":["AlertArray:ReiMu","LovePray:ReiMu"],"picked":"Dreaming2:ReiMu+1","floor":30},{"not_picked":["CareerPray:ReiMu","SpringWay:ReiMu"],"picked":"AlertArray:ReiMu","floor":31},{"not_picked":["PrayRite:ReiMu","RunawayExorcism:ReiMu"],"picked":"Free:ReiMu","floor":33},{"not_picked":["FoulBorder2:ReiMu+1","FineLineFantasy:ReiMu"],"picked":"AlertArray:ReiMu+1","floor":35},{"not_picked":["EmergencyTakeOff:ReiMu","AirStrike:ReiMu"],"picked":"Conquer:ReiMu","floor":37},{"not_picked":["SpreadBorder2:ReiMu","AlertArray:ReiMu"],"picked":"WonderfulDomain:ReiMu","floor":39},{"not_picked":["EmergencyTakeOff:ReiMu+1","PhosphorusFlame:ReiMu+1"],"picked":"Crusade:ReiMu+1","floor":41},{"not_picked":["TightArray:ReiMu+1","SubAcupoint:ReiMu"],"picked":"Enchanting:ReiMu+1","floor":42},{"not_picked":["Enchanting:ReiMu","BarrageOfMoneybags:ReiMu","HakureiPhantom:ReiMu"],"picked":"SKIP","floor":44},{"not_picked":["Conquer:ReiMu","Intuition:ReiMu"],"picked":"SpringWay:ReiMu+1","floor":46},{"not_picked":["CollectionFlower2:ReiMu+1","Amulet:ReiMu"],"picked":"MikOfLucky:ReiMu","floor":54}],"player_experience":228184,"relics_obtained":[{"floor":6,"key":"RuthlessExorcism:ReiMu"},{"floor":13,"key":"HollowMod:PaleOreRelic"},{"floor":26,"key":"Kunai"},{"floor":41,"key":"Regal Pillow"},{"floor":43,"key":"Calipers"},{"floor":44,"key":"Bronze Scales"},{"floor":48,"key":"Golden Egg"},{"floor":54,"key":"Bow_fan:ReiMu"}],"event_choices":[{"cards_removed":["Strike_Lin:ReiMu"],"damage_healed":0,"gold_gain":0,"player_choice":"Card Removal","damage_taken":0,"max_hp_gain":0,"max_hp_loss":0,"event_name":"The Cleric","floor":2,"gold_loss":50},{"damage_healed":0,"gold_gain":175,"player_choice":"AGREE","damage_taken":0,"max_hp_gain":0,"max_hp_loss":0,"event_name":"Liars Game","floor":4,"gold_loss":0,"cards_obtained":["Doubt"]},{"damage_healed":0,"gold_gain":0,"player_choice":"Ignored","damage_taken":0,"max_hp_gain":0,"max_hp_loss":0,"event_name":"Ghosts","floor":19,"gold_loss":0},{"damage_healed":0,"gold_gain":0,"player_choice":"Opened","damage_taken":0,"relics_obtained":["Pen Nib"],"max_hp_gain":0,"max_hp_loss":0,"event_name":"The Mausoleum","floor":22,"gold_loss":0,"cards_obtained":["Writhe"]},{"damage_healed":0,"gold_gain":0,"player_choice":"交出神酒","damage_taken":0,"max_hp_gain":0,"max_hp_loss":0,"event_name":"ZunEvent","floor":24,"relics_lost":["ZunR:ReiMu"],"gold_loss":0,"cards_obtained":["ZunPunch:ReiMu"]},{"damage_healed":0,"gold_gain":0,"player_choice":"Gave Potion","damage_taken":0,"relics_obtained":["FadedRune:ReiMu"],"max_hp_gain":0,"max_hp_loss":0,"event_name":"WeMeetAgain","floor":36,"gold_loss":0}],"is_beta":false,"boss_relics":[{"not_picked":["Ring of Chaos","construct:ClawGrip"],"picked":"Replay:Ancient Bell"},{"not_picked":["Orichalcum","Blue Doll"],"picked":"Replay:Bandana"},{"not_picked":["construct:FoamFinger","Onion Ring"],"picked":"Darkstone Periapt"},{"not_picked":["Mango","Shovel"],"picked":"Old Coin"},{"not_picked":["Sozu","Fusion Hammer"],"picked":"Snecko Eye"}],"items_purged_floors":[20,20,38,47],"is_endless":false,"potions_floor_spawned":[6,11,13,14,16,18,35,41,44,46],"ascension_level":0}}