{"host":"jpcy2bclvs7juczu","time":1613009410,"event":{"mods":["Alarm Clock","BaseMod","Bestiary","Block Reminder","Colored Map","Colored Powertips","Current Relic Mod","Curses Come First","Dark Map","Filter the Spire","Minty Spire (QoL Compilation)","Quick Restart","RNG Fix","Relic Stats","Slay the Relics Exporter","Smile Girya","StSLib","everything is the same but u backflip on backflip","ojb\u0027s Better Paths Mod","ojb\u0027s Info Mod","slay the spire mod where everything is the same but ironclad has a cowboy hat"],"gold_per_floor":[117,129,147,37,37,66,66,9,9,37,65,103,115,162,174,261,273,299,326,40,40,40],"floor_reached":21,"language":"ENG","playtime":756,"items_purged":["Strike_B"],"score":514,"play_id":"21702913-ce41-4642-b9e3-0ac5de2994cd","local_time":"20210210211010","is_ascension_mode":true,"campfire_choices":[{"data":"Defragment","floor":7,"key":"SMITH"},{"floor":13,"key":"REST"},{"data":"Barrage","floor":15,"key":"SMITH"}],"circlet_count":0,"master_deck":["AscendersBane","Strike_B","Strike_B","Strike_B","Defend_B","Defend_B","Defend_B","Defend_B","Zap","Dualcast","Defragment+1","Cold Snap","Barrage+1","Ball Lightning","Defragment+1","Ball Lightning","Stack","Coolheaded","Core Surge","Biased Cognition","Skim","Go for the Eyes+1","Leap"],"relics":["Runic Dome","Mercury Hourglass","White Beast Statue","MawBank","Matryoshka","Bottled Tornado","SacredBark","OrangePellets"],"acts_visited":["Exordium","TheCity"],"potions_floor_usage":[4,6,10,11,12,14,18,19,21],"damage_taken":[{"damage":0,"enemies":"2 Louse","floor":1,"turns":2},{"damage":26,"enemies":"Jaw Worm","floor":2,"turns":6},{"damage":0,"enemies":"Cultist","floor":3,"turns":3},{"damage":23,"enemies":"Gremlin Nob","floor":6,"turns":4},{"damage":20,"enemies":"Lagavulin","floor":10,"turns":6},{"damage":9,"enemies":"Red Slaver","floor":11,"turns":2},{"damage":5,"enemies":"Gremlin Nob","floor":12,"turns":3},{"damage":5,"enemies":"Lagavulin","floor":14,"turns":6},{"damage":0,"enemies":"Hexaghost","floor":16,"turns":8},{"damage":15,"enemies":"Shell Parasite","floor":18,"turns":5},{"damage":12,"enemies":"3 Byrds","floor":19,"turns":4},{"damage":35,"enemies":"Shelled Parasite and Fungi","floor":21,"turns":2}],"seed_played":"-3023164308989532667","potions_obtained":[{"floor":1,"key":"Fruit Juice"},{"floor":2,"key":"PotionOfCapacity"},{"floor":6,"key":"Regen Potion"},{"floor":10,"key":"ColorlessPotion"},{"floor":11,"key":"FocusPotion"},{"floor":12,"key":"Weak Potion"},{"floor":14,"key":"LiquidMemories"},{"floor":16,"key":"CultistPotion"},{"floor":18,"key":"Swift Potion"},{"floor":19,"key":"DuplicationPotion"}],"is_trial":false,"path_per_floor":["M","M","M","$","?","E","R","$","T","E","M","E","R","E","R","B",null,"M","M","$","M"],"character_chosen":"DEFECT","items_purchased":["Ball Lightning","Strength Potion","Fire Potion","OrangePellets","Leap"],"campfire_rested":1,"item_purchase_floors":[4,4,8,20,20],"current_hp_per_floor":[64,38,38,43,43,20,20,20,20,15,6,1,23,18,18,18,62,47,35,35,0,0],"gold":40,"neow_bonus":"BOSS_RELIC","is_daily":false,"chose_seed":false,"campfire_upgraded":2,"win_rate":0.0,"timestamp":1613009410,"path_taken":["M","M","M","$","?","E","R","?","T","E","M","E","R","E","R","BOSS","M","M","$","M"],"items_purchased_type":["Card","Potion","Potion","Relic","Card"],"build_version":"2020-12-22","purchased_purges":1,"victory":false,"max_hp_per_floor":[71,71,71,76,76,76,76,76,76,76,76,76,76,76,76,76,76,76,76,76,76,76],"relic_stats":{"OrangePellets":[0],"counters":[12,51],"MawBank":120,"obtain_stats":[{"Runic Dome":0,"OrangePellets":20,"Matryoshka":12,"SacredBark":17,"Bottled Tornado":14,"Cracked Core":0,"MawBank":10,"White Beast Statue":9,"Mercury Hourglass":6},{"Runic Dome":0,"OrangePellets":11,"Matryoshka":7,"SacredBark":9,"Bottled Tornado":8,"Cracked Core":0,"MawBank":5,"White Beast Statue":4,"Mercury Hourglass":4},{"Runic Dome":0,"OrangePellets":49,"Matryoshka":26,"SacredBark":40,"Bottled Tornado":32,"Cracked Core":0,"MawBank":21,"White Beast Statue":15,"Mercury Hourglass":15}],"Mercury Hourglass":[94]},"card_choices":[{"not_picked":["Hello World","Go for the Eyes"],"picked":"Defragment","floor":1},{"not_picked":["Sweeping Beam","Lockon"],"picked":"Cold Snap","floor":2},{"not_picked":["Steam","Redo"],"picked":"Barrage","floor":3},{"not_picked":["Turbo","BootSequence"],"picked":"Defragment","floor":6},{"not_picked":["Fusion","Genetic Algorithm"],"picked":"Ball Lightning","floor":10},{"not_picked":["Chaos","Lockon"],"picked":"Stack","floor":11},{"not_picked":["Auto Shields","Turbo"],"picked":"Coolheaded","floor":12},{"not_picked":["Go for the Eyes","Consume"],"picked":"Core Surge","floor":14},{"not_picked":["Rainbow","Buffer"],"picked":"Biased Cognition","floor":16},{"not_picked":["Coolheaded","Barrage"],"picked":"Skim","floor":18},{"not_picked":["Barrage","Coolheaded"],"picked":"Go for the Eyes+1","floor":19}],"player_experience":1614464,"relics_obtained":[{"floor":6,"key":"Mercury Hourglass"},{"floor":9,"key":"White Beast Statue"},{"floor":10,"key":"MawBank"},{"floor":12,"key":"Matryoshka"},{"floor":14,"key":"Bottled Tornado"}],"event_choices":[{"damage_healed":0,"gold_gain":0,"player_choice":"Upgraded","damage_taken":0,"max_hp_gain":0,"max_hp_loss":0,"event_name":"Upgrade Shrine","floor":5,"gold_loss":0,"cards_upgraded":["Defragment"]}],"is_beta":false,"boss_relics":[{"not_picked":["Calling Bell","Empty Cage"],"picked":"SacredBark"}],"items_purged_floors":[20],"is_endless":false,"potions_floor_spawned":[1,2,6,10,11,12,14,16,18,19],"killed_by":"Shelled Parasite and Fungi","ascension_level":20}}