{"host":"avybiddlniqinkgc","time":1613016026,"event":{"mods":["AchievementEnabler","BaseMod","Colored Map","DeckTracker","Highlight Path","KOR Keyword Fix","Keyboard Shortcuts","Minty Spire (QoL Compilation)","Permanent Neow","Quick Restart","Random Character Button","Rare Cards Sparkle","StSLib","SuperFastMode"],"gold_per_floor":[119,44,44,112,162,162,242,242,297,331,381,381,395,415,415,516,516,534,293,293,343,393,393,443,477,528,76,126,191,251,262,262,365,365,376,301,318,384,434,434,464,474,550,600,617,634,646,95,95,95],"floor_reached":51,"language":"KOR","playtime":1266,"items_purged":["Strike_R","Strike_R","Defend_R","Defend_R"],"score":865,"play_id":"a33e4482-e3a1-493e-a01a-9a5e52d73e48","local_time":"20210211130026","is_ascension_mode":true,"campfire_choices":[{"data":"Searing Blow","floor":6.0,"key":"SMITH"},{"data":"Searing Blow+1","floor":8.0,"key":"SMITH"},{"data":"Searing Blow+3","floor":12.0,"key":"SMITH"},{"data":"Searing Blow+4","floor":15.0,"key":"SMITH"},{"data":"Apotheosis","floor":23.0,"key":"SMITH"},{"data":"Searing Blow+5","floor":32.0,"key":"SMITH"},{"data":"Searing Blow+6","floor":40.0,"key":"SMITH"},{"data":"Searing Blow+7","floor":49,"key":"SMITH"}],"circlet_count":0,"master_deck":["Strike_R","Defend_R+1","Defend_R+1","Bash","Finesse+1","Searing Blow+8","Thunderclap","Ghostly Armor+1","Battle Trance","Armaments","Berserk","Headbutt","Apotheosis+1","Warcry","Shrug It Off","Shrug It Off","Shrug It Off","Inflame","Rage+1","Double Tap","Flash of Steel"],"relics":["Burning Blood","SsserpentHead","Odd Mushroom","Centennial Puzzle","War Paint","Coffee Dripper","Regal Pillow","Happy Flower","Question Card","Dream Catcher","Oddly Smooth Stone","Mango","Snecko Eye","Red Skull","Meat on the Bone","PreservedInsect"],"acts_visited":["Exordium","TheCity","TheBeyond"],"potions_floor_usage":[46,50,50,50],"damage_taken":[{"damage":0.0,"enemies":"Small Slimes","floor":1.0,"turns":3.0},{"damage":3.0,"enemies":"Cultist","floor":4.0,"turns":4.0},{"damage":10.0,"enemies":"The Mushroom Lair","floor":7.0,"turns":4.0},{"damage":17.0,"enemies":"3 Sentries","floor":10.0,"turns":9.0},{"damage":0.0,"enemies":"2 Louse","floor":13.0,"turns":3.0},{"damage":0.0,"enemies":"2 Fungi Beasts","floor":14.0,"turns":4.0},{"damage":10.0,"enemies":"Hexaghost","floor":16.0,"turns":9.0},{"damage":0.0,"enemies":"Shell Parasite","floor":18.0,"turns":4.0},{"damage":0.0,"enemies":"Gremlin Leader","floor":25.0,"turns":4.0},{"damage":0.0,"enemies":"Spheric Guardian","floor":29.0,"turns":3.0},{"damage":0.0,"enemies":"Cultist and Chosen","floor":30.0,"turns":3.0},{"damage":0.0,"enemies":"Snake Plant","floor":31.0,"turns":3.0},{"damage":3.0,"enemies":"Champ","floor":33.0,"turns":9.0},{"damage":0.0,"enemies":"3 Darklings","floor":35.0,"turns":8.0},{"damage":15.0,"enemies":"Orb Walker","floor":37.0,"turns":4.0},{"damage":28.0,"enemies":"Jaw Worm Horde","floor":38.0,"turns":4.0},{"damage":20.0,"enemies":"Nemesis","floor":41.0,"turns":5.0},{"damage":0.0,"enemies":"Spire Growth","floor":42.0,"turns":4.0},{"damage":20.0,"enemies":"Sphere and 2 Shapes","floor":45.0,"turns":5.0},{"damage":0,"enemies":"Writhing Mass","floor":46,"turns":1},{"damage":0,"enemies":"Jaw Worm Horde","floor":47,"turns":5},{"damage":17,"enemies":"Donu and Deca","floor":50,"turns":4}],"seed_played":"-2926629454370142636","potions_obtained":[{"floor":1.0,"key":"Ancient Potion"},{"floor":4.0,"key":"SneckoOil"},{"floor":10.0,"key":"Swift Potion"},{"floor":13.0,"key":"Fire Potion"},{"floor":25.0,"key":"GamblersBrew"},{"floor":33.0,"key":"Dexterity Potion"},{"floor":35.0,"key":"GamblersBrew"},{"floor":37.0,"key":"PowerPotion"},{"floor":45.0,"key":"LiquidMemories"}],"is_trial":false,"path_per_floor":["M","$","?","M","?","R","?","R","T","E","?","R","M","M","R","B",null,"M","$","$","T","?","R","T","E","T","$","?","M","M","M","R","B",null,"M","$","M","M","?","R","E","M","T","?","M","M","M","$","R","B",null],"character_chosen":"IRONCLAD","items_purchased":["Apotheosis","Oddly Smooth Stone","Mango","PreservedInsect","Regen Potion","DuplicationPotion","Flash of Steel"],"campfire_rested":0,"item_purchase_floors":[19,27,27,48,48,48,48],"current_hp_per_floor":[80,80,80,80,64,64,60,60,60,49,49,49,55,61,61,57,80,80,80,80,80,80,80,80,80,80,94,94,94,94,94,94,94,94,94,94,85,63,63,63,49,55,55,55,53,59,65,65,65,66],"gold":95,"neow_bonus":"RANDOM_COLORLESS","is_daily":false,"chose_seed":false,"campfire_upgraded":8,"win_rate":0.0,"timestamp":1613016026,"path_taken":["M","$","?","?","?","R","?","R","T","E","?","R","M","M","R","BOSS","M","?","$","?","?","R","?","E","T","$","?","?","?","M","R","BOSS","M","?","M","?","?","R","E","M","T","?","M","M","M","$","R","BOSS"],"items_purchased_type":["Card","Relic","Relic","Relic","Potion","Potion","Card"],"build_version":"2020-12-22","purchased_purges":4,"victory":true,"max_hp_per_floor":[80,80,80,80,80,80,80,80,80,80,80,80,80,80,80,80,80,80,80,80,80,80,80,80,80,80,94,94,94,94,94,94,94,94,94,94,94,94,94,94,94,94,94,94,94,94,94,94,94,94],"card_choices":[{"not_picked":["Dramatic Entrance","Purity"],"picked":"Finesse","floor":0.0},{"not_picked":["Metallicize","Pummel"],"picked":"Searing Blow","floor":1.0},{"not_picked":["Perfected Strike","Feel No Pain"],"picked":"Thunderclap","floor":4.0},{"not_picked":["True Grit","Metallicize"],"picked":"Ghostly Armor","floor":7.0},{"not_picked":["Havoc","Metallicize","Searing Blow"],"picked":"SKIP","floor":10.0},{"not_picked":["Dark Embrace","Whirlwind"],"picked":"Battle Trance","floor":13.0},{"not_picked":["Body Slam","Warcry"],"picked":"Armaments","floor":14.0},{"not_picked":["Reaper","Bludgeon"],"picked":"Berserk","floor":16.0},{"not_picked":["Intimidate","Feel No Pain+1"],"picked":"Headbutt","floor":18.0},{"not_picked":["True Grit","Ghostly Armor"],"picked":"Warcry","floor":25.0},{"not_picked":["Battle Trance","Whirlwind","Clash+1"],"picked":"Shrug It Off","floor":29.0},{"not_picked":["Flex+1","Wild Strike","Dark Embrace+1","Havoc+1"],"picked":"SKIP","floor":30.0},{"not_picked":["Warcry","Flex","Demon Form","Wild Strike+1"],"picked":"SKIP","floor":31.0},{"not_picked":["Iron Wave","Warcry+1","Sword Boomerang+1","Sentinel"],"picked":"SKIP","floor":35.0},{"not_picked":["Metallicize","Thunderclap+1","Sentinel","Havoc"],"picked":"SKIP","floor":37.0},{"not_picked":["Entrench+1","Uppercut+1","Armaments+1","Cleave+1"],"picked":"SKIP","floor":38.0},{"not_picked":["Headbutt","Feel No Pain+1","Whirlwind+1"],"picked":"Shrug It Off","floor":41.0},{"not_picked":["Rupture+1","Shockwave","Body Slam+1","Heavy Blade"],"picked":"SKIP","floor":42.0},{"not_picked":["Warcry+1","Entrench+1","Clash+1"],"picked":"Inflame","floor":45.0},{"not_picked":["Battle Trance+1","Feel No Pain","Body Slam"],"picked":"Rage+1","floor":46},{"not_picked":["Sentinel","Battle Trance","Warcry+1"],"picked":"Double Tap","floor":47}],"player_experience":6353,"relics_obtained":[{"floor":7.0,"key":"Odd Mushroom"},{"floor":9.0,"key":"Centennial Puzzle"},{"floor":10.0,"key":"War Paint"},{"floor":21.0,"key":"Regal Pillow"},{"floor":24.0,"key":"Happy Flower"},{"floor":25.0,"key":"Question Card"},{"floor":26.0,"key":"Dream Catcher"},{"floor":41.0,"key":"Red Skull"},{"floor":43.0,"key":"Meat on the Bone"}],"event_choices":[{"damage_healed":0.0,"max_hp_gain":0.0,"max_hp_loss":0.0,"gold_gain":0.0,"event_name":"FaceTrader","player_choice":"Trade","floor":3.0,"gold_loss":0.0,"damage_taken":0.0,"relics_obtained":["SsserpentHead"]},{"damage_healed":0.0,"max_hp_gain":0.0,"max_hp_loss":0.0,"gold_gain":0.0,"event_name":"Shining Light","player_choice":"Entered Light","floor":5.0,"gold_loss":0.0,"damage_taken":16.0,"cards_upgraded":["Finesse","Defend_R"]},{"damage_healed":0.0,"max_hp_gain":0.0,"max_hp_loss":0.0,"gold_gain":0.0,"event_name":"Mushrooms","player_choice":"Fought Mushrooms","floor":7.0,"gold_loss":0.0,"damage_taken":0.0},{"damage_healed":0.0,"max_hp_gain":0.0,"max_hp_loss":0.0,"gold_gain":0.0,"event_name":"Upgrade Shrine","player_choice":"Upgraded","floor":11.0,"gold_loss":0.0,"damage_taken":0.0,"cards_upgraded":["Searing Blow"]},{"cards_removed":["Strike_R"],"damage_healed":0.0,"max_hp_gain":0.0,"max_hp_loss":0.0,"gold_gain":0.0,"event_name":"Back to Basics","player_choice":"Elegance","floor":22.0,"gold_loss":0.0,"damage_taken":0.0},{"damage_healed":0.0,"max_hp_gain":0.0,"max_hp_loss":0.0,"gold_gain":0.0,"event_name":"The Library","player_choice":"Read","floor":28.0,"gold_loss":0.0,"damage_taken":0.0,"cards_obtained":["Shrug It Off"]},{"damage_healed":0.0,"max_hp_gain":0.0,"max_hp_loss":0.0,"gold_gain":0.0,"event_name":"Tomb of Lord Red Mask","player_choice":"Ignored","floor":39.0,"gold_loss":0.0,"damage_taken":0.0},{"cards_removed":["Strike_R"],"damage_healed":0.0,"max_hp_gain":0.0,"max_hp_loss":0.0,"gold_gain":0.0,"event_name":"Falling","player_choice":"Removed Attack","floor":44.0,"gold_loss":0.0,"damage_taken":0.0}],"is_beta":false,"boss_relics":[{"not_picked":["Ectoplasm","Runic Cube"],"picked":"Coffee Dripper"},{"not_picked":["Busted Crown","SlaversCollar"],"picked":"Snecko Eye"}],"items_purged_floors":[2,19,36,48],"is_endless":false,"potions_floor_spawned":[1,4,10,13,25,29,33,35,37,45],"ascension_level":2}}