{"host":"nlbr7nnijupf3yfg","time":1613003654,"event":{"mods":["AchievementEnabler","BaseMod","Colored Powertips","Hubris","Minty Spire (QoL Compilation)","Replay The Spire","StSLib","SuperFastMode"],"gold_per_floor":[112,112,112,112,131,141,168,188,236,236,270,270,328,347,347,347,347],"floor_reached":16,"language":"ENG","playtime":276,"items_purged":[],"score":232,"play_id":"42cec0ce-2e3e-4ea0-923c-50777d340692","local_time":"20210210193414","is_ascension_mode":true,"campfire_choices":[{"data":"Searing Blow","floor":10,"key":"SMITH"}],"circlet_count":0,"master_deck":["Strike_R+1","Strike_R","Strike_R","Defend_R","Defend_R","Defend_R","Defend_R","Bash","Anger","Perfected Strike","Flex","Thunderclap","True Grit","Blood for Blood","Searing Blow+1","Anger","Inflame","Dual Wield","Body Slam"],"relics":["Burning Blood","NeowsBlessing","ReplayTheSpireMod:Ninjato","Red Skull","Vajra","hubris:Icosahedron","Replay:Mystery Machine"],"acts_visited":["Exordium"],"potions_floor_usage":[7,11,16,16,16,16],"damage_taken":[{"damage":0,"enemies":"2 Louse","floor":1,"turns":1},{"damage":0,"enemies":"Cultist","floor":5,"turns":1},{"damage":0,"enemies":"Small Slimes","floor":6,"turns":1},{"damage":63,"enemies":"3 Sentries","floor":7,"turns":11},{"damage":12,"enemies":"2 Fungi Beasts","floor":8,"turns":2},{"damage":17,"enemies":"Replay:BlueRogue","floor":11,"turns":6},{"damage":8,"enemies":"Gremlin Nob","floor":13,"turns":4},{"damage":5,"enemies":"Exordium Wildlife","floor":14,"turns":3}],"seed_played":"-6830968454229101594","potions_obtained":[{"floor":1,"key":"Flashbang"},{"floor":7,"key":"LiquidMemories"},{"floor":8,"key":"FairyPotion"},{"floor":13,"key":"EntropicBrew"}],"is_trial":false,"path_per_floor":["M","?","?","?","M","M","E","M","T","R","E","?","?","M","R","B"],"character_chosen":"IRONCLAD","items_purchased":[],"campfire_rested":0,"item_purchase_floors":[],"current_hp_per_floor":[78,78,78,78,80,80,23,17,17,17,30,30,28,29,29,0,0],"gold":347,"neow_bonus":"THREE_ENEMY_KILL","is_daily":false,"chose_seed":false,"campfire_upgraded":1,"win_rate":0.0,"timestamp":1613003654,"path_taken":["M","?","?","?","M","?","E","M","T","R","E","?","?","M","R","BOSS"],"items_purchased_type":[],"build_version":"2020-12-22","purchased_purges":0,"victory":false,"max_hp_per_floor":[80,80,80,80,80,80,80,80,80,80,80,80,80,80,80,80,80],"card_choices":[{"not_picked":["Seeing Red","Clash"],"picked":"Anger","floor":1},{"not_picked":["Run Through","Shrug It Off"],"picked":"Thunderclap","floor":5},{"not_picked":["Second Wind","ReplayTheSpireMod:Strike From Hell"],"picked":"True Grit","floor":6},{"not_picked":["Brutality","Clothesline"],"picked":"Blood for Blood","floor":7},{"not_picked":["Pommel Strike","Clash"],"picked":"Searing Blow","floor":8},{"not_picked":["Dual Wield","Sword Boomerang"],"picked":"Anger","floor":11},{"not_picked":["Wild Strike","Pommel Strike"],"picked":"Inflame","floor":13},{"not_picked":["Sword Boomerang","Brutality"],"picked":"Dual Wield","floor":14}],"player_experience":49594,"relics_obtained":[{"floor":7,"key":"ReplayTheSpireMod:Ninjato"},{"floor":9,"key":"Red Skull"},{"floor":11,"key":"Vajra"},{"floor":13,"key":"Replay:Mystery Machine"}],"event_choices":[{"damage_healed":0,"gold_gain":0,"cards_transformed":["Strike_R"],"player_choice":"Transformed","damage_taken":0,"max_hp_gain":0,"max_hp_loss":0,"event_name":"Transmorgrifier","floor":4,"gold_loss":0,"cards_obtained":["Flex"]},{"damage_healed":0,"gold_gain":0,"player_choice":"Searched \u00271\u0027 times","damage_taken":0,"max_hp_gain":0,"max_hp_loss":0,"event_name":"Dead Adventurer","floor":13,"gold_loss":0}],"is_beta":false,"boss_relics":[],"items_purged_floors":[],"is_endless":false,"potions_floor_spawned":[1,7,8,13],"killed_by":"The Guardian","ascension_level":9}}