{"host":"qm1va34thld9e1ze","time":1613047270,"event":{"mods":["BaseMod","BetterRewards","Colored Powertips","Downfall","Hubris","Infinite Spire","Minty Spire (QoL Compilation)","Quick Restart","Replay The Spire","StSLib","everything is the same but u backflip on backflip"],"gold_per_floor":[110,216,216,232,407,435,435,455,480,480,480,480,505,517,517,613,613,629,227,256,256,355,355,372,401,426,426,440,440,440,440],"floor_reached":30,"language":"ENG","playtime":1647,"items_purged":["Doubt"],"score":279,"play_id":"e36a6779-190a-4896-8b07-a1af86e5ee54","local_time":"20210211134110","is_ascension_mode":false,"campfire_choices":[{"floor":7,"key":"REST"},{"data":"ReplayGash","floor":10,"key":"SMITH"},{"floor":12,"key":"REST"},{"floor":15,"key":"REST"},{"floor":23,"key":"REST"},{"floor":27,"key":"REST"}],"circlet_count":0,"master_deck":["Strike_B","Strike_B","Strike_B","Strike_B","Defend_B","Defend_B","Defend_B","Defend_B","Zap","Dualcast","Streamline","Cold Snap","ReplayGash+1","Cold Snap","Static Discharge+1","Zap","hubris:Ssssneak","Self Repair","ReplayGash","Leap","FTL","Gash","Rainbow","Gash","Apotheosis","Lockon","Steam","Steam+1","Doom and Gloom"],"relics":["Cracked Core","NeowsBlessing","hubris:TenFootPole","Ancient Tea Set","Blue Doll","Ring of Chaos","Omamori","Red Mask","White Beast Statue","Bronze Scales","hubris:Towel"],"acts_visited":["Exordium","TheCity"],"potions_floor_usage":[16,16,16,24,28],"damage_taken":[{"damage":0,"enemies":"Jaw Worm","floor":1,"turns":1},{"damage":0,"enemies":"2 Louse","floor":4,"turns":1},{"damage":0,"enemies":"Gremlin Nob","floor":6,"turns":1},{"damage":5,"enemies":"Small Slimes","floor":8,"turns":2},{"damage":28,"enemies":"Lagavulin","floor":13,"turns":5},{"damage":24,"enemies":"Exordium Thugs","floor":14,"turns":3},{"damage":38,"enemies":"The Guardian","floor":16,"turns":10},{"damage":10,"enemies":"Spheric Guardian","floor":18,"turns":4},{"damage":31,"enemies":"Masked Bandits","floor":20,"turns":4},{"damage":21,"enemies":"Shell Parasite","floor":24,"turns":5},{"damage":35,"enemies":"Slavers","floor":25,"turns":4},{"damage":26,"enemies":"Centurion and Healer","floor":28,"turns":5},{"damage":7,"enemies":"Snecko","floor":30,"turns":2}],"seed_played":"4133841828346101128","potions_obtained":[{"floor":6,"key":"CultistPotion"},{"floor":13,"key":"Languid Potion"},{"floor":14,"key":"GamblersBrew"},{"floor":24,"key":"Fruit Juice"},{"floor":25,"key":"Toxic Potion"},{"floor":28,"key":"sneckomod:MuddlingPotion"}],"is_trial":false,"path_per_floor":["M","?","?","M","?","E","R","M","T","R","?","R","E","M","R","B",null,"M","$","?","?","?","R","M","E","T","R","M","?","M"],"character_chosen":"DEFECT","items_purchased":["Apotheosis","Omamori"],"campfire_rested":5,"item_purchase_floors":[19,19],"current_hp_per_floor":[75,57,57,57,57,57,75,70,70,70,70,75,54,37,59,28,75,65,65,34,31,31,53,47,12,12,36,10,10,3,3],"gold":440,"neow_bonus":"THREE_ENEMY_KILL","is_daily":false,"chose_seed":false,"campfire_upgraded":1,"win_rate":0.0,"timestamp":1613047270,"path_taken":["M","?","?","?","?","E","R","M","T","R","?","R","E","M","R","BOSS","M","$","?","?","?","R","?","E","T","R","M","?","M"],"items_purchased_type":["Card","Relic"],"build_version":"2020-12-22","purchased_purges":1,"victory":false,"max_hp_per_floor":[75,75,75,75,75,75,75,75,75,75,75,75,75,75,75,75,75,75,75,75,75,75,75,80,80,80,80,80,80,80,80],"card_choices":[{"not_picked":["Steam","Cold Snap"],"picked":"Streamline","floor":1},{"not_picked":["Stack","Blizzard"],"picked":"Cold Snap","floor":2},{"not_picked":["ReplayTheSpireMod:Reroute Power","Rebound"],"picked":"ReplayGash","floor":2},{"not_picked":["Rebound","Beam Cell"],"picked":"Cold Snap","floor":2},{"not_picked":["Barrage","Beam Cell"],"picked":"Self Repair","floor":4},{"not_picked":["Heatsinks","Undo"],"picked":"ReplayGash","floor":6},{"not_picked":["Cold Snap","Streamline"],"picked":"Leap","floor":8},{"not_picked":["Crystallizer","Rebound"],"picked":"FTL","floor":13},{"not_picked":["BasicCrystalCard","Sweeping Beam"],"picked":"Gash","floor":14},{"not_picked":["Amplify","ReplayRNGCard"],"picked":"Rainbow","floor":16},{"not_picked":["Recycle+1","ReplayTheSpireMod:GoodbyeWorld"],"picked":"Gash","floor":18},{"not_picked":["Glacier","Rebound"],"picked":"Lockon","floor":20},{"not_picked":["Tempest","Coolheaded+1"],"picked":"Steam","floor":24},{"not_picked":["Meteor Strike","BasicCrystalCard"],"picked":"Steam+1","floor":25},{"not_picked":["Hello World+1","Coolheaded+1"],"picked":"Doom and Gloom","floor":28}],"player_experience":256309,"relics_obtained":[{"floor":6,"key":"hubris:TenFootPole"},{"floor":9,"key":"Ancient Tea Set"},{"floor":13,"key":"Blue Doll"},{"floor":20,"key":"Red Mask"},{"floor":25,"key":"White Beast Statue"},{"floor":26,"key":"Bronze Scales"}],"event_choices":[{"damage_healed":0,"gold_gain":0,"player_choice":"3 cards matched","damage_taken":0,"max_hp_gain":0,"max_hp_loss":0,"event_name":"Match and Keep!","floor":3,"gold_loss":0,"cards_obtained":["Static Discharge","Zap","hubris:Ssssneak"]},{"damage_healed":0,"gold_gain":0,"player_choice":"3 cards matched","damage_taken":0,"max_hp_gain":0,"max_hp_loss":0,"event_name":"Match and Keep!","floor":3,"gold_loss":0,"cards_obtained":["Static Discharge","Zap","hubris:Ssssneak"]},{"damage_healed":0,"gold_gain":175,"player_choice":"AGREE","damage_taken":0,"max_hp_gain":0,"max_hp_loss":0,"event_name":"Liars Game","floor":5,"gold_loss":0,"cards_obtained":["Doubt"]},{"damage_healed":0,"gold_gain":0,"player_choice":"Grow","damage_taken":0,"max_hp_gain":0,"max_hp_loss":0,"event_name":"Living Wall","floor":11,"gold_loss":0,"cards_upgraded":["Static Discharge"]},{"damage_healed":0,"gold_gain":0,"player_choice":"Fought Bandits","damage_taken":0,"max_hp_gain":0,"max_hp_loss":0,"event_name":"Masked Bandits","floor":20,"gold_loss":0},{"damage_healed":0,"gold_gain":0,"player_choice":"Stopped","damage_taken":9,"max_hp_gain":0,"max_hp_loss":0,"event_name":"Cursed Tome","floor":21,"gold_loss":0},{"damage_healed":0,"gold_gain":99,"player_choice":"Stole From Cult","damage_taken":0,"max_hp_gain":0,"max_hp_loss":0,"event_name":"Nest","floor":22,"gold_loss":0}],"is_beta":false,"boss_relics":[{"not_picked":["Black Star","Replay:Drink Me"],"picked":"Ring of Chaos"}],"items_purged_floors":[19],"is_endless":false,"potions_floor_spawned":[6,13,14,24,25,28],"killed_by":"Snecko","ascension_level":0}}