{"host":"toh0bbw446wnuexf","time":1613005506,"event":{"mods":["BaseMod","Downfall","Hermit","Minty Spire (QoL Compilation)","Random Character Button","StSLib"],"gold_per_floor":[99,116,132,132,117,143,143,143,159,171,190,216,247,347,361,462,462,462,482,482,482,500,513,513,526,526,543,453,61,161,179,195,297,297,297,309,309,309,112,12,36,54,72,82,102,102,102,102,121,121,121,121],"floor_reached":50,"language":"ENG","playtime":4064,"items_purged":["hexamod:AdvancingGuard"],"score":554,"play_id":"f532ccd9-9b3c-49f5-99b9-a539f88d44ac","local_time":"20210211140506","is_ascension_mode":true,"campfire_choices":[{"data":"hexamod:Float","floor":1,"key":"SMITH"},{"data":"hexamod:StepThrough","floor":8,"key":"SMITH"},{"data":"hexamod:Rewind","floor":18,"key":"SMITH"},{"data":"hexamod:ShieldOfDarkness","floor":26,"key":"SMITH"},{"floor":35,"key":"RECALL"}],"circlet_count":0,"master_deck":["hexamod:Strike+1","hexamod:Strike+1","hexamod:Strike+1","hexamod:Strike+1","hexamod:Defend+1","hexamod:Defend+1","hexamod:Defend+1","hexamod:Defend+1","hexamod:Float+1","hexamod:ShieldOfDarkness+1","hexamod:Rewind+1","hexamod:StepThrough+1","hexamod:HexaLevel+1","hexamod:EmpoweredFlame+1","hexamod:EmpoweredFlame+1"],"relics":["hexamod:SpiritBrand","Singing Bowl","Odd Mushroom","Vajra","sneckomod:SneckoTalon","downfall:RedIOU","Frozen Egg 2","TungstenRod","Coffee Dripper","Blue Candle","The Courier","Bronze Scales","downfall:HeartBlessingRed","hexamod:BolsterEngine"],"acts_visited":["Exordium","TheCity","TheBeyond"],"potions_floor_usage":[3],"damage_taken":[{"damage":0,"enemies":"Small Slimes","floor":2,"turns":3},{"damage":8,"enemies":"Jaw Worm","floor":3,"turns":5},{"damage":0,"enemies":"downfall:FleeingMerchant","floor":5,"turns":4},{"damage":16,"enemies":"3 Sentries","floor":6,"turns":9},{"damage":0,"enemies":"2 Louse","floor":9,"turns":2},{"damage":6,"enemies":"Exordium Thugs","floor":10,"turns":4},{"damage":3,"enemies":"Blue Slaver","floor":11,"turns":3},{"damage":5,"enemies":"The Mushroom Lair","floor":12,"turns":5},{"damage":6,"enemies":"Lagavulin","floor":13,"turns":6},{"damage":6,"enemies":"Exordium Wildlife","floor":15,"turns":6},{"damage":30,"enemies":"DF_ARCHETYPE_STREAMLINE","floor":16,"turns":11},{"damage":0,"enemies":"3 Byrds","floor":19,"turns":7},{"damage":1,"enemies":"Shell Parasite","floor":22,"turns":6},{"damage":10,"enemies":"Chosen and Byrds","floor":23,"turns":6},{"damage":0,"enemies":"Centurion and Healer","floor":25,"turns":7},{"damage":29,"enemies":"Cultist and Chosen","floor":27,"turns":7},{"damage":0,"enemies":"downfall:FleeingMerchant","floor":28,"turns":4},{"damage":7,"enemies":"downfall:FleeingMerchant","floor":29,"turns":4},{"damage":0,"enemies":"3 Cultists","floor":31,"turns":6},{"damage":0,"enemies":"Chosen and Byrds","floor":32,"turns":5},{"damage":44,"enemies":"WA_ARCHETYPE_CALM","floor":33,"turns":9},{"damage":0,"enemies":"Orb Walker","floor":36,"turns":3},{"damage":3,"enemies":"downfall:FleeingMerchant","floor":39,"turns":4},{"damage":0,"enemies":"3 Shapes","floor":42,"turns":4},{"damage":0,"enemies":"Spire Growth","floor":43,"turns":5},{"damage":37,"enemies":"Transient","floor":44,"turns":5},{"damage":16,"enemies":"4 Shapes","floor":45,"turns":6},{"damage":7,"enemies":"Writhing Mass","floor":49,"turns":5},{"damage":110,"enemies":"IC_BLOCK_ARCHETYPE","floor":50,"turns":4}],"seed_played":"-3290394621293221017","potions_obtained":[{"floor":2,"key":"SteroidPotion"},{"floor":3,"key":"Fruit Juice"},{"floor":10,"key":"Ancient Potion"},{"floor":11,"key":"champ:CounterPotion"},{"floor":22,"key":"Dexterity Potion"}],"is_trial":false,"path_per_floor":["R","M","M","?","$","E","T","R","M","M","M","?","E","?","M","B",null,"R","M","?","?","M","M","T","M","R","M","$","$","?","M","M","B",null,"R","M","?","?","$","R","T","M","M","M","M","?","R","?","M","B"],"character_chosen":"THE_SPIRIT","items_purchased":["hexamod:EmpoweredFlame+1","TungstenRod","hexamod:EmpoweredFlame+1","Bronze Scales"],"campfire_rested":0,"item_purchase_floors":[29,29,39,39],"current_hp_per_floor":[70,70,67,67,67,51,51,51,53,49,46,43,39,39,35,7,87,87,89,89,89,90,82,82,84,84,57,57,52,52,54,56,14,105,105,107,103,103,102,102,102,104,106,71,57,57,57,57,52,0,0,0],"gold":121,"neow_bonus":"REMOVE_CARD","is_daily":false,"chose_seed":false,"campfire_upgraded":4,"win_rate":0.0,"timestamp":1613005506,"path_taken":["R","M","M","?","$","E","T","R","M","M","M","?","E","?","M","BOSS","R","M","?","?","M","M","T","M","R","M","?","$","?","M","M","BOSS","R","M","?","?","$","R","T","M","M","M","M","?","R","?","M","BOSS"],"items_purchased_type":["Card","Relic","Card","Relic"],"build_version":"2020-12-22","purchased_purges":1,"victory":false,"max_hp_per_floor":[70,70,75,75,75,75,75,75,77,79,79,81,83,83,85,87,87,87,89,89,89,91,93,93,95,95,97,97,99,99,101,103,105,105,105,107,107,107,109,109,109,111,113,115,117,117,117,117,119,119,119,119],"card_choices":[{"not_picked":["hexamod:NightmareStrike","hexamod:GhostLash"],"picked":"hexamod:ShieldOfDarkness","floor":2},{"not_picked":["hexamod:NightmareStrike","hexamod:HexaLevel"],"picked":"hexamod:Rewind","floor":3},{"not_picked":["hexamod:ThermalTransfer","hexamod:SwordOfDarkness"],"picked":"hexamod:StepThrough","floor":5},{"not_picked":["hexamod:HeatMetal","hexamod:GhostShield","hexamod:HeatShield"],"picked":"SKIP","floor":6},{"not_picked":["hexamod:SuperheatedStrike","hexamod:GhostShield","hexamod:NightmareGuise"],"picked":"Singing Bowl","floor":9},{"not_picked":["hexamod:SpectersWail","hexamod:Hexaguard","hexamod:PhantomCloak"],"picked":"Singing Bowl","floor":10},{"not_picked":["hexamod:TimeOfNeed","hexamod:RainOfEmbers"],"picked":"hexamod:AdvancingGuard","floor":11},{"not_picked":["hexamod:NightmareGuise","hexamod:SpectersWail","hexamod:FlamesFromBeyond"],"picked":"Singing Bowl","floor":12},{"not_picked":["hexamod:SpectralAdrenaline","hexamod:Haunt","hexamod:ThermalTransfer"],"picked":"Singing Bowl","floor":13},{"not_picked":["hexamod:HeatMetal","hexamod:InspiringFlames","hexamod:FlamesFromBeyond"],"picked":"Singing Bowl","floor":15},{"not_picked":["hexamod:GhostflameInferno","hexamod:Toasty","hexamod:SixthSeal"],"picked":"Singing Bowl","floor":16},{"not_picked":["hexamod:Firestarter","hexamod:BacktrackSmack+1","hexamod:DynamicBlow"],"picked":"Singing Bowl","floor":19},{"not_picked":["hexamod:HeatMetal+1","hexamod:SuperheatedStrike","hexamod:RetreatToShadows"],"picked":"Singing Bowl","floor":22},{"not_picked":["hexamod:FirstSeal","hexamod:SwordOfDarkness","hexamod:ThermalTransfer"],"picked":"Singing Bowl","floor":23},{"not_picked":["hexamod:AdvancingGuard+1","hexamod:Hexaguard","hexamod:NightmareStrike"],"picked":"Singing Bowl","floor":25},{"not_picked":["hexamod:HauntingEcho","hexamod:Rewind","hexamod:NightmareStrike"],"picked":"Singing Bowl","floor":27},{"not_picked":["hexamod:BurningTouch","hexamod:DynamicBlow"],"picked":"hexamod:HexaLevel+1","floor":28},{"not_picked":["hexamod:AdvancingGuard","hexamod:ThermalTransfer","hexamod:HauntingEcho"],"picked":"Singing Bowl","floor":29},{"not_picked":["hexamod:HeatShield","hexamod:FlamesFromBeyond","hexamod:EmpoweredFlame+1"],"picked":"Singing Bowl","floor":31},{"not_picked":["hexamod:Again","hexamod:HeatMetal+1","hexamod:SoulSteal"],"picked":"Singing Bowl","floor":32},{"not_picked":["hexamod:Toasty","hexamod:TimeOfNeed","hexamod:GhostOfSpirePresent+1"],"picked":"Singing Bowl","floor":33},{"not_picked":["hexamod:GhostOfSpireFuture+1","hexamod:Haunt+1","hexamod:NightmareStrike"],"picked":"Singing Bowl","floor":36},{"not_picked":["hexamod:FlameSwitch","hexamod:CatchUp","hexamod:HeatMetal+1"],"picked":"Singing Bowl","floor":39},{"not_picked":["hexamod:SpectersWail+1","hexamod:FastForward+1","hexamod:NightmareGuise+1"],"picked":"Singing Bowl","floor":42},{"not_picked":["hexamod:GhostLash","hexamod:BurningTouch+1","hexamod:BacktrackSmack"],"picked":"Singing Bowl","floor":43},{"not_picked":["hexamod:GhostOfSpirePast+1","hexamod:NightmareStrike+1","hexamod:GhostShield"],"picked":"Singing Bowl","floor":44},{"not_picked":["hexamod:RecurringNightmare+1","hexamod:GhostOfSpireFuture+1","hexamod:BurningTouch+1"],"picked":"Singing Bowl","floor":45},{"not_picked":["hexamod:EmpoweredFlame+1","hexamod:Hexaguard","hexamod:Rewind+1"],"picked":"Singing Bowl","floor":49}],"player_experience":679105,"relics_obtained":[{"floor":6,"key":"hexamod:MatchstickCase"},{"floor":7,"key":"Singing Bowl"},{"floor":12,"key":"Odd Mushroom"},{"floor":13,"key":"Vajra"},{"floor":24,"key":"Frozen Egg 2"},{"floor":38,"key":"The Courier"},{"floor":41,"key":"hexamod:BolsterEngine"}],"event_choices":[{"damage_healed":0,"gold_gain":0,"player_choice":"Fought Mushrooms","damage_taken":0,"max_hp_gain":0,"max_hp_loss":0,"event_name":"Mushrooms","floor":12,"gold_loss":0},{"damage_healed":0,"gold_gain":0,"player_choice":"Ignored","damage_taken":0,"max_hp_gain":0,"max_hp_loss":0,"event_name":"Mysterious Sphere","floor":48,"gold_loss":0}],"is_beta":false,"boss_relics":[{"not_picked":["Snecko Eye","Calling Bell"],"picked":"sneckomod:SneckoTalon"},{"not_picked":["Black Star","bronze:MakeshiftBattery"],"picked":"Coffee Dripper"}],"items_purged_floors":[28],"is_endless":false,"potions_floor_spawned":[2,3,10,11,22,27,32,44,45],"killed_by":"IC_BLOCK_ARCHETYPE","ascension_level":2}}