{"host":"iyj530209nkhhjuz","time":1613047019,"event":{"mods":["AchievementEnabler","BaseMod","Better Match","Better Note","Better Third Choice","BetterRewards","Colored Map","Colored Powertips","Dark Map","Fox Events","Highlight Path","Minty Spire (QoL Compilation)","Permanent Neow","Random Character Button","Rare Cards Sparkle","Relic Stats","StSLib","Waifu the Spire"],"gold_per_floor":[114,79,4,4,19,19,34,34,34,49,49,49,49],"floor_reached":12,"language":"ENG","playtime":978,"items_purged":["Strike_P"],"score":68,"play_id":"cd98a286-21df-4304-a32f-19cd7e04598d","local_time":"20210211133659","daily_mods":["Allstar","Vintage","Binary"],"is_ascension_mode":false,"campfire_choices":[{"data":"Eruption","floor":6,"key":"SMITH"}],"circlet_count":0,"master_deck":["Strike_P","Strike_P","Strike_P","Defend_P","Defend_P","Defend_P","Defend_P","Eruption+1","Vigilance","Swift Strike","Dark Shackles","Sadistic Nature","Master of Strategy","Panacea","Self Repair+1"],"relics":["PureWater","Frozen Egg 2","betterThird:SlimedRelic","Anchor","Art of War","Toy Ornithopter","Matryoshka","Boot"],"acts_visited":["Exordium"],"potions_floor_usage":[],"damage_taken":[{"damage":1,"enemies":"2 Louse","floor":1,"turns":4},{"damage":0,"enemies":"Jaw Worm","floor":5,"turns":2},{"damage":8,"enemies":"Cultist","floor":7,"turns":6},{"damage":2,"enemies":"Exordium Wildlife","floor":10,"turns":4},{"damage":16,"enemies":"3 Sentries","floor":12,"turns":5}],"seed_played":"-587577638262706789","potions_obtained":[{"floor":1,"key":"Fruit Juice"}],"is_trial":false,"path_per_floor":["M","?","$","?","M","R","M","$","T","M","$","E"],"character_chosen":"WATCHER","items_purchased":[],"campfire_rested":0,"item_purchase_floors":[],"current_hp_per_floor":[71,60,60,46,56,56,58,58,58,66,66,50,50],"gold":49,"neow_bonus":"","is_daily":true,"chose_seed":false,"campfire_upgraded":1,"win_rate":0.0,"timestamp":1613047019,"path_taken":["M","?","$","?","M","R","M","$","T","M","?","E"],"items_purchased_type":[],"build_version":"2020-12-22","purchased_purges":1,"victory":false,"max_hp_per_floor":[72,72,72,72,72,72,72,72,72,72,72,72,72],"relic_stats":{"counters":[5,21],"Art of War":[3],"Boot":[0],"obtain_stats":[{"Anchor":4,"Matryoshka":9,"betterThird:SlimedRelic":2,"Art of War":5,"PureWater":0,"Frozen Egg 2":1,"Boot":10,"Toy Ornithopter":7},{"Anchor":1,"Matryoshka":3,"betterThird:SlimedRelic":1,"Art of War":2,"PureWater":0,"Frozen Egg 2":1,"Boot":4,"Toy Ornithopter":3},{"Anchor":4,"Matryoshka":12,"betterThird:SlimedRelic":4,"Art of War":6,"PureWater":0,"Frozen Egg 2":4,"Boot":16,"Toy Ornithopter":12}],"Toy Ornithopter":0},"card_choices":[],"player_experience":520471,"relics_obtained":[{"floor":1,"key":"Frozen Egg 2"},{"floor":5,"key":"Art of War"},{"floor":7,"key":"Toy Ornithopter"},{"floor":9,"key":"Matryoshka"},{"floor":10,"key":"Boot"}],"event_choices":[{"damage_healed":0,"gold_gain":0,"player_choice":"Slimed","damage_taken":11,"max_hp_gain":0,"max_hp_loss":0,"event_name":"betterThird:BetterGoop","floor":2,"gold_loss":35}],"is_beta":false,"boss_relics":[],"items_purged_floors":[3],"is_endless":false,"potions_floor_spawned":[1],"killed_by":"3 Sentries","ascension_level":0}}