{"host":"6xsbn6ynqlzwllfm","time":1613052909,"event":{"mods":["2.2 Compatiblity","BaseMod","Bestiary","Colored Map","Colored Powertips","Curses Come First","Highlight Path","Keyboard Shortcuts","Minty Spire (QoL Compilation)","Relic Stats","Slay the Relics Exporter","StSLib","SuperFastMode"],"gold_per_floor":[160,180,180,180,195,233,233,254,254,294,294,337,361,361,361,451,451,465,47,47,70,106,106,125,125,425,425,456,456,456,196,196,291,291,306,322,322,322],"floor_reached":37,"language":"ENG","playtime":2599,"items_purged":["Strike_B","Dualcast"],"score":835,"play_id":"550cc057-a851-4d32-bc5a-09b21170b00b","local_time":"20210211091509","is_ascension_mode":true,"campfire_choices":[{"data":"Loop","floor":7,"key":"SMITH"},{"data":"Consume","floor":11,"key":"SMITH"},{"data":"Melter","floor":15,"key":"SMITH"},{"floor":23,"key":"REST"},{"data":"Double Energy","floor":25,"key":"SMITH"},{"data":"Multi-Cast","floor":27,"key":"SMITH"},{"data":"Ghostly","floor":32,"key":"SMITH"}],"circlet_count":0,"master_deck":["AscendersBane","Strike_B+1","Strike_B+1","Defend_B+1","Defend_B+1","Defend_B+1","Defend_B+1","Zap","Consume+1","Loop+1","Ball Lightning","Melter+1","Hologram","Ball Lightning","Doom and Gloom+1","Steam","Turbo","Multi-Cast+1","Cold Snap+1","Double Energy+1","Coolheaded","Redo+1","Ghostly+1","Ghostly","Ghostly","Creative AI","Steam+1"],"relics":["Tiny House","Golden Idol","Sundial","Mercury Hourglass","Eternal Feather","Ancient Tea Set","Runic Pyramid","Pocketwatch","Red Mask","Old Coin","Unceasing Top","ClockworkSouvenir","SacredBark"],"acts_visited":["Exordium","TheCity","TheBeyond"],"potions_floor_usage":[2,6,10,12,16,16,22,33,36],"damage_taken":[{"damage":8,"enemies":"2 Louse","floor":1,"turns":3},{"damage":9,"enemies":"Small Slimes","floor":2,"turns":4},{"damage":0,"enemies":"Cultist","floor":5,"turns":4},{"damage":10,"enemies":"Lagavulin","floor":6,"turns":5},{"damage":9,"enemies":"3 Louse","floor":8,"turns":5},{"damage":11,"enemies":"Gremlin Nob","floor":10,"turns":3},{"damage":16,"enemies":"Lagavulin","floor":12,"turns":5},{"damage":7,"enemies":"2 Fungi Beasts","floor":13,"turns":2},{"damage":7,"enemies":"Slime Boss","floor":16,"turns":5},{"damage":35,"enemies":"2 Thieves","floor":18,"turns":4},{"damage":7,"enemies":"3 Byrds","floor":21,"turns":3},{"damage":11,"enemies":"Masked Bandits","floor":22,"turns":3},{"damage":0,"enemies":"3 Cultists","floor":24,"turns":4},{"damage":13,"enemies":"Book of Stabbing","floor":28,"turns":3},{"damage":7,"enemies":"Champ","floor":33,"turns":6},{"damage":6,"enemies":"Orb Walker","floor":35,"turns":4},{"damage":3,"enemies":"3 Shapes","floor":36,"turns":5},{"damage":27,"enemies":"2 Orb Walkers","floor":37,"turns":2}],"seed_played":"-1855072924710116128","potions_obtained":[{"floor":0,"key":"EssenceOfDarkness"},{"floor":1,"key":"Regen Potion"},{"floor":5,"key":"SneckoOil"},{"floor":8,"key":"SteroidPotion"},{"floor":10,"key":"LiquidMemories"},{"floor":12,"key":"SkillPotion"},{"floor":21,"key":"Fire Potion"},{"floor":24,"key":"EssenceOfSteel"},{"floor":28,"key":"AttackPotion"},{"floor":35,"key":"PotionOfCapacity"}],"is_trial":false,"path_per_floor":["M","M","?","?","M","E","R","M","T","E","R","E","M","?","R","B",null,"M","$","?","M","?","R","M","R","T","R","E","?","?","$","R","B",null,"M","M","?"],"character_chosen":"DEFECT","items_purchased":["Pocketwatch","ClockworkSouvenir"],"campfire_rested":1,"item_purchase_floors":[19,31],"current_hp_per_floor":[61,61,61,54,54,44,44,35,35,24,33,17,10,10,19,12,55,20,20,34,27,16,48,48,60,60,69,56,34,34,34,34,27,32,26,23,0,0],"gold":322,"neow_bonus":"BOSS_RELIC","is_daily":false,"chose_seed":false,"campfire_upgraded":6,"win_rate":0.0,"timestamp":1613052909,"path_taken":["M","M","?","?","M","E","R","M","T","E","R","E","M","?","R","BOSS","M","$","?","M","?","R","M","R","T","R","E","?","?","$","R","BOSS","M","M","?"],"items_purchased_type":["Relic","Relic"],"build_version":"2020-12-22","purchased_purges":2,"victory":false,"max_hp_per_floor":[76,76,69,69,69,69,69,69,69,69,69,69,69,69,69,69,69,69,69,69,69,69,69,69,69,69,69,69,34,34,34,34,34,34,34,34,34,34],"relic_stats":{"counters":[18,68],"Golden Idol":118,"Sundial":[4],"Eternal Feather":51,"obtain_stats":[{"Tiny House":0,"Golden Idol":3,"SacredBark":34,"Eternal Feather":10,"Ancient Tea Set":12,"Mercury Hourglass":9,"Old Coin":26,"ClockworkSouvenir":31,"Sundial":6,"Red Mask":22,"Cracked Core":0,"Unceasing Top":28,"Runic Pyramid":17,"Pocketwatch":19},{"Tiny House":0,"Golden Idol":2,"SacredBark":15,"Eternal Feather":6,"Ancient Tea Set":7,"Mercury Hourglass":5,"Old Coin":13,"ClockworkSouvenir":14,"Sundial":4,"Red Mask":12,"Cracked Core":0,"Unceasing Top":14,"Runic Pyramid":9,"Pocketwatch":10},{"Tiny House":0,"Golden Idol":7,"SacredBark":58,"Eternal Feather":24,"Ancient Tea Set":28,"Mercury Hourglass":21,"Old Coin":49,"ClockworkSouvenir":52,"Sundial":16,"Red Mask":45,"Cracked Core":0,"Unceasing Top":52,"Runic Pyramid":35,"Pocketwatch":39}],"Unceasing Top":[0],"Mercury Hourglass":[215],"Pocketwatch":[18]},"card_choices":[{"not_picked":["Heatsinks","Lockon"],"picked":"Consume","floor":0},{"not_picked":["Sweeping Beam","Streamline"],"picked":"Loop","floor":1},{"not_picked":["Sweeping Beam","Barrage"],"picked":"Ball Lightning","floor":2},{"not_picked":["Consume","Rebound"],"picked":"Melter","floor":5},{"not_picked":["Rainbow","Stack"],"picked":"Hologram","floor":6},{"not_picked":["Go for the Eyes","Compile Driver"],"picked":"Ball Lightning","floor":8},{"not_picked":["Leap","Chaos"],"picked":"Doom and Gloom","floor":10},{"not_picked":["Gash","Tempest"],"picked":"Steam","floor":12},{"not_picked":["Reprogram","Hologram"],"picked":"Turbo","floor":13},{"not_picked":["Machine Learning","Hyperbeam"],"picked":"Multi-Cast","floor":16},{"not_picked":["Steam","Stack"],"picked":"Cold Snap+1","floor":18},{"not_picked":["Fusion","White Noise"],"picked":"Double Energy","floor":21},{"not_picked":["Hologram","Compile Driver"],"picked":"Coolheaded","floor":22},{"not_picked":["Compile Driver","Thunder Strike","Hologram"],"picked":"SKIP","floor":24},{"not_picked":["Go for the Eyes","Streamline"],"picked":"Redo+1","floor":28},{"not_picked":["Buffer","Fission"],"picked":"Creative AI","floor":33},{"not_picked":["Streamline","Stack"],"picked":"Steam+1","floor":35}],"player_experience":1458374,"relics_obtained":[{"floor":6,"key":"Sundial"},{"floor":9,"key":"Mercury Hourglass"},{"floor":10,"key":"Eternal Feather"},{"floor":12,"key":"Ancient Tea Set"},{"floor":22,"key":"Red Mask"},{"floor":26,"key":"Old Coin"},{"floor":28,"key":"Unceasing Top"}],"event_choices":[{"damage_healed":0,"gold_gain":0,"player_choice":"Lose Max HP","damage_taken":0,"relics_obtained":["Golden Idol"],"max_hp_gain":0,"max_hp_loss":7,"event_name":"Golden Idol","floor":3,"gold_loss":0},{"cards_removed":["Strike_B"],"damage_healed":0,"gold_gain":0,"player_choice":"Card Removal","damage_taken":7,"max_hp_gain":0,"max_hp_loss":0,"event_name":"Golden Wing","floor":4,"gold_loss":0},{"damage_healed":0,"gold_gain":0,"player_choice":"Upgraded","damage_taken":0,"max_hp_gain":0,"max_hp_loss":0,"event_name":"Upgrade Shrine","floor":14,"gold_loss":0,"cards_upgraded":["Doom and Gloom"]},{"damage_healed":14,"gold_gain":0,"player_choice":"Heal","damage_taken":0,"max_hp_gain":0,"max_hp_loss":0,"event_name":"The Library","floor":20,"gold_loss":0},{"damage_healed":0,"gold_gain":0,"player_choice":"Fought Bandits","damage_taken":0,"max_hp_gain":0,"max_hp_loss":0,"event_name":"Masked Bandits","floor":22,"gold_loss":0},{"damage_healed":0,"gold_gain":0,"player_choice":"Became a Ghost","damage_taken":0,"max_hp_gain":0,"max_hp_loss":35,"event_name":"Ghosts","floor":29,"gold_loss":0,"cards_obtained":["Ghostly","Ghostly","Ghostly"]},{"damage_healed":0,"gold_gain":0,"player_choice":"Simplicity","damage_taken":0,"max_hp_gain":0,"max_hp_loss":0,"event_name":"Back to Basics","floor":30,"gold_loss":0,"cards_upgraded":["Strike_B","Strike_B","Defend_B","Defend_B","Defend_B"]},{"damage_healed":0,"gold_gain":0,"player_choice":"Fight","damage_taken":0,"max_hp_gain":0,"max_hp_loss":0,"event_name":"Mysterious Sphere","floor":37,"gold_loss":0}],"is_beta":false,"boss_relics":[{"not_picked":["Pandora\u0027s Box","Empty Cage"],"picked":"Runic Pyramid"},{"not_picked":["Fusion Hammer","SlaversCollar"],"picked":"SacredBark"}],"items_purged_floors":[19,31],"is_endless":false,"potions_floor_spawned":[1,5,8,10,12,21,24,28,35],"killed_by":"2 Orb Walkers","ascension_level":20}}