{"host":"z2qbs5oitkx9dzyk","time":1613081505,"event":{"mods":["BaseMod","Colored Map","Colored Powertips","Minty Spire (QoL Compilation)"],"gold_per_floor":[110,110,35,52,67,67,100,119,119,175,187,87,87,87],"floor_reached":13,"language":"ENG","playtime":276,"items_purged":["Strike_R","Strike_R"],"score":85,"play_id":"86166167-bf37-43de-b2bb-60be78a1eee2","local_time":"20210211161145","is_ascension_mode":false,"campfire_choices":[{"data":"Heavy Blade","floor":6,"key":"SMITH"}],"circlet_count":0,"master_deck":["Strike_R","Strike_R","Defend_R","Defend_R","Defend_R","Defend_R","Bash","Spot Weakness","Heavy Blade+1","Flex","Feel No Pain","Barricade","Inflame"],"relics":["Burning Blood","NeowsBlessing","PreservedInsect","Paper Frog","Sundial"],"acts_visited":["Exordium"],"potions_floor_usage":[7,10,11],"damage_taken":[{"damage":0,"enemies":"Jaw Worm","floor":1,"turns":1},{"damage":0,"enemies":"Cultist","floor":4,"turns":1},{"damage":0,"enemies":"Small Slimes","floor":5,"turns":1},{"damage":32,"enemies":"Gremlin Nob","floor":7,"turns":4},{"damage":4,"enemies":"Exordium Wildlife","floor":8,"turns":3},{"damage":22,"enemies":"Lagavulin Event","floor":10,"turns":5},{"damage":33,"enemies":"Lots of Slimes","floor":11,"turns":5},{"damage":18,"enemies":"Lagavulin","floor":13,"turns":4}],"seed_played":"-5392237655079641870","potions_obtained":[{"floor":1,"key":"Regen Potion"},{"floor":4,"key":"BlessingOfTheForge"},{"floor":10,"key":"LiquidMemories"}],"is_trial":false,"path_per_floor":["M","?","$","M","M","R","E","M","T","?","M","$","E"],"character_chosen":"IRONCLAD","items_purchased":[],"campfire_rested":0,"item_purchase_floors":[],"current_hp_per_floor":[80,80,80,80,80,80,58,60,60,44,17,17,0,0],"gold":87,"neow_bonus":"THREE_ENEMY_KILL","is_daily":false,"chose_seed":false,"campfire_upgraded":1,"win_rate":0.0,"timestamp":1613081505,"path_taken":["M","?","$","?","?","R","E","?","T","?","M","$","E"],"items_purchased_type":[],"build_version":"2020-12-22","purchased_purges":2,"victory":false,"max_hp_per_floor":[80,80,80,80,80,80,80,80,80,80,80,80,80,80],"card_choices":[{"not_picked":["Burning Pact","Shrug It Off"],"picked":"Spot Weakness","floor":1},{"not_picked":["Flex","Warcry"],"picked":"Heavy Blade","floor":4},{"not_picked":["Cleave","Thunderclap"],"picked":"Flex","floor":5},{"not_picked":["Dropkick","Iron Wave"],"picked":"Feel No Pain","floor":7},{"not_picked":["Warcry","Second Wind","Headbutt"],"picked":"SKIP","floor":8},{"not_picked":["Wild Strike","Shrug It Off"],"picked":"Barricade","floor":10},{"not_picked":["Pommel Strike","Shrug It Off"],"picked":"Inflame","floor":11}],"player_experience":402355,"relics_obtained":[{"floor":7,"key":"PreservedInsect"},{"floor":9,"key":"Paper Frog"},{"floor":10,"key":"Sundial"}],"event_choices":[{"cards_removed":["Strike_R"],"damage_healed":0,"gold_gain":0,"player_choice":"Offered Basic","damage_taken":0,"max_hp_gain":0,"max_hp_loss":0,"event_name":"Bonfire Elementals","floor":2,"gold_loss":0},{"damage_healed":0,"gold_gain":0,"player_choice":"Searched \u00271\u0027 times","damage_taken":0,"max_hp_gain":0,"max_hp_loss":0,"event_name":"Dead Adventurer","floor":10,"gold_loss":0}],"is_beta":false,"boss_relics":[],"items_purged_floors":[3,12],"is_endless":false,"potions_floor_spawned":[1,4,10],"killed_by":"Lagavulin","ascension_level":0}}