{"host":"ls51t9cob9m2p2s9","time":1613058870,"event":{"mods":["2.2 Compatiblity","AchievementEnabler","Bard","BaseMod","Beaked The Cultist","Become a monster ???","Better Third Choice","Challenge The Spire","Colored Powertips","Conspire","Downfall","Gremlin Mod","Hermit","Highlight Path","Lobotomy","Marisa????????","Mimic Mod","Minty Spire (QoL Compilation)","Quick Restart","Random Character Button","Rare Cards Sparkle","Reliquary","Replay The Spire","Shop Mod","StSLib","The Disciple","The Hierophant","TheBandit","TheHeartMod","Thieving Mod","Uncapped","Wandering Minibosses"],"gold_per_floor":[113,126,301,20,20,20,20],"floor_reached":6,"language":"ENG","playtime":532,"items_purged":[],"score":34,"play_id":"5664f13b-120e-4184-9c1d-7480f2ebd58d","local_time":"20210211155430","is_ascension_mode":false,"campfire_choices":[],"circlet_count":0,"master_deck":["Strike_MRS","Strike_MRS","Strike_MRS","Strike_MRS","Defend_MRS","Defend_MRS","Defend_MRS","Defend_MRS","MasterSpark","UpSweep","OSAHOGD","DarkMatter","Murderer","Singularity","Doubt","SatelliteIllusion"],"relics":["MiniHakkero"],"acts_visited":["Exordium"],"potions_floor_usage":[],"damage_taken":[{"damage":0,"enemies":"Small Slimes","floor":1,"turns":3},{"damage":3,"enemies":"Jaw Worm","floor":2,"turns":4},{"damage":64,"enemies":"Gremlin Nob","floor":6,"turns":5}],"seed_played":"4159193123785369675","potions_obtained":[{"floor":1,"key":"Weak Potion"}],"is_trial":false,"path_per_floor":["M","M","?","$","$","E"],"character_chosen":"MARISA","items_purchased":["MerchantsRug","SatelliteIllusion"],"campfire_rested":0,"item_purchase_floors":[4,4],"current_hp_per_floor":[75,72,72,52,52,0,0],"gold":20,"neow_bonus":"","is_daily":false,"chose_seed":false,"campfire_upgraded":0,"win_rate":0.0,"timestamp":1613058870,"path_taken":["M","M","?","?","$","E"],"items_purchased_type":["Relic","Card"],"build_version":"2020-12-22","purchased_purges":0,"victory":false,"max_hp_per_floor":[75,75,75,75,75,75,75],"card_choices":[{"not_picked":["OldLady","WallGazer"],"picked":"OSAHOGD","floor":1},{"not_picked":["OortCloud","StarlightTyphoon"],"picked":"DarkMatter","floor":1},{"not_picked":["SnowQueen","PunishingBird"],"picked":"Murderer","floor":2},{"not_picked":["WitchOfGreed","BlazingStar"],"picked":"Singularity","floor":2}],"player_experience":435922,"relics_obtained":[],"event_choices":[{"damage_healed":0,"gold_gain":175,"player_choice":"AGREE","damage_taken":126,"max_hp_gain":0,"max_hp_loss":0,"event_name":"betterThird:BetterSerpent","floor":3,"gold_loss":0}],"is_beta":false,"boss_relics":[],"items_purged_floors":[],"is_endless":false,"potions_floor_spawned":[1],"killed_by":"Gremlin Nob","ascension_level":0}}