{"host":"jt62yzdgnrkmwwqv","time":1613055560,"event":{"mods":["AchievementEnabler","Act Like it!","Arknights","BaseMod","CapriCore","Colored Map","Colored Powertips","GungeonMod","Lobotomy","LobotomyExtend","Minty Spire (QoL Compilation)","Replay The Spire","StSLib","SuperFastMode"],"gold_per_floor":[119,139,4355,4355,4355,4385,4402,4432,4432,4445,4463,4474,4474,4500,4500,4596,4596,4607,4295,4312,4312,4312],"floor_reached":21,"language":"KOR","playtime":11536,"items_purged":["ats:Strike V","ats:Armor Crushing Shot"],"score":311,"play_id":"2f561d5d-44d7-4ea0-9992-e13f465ae54d","local_time":"20210211235920","is_ascension_mode":true,"campfire_choices":[{"data":"ats:Demon Strength","floor":13,"key":"SMITH"},{"floor":15,"key":"REST"}],"circlet_count":0,"master_deck":["ats:Strike G","ats:Strike S","ats:Defend","ats:Defend","ats:Defend","ats:Defend","ats:Emotion Absorption","VoidDream","ats:Guard Mode","UniverseFragment","ats:Explosion Area Strengthen","Apotheosis","ats:True Silver Slash","MeatLantern","ats:Collapsing Strike","ats:Demon Strength+1","ats:Leaping Hammer","OldLady","ats:Closed Bolt Burst Fire","ats:Revitalization","FairyFestival","ats:Apocalypse","PunishingBird","ats:Shadow Assault","ats:Closed Bolt Burst Fire","ats:Demon Strength","ats:Shell Defense"],"relics":["ats:Sanity Plus","CogitoBucket","RabbitCall","LetterFromLob","DemoMod:AgedBell","Membership Card","Gremlin Horn","ats:Spiritual Recovery","ats:Originium","DemoMod:Antibody","Question Card","SkinProphecy","Kunai","HellTrain","ReplayTheSpireMod:TigerMarble","HandDrill","Bronze Scales","DemoMod:GlassGuonStoneRelic"],"acts_visited":["Exordium","TheCity"],"potions_floor_usage":[8,16,16,16,21],"damage_taken":[{"damage":1,"enemies":"Jaw Worm","floor":1,"turns":3},{"damage":0,"enemies":"2 Louse","floor":2,"turns":4},{"damage":15,"enemies":"Lagavulin","floor":6,"turns":8},{"damage":0,"enemies":"Cultist","floor":7,"turns":4},{"damage":8,"enemies":"3 Sentries","floor":8,"turns":4},{"damage":0,"enemies":"Exordium Thugs","floor":10,"turns":1},{"damage":1,"enemies":"Blue Slaver","floor":11,"turns":2},{"damage":0,"enemies":"Exordium Wildlife","floor":12,"turns":3},{"damage":18,"enemies":"Gremlin Nob","floor":14,"turns":4},{"damage":25,"enemies":"The Guardian","floor":16,"turns":7},{"damage":38,"enemies":"3 Byrds","floor":18,"turns":8},{"damage":0,"enemies":"Chosen","floor":20,"turns":4},{"damage":55,"enemies":"Chosen","floor":21,"turns":3}],"seed_played":"-4015508053329811357","potions_obtained":[{"floor":1,"key":"Block Potion"},{"floor":2,"key":"ColorlessPotion"},{"floor":6,"key":"SkillPotion"},{"floor":14,"key":"CultistPotion"},{"floor":16,"key":"BlessingOfTheForge"},{"floor":18,"key":"GamblersBrew"}],"is_trial":false,"path_per_floor":["M","M","$","?","?","E","M","E","T","M","M","M","R","E","R","B",null,"M","$","M","?"],"character_chosen":"DOCTOR_CLASS","items_purchased":["DemoMod:AgedBell","Membership Card","Gremlin Horn","Apotheosis","ats:True Silver Slash","ats:Demon Strength","ReplayTheSpireMod:TigerMarble","HandDrill","Bronze Scales"],"campfire_rested":1,"item_purchase_floors":[3,3,3,3,3,19,19,19,19],"current_hp_per_floor":[71,71,71,71,64,49,49,41,41,41,36,32,32,10,56,39,80,46,46,46,0,0],"gold":4312,"neow_bonus":"","is_daily":false,"chose_seed":false,"campfire_upgraded":1,"win_rate":0.0,"timestamp":1613055560,"path_taken":["M","M","$","?","?","E","M","E","T","M","?","M","R","E","R","BOSS","M","$","M","?"],"items_purchased_type":["Relic","Relic","Relic","Card","Card","Card","Relic","Relic","Relic"],"build_version":"2020-12-22","purchased_purges":2,"victory":false,"max_hp_per_floor":[72,72,72,72,72,72,72,72,72,72,74,76,76,78,78,80,80,84,84,86,88,88],"card_choices":[{"not_picked":["CherryBlossoms","Scorched"],"picked":"VoidDream","floor":1},{"not_picked":["ats:Hammer On","ats:Durian"],"picked":"ats:Guard Mode","floor":1},{"not_picked":["FairyFestival","Bloodbath","Woodsman"],"picked":"Singing Bowl","floor":2},{"not_picked":["CherryBlossoms","Wellcheers"],"picked":"UniverseFragment","floor":2},{"not_picked":["ats:Absolute Focus","ats:LN2 Cannon"],"picked":"ats:Explosion Area Strengthen","floor":2},{"not_picked":["LittlePrince","BodiesMountain","CherryBlossoms"],"picked":"Singing Bowl","floor":6},{"not_picked":["Wellcheers","OldLady"],"picked":"MeatLantern","floor":6},{"not_picked":["ats:Beaten Up","ats:Absolute Focus"],"picked":"ats:Collapsing Strike","floor":6},{"not_picked":["DespairKnight","Bloodbath","BeautyBeast"],"picked":"Singing Bowl","floor":7},{"not_picked":["ats:Very Hot Blade","ats:Closed Bolt Burst Fire"],"picked":"ats:Demon Strength","floor":7},{"not_picked":["Scorched","Wellcheers","OSAHOGD"],"picked":"Singing Bowl","floor":8},{"not_picked":["ats:Hammer On","ats:Support Order"],"picked":"ats:Leaping Hammer","floor":8},{"not_picked":["ats:Closed Bolt Burst Fire","ats:Neurotoxin","ats:Flexible Camouflage","ats:Ignite"],"picked":"SKIP","floor":10},{"not_picked":["Woodsman","OSAHOGD"],"picked":"OldLady","floor":10},{"not_picked":["ats:Neurotoxin","ats:Flexible Camouflage","ats:Ignite"],"picked":"ats:Closed Bolt Burst Fire","floor":10},{"not_picked":["OSAHOGD","Porccubus","Bloodbath"],"picked":"Singing Bowl","floor":11},{"not_picked":["ats:Absolute Focus","ats:Composite Medical Shells","ats:Powerful Strike"],"picked":"ats:Revitalization","floor":11},{"not_picked":["ShyLook","WhitesApple"],"picked":"FairyFestival","floor":12},{"not_picked":["ats:Cat Scratch","ats:Explosion Area Strengthen","ats:Very Hot Blade"],"picked":"ats:Apocalypse","floor":12},{"not_picked":["Variant","Scorched","WallGazer"],"picked":"Singing Bowl","floor":14},{"not_picked":["ats:Steam Pump","ats:Mental Burst","ats:Chain Hook","ats:Flame Of Heaven"],"picked":"SKIP","floor":14},{"not_picked":["ShyLook","WallGazer","LittlePrince"],"picked":"Singing Bowl","floor":16},{"not_picked":["ShyLook","Bloodbath"],"picked":"PunishingBird","floor":16},{"not_picked":["ats:Wolf Pack","ats:Nebulous Foxfire","ats:Calcification"],"picked":"ats:Shadow Assault","floor":16},{"not_picked":["LittleHelper","MHz","ShyLook"],"picked":"Singing Bowl","floor":18},{"not_picked":["ats:Poison Spread","ats:Cat Scratch","ats:Consecutive Shot Auto"],"picked":"ats:Closed Bolt Burst Fire","floor":18},{"not_picked":["SpiderBud","CherryBlossoms","RedShoes"],"picked":"Singing Bowl","floor":20},{"not_picked":["ats:Flame Of Heaven","ats:Spore Proliferation+1","ats:Absolute Focus"],"picked":"ats:Shell Defense","floor":20}],"player_experience":190860,"relics_obtained":[{"floor":1,"key":"LetterFromLob"},{"floor":6,"key":"ats:Spiritual Recovery"},{"floor":6,"key":"ats:Originium"},{"floor":8,"key":"ats:Originium"},{"floor":8,"key":"DemoMod:Antibody"},{"floor":9,"key":"Question Card"},{"floor":14,"key":"ats:Originium"},{"floor":14,"key":"Kunai"}],"event_choices":[{"cards_removed":["ats:Strike C"],"damage_healed":0,"gold_gain":0,"player_choice":"Forget","damage_taken":0,"max_hp_gain":0,"max_hp_loss":0,"event_name":"Living Wall","floor":4,"gold_loss":0},{"damage_healed":0,"gold_gain":0,"player_choice":"Damaged","damage_taken":7,"max_hp_gain":0,"max_hp_loss":0,"event_name":"Wheel of Change","floor":5,"gold_loss":0}],"is_beta":false,"boss_relics":[{"not_picked":["Snecko Eye","Painkiller Herb"],"picked":"ats:Sanity Plus"}],"items_purged_floors":[3,19],"is_endless":false,"potions_floor_spawned":[1,2,6,14,16,18],"killed_by":"Chosen","ascension_level":1}}