{"host":"mgjbkrm6zb65cm01","time":1613059646,"event":{"mods":["ATMod(°¢èªMod)","BaseMod","Conspire","Good Game Mod","Minty Spire (QoL Compilation)","Quick Restart","Relic Stats","Spicy Shops","StSLib","UnlockEverythingMod","noobMod"],"gold_per_floor":[109,124,141,316,316,316,348,348,348,361,379,479,494,505,505,608,608,626,18,18,18,28,58,58,83,129,146,160,178,197,217,217,317,317,329,339,339,42,0,25,25,25,25,25,25,45,45,60,60,60,60,60,60,91,91],"floor_reached":56,"language":"ZHS","playtime":3864,"items_purged":["Defend_P","Strike_P","Doubt"],"score":1248,"play_id":"c5f5d2e5-4af6-43a0-8858-887a3f42d81a","local_time":"20210212000726","is_ascension_mode":false,"campfire_choices":[{"data":"DevaForm","floor":6.0,"key":"SMITH"},{"data":"AT_ChampionKick","floor":15.0,"key":"SMITH"},{"data":"Devotion","floor":32.0,"key":"SMITH"},{"floor":42,"key":"RECALL"},{"data":"Strike_P","floor":44,"key":"PURGE"},{"data":"AT_OneInchPunch","floor":49,"key":"SMITH"},{"data":"CutThroughFate","floor":52,"key":"SMITH"}],"circlet_count":0,"master_deck":["Strike_P","Defend_P+1","Defend_P","Eruption","Vigilance","DevaForm+1","AT_ShadowStep","BowlingBash+1","Prostrate+1","FollowUp","LikeWater","AT_ChampionKick+1","SashWhip","AT_OneInchPunch+1","Devotion+1","Pray","ClearTheMind+1","Crescendo","FearNoEvil","EmptyFist","SignatureMove+1","CutThroughFate+1","ClearTheMind+1","Evaluate+1","Consecrate+1","Adaptation+1","Perseverance+1","Panache","WindmillStrike+1","Wallop+1"],"relics":["PureWater","REME:ComplimentaryCards","ice","AT_ATBox","NeowsBlessing","Kunai","Shuriken","conspire:SpecialSausage","Bottled Lightning","Peace Pipe","Ornamental Fan","SlaversCollar","Strange Spoon","Red Mask","Toy Ornithopter","War Paint","Akabeko"],"acts_visited":["Exordium","TheCity","TheBeyond","TheEnding"],"potions_floor_usage":[50,50,55],"damage_taken":[{"damage":0.0,"enemies":"Cultist","floor":1.0,"turns":1.0},{"damage":0.0,"enemies":"2 Louse","floor":2.0,"turns":1.0},{"damage":0.0,"enemies":"Small Slimes","floor":3.0,"turns":1.0},{"damage":31.0,"enemies":"3 Sentries","floor":7.0,"turns":9.0},{"damage":18.0,"enemies":"Exordium Wildlife","floor":10.0,"turns":5.0},{"damage":0.0,"enemies":"Exordium Thugs","floor":11.0,"turns":6.0},{"damage":1.0,"enemies":"Red Slaver","floor":13.0,"turns":5.0},{"damage":2.0,"enemies":"Exordium Wildlife","floor":14.0,"turns":4.0},{"damage":16.0,"enemies":"The Guardian","floor":16.0,"turns":6.0},{"damage":37.0,"enemies":"3 Byrds","floor":18.0,"turns":6.0},{"damage":4.0,"enemies":"2 Thieves","floor":20.0,"turns":4.0},{"damage":22.0,"enemies":"Chosen and Byrds","floor":22.0,"turns":5.0},{"damage":69.0,"enemies":"Slavers","floor":23.0,"turns":4.0},{"damage":30.0,"enemies":"Gremlin Leader","floor":25.0,"turns":5.0},{"damage":4.0,"enemies":"Cultist and Chosen","floor":27.0,"turns":4.0},{"damage":12.0,"enemies":"3 Cultists","floor":28.0,"turns":3.0},{"damage":0.0,"enemies":"Sentry and Sphere","floor":29.0,"turns":3.0},{"damage":8.0,"enemies":"Snecko","floor":30.0,"turns":5.0},{"damage":5.0,"enemies":"Shelled Parasite and Fungi","floor":31.0,"turns":4.0},{"damage":22.0,"enemies":"Collector","floor":33.0,"turns":7.0},{"damage":11.0,"enemies":"3 Darklings","floor":35.0,"turns":3.0},{"damage":13,"enemies":"3 Shapes","floor":36,"turns":3},{"damage":21,"enemies":"Giant Head","floor":40,"turns":9},{"damage":22,"enemies":"Spire Growth","floor":46,"turns":5},{"damage":30,"enemies":"Sphere and 2 Shapes","floor":48,"turns":6},{"damage":68,"enemies":"Awakened One","floor":50,"turns":9},{"damage":119,"enemies":"Shield and Spear","floor":54,"turns":5},{"damage":89,"enemies":"The Heart","floor":55,"turns":7}],"seed_played":"2342840813529180428","potions_obtained":[{"floor":7.0,"key":"StancePotion"},{"floor":11.0,"key":"AttackPotion"},{"floor":13.0,"key":"FearPotion"},{"floor":18.0,"key":"GamblersBrew"},{"floor":24.0,"key":"LiquidMemories"},{"floor":24.0,"key":"Ancient Potion"},{"floor":24.0,"key":"DuplicationPotion"},{"floor":30.0,"key":"EssenceOfSteel"},{"floor":33.0,"key":"ColorlessPotion"},{"floor":36,"key":"SteroidPotion"},{"floor":54,"key":"SpeedPotion"}],"is_trial":false,"path_per_floor":["M","M","M","?","?","R","E","?","T","M","M","?","M","M","R","B",null,"M","$","M","?","M","E","?","E","T","M","M","M","M","M","R","B",null,"M","M","?","$","?","E","?","R","T","R","?","M","?","M","R","B",null,"R","$","E","B",null],"character_chosen":"WATCHER","items_purchased":["ClearTheMind","Crescendo","Bottled Lightning","FearNoEvil","Strange Spoon","Energy Potion"],"campfire_rested":0,"item_purchase_floors":[19,19,19,19,38,38],"current_hp_per_floor":[72,72,72,72,58,58,27,27,27,9,72,72,71,69,69,53,89,52,52,48,48,26,41,41,11,11,7,89,89,81,76,76,54,112,101,88,88,88,88,67,67,67,67,67,67,45,45,15,15,45,117,117,117,117,33],"gold":91,"neow_bonus":"THREE_ENEMY_KILL","is_daily":false,"chose_seed":false,"campfire_upgraded":5,"win_rate":0.0,"timestamp":1613059646,"path_taken":["M","M","M","?","?","R","E","?","T","?","M","?","M","M","R","BOSS","M","$","M","?","?","E","?","E","T","?","M","M","M","M","R","BOSS","M","M","?","$","?","E","?","R","T","R","?","?","?","M","R","BOSS","R","$","E","BOSS"],"items_purchased_type":["Card","Card","Relic","Card","Relic","Potion"],"build_version":"2020-12-22","purchased_purges":3,"victory":true,"max_hp_per_floor":[72,72,72,72,72,72,72,72,72,72,75,75,78,80,80,89,89,89,89,89,89,89,93,93,101,101,101,102,103,106,112,112,112,112,112,112,112,112,112,112,106,106,106,106,106,106,106,106,106,117,117,117,117,125,191],"relic_stats":{"Peace Pipe":1,"Strange Spoon":[29],"counters":[28,135],"Shuriken":[35],"Ornamental Fan":[92],"Kunai":[35],"War Paint":["Prostrate","ClearTheMind"],"obtain_stats":[{"AT_ATBox":0,"NeowsBlessing":0,"conspire:SpecialSausage":17,"ice":0,"War Paint":43,"Akabeko":54,"Peace Pipe":23,"SlaversCollar":34,"Strange Spoon":38,"REME:ComplimentaryCards":0,"Shuriken":9,"Ornamental Fan":25,"Red Mask":39,"Kunai":7,"Bottled Lightning":19,"PureWater":0,"Toy Ornithopter":40},{"AT_ATBox":0,"NeowsBlessing":0,"conspire:SpecialSausage":9,"ice":0,"War Paint":23,"Akabeko":27,"Peace Pipe":13,"SlaversCollar":20,"Strange Spoon":22,"REME:ComplimentaryCards":0,"Shuriken":4,"Ornamental Fan":14,"Red Mask":22,"Kunai":4,"Bottled Lightning":10,"PureWater":0,"Toy Ornithopter":23},{"AT_ATBox":0,"NeowsBlessing":0,"conspire:SpecialSausage":38,"ice":0,"War Paint":103,"Akabeko":128,"Peace Pipe":57,"SlaversCollar":88,"Strange Spoon":94,"REME:ComplimentaryCards":0,"Shuriken":12,"Ornamental Fan":62,"Red Mask":94,"Kunai":12,"Bottled Lightning":44,"PureWater":0,"Toy Ornithopter":103}],"Toy Ornithopter":15},"card_choices":[{"not_picked":["FlyingSleeves","TalkToTheHand"],"picked":"BowlingBash","floor":1.0},{"not_picked":["BowlingBash","Protect"],"picked":"Prostrate","floor":2.0},{"not_picked":["FlurryOfBlows","Conclude"],"picked":"FollowUp","floor":3.0},{"not_picked":["Sanctity","Halt","WaveOfTheHand"],"picked":"SKIP","floor":7.0},{"not_picked":["Consecrate","Crescendo"],"picked":"LikeWater","floor":10.0},{"not_picked":["CrushJoints","BowlingBash"],"picked":"AT_ChampionKick","floor":11.0},{"not_picked":["Protect","FlyingSleeves"],"picked":"SashWhip","floor":13.0},{"not_picked":["Evaluate","CrushJoints"],"picked":"AT_OneInchPunch","floor":14.0},{"not_picked":["AT_IrregularMenstruation","Vault"],"picked":"Devotion","floor":16.0},{"not_picked":["Evaluate+1","WindmillStrike"],"picked":"Pray","floor":18.0},{"not_picked":["LikeWater","BowlingBash"],"picked":"EmptyFist","floor":20.0},{"not_picked":["ThirdEye","Evaluate","Vengeance"],"picked":"SKIP","floor":22.0},{"not_picked":["AT_MachinaRedman","FlurryOfBlows"],"picked":"SignatureMove+1","floor":23.0},{"not_picked":["JustLucky","WindmillStrike"],"picked":"CutThroughFate","floor":25.0},{"not_picked":["Consecrate","EmptyFist"],"picked":"ClearTheMind+1","floor":27.0},{"not_picked":["SashWhip","LikeWater","WreathOfFlame"],"picked":"SKIP","floor":28.0},{"not_picked":["FlurryOfBlows","LessonLearned"],"picked":"Evaluate+1","floor":29.0},{"not_picked":["JustLucky","CarveReality+1"],"picked":"Consecrate+1","floor":30.0},{"not_picked":["ReachHeaven","ClearTheMind+1","InnerPeace+1"],"picked":"SKIP","floor":31.0},{"not_picked":["Worship","Consecrate+1"],"picked":"Adaptation+1","floor":35.0},{"not_picked":["ThirdEye","FollowUp+1"],"picked":"Perseverance+1","floor":36},{"not_picked":["AT_CelerityRune","Mayhem"],"picked":"Panache","floor":37},{"not_picked":["Halt","Omniscience","Adaptation"],"picked":"SKIP","floor":40},{"not_picked":["SashWhip","Consecrate+1","PathToVictory+1"],"picked":"SKIP","floor":46},{"not_picked":["Collect+1","Conclude"],"picked":"WindmillStrike+1","floor":48},{"not_picked":["LikeWater+1","Crescendo"],"picked":"Wallop+1","floor":54}],"player_experience":151440,"relics_obtained":[{"floor":7.0,"key":"Kunai"},{"floor":9.0,"key":"Shuriken"},{"floor":23.0,"key":"Peace Pipe"},{"floor":25.0,"key":"Ornamental Fan"},{"floor":40,"key":"Toy Ornithopter"},{"floor":43,"key":"War Paint"},{"floor":54,"key":"Akabeko"}],"event_choices":[{"damage_healed":0.0,"max_hp_gain":0.0,"max_hp_loss":0.0,"gold_gain":175.0,"event_name":"Liars Game","player_choice":"AGREE","floor":4.0,"gold_loss":0.0,"damage_taken":0.0,"cards_obtained":["Doubt"]},{"damage_healed":0.0,"max_hp_gain":0.0,"max_hp_loss":0.0,"gold_gain":0.0,"event_name":"Shining Light","player_choice":"Entered Light","floor":5.0,"gold_loss":0.0,"damage_taken":14.0,"cards_upgraded":["BowlingBash","Defend_P"]},{"cards_removed":["Strike_P"],"damage_healed":0.0,"max_hp_gain":0.0,"max_hp_loss":0.0,"gold_gain":0.0,"event_name":"Living Wall","player_choice":"Forget","floor":8.0,"gold_loss":0.0,"damage_taken":0.0},{"damage_healed":0.0,"max_hp_gain":0.0,"max_hp_loss":0.0,"gold_gain":100.0,"event_name":"Golden Shrine","player_choice":"Pray","floor":12.0,"gold_loss":0.0,"damage_taken":0.0},{"cards_removed":["Defend_P"],"damage_healed":0.0,"max_hp_gain":0.0,"max_hp_loss":0.0,"gold_gain":0.0,"event_name":"Bonfire Elementals","player_choice":"Offered Basic","floor":21.0,"gold_loss":0.0,"damage_taken":0.0},{"damage_healed":0.0,"max_hp_gain":0.0,"max_hp_loss":0.0,"gold_gain":0.0,"event_name":"Lab","player_choice":"Got Potions","floor":24.0,"gold_loss":0.0,"damage_taken":0.0},{"damage_healed":0,"gold_gain":0,"player_choice":"Memory 1","damage_taken":0,"max_hp_gain":0,"max_hp_loss":0,"event_name":"SensoryStone","floor":37,"gold_loss":0},{"damage_healed":0,"gold_gain":0,"player_choice":"Paid","damage_taken":0,"relics_obtained":["Red Mask"],"max_hp_gain":0,"max_hp_loss":0,"event_name":"Tomb of Lord Red Mask","floor":39,"gold_loss":42},{"damage_healed":0,"gold_gain":0,"player_choice":"Max HP","damage_taken":0,"max_hp_gain":0,"max_hp_loss":6,"event_name":"Winding Halls","floor":41,"gold_loss":0},{"damage_healed":0,"gold_gain":0,"player_choice":"0 cards matched","damage_taken":0,"max_hp_gain":0,"max_hp_loss":0,"event_name":"Match and Keep!","floor":45,"gold_loss":0,"cards_obtained":[]},{"damage_healed":0,"gold_gain":0,"player_choice":"Ignored","damage_taken":0,"max_hp_gain":0,"max_hp_loss":0,"event_name":"SecretPortal","floor":47,"gold_loss":0}],"is_beta":false,"boss_relics":[{"not_picked":["conspire:SeveredTorchhead","SacredBark"],"picked":"conspire:SpecialSausage"},{"not_picked":["Sozu","Fusion Hammer"],"picked":"SlaversCollar"}],"items_purged_floors":[19,19,38],"is_endless":false,"potions_floor_spawned":[7,11,13,18,25,28,30,33,36,46,54],"ascension_level":0}}