{"host":"qxeepl7ydvsgmfdb","time":1613022208,"event":{"mods":["AchievementEnabler","BaseMod","Colored Powertips","Minty Spire (QoL Compilation)","Quick Restart","slay the spire mod where everything is the same but ironclad has a cowboy hat"],"gold_per_floor":[117,117,117,127,127,162,177,190,214,66,84,84,117,117,117,117,117],"floor_reached":16,"language":"ENG","playtime":387,"items_purged":[],"score":230,"play_id":"09aaf74a-34ee-4552-867a-47c049394064","local_time":"20210211004328","is_ascension_mode":true,"campfire_choices":[{"data":"Distraction","floor":12,"key":"SMITH"},{"floor":15,"key":"REST"}],"circlet_count":0,"master_deck":["AscendersBane","Strike_G","Strike_G","Strike_G","Strike_G+1","Strike_G+1","Defend_G","Defend_G","Defend_G","Defend_G","Defend_G","Survivor","Neutralize","Deflect+1","Slice","Blade Dance","Distraction+1","Poisoned Stab"],"relics":["Ring of the Snake","NeowsBlessing","HornCleat","Gremlin Horn","Whetstone","Omamori","Vajra"],"acts_visited":["Exordium"],"potions_floor_usage":[1,13,13],"damage_taken":[{"damage":0,"enemies":"2 Louse","floor":1,"turns":1},{"damage":0,"enemies":"Jaw Worm","floor":4,"turns":1},{"damage":0,"enemies":"Gremlin Nob","floor":6,"turns":1},{"damage":3,"enemies":"Small Slimes","floor":7,"turns":4},{"damage":7,"enemies":"Red Slaver","floor":8,"turns":5},{"damage":3,"enemies":"Exordium Wildlife","floor":11,"turns":5},{"damage":50,"enemies":"Lagavulin","floor":13,"turns":10},{"damage":81,"enemies":"The Guardian","floor":16,"turns":14}],"seed_played":"-8467033815886360233","potions_obtained":[{"floor":1,"key":"EntropicBrew"}],"is_trial":false,"path_per_floor":["M","?","?","M","T","E","M","M","T","$","M","R","E","?","R","B"],"character_chosen":"THE_SILENT","items_purchased":["Omamori"],"campfire_rested":1,"item_purchase_floors":[10],"current_hp_per_floor":[59,59,64,64,64,64,61,54,54,54,51,51,16,33,54,0,0],"gold":117,"neow_bonus":"THREE_ENEMY_KILL","is_daily":false,"chose_seed":false,"campfire_upgraded":1,"win_rate":0.0,"timestamp":1613022208,"path_taken":["M","?","?","M","?","E","M","M","T","$","?","R","E","?","R","BOSS"],"items_purchased_type":["Relic"],"build_version":"2020-12-22","purchased_purges":0,"victory":false,"max_hp_per_floor":[66,66,71,71,71,71,71,71,71,71,71,71,71,71,71,71,71],"card_choices":[{"not_picked":["Skewer","Outmaneuver"],"picked":"Deflect","floor":1},{"not_picked":["Setup","Bane","Prepared"],"picked":"SKIP","floor":4},{"not_picked":["Dash","Backflip"],"picked":"Slice","floor":6},{"not_picked":["Deadly Poison","Slice"],"picked":"Blade Dance","floor":7},{"not_picked":["Bane","Endless Agony"],"picked":"Distraction","floor":8},{"not_picked":["Backflip","Calculated Gamble","PiercingWail"],"picked":"SKIP","floor":11},{"not_picked":["Tools of the Trade","Deadly Poison"],"picked":"Poisoned Stab","floor":13}],"player_experience":145814,"relics_obtained":[{"floor":5,"key":"HornCleat"},{"floor":6,"key":"Gremlin Horn"},{"floor":9,"key":"Whetstone"},{"floor":13,"key":"Vajra"}],"event_choices":[{"damage_healed":0,"gold_gain":0,"player_choice":"Grow","damage_taken":0,"max_hp_gain":0,"max_hp_loss":0,"event_name":"Living Wall","floor":2,"gold_loss":0,"cards_upgraded":["Deflect"]},{"damage_healed":0,"gold_gain":0,"player_choice":"Donut","damage_taken":0,"max_hp_gain":5,"max_hp_loss":0,"event_name":"Big Fish","floor":3,"gold_loss":0},{"damage_healed":17,"gold_gain":0,"player_choice":"Healed and dodged fight","damage_taken":0,"max_hp_gain":0,"max_hp_loss":0,"event_name":"Mushrooms","floor":14,"gold_loss":0,"cards_obtained":["Parasite"]}],"is_beta":false,"boss_relics":[],"items_purged_floors":[],"is_endless":false,"potions_floor_spawned":[1,4,11],"killed_by":"The Guardian","ascension_level":14}}