{"host":"mpvt08kax8preffg","time":1613002332,"event":{"mods":["AchievementEnabler","BaseMod","Minty Spire (QoL Compilation)","Replay The Spire","StSLib","The Servant 0.9.4"],"gold_per_floor":[112,62,40,115,131,131,165,165,165,165,165,178,195,212,223,241,241,241,241],"floor_reached":18,"language":"ENG","playtime":1725,"items_purged":[],"score":139,"play_id":"02d2ffab-6a08-45b9-bdb0-59aa13ac07a6","local_time":"20210210161212","is_ascension_mode":false,"campfire_choices":[{"data":"FIFO Queue","floor":6,"key":"SMITH"},{"floor":8,"key":"REST"},{"floor":17,"key":"REST"}],"circlet_count":0,"master_deck":["Strike_B","Strike_B","Strike_B","Defend_B","Defend_B","Defend_B","Defend_B","Zap","Dualcast","Compile Driver","Conserve Battery","FIFO Queue+1","ReplayRNGCard","Redo+1","Coolheaded+1","Conserve Battery+1","Panic Button+1","Buffer"],"relics":["Cracked Core","Mango","Toxic Egg 2"],"acts_visited":["Exordium"],"potions_floor_usage":[],"damage_taken":[{"damage":0.0,"enemies":"2 Louse","floor":1.0,"turns":2.0},{"damage":1.0,"enemies":"Cultist","floor":5.0,"turns":3.0},{"damage":30,"enemies":"Lagavulin","floor":7,"turns":8},{"damage":20,"enemies":"Jaw Worm","floor":12,"turns":5},{"damage":27,"enemies":"Exordium Wildlife","floor":13,"turns":4},{"damage":23,"enemies":"3 Louse","floor":14,"turns":3},{"damage":4,"enemies":"2 Fungi Beasts","floor":15,"turns":3},{"damage":10,"enemies":"Blue Slaver","floor":16,"turns":4},{"damage":31,"enemies":"Fading Forest","floor":18,"turns":7}],"seed_played":"-7219945660697511478","potions_obtained":[{"floor":1.0,"key":"Milkshake"},{"floor":7,"key":"Regen Potion"},{"floor":12,"key":"Strength Potion"}],"is_trial":false,"path_per_floor":["M","?","$","?","M","R","E","R","T","PTL","PTL","M","M","M","M","M","R","B"],"character_chosen":"DEFECT","items_purchased":["Conserve Battery"],"campfire_rested":2,"item_purchase_floors":[3],"current_hp_per_floor":[82,82,82,74,73,73,57,85,85,85,85,65,38,15,11,1,29,0,0],"gold":241,"neow_bonus":"TEN_PERCENT_HP_BONUS","is_daily":false,"chose_seed":false,"campfire_upgraded":1,"win_rate":0.0,"timestamp":1613002332,"path_taken":["M","?","$","?","M","R","E","R","T","PTL","PTL","M","M","M","?","M","R","BOSS"],"items_purchased_type":["Card"],"build_version":"2020-12-22","purchased_purges":0,"victory":false,"max_hp_per_floor":[82,82,82,82,82,82,96,96,96,96,96,96,96,96,96,96,96,96,96],"card_choices":[{"not_picked":["ReplayTheSpireMod:GoodbyeWorld","Go for the Eyes"],"picked":"Compile Driver","floor":1.0},{"not_picked":["Ball Lightning","Streamline"],"picked":"FIFO Queue","floor":5.0},{"not_picked":["Beam Cell","BasicCrystalCard"],"picked":"ReplayRNGCard","floor":7},{"not_picked":["Stack+1","Coolheaded+1"],"picked":"Redo+1","floor":12},{"not_picked":["Ball Lightning","Hologram+1"],"picked":"Coolheaded+1","floor":13},{"not_picked":["Streamline","Leap+1"],"picked":"Conserve Battery+1","floor":14},{"not_picked":["Coolheaded+1","ReplaySort+1"],"picked":"Panic Button+1","floor":15},{"not_picked":["White Noise+1","Double Energy+1"],"picked":"Buffer","floor":16}],"player_experience":6118,"relics_obtained":[{"floor":7,"key":"Mango"},{"floor":9,"key":"Toxic Egg 2"}],"event_choices":[{"cards_removed":["Strike_B"],"damage_healed":0.0,"max_hp_gain":0.0,"max_hp_loss":0.0,"gold_gain":0.0,"event_name":"The Cleric","player_choice":"Card Removal","floor":2.0,"gold_loss":50.0,"damage_taken":0.0},{"damage_healed":0.0,"max_hp_gain":0.0,"max_hp_loss":0.0,"gold_gain":75.0,"event_name":"FaceTrader","player_choice":"Touch","floor":4.0,"gold_loss":0.0,"damage_taken":8.0}],"is_beta":false,"boss_relics":[],"items_purged_floors":[],"is_endless":false,"potions_floor_spawned":[1,7,12],"killed_by":"Fading Forest","ascension_level":0}}