{"host":"9czo1ewqehy3yunx","time":1613051280,"event":{"mods":["Act Like it!","BaseMod","CapriCore","Colored Powertips","DeckTracker","GifTheSpireLib","GungeonMod","Hermit","Keyboard Shortcuts","Koishi","Lobotomy","Marisa£¨Ùöéë¡¡Øª×âÞÞ£©","Minty Spire (QoL Compilation)","Permanent Neow","Quick Restart","StSLib","SuperFastMode","The Bug Knight","The Cursed","The Hierophant","The Immortal","The Jungle","The Poker Player","The Runesmith"],"gold_per_floor":[112,127,139,151,170,170,182,182,182,201,221,240,240,257,257,257,257],"floor_reached":16,"language":"KOR","playtime":1178,"items_purged":[],"score":100,"play_id":"e092411e-c680-4c5a-96a0-67e8b8491c41","local_time":"20210211224800","is_ascension_mode":false,"campfire_choices":[{"data":"hermit:EyeOfTheStorm","floor":6,"key":"SMITH"},{"data":"hermit:Headshot","floor":13,"key":"SMITH"},{"data":"hermit:CalledShot","floor":15,"key":"SMITH"}],"circlet_count":0,"master_deck":["hermit:Strike_Hermit","hermit:Strike_Hermit","hermit:Strike_Hermit","hermit:Strike_Hermit","hermit:Defend_Hermit","hermit:Defend_Hermit","hermit:Defend_Hermit","hermit:Defend_Hermit","hermit:Snapshot+1","hermit:Covet","hermit:HoleUp","hermit:EyeOfTheStorm+1","hermit:Snipe","hermit:CalledShot+1","hermit:Headshot+1","hermit:ItchyTrigger","hermit:CalledShot+1","hermit:Glare"],"relics":["hermit:Momento","Oddly Smooth Stone"],"acts_visited":["Exordium"],"potions_floor_usage":[16,16,16],"damage_taken":[{"damage":1,"enemies":"2 Louse","floor":1,"turns":2},{"damage":0,"enemies":"Cultist","floor":2,"turns":4},{"damage":2,"enemies":"Jaw Worm","floor":3,"turns":5},{"damage":0,"enemies":"Exordium Wildlife","floor":4,"turns":4},{"damage":27,"enemies":"Gremlin Gang","floor":5,"turns":6},{"damage":8,"enemies":"2 Fungi Beasts","floor":7,"turns":4},{"damage":5,"enemies":"3 Louse","floor":10,"turns":4},{"damage":4,"enemies":"Exordium Thugs","floor":11,"turns":3},{"damage":0,"enemies":"Looter","floor":12,"turns":3},{"damage":0,"enemies":"Large Slime","floor":14,"turns":3},{"damage":28,"enemies":"The Guardian","floor":16,"turns":8}],"seed_played":"8044643599946365439","potions_obtained":[{"floor":3,"key":"FearPotion"},{"floor":7,"key":"Block Potion"},{"floor":11,"key":"ColorlessPotion"}],"is_trial":false,"path_per_floor":["M","M","M","M","M","R","M","?","T","M","M","M","R","M","R","B"],"character_chosen":"HERMIT","items_purchased":[],"campfire_rested":0,"item_purchase_floors":[],"current_hp_per_floor":[74,74,72,72,45,45,37,37,37,32,28,28,28,28,28,0,0],"gold":257,"neow_bonus":"UPGRADE_CARD","is_daily":false,"chose_seed":false,"campfire_upgraded":3,"win_rate":0.0,"timestamp":1613051280,"path_taken":["M","M","M","M","M","R","M","?","T","M","M","M","R","M","R","BOSS"],"items_purchased_type":[],"build_version":"2020-12-22","purchased_purges":0,"victory":false,"max_hp_per_floor":[75,75,75,75,75,75,75,75,75,75,75,75,75,75,75,75,75],"card_choices":[{"not_picked":["hermit:Roulette","hermit:BodyArmor"],"picked":"hermit:HoleUp","floor":1},{"not_picked":["hermit:FullyLoaded","hermit:BodyArmor"],"picked":"hermit:EyeOfTheStorm","floor":2},{"not_picked":["hermit:Spite","hermit:Malice"],"picked":"hermit:Snipe","floor":3},{"not_picked":["hermit:HoleUp","hermit:Manifest"],"picked":"hermit:CalledShot","floor":4},{"not_picked":["hermit:Shortfuse","hermit:Maintenance","hermit:FullyLoaded"],"picked":"SKIP","floor":5},{"not_picked":["hermit:Roulette","hermit:HighCaliber","hermit:Misfire"],"picked":"SKIP","floor":7},{"not_picked":["hermit:Feint","hermit:LowProfile"],"picked":"hermit:Headshot","floor":10},{"not_picked":["hermit:NoHoldsBarred","hermit:TrackingShot"],"picked":"hermit:ItchyTrigger","floor":11},{"not_picked":["hermit:TrackingShot","hermit:Snipe"],"picked":"hermit:CalledShot","floor":12},{"not_picked":["hermit:NoHoldsBarred","hermit:Quickdraw"],"picked":"hermit:Glare","floor":14}],"player_experience":273275,"relics_obtained":[{"floor":9,"key":"Oddly Smooth Stone"}],"event_choices":[{"damage_healed":0,"gold_gain":0,"player_choice":"Grow","damage_taken":0,"max_hp_gain":0,"max_hp_loss":0,"event_name":"Living Wall","floor":8,"gold_loss":0,"cards_upgraded":["hermit:CalledShot"]}],"is_beta":false,"boss_relics":[],"items_purged_floors":[],"is_endless":false,"potions_floor_spawned":[3,7,11],"killed_by":"The Guardian","ascension_level":0}}