{"host":"grwexcir7mx5yvgg","time":1613017832,"event":{"mods":["AchievementEnabler","Ascension Reborn","Aspiration","BaseMod","Better Vampires","Colored Powertips","Custom Start","Energized Spire","Googly Eyes","Minty Spire (QoL Compilation)","MostiFishMod","Reliquary","Remilia（蕾米莉亚）","Replay The Spire","Shop Mod","Spicy Shops","StSLib","SuperFastMode","TestMod","UnlockEverythingMod","篝火指南"],"gold_per_floor":[117,135,135,188,113,113,147,157,184,204,204,222,222,241,241,354,354,375,380,380],"floor_reached":19,"language":"ZHS","playtime":1081,"items_purged":["MostiFishMod:UltimateDefense+1"],"score":219,"play_id":"4dfb7a53-78f0-4b4d-8406-2958bed028fc","local_time":"20210211123032","daily_mods":["Vintage","Heirloom","Time Dilation","Uncertain Future","Binary"],"is_ascension_mode":true,"campfire_choices":[{"floor":6,"key":"DIG"}],"circlet_count":0,"master_deck":["QueenOfMidnight+1","DemonKingCradle+1","Body Slam+1","Body Slam+1","Body Slam+1","MostiFishMod:NeverNightCountry+1","Searing Blow+66","MostiFishMod:OrdinaryWorld+1","MostiFishMod:OrdinaryWorld+1","MostiFishMod:OrdinaryWorld+1","Reaper+1","Fiend Fire+1","Fiend Fire+1","Feed+1","Feed+1","Feed+1","MostiFishMod:404NotFound+1","Bludgeon+1","Hemogenesis+1","MostiFishMod:CullingBlade+1","MostiFishMod:CullingBlade+1","MostiFishMod:CullingBlade+1","Warcry+1","Warcry+1","Flex+1","Flex+1","Havoc+1","Havoc+1","Havoc+1","Shrug It Off+1","Shrug It Off+1","MostiFishMod:#F4004+1","MostiFishMod:#F4004+1","Bloodletting+1","Bloodletting+1","ReplayTheSpireMod:Muscle Training+1","ReplayTheSpireMod:Muscle Training+1","ReplayTheSpireMod:Muscle Training+1","Intimidate+1","Rage+1","Ghostly Armor+1","Ghostly Armor+1","ReplayTheSpireMod:Corrosion Curse+1","ReplayTheSpireMod:Corrosion Curse+1","Sentinel+1","Sentinel+1","Sentinel+1","Dual Wield+1","Burning Pact+1","Burning Pact+1","Seeing Red+1","Seeing Red+1","Seeing Red+1","Disarm+1","Infernal Blade+1","Infernal Blade+1","Infernal Blade+1","Spot Weakness+1","Spot Weakness+1","Spot Weakness+1","MostiFishMod:RacingGame+1","Defy Death+1","Defy Death+1","Defy Death+1","Entrench+1","Entrench+1","Demonic Infusion+1","Replay:Many Hands+1","MostiFishMod:DarkDeal+1","MostiFishMod:DarkDeal+1","MostiFishMod:DarkDeal+1","MostiFishMod:NewArrival+1","MostiFishMod:ChineseTea+1","MostiFishMod:ChineseTea+1","MostiFishMod:ChineseTea+1","Double Tap+1","Double Tap+1","MostiFishMod:UltimateDefense+2","MostiFishMod:FireWorks+1","MostiFishMod:FireWorks+1","MostiFishMod:FireWorks+1","Offering+1","Offering+1","Offering+1","Exhume+1","Exhume+1","Exhume+1","Limit Break+1","Limit Break+1","Limit Break+1","MostiFishMod:HellRitual+1","MostiFishMod:HellRitual+1","MostiFishMod:HellRitual+1","MostiFishMod:Chiaki+1","MostiFishMod:Chiaki+1","MostiFishMod:KnuckleDown+1","Eclipse+1","Impervious+1","Impervious+1","Impervious+1","MostiFishMod:DoubleSword+1","Metallicize+1","Feel No Pain+1","Feel No Pain+1","Feel No Pain+1","Life Link+1","Brutality+1","Brutality+1","Rupture+1","Rupture+1","Rupture+1","Inflame+1","Inflame+1","Inflame+1","Combust+1","Dark Embrace+1","Berserk+1","Brutality+1","Barricade+1","MostiFishMod:WingOfPhoenix+1","Juggernaut+1","MostiFishMod:Mania+1","Demon Form+1","Corruption+1","Evolve+1"],"relics":["Burning Blood","Busted Crown","testmod-TestBox","DaveBox","Replay:Multitool","testmod-ObsoleteBoomerang","Replay:Ringing Soul","Chameleon Ring","Snack Pack","ReplayTheSpireMod:TigerMarble","The Courier","aspiration:ArtOfWarUpgrade","testmod-Acrobat","Mercury Hourglass","Bottled Lightning","energizedSpire:SpiderWeb"],"acts_visited":["Exordium","TheCity"],"potions_floor_usage":[],"damage_taken":[{"damage":15,"enemies":"2 Louse","floor":1,"turns":2},{"damage":14,"enemies":"Jaw Worm","floor":2,"turns":2},{"damage":23,"enemies":"3 Sentries","floor":7,"turns":3},{"damage":3,"enemies":"Cultist","floor":8,"turns":2},{"damage":0,"enemies":"2 Fungi Beasts","floor":10,"turns":1},{"damage":26,"enemies":"Red Slaver","floor":12,"turns":2},{"damage":8,"enemies":"3 Louse","floor":14,"turns":2},{"damage":15,"enemies":"Slime Boss","floor":16,"turns":3},{"damage":11,"enemies":"Shell Parasite","floor":18,"turns":1},{"damage":25,"enemies":"3 Byrds","floor":19,"turns":3}],"seed_played":"-5359403570101681486","potions_obtained":[{"floor":16,"key":"Fire Potion"}],"is_trial":true,"path_per_floor":["M","M","?","?","$","R","E","M","T","M","?","M","R","M","R","B",null,"M","M"],"character_chosen":"IRONCLAD","items_purchased":[],"campfire_rested":0,"item_purchase_floors":[],"current_hp_per_floor":[74,69,72,72,72,72,69,75,75,83,83,74,74,83,83,87,87,87,62,62],"gold":380,"neow_bonus":"","is_daily":false,"chose_seed":false,"campfire_upgraded":0,"win_rate":0.0,"timestamp":1613017832,"path_taken":["M","M","?","?","$","R","E","M","T","M","?","M","R","M","R","BOSS","M","M"],"items_purchased_type":[],"build_version":"2020-12-22","purchased_purges":1,"victory":false,"max_hp_per_floor":[80,80,83,83,83,83,83,83,83,83,83,87,87,87,87,87,87,87,87,87],"card_choices":[],"player_experience":112091,"relics_obtained":[{"floor":1,"key":"Replay:Ringing Soul"},{"floor":2,"key":"Chameleon Ring"},{"floor":6,"key":"Snack Pack"},{"floor":7,"key":"ReplayTheSpireMod:TigerMarble"},{"floor":8,"key":"The Courier"},{"floor":9,"key":"Art of War"},{"floor":10,"key":"testmod-Acrobat"},{"floor":12,"key":"Mercury Hourglass"},{"floor":14,"key":"Bottled Lightning"}],"event_choices":[{"damage_healed":0,"gold_gain":53,"player_choice":"Gained Gold","damage_taken":0,"max_hp_gain":0,"max_hp_loss":0,"event_name":"Golden Wing","floor":4,"gold_loss":0}],"is_beta":false,"boss_relics":[{"not_picked":["Ectoplasm","Replay:Drink Me"],"picked":"energizedSpire:SpiderWeb"}],"items_purged_floors":[5],"is_endless":true,"potions_floor_spawned":[8,14,16],"killed_by":"3 Byrds","ascension_level":0}}