{"host":"h26iowzi6bk5r55d","time":1613058912,"event":{"mods":["100% Spire Juice","ATMod(°¢èªMod)","Aspiration","BaseMod","ChefMod","Colored Powertips","Dota2Spire","Downfall","Energized Spire","Marisa£¨ìFÓê¡¡Ä§ÀíÉ³£©","Minty Spire (QoL Compilation)","Relic Stats","Reliquary","Remilia£¨ÀÙÃ×ÀòÑÇ£©","RumiaBox-Â¶Ã×æ«µÄÉñÃØºÐ×Ó","StSLib","The Servant 0.9.4","The Wild Card","TheVelvet","Youmu£¨»êÆÇÑýÃÎ£©","¡¾ÒÅÎï¿¨ÅÆ¡¿REMEMod","²ÐÁôÖ®Îï"],"gold_per_floor":[0,11,26,44,44,73,96,116,116,116,52,122,122,139,152,255,255,255,255,20,30,43,78,78,63,76,89,89,89,109,119,131,232,232,232,248,321,320,331,331,358,378,428,440,450,467,467,482,500,500],"floor_reached":51,"language":"ZHS","playtime":5391,"items_purged":["champ:Defend","champ:Strike"],"score":677,"play_id":"b7ac54a6-0dc5-48c8-8233-53566d63accf","local_time":"20210211235512","is_ascension_mode":false,"campfire_choices":[{"data":"Mayhem","floor":1,"key":"SMITH"},{"data":"champ:FlashCut","floor":10,"key":"SMITH"},{"data":"champ:StanceDance","floor":13,"key":"SMITH"},{"data":"champ:GladiatorForm","floor":18,"key":"SMITH"},{"data":"champ:Taunt","floor":28,"key":"SMITH"},{"data":"champ:Improvising","floor":35,"key":"SMITH"},{"data":"AT_EmpoweredMortalDraw","floor":40,"key":"SMITH"},{"data":"REME_MawOfCthun","floor":47,"key":"SMITH"}],"circlet_count":0,"master_deck":["champ:Strike","champ:Strike","champ:Strike","champ:Defend","champ:Defend","champ:Defend","champ:Execute","champ:Taunt+1","Mayhem+1","champ:CrookedStrike","champ:GutPunch","champ:FlashCut+1","champ:Strike","champ:StanceDance+1","champ:Circumvent","champ:Circumvent","champ:Duel","champ:CalledShot","champ:GladiatorForm+1","AT_EmpoweredMortalDraw+1","Purity","champ:MurderStrike","champ:StanceDance","champ:DefensiveShout+1","champ:DancingMaster","champ:DefensiveShout+1","champ:ShieldSlam","champ:StanceDance","champ:FlashCut","champ:Improvising+1","champ:FancyFootwork+1","REME_MawOfCthun+1","champ:Haymaker+1","champ:GutPunch+1","champ:AdrenalArmor+1"],"relics":["champ:ChampionCrown","REME_ComplimentaryCards","AT_ATBox","FossilizedHelix","aspiration:HiddenCompartment","Matryoshka","AT_MortalBlade","Dota2Spire:PowerTreads","Dota2Spire:UrnOfShadows","Tiny Chest","Dota2Spire:CrimsonGuard","Omamori","GodSword6","energizedSpire:OgreHead","Dota2Spire:BattleFury","FossilizedHelix","Lee\u0027s Waffle","champ:FightingForDummies","REME_IWantAll"],"acts_visited":["Exordium","TheCity","TheBeyond"],"potions_floor_usage":[16,27,30,30,33,33,43,44,50],"damage_taken":[{"damage":10,"enemies":"2 Louse","floor":2,"turns":3},{"damage":0,"enemies":"Cultist","floor":3,"turns":4},{"damage":16,"enemies":"Jaw Worm","floor":4,"turns":3},{"damage":51,"enemies":"Lagavulin","floor":6,"turns":8},{"damage":30,"enemies":"Large Slime","floor":8,"turns":6},{"damage":0,"enemies":"downfall:FleeingMerchant","floor":11,"turns":4},{"damage":13,"enemies":"Red Slaver","floor":14,"turns":2},{"damage":10,"enemies":"Gremlin Gang","floor":15,"turns":4},{"damage":59,"enemies":"WA_ARCHETYPE_RETAIN","floor":16,"turns":12},{"damage":15,"enemies":"downfall:FleeingMerchant","floor":20,"turns":4},{"damage":0,"enemies":"Spheric Guardian","floor":21,"turns":1},{"damage":5,"enemies":"Snecko","floor":22,"turns":3},{"damage":30,"enemies":"Gremlin Leader","floor":23,"turns":4},{"damage":5,"enemies":"downfall:FleeingMerchant","floor":25,"turns":4},{"damage":22,"enemies":"Chosen and Byrds","floor":26,"turns":5},{"damage":18,"enemies":"Centurion and Healer","floor":27,"turns":6},{"damage":13,"enemies":"Cultist and Chosen","floor":30,"turns":6},{"damage":11,"enemies":"Snake Plant","floor":31,"turns":3},{"damage":0,"enemies":"Sentry and Sphere","floor":32,"turns":2},{"damage":81,"enemies":"SI_MIRROR_ARCHETYPE","floor":33,"turns":9},{"damage":8,"enemies":"3 Darklings","floor":36,"turns":3},{"damage":35,"enemies":"downfall:FleeingMerchant","floor":38,"turns":4},{"damage":18,"enemies":"Orb Walker","floor":39,"turns":3},{"damage":11,"enemies":"Transient","floor":42,"turns":5},{"damage":5,"enemies":"Transient","floor":43,"turns":6},{"damage":11,"enemies":"Writhing Mass","floor":44,"turns":4},{"damage":0,"enemies":"Maw","floor":45,"turns":6},{"damage":35,"enemies":"4 Shapes","floor":46,"turns":4},{"damage":0,"enemies":"Spire Growth","floor":48,"turns":4},{"damage":14,"enemies":"Jaw Worm Horde","floor":49,"turns":2},{"damage":53,"enemies":"IC_BLOCK_ARCHETYPE","floor":50,"turns":10}],"seed_played":"-4809277003441061742","potions_obtained":[{"floor":2,"key":"Dexterity Potion"},{"floor":4,"key":"FearPotion"},{"floor":16,"key":"AttackPotion"},{"floor":23,"key":"Energy Potion"},{"floor":26,"key":"REME_GoldPotion"},{"floor":27,"key":"Block Potion"},{"floor":31,"key":"champ:CounterPotion"},{"floor":39,"key":"Ancient Potion"},{"floor":42,"key":"GamblersBrew"},{"floor":43,"key":"Block Potion"},{"floor":45,"key":"BlessingOfTheForge"},{"floor":48,"key":"SneckoOil"},{"floor":49,"key":"Guardian:BlockOnCardUsePotion"}],"is_trial":false,"path_per_floor":["R","M","M","M","?","E","T","M","?","R","$","T","R","M","M","B",null,"R","?","$","M","M","E","T","$","M","M","R","T","M","M","M","B",null,"R","M","T","$","M","R","T","M","?","M","M","M","R","M","M","B",null],"character_chosen":"THE_CHAMP","items_purchased":["champ:Circumvent","Dota2Spire:PowerTreads","reliquary:SculptingSteel","Lee\u0027s Waffle","REME_MawOfCthun"],"campfire_rested":0,"item_purchase_floors":[11,20,38,38,38],"current_hp_per_floor":[90,90,90,84,84,63,63,48,48,48,58,58,58,55,55,26,90,90,90,80,90,85,65,65,71,59,62,62,62,65,67,67,17,90,90,82,82,97,89,89,89,86,96,97,97,62,62,72,71,69],"gold":500,"neow_bonus":"RANDOM_COLORLESS_2","is_daily":false,"chose_seed":false,"campfire_upgraded":8,"win_rate":0.0,"timestamp":1613058912,"path_taken":["R","M","M","M","?","E","T","?","?","R","$","?","R","M","M","BOSS","R","?","$","?","?","E","T","?","M","?","R","?","M","M","M","BOSS","R","M","?","$","M","R","T","M","?","M","M","M","R","M","M","BOSS"],"items_purchased_type":["Card","Relic","Relic","Relic","Card"],"build_version":"2020-12-22","purchased_purges":2,"victory":true,"max_hp_per_floor":[90,90,90,90,90,90,90,90,90,90,90,90,90,90,90,90,90,90,90,90,90,90,90,90,90,90,90,90,90,90,90,90,90,90,90,90,90,97,97,97,97,97,97,97,97,97,97,97,97,97],"relic_stats":{"Lee\u0027s Waffle":29,"counters":[31,144],"Tiny Chest":1,"obtain_stats":[{"Dota2Spire:PowerTreads":20,"Lee\u0027s Waffle":38,"AT_ATBox":0,"Dota2Spire:UrnOfShadows":23,"AT_MortalBlade":17,"champ:ChampionCrown":0,"Dota2Spire:BattleFury":37,"Omamori":29,"energizedSpire:OgreHead":34,"aspiration:HiddenCompartment":7,"REME_IWantAll":43,"Matryoshka":12,"Dota2Spire:CrimsonGuard":24,"Tiny Chest":24,"reliquary:SculptingSteel":38,"GodSword6":29,"champ:FightingForDummies":41,"FossilizedHelix":6,"REME_ComplimentaryCards":0},{"Dota2Spire:PowerTreads":10,"Lee\u0027s Waffle":22,"AT_ATBox":0,"Dota2Spire:UrnOfShadows":13,"AT_MortalBlade":9,"champ:ChampionCrown":0,"Dota2Spire:BattleFury":21,"Omamori":16,"energizedSpire:OgreHead":20,"aspiration:HiddenCompartment":4,"REME_IWantAll":25,"Matryoshka":6,"Dota2Spire:CrimsonGuard":13,"Tiny Chest":13,"reliquary:SculptingSteel":22,"GodSword6":16,"champ:FightingForDummies":23,"FossilizedHelix":4,"REME_ComplimentaryCards":0},{"Dota2Spire:PowerTreads":50,"Lee\u0027s Waffle":100,"AT_ATBox":0,"Dota2Spire:UrnOfShadows":58,"AT_MortalBlade":46,"champ:ChampionCrown":0,"Dota2Spire:BattleFury":96,"Omamori":73,"energizedSpire:OgreHead":93,"aspiration:HiddenCompartment":18,"REME_IWantAll":114,"Matryoshka":28,"Dota2Spire:CrimsonGuard":58,"Tiny Chest":58,"reliquary:SculptingSteel":100,"GodSword6":73,"champ:FightingForDummies":103,"FossilizedHelix":18,"REME_ComplimentaryCards":0}]},"card_choices":[{"not_picked":["The Bomb","Chrysalis"],"picked":"Mayhem","floor":0},{"not_picked":["champ:Backstep","champ:CrownThrow"],"picked":"champ:CrookedStrike","floor":2},{"not_picked":["champ:StanceDance","champ:EnGarde"],"picked":"champ:GutPunch","floor":3},{"not_picked":["champ:Haymaker","champ:RisingSlash"],"picked":"champ:FlashCut","floor":4},{"not_picked":["champ:Haymaker","champ:TornadoPunch"],"picked":"champ:StanceDance","floor":6},{"not_picked":["champ:HeartStrike","champ:CheapShot"],"picked":"champ:Circumvent","floor":8},{"not_picked":["champ:EndlessRage","champ:Backstep","champ:GutPunch"],"picked":"SKIP","floor":11},{"not_picked":["champ:BringItOn","champ:EnGarde"],"picked":"champ:Duel","floor":14},{"not_picked":["champ:HeartStrike","champ:AdrenalArmor"],"picked":"champ:CalledShot","floor":15},{"not_picked":["champ:IgnorePain","champ:LastStand"],"picked":"champ:GladiatorForm","floor":16},{"not_picked":["champ:GutPunch","champ:Circumvent"],"picked":"champ:MurderStrike","floor":20},{"not_picked":["champ:Encircle+1","champ:SetATrap"],"picked":"champ:StanceDance","floor":21},{"not_picked":["champ:BerserkersShout","champ:AdrenalArmor"],"picked":"champ:DefensiveShout+1","floor":22},{"not_picked":["champ:StanceDance+1","champ:Haymaker"],"picked":"champ:DancingMaster","floor":23},{"not_picked":["champ:Backstep+1","champ:FaceSlap"],"picked":"champ:DefensiveShout+1","floor":25},{"not_picked":["champ:DeathBlow+1","champ:Shatter","champ:Lariat"],"picked":"SKIP","floor":26},{"not_picked":["champ:EndlessRage","champ:SetATrap"],"picked":"champ:ShieldSlam","floor":27},{"not_picked":["champ:BringItOn","champ:Shatter"],"picked":"champ:StanceDance","floor":30},{"not_picked":["champ:BladeFlurry","champ:SetATrap","champ:Circumvent"],"picked":"SKIP","floor":31},{"not_picked":["champ:DancingMaster","champ:PreemptiveStrike+1"],"picked":"champ:FlashCut","floor":32},{"not_picked":["champ:HeavySlash","champ:GladiatorForm"],"picked":"champ:Improvising","floor":33},{"not_picked":["champ:BerserkersShout","champ:PreemptiveStrike","champ:CrownThrow"],"picked":"SKIP","floor":36},{"not_picked":["champ:ArenaPreparation+1","champ:Circumvent"],"picked":"champ:FancyFootwork+1","floor":38},{"not_picked":["champ:PreciseThrust+1","champ:HeartStrike","champ:Backstep+1"],"picked":"SKIP","floor":39},{"not_picked":["champ:PerfectedStrike","champ:Endure+1","champ:BerserkersShout"],"picked":"SKIP","floor":42},{"not_picked":["champ:Circumvent","champ:CrownThrow+1"],"picked":"champ:Haymaker+1","floor":44},{"not_picked":["champ:CalledShot+1","champ:FanOfKnives+1","champ:BerserkersShout"],"picked":"SKIP","floor":45},{"not_picked":["champ:CalledShot","champ:ShieldThrow","champ:FlashCut+1"],"picked":"SKIP","floor":46},{"not_picked":["champ:FanOfKnives+1","champ:PreciseThrust+1"],"picked":"champ:GutPunch+1","floor":48},{"not_picked":["champ:LastStand","champ:EnGarde"],"picked":"champ:AdrenalArmor+1","floor":49}],"player_experience":446478,"relics_obtained":[{"floor":6,"key":"FossilizedHelix"},{"floor":7,"key":"aspiration:HiddenCompartment"},{"floor":12,"key":"Matryoshka"},{"floor":23,"key":"Dota2Spire:UrnOfShadows"},{"floor":24,"key":"Tiny Chest"},{"floor":24,"key":"Dota2Spire:CrimsonGuard"},{"floor":29,"key":"Omamori"},{"floor":29,"key":"GodSword6"},{"floor":37,"key":"Dota2Spire:BattleFury"},{"floor":41,"key":"champ:FightingForDummies"},{"floor":43,"key":"REME_IWantAll"}],"event_choices":[],"is_beta":false,"boss_relics":[{"not_picked":["aspiration:SilentSkillbook","AddBug"],"picked":"AT_MortalBlade"},{"not_picked":["energizedSpire:HugeHouse","energizedSpire:StickyHand"],"picked":"energizedSpire:OgreHead"}],"items_purged_floors":[20,38],"is_endless":false,"potions_floor_spawned":[2,4,16,23,26,27,31,39,42,43,45,48,49],"ascension_level":0}}