{"host":"avq773cl9g5msfol","time":1613043760,"event":{"mods":["100% Spire Juice","AchievementEnabler","Act Like it!","Ascension Unlocker","Aspiration","Astrologer","Bard","Bartender","BaseMod","Better Altar","Better Third Choice","BetterRewards","CapriCore","ChefMod","Colored Map","Colored Powertips","Conspire","Dio Mod","Downfall","Elementarium","Energized Spire","Gensokyo","GifTheSpireLib","Hallownest","Hermit","Highlight Path","Hubris","Humility","Infinite Spire","Jorbs\u0027s Wanderer Trilogy","Koishi","Magitek Elite","Marisa????????","Marked Mod","Menagerie","Minty Spire (QoL Compilation)","Pale of the Ancients","Potionbrewer","Quarter Circle Forward PUNCH!","Rare Cards Sparkle","Reimu??????","Relic Stats","Reliquary","Remilia??????","Replay The Spire","Robot Space Explorer","SacredBarkPlus","Shade Mod","Somnambulant","Spicy Shops","Spire Arcade","StSLib","The Blue Laboratory","The Bug Knight","The Construct","The Cursed","The Disciple","The Dragon Tamer","The Exalted","The Hayseed","The Hierophant","The Hydrologist","The Immortal","The Marked","The Mystic","The Problem Sleuth","The Runesmith","The Senshi","The Vixen","The Wild Card","TheFirefly","Wandering Minibosses","Wide Potions","vexMod"],"gold_per_floor":[119,131,143,143,155,155,183,193,193,193,218,234,234,252,252,331,331,351,351,351,363,375,404,404,439,229,239,271,287,317,331,331,405,405,418,418,203,215,36,68,68,97,97,97,28,39,39,67,67,67,67],"floor_reached":52,"language":"ENG","playtime":3469,"items_purged":["theSenshi:SailorUranusAssists+1","theSenshi:Sidestep+1","theSenshi:LateForSchool+1","theSenshi:SailorSaturnAssists+1","theSenshi:CrisisMakeUp+1","theSenshi:TuxedoSmokingBomber+1","theSenshi:TallSilhouette+1","theSenshi:SupersonicWaves+1"],"score":3299,"play_id":"e7763e97-74e5-4c02-9904-5ffcad14d8ab","local_time":"20210211184240","is_ascension_mode":true,"campfire_choices":[{"data":"infinitespire:Execution","floor":6.0,"key":"SMITH"},{"data":"theSenshi:MoonPrismPowerMakeUp","floor":10.0,"key":"SMITH"},{"data":"theSenshi:RoseThrow","floor":15.0,"key":"SMITH"},{"floor":24.0,"key":"REST"},{"data":"Gensokyo:SevenSchoolMysteries","floor":32.0,"key":"SMITH"},{"data":"theSenshi:SailorMarsAssists","floor":44,"key":"SMITH"},{"data":"Gensokyo:SpontaneousHumanCombustion","floor":44,"key":"SMITH"},{"floor":47,"key":"REST"},{"floor":49,"key":"REST"}],"circlet_count":0,"master_deck":["AscendersBane","theSenshi:RoseThrow+1","theSenshi:MoonPrismPowerMakeUp+1","theSenshi:JupitersPower+1","theSenshi:MoonHealingEscalation+1","theSenshi:SilverMoonCrystalPowerKiss+1","theSenshi:SailorUranusAssists+1","theSenshi:LunaSensingAllies+1","theSenshi:SailorStarFighterAssists+1","theSenshi:Sidestep+1","theSenshi:LateForSchool+1","theSenshi:MoonTiaraMagic+1","theSenshi:MoonCrystalPowerMakeUp+1","theSenshi:MoonKick+1","theSenshi:SchoolBag+1","theSenshi:TallSilhouette+1","theSenshi:SailorSaturnAssists+1","theSenshi:MoonSpiralHeartAttack+1","theSenshi:SailorMercuryAssists+1","theSenshi:MoonlightKnight+1","theSenshi:StarlightHoneymoonTherapyKiss+1","theSenshi:CrisisMakeUp+1","theSenshi:MoonTwilightFlash+1","theSenshi:MoonPunch+1","theSenshi:TuxedoSmokingBomber+1","theSenshi:YouCanTalk+1","theSenshi:TuxedoMaskAssists+1","theSenshi:TallSilhouette+1","theSenshi:InTheNickOfTime+1","infinitespire:Execution+1","theSenshi:MoonEternalMakeUp+1","theSenshi:MoonCrisisMakeUp+1","theSenshi:WarriorOfTheMoon+1","Gensokyo:SevenSchoolMysteries+1","theSenshi:MoonGorgeousMeditation+1","Gensokyo:SpontaneousHumanCombustion+1","theSenshi:SailorMarsAssists+1","theSenshi:ChibiMoonsLove+1","theSenshi:NeptunesGrace+1","theSenshi:SilverCrystal+1"],"relics":["theSenshi:TransformationBroochRelic","Golden Egg","RuthlessExorcism:ReiMu","Anchor","theSenshi:ChokerRelic","hubris:SphereOfDissonance","theSenshi:CutieMoonRodRelic","HollowMod:JonisBlessing","Slimebound:StickyStick","theSenshi:RoseRelic","theSenshi:CosmicHeartCompactRelic","White_Cape","Replay:Rubber Ducky","wanderingMiniBosses:OtherGremlinHorn","reliquary:WritOfMandamus","hubris:Towel","aspiration:HatOfInfinitePower","Replay:Baseball","TheSimpletonMod:WoodChipper","infinitespire:BottledMercury","reliquary:Ember","hubris:BottledRain","Gensokyo:TheCrow","hubris:Potato","Replay:Arrowhead"],"acts_visited":["Hallownest:Greenpath","Gensokyo:Gensokyoer","Gensokyo:Gensokyoest"],"potions_floor_usage":[42],"damage_taken":[{"damage":0.0,"enemies":"2_ Uuma","floor":1.0,"turns":2.0},{"damage":0.0,"enemies":"Hallownest:2_MossCreeps","floor":2.0,"turns":1.0},{"damage":0.0,"enemies":"Hallownest:monsterHuskGuard","floor":3.0,"turns":3.0},{"damage":0.0,"enemies":"Hallownest:monsterFoolEater","floor":5.0,"turns":3.0},{"damage":0.0,"enemies":"Hallownest:eliteVengeflyKing","floor":7.0,"turns":4.0},{"damage":2.0,"enemies":"Hallownest:1_Ooma_and_2_Uuma","floor":8.0,"turns":6.0},{"damage":0.0,"enemies":"Hallownest:eliteMossKnight","floor":11.0,"turns":3.0},{"damage":0.0,"enemies":"Hallownest:Guard_and_Warrior","floor":12.0,"turns":3.0},{"damage":0.0,"enemies":"Hallownest:1_Baldur_1_Crawlid_1_Warrior","floor":14.0,"turns":2.0},{"damage":0.0,"enemies":"Hallownest:BossBrokenVessel","floor":16.0,"turns":5.0},{"damage":0.0,"enemies":"Gensokyo:2_Gloops","floor":18.0,"turns":2.0},{"damage":0.0,"enemies":"Gensokyo:AngelMirror","floor":21.0,"turns":2.0},{"damage":0.0,"enemies":"Gensokyo:Wraith","floor":22.0,"turns":2.0},{"damage":0.0,"enemies":"Gensokyo:Koishi","floor":23.0,"turns":3.0},{"damage":0.0,"enemies":"Gensokyo:Reisen","floor":25.0,"turns":3.0},{"damage":0.0,"enemies":"Gensokyo:Slime_Group","floor":27.0,"turns":2.0},{"damage":1.0,"enemies":"Nightmare","floor":28.0,"turns":7.0},{"damage":0.0,"enemies":"Gensokyo:3_Gloops","floor":29.0,"turns":2.0},{"damage":0.0,"enemies":"Gensokyo:Tenshi","floor":30.0,"turns":2.0},{"damage":0.0,"enemies":"Gensokyo:Swordslinger","floor":31.0,"turns":3.0},{"damage":0,"enemies":"Gensokyo:Kaguya","floor":33,"turns":7},{"damage":0,"enemies":"Gensokyo:AncientGuardian","floor":35,"turns":2},{"damage":0,"enemies":"Gensokyo:3_Bats","floor":38,"turns":2},{"damage":0,"enemies":"Gensokyo:Marisa","floor":40,"turns":4},{"damage":0,"enemies":"Gensokyo:Doremy","floor":42,"turns":3},{"damage":0,"enemies":"Gensokyo:Dusk_and_Dawn","floor":46,"turns":2},{"damage":0,"enemies":"Gensokyo:Kasen","floor":48,"turns":4},{"damage":0,"enemies":"Gensokyo:Scarlet_Devils","floor":50,"turns":4},{"damage":0,"enemies":"Gensokyo:Yuyuko","floor":51,"turns":3}],"seed_played":"1485955795241906982","potions_obtained":[{"floor":8.0,"key":"potionbrewer:QuicksilverPotion"},{"floor":25.0,"key":"blueLaboratory:NullPotion"}],"is_trial":false,"path_per_floor":["M","M","M","?","M","R","E","M","T","R","E","M","?","M","R","B",null,"M","?","?","M","M","E","R","E","COS","M","NM","M","E","M","R_BF","B",null,"M","?","COS","M","$","E","?","E","T","R","$","M","R","E","R","B","B",null],"character_chosen":"THE_SENSHI","items_purchased":["theSenshi:Sidestep","theSenshi:LateForSchool+1","RuthlessExorcism:ReiMu","theSenshi:MoonTiaraMagic","theSenshi:MoonCrystalPowerMakeUp","theSenshi:MoonKick","Anchor","theSenshi:ChokerRelic","theSenshi:SchoolBag","theSenshi:TallSilhouette+1","theSenshi:LateForSchool","theSenshi:SailorSaturnAssists","theSenshi:MoonSpiralHeartAttack","theSenshi:SailorMercuryAssists","theSenshi:MoonlightKnight","hubris:SphereOfDissonance","theSenshi:StarlightHoneymoonTherapyKiss","theSenshi:CrisisMakeUp","theSenshi:CutieMoonRodRelic","HollowMod:JonisBlessing","blueLaboratory:FruitPunch","blueLaboratory:FruitPunch","theSenshi:MoonTwilightFlash","theSenshi:MoonPunch","theSenshi:TuxedoSmokingBomber","blueLaboratory:ImpenetrablePotion","theSenshi:YouCanTalk","Slimebound:StickyStick","theSenshi:RoseRelic","theSenshi:TuxedoMaskAssists","theSenshi:CosmicHeartCompactRelic","White_Cape","theSenshi:TallSilhouette","Replay:Rubber Ducky","theSenshi:InTheNickOfTime","theSenshi:ChibiMoonsLove","theSenshi:NeptunesGrace"],"campfire_rested":3,"item_purchase_floors":[0,0,0,0,0,0,0,0,0,0,0,0,0,0,0,0,0,0,0,0,0,0,0,0,0,0,0,0,0,0,0,0,0,0,0,39,45],"current_hp_per_floor":[68,68,68,50,50,50,50,48,48,48,48,48,52,52,52,52,71,71,71,75,75,75,75,77,77,77,77,76,76,76,76,76,76,77,77,77,77,77,77,77,77,77,77,77,77,77,77,77,77,77,77],"gold":67,"neow_bonus":"","is_daily":false,"chose_seed":false,"campfire_upgraded":6,"win_rate":0.0,"timestamp":1613043760,"path_taken":["M","M","M","?","M","R","E","M","T","R","E","M","?","M","R","BOSS","M","?","?","M","M","E","R","E","COS","M","NM","?","E","?","R_BF","BOSS","M","?","COS","M","$","E","?","E","T","R","?","M","R","E","R","BOSS","BOSS"],"items_purchased_type":["Card","Card","Relic","Card","Card","Card","Relic","Relic","Card","Card","Card","Card","Card","Card","Card","Relic","Card","Card","Relic","Relic","Potion","Potion","Card","Card","Card","Potion","Card","Relic","Relic","Card","Relic","Relic","Card","Relic","Card","Card","Card"],"build_version":"2020-12-22","purchased_purges":8,"victory":true,"max_hp_per_floor":[75,75,75,75,75,75,75,77,77,77,77,77,77,77,77,77,77,77,77,77,77,77,77,77,77,77,77,77,77,77,77,77,77,77,77,77,77,77,77,77,77,77,77,77,77,77,77,77,77,77,77],"relic_stats":{"counters":[81,302],"obtain_stats":[{"theSenshi:CutieMoonRodRelic":0,"Golden Egg":1,"infinitespire:BottledMercury":30,"downfall:HeartBlessingGreen":27,"TheSimpletonMod:WoodChipper":28,"DemoMod:GlassGuonStoneRelic":8,"wanderingMiniBosses:OtherGremlinHorn":2,"sneckomod:SneckoSoul":0,"Ring of Searing":2,"RedLine:ReiMu":34,"HornCleat":0,"DemoMod:MonsterBlood":47,"Ribbon":0,"theSenshi:RoseRelic":0,"Prayer Wheel":1,"MealTicket":2,"DemoMod:ClearGuonStone":0,"conspire:Dentures":0,"hubris:MobiusCoin":2,"Dead Branch":3,"DemoMod:OrangeGuonStone":44,"Gensokyo:TheCrow":41,"hubris:SphereOfDissonance":0,"HollowMod:JonisBlessing":0,"Replay:Kaleidoscope":52,"War Paint":15,"potionbrewer:ToyAutogyro":0,"Question Card":1,"OrangePellets":53,"SlaversCollar":17,"Replay:Baseball":25,"theSenshi:TransformationBroochRelic":0,"Pandora\u0027s Box":10,"Onion Ring":24,"aspiration:SilentSkillbook":34,"infinitespire:EmpoweringShard":23,"reliquary:WritOfMandamus":17,"aspiration:HatOfInfinitePower":23,"theSenshi:CosmicHeartCompactRelic":0,"Bromod:ArcaneFury":28,"Darkstone Periapt":6,"Regal Pillow":29,"Hallownest:StagBellRelic1":20,"Juzu Bracelet":0,"hubris:EmptyBottle":12,"theSenshi:ChokerRelic":0,"Power_Wrist":29,"White_Cape":0,"hubris:EvacipatedBox":1,"Cleaning_Rag":41,"ClockworkSouvenir":0,"Replay:Rubber Ducky":0,"Frozen Eye":8,"Mummified Hand":21,"downfall:HeartBlessingBlue":27,"Slimebound:StickyStick":0,"Genji_Glove":0,"TheVixenMod:UmbreonRelic":42,"DemoMod:JetPack":43,"Potion Belt":10,"downfall:HeartBlessingRed":27,"Replay:Towering Pillar of Hats":43,"aspiration:FetidBarrel":23,"Quantum Egg":1,"qcfpunch:Black_Training_Shirt":8,"vexMod:FocusSash":21,"Ring of Greed":2,"hubris:Towel":46,"Orichalcum":48,"Replay:Arrowhead":10,"Anchor":12,"wanderingMiniBosses:CarrionFlame":18,"ChewingGum":17,"Bag of Marbles":38,"reliquary:Ember":34,"potionbrewer:BottledElixir":25,"Membership Card":0,"Toy Ornithopter":28,"hubris:Potato":8,"RuthlessExorcism:ReiMu":0,"hubris:BottledRain":40},{"theSenshi:CutieMoonRodRelic":52,"Golden Egg":0,"infinitespire:BottledMercury":71,"downfall:HeartBlessingGreen":15,"TheSimpletonMod:WoodChipper":69,"DemoMod:GlassGuonStoneRelic":4,"wanderingMiniBosses:OtherGremlinHorn":1,"sneckomod:SneckoSoul":0,"Ring of Searing":31,"RedLine:ReiMu":44,"HornCleat":30,"DemoMod:MonsterBlood":25,"Ribbon":30,"theSenshi:RoseRelic":30,"Prayer Wheel":0,"MealTicket":31,"DemoMod:ClearGuonStone":30,"conspire:Dentures":30,"hubris:MobiusCoin":31,"Dead Branch":2,"DemoMod:OrangeGuonStone":48,"Gensokyo:TheCrow":76,"hubris:SphereOfDissonance":52,"HollowMod:JonisBlessing":52,"Replay:Kaleidoscope":29,"War Paint":9,"potionbrewer:ToyAutogyro":30,"Question Card":0,"OrangePellets":29,"SlaversCollar":38,"Replay:Baseball":67,"theSenshi:TransformationBroochRelic":30,"Pandora\u0027s Box":5,"Onion Ring":14,"aspiration:SilentSkillbook":20,"infinitespire:EmpoweringShard":14,"reliquary:WritOfMandamus":62,"aspiration:HatOfInfinitePower":66,"theSenshi:CosmicHeartCompactRelic":30,"Bromod:ArcaneFury":43,"Darkstone Periapt":34,"Regal Pillow":17,"Hallownest:StagBellRelic1":39,"Juzu Bracelet":30,"hubris:EmptyBottle":7,"theSenshi:ChokerRelic":52,"Power_Wrist":17,"White_Cape":52,"hubris:EvacipatedBox":0,"Cleaning_Rag":23,"ClockworkSouvenir":30,"Replay:Rubber Ducky":52,"Frozen Eye":4,"Mummified Hand":12,"downfall:HeartBlessingBlue":15,"Slimebound:StickyStick":52,"Genji_Glove":30,"TheVixenMod:UmbreonRelic":23,"DemoMod:JetPack":47,"Potion Belt":5,"downfall:HeartBlessingRed":15,"Replay:Towering Pillar of Hats":24,"aspiration:FetidBarrel":42,"Quantum Egg":0,"qcfpunch:Black_Training_Shirt":4,"vexMod:FocusSash":12,"Ring of Greed":31,"hubris:Towel":25,"Orichalcum":26,"Replay:Arrowhead":5,"Anchor":36,"wanderingMiniBosses:CarrionFlame":39,"ChewingGum":10,"Bag of Marbles":22,"reliquary:Ember":73,"potionbrewer:BottledElixir":15,"Membership Card":30,"Toy Ornithopter":16,"hubris:Potato":35,"RuthlessExorcism:ReiMu":52,"hubris:BottledRain":76},{"theSenshi:CutieMoonRodRelic":211,"Golden Egg":0,"infinitespire:BottledMercury":268,"downfall:HeartBlessingGreen":39,"TheSimpletonMod:WoodChipper":264,"DemoMod:GlassGuonStoneRelic":8,"wanderingMiniBosses:OtherGremlinHorn":2,"sneckomod:SneckoSoul":0,"Ring of Searing":114,"RedLine:ReiMu":174,"HornCleat":112,"DemoMod:MonsterBlood":81,"Ribbon":112,"theSenshi:RoseRelic":112,"Prayer Wheel":0,"MealTicket":114,"DemoMod:ClearGuonStone":112,"conspire:Dentures":112,"hubris:MobiusCoin":114,"Dead Branch":3,"DemoMod:OrangeGuonStone":195,"Gensokyo:TheCrow":286,"hubris:SphereOfDissonance":211,"HollowMod:JonisBlessing":211,"Replay:Kaleidoscope":99,"War Paint":24,"potionbrewer:ToyAutogyro":112,"Question Card":0,"OrangePellets":99,"SlaversCollar":143,"Replay:Baseball":255,"theSenshi:TransformationBroochRelic":112,"Pandora\u0027s Box":12,"Onion Ring":37,"aspiration:SilentSkillbook":72,"infinitespire:EmpoweringShard":37,"reliquary:WritOfMandamus":243,"aspiration:HatOfInfinitePower":252,"theSenshi:CosmicHeartCompactRelic":112,"Bromod:ArcaneFury":171,"Darkstone Periapt":122,"Regal Pillow":43,"Hallownest:StagBellRelic1":148,"Juzu Bracelet":112,"hubris:EmptyBottle":19,"theSenshi:ChokerRelic":211,"Power_Wrist":43,"White_Cape":211,"hubris:EvacipatedBox":0,"Cleaning_Rag":76,"ClockworkSouvenir":112,"Replay:Rubber Ducky":211,"Frozen Eye":7,"Mummified Hand":32,"downfall:HeartBlessingBlue":39,"Slimebound:StickyStick":211,"Genji_Glove":112,"TheVixenMod:UmbreonRelic":76,"DemoMod:JetPack":191,"Potion Belt":12,"downfall:HeartBlessingRed":39,"Replay:Towering Pillar of Hats":78,"aspiration:FetidBarrel":161,"Quantum Egg":0,"qcfpunch:Black_Training_Shirt":8,"vexMod:FocusSash":32,"Ring of Greed":114,"hubris:Towel":81,"Orichalcum":87,"Replay:Arrowhead":12,"Anchor":135,"wanderingMiniBosses:CarrionFlame":148,"ChewingGum":26,"Bag of Marbles":74,"reliquary:Ember":278,"potionbrewer:BottledElixir":39,"Membership Card":112,"Toy Ornithopter":42,"hubris:Potato":126,"RuthlessExorcism:ReiMu":211,"hubris:BottledRain":286}]},"card_choices":[{"not_picked":["theSenshi:Overload","theSenshi:InTheNickOfTime","theSenshi:SteeledNerves"],"picked":"SKIP","floor":1.0},{"not_picked":["theSenshi:MoonKick","theSenshi:SteeledNerves","theSenshi:LateForSchool"],"picked":"SKIP","floor":2.0},{"not_picked":["theSenshi:MoonHealingEscalation","theSenshi:MoonPunch","theSenshi:SupersonicWaves"],"picked":"SKIP","floor":3.0},{"not_picked":["ReplayTheSpireMod:Book of Names","ReplayTheSpireMod:Chaos Vortex"],"picked":"infinitespire:Execution","floor":4.0},{"not_picked":["theSenshi:OdangoHead","theSenshi:SailorPlanetPower","theSenshi:MoonKick"],"picked":"SKIP","floor":5.0},{"not_picked":["theSenshi:NeptunesGrace","theSenshi:SailorJupiterAssists","theSenshi:InTheNickOfTime"],"picked":"SKIP","floor":7.0},{"not_picked":["theSenshi:SailorStarMakerAssists","theSenshi:MoonTiaraMagic","theSenshi:MoonPunch"],"picked":"SKIP","floor":8.0},{"not_picked":["theSenshi:MoonPrincessHalation","theSenshi:MoonKick","theSenshi:SailorMercuryAssists"],"picked":"SKIP","floor":11.0},{"not_picked":["theSenshi:TallSilhouette","theSenshi:SilverCrystal","theSenshi:SailorJupiterAssists"],"picked":"SKIP","floor":12.0},{"not_picked":["theSenshi:MoonPunch","theSenshi:MoonKick","theSenshi:SailorV"],"picked":"SKIP","floor":14.0},{"not_picked":["theSenshi:JupitersPower","theSenshi:SailorSaturnAssists"],"picked":"theSenshi:MoonEternalMakeUp","floor":16.0},{"not_picked":["theSenshi:MoonPrincessHalation+1","theSenshi:MoonTwilightFlash","theSenshi:LunasBite"],"picked":"SKIP","floor":18.0},{"not_picked":["theSenshi:MoonPower","theSenshi:DramaticEntrance"],"picked":"theSenshi:MoonCrisisMakeUp+1","floor":21.0},{"not_picked":["theSenshi:LunaWiseMentor","theSenshi:MoonsReflection","theSenshi:MoonCrystalPowerMakeUp"],"picked":"SKIP","floor":22.0},{"not_picked":["theSenshi:SailorJupiterAssists","theSenshi:Sidestep"],"picked":"theSenshi:WarriorOfTheMoon","floor":23.0},{"not_picked":["theSenshi:OdangoHead","theSenshi:MoonTiaraMagic","theSenshi:SailorStarMakerAssists+1"],"picked":"SKIP","floor":25.0},{"not_picked":["theSenshi:MoonPunch","theSenshi:MoonKick+1","theSenshi:MoonCrystalPowerMakeUp"],"picked":"SKIP","floor":27.0},{"not_picked":["theSenshi:YouCanTalk+1","theSenshi:StarlightHoneymoonTherapyKiss","theSenshi:MoonlightKnight"],"picked":"SKIP","floor":28.0},{"not_picked":["theSenshi:MoonPunch","theSenshi:SchoolBag","theSenshi:MoonCrisisMakeUp"],"picked":"SKIP","floor":29.0},{"not_picked":["theSenshi:KlutzyLuck","theSenshi:InTheNickOfTime","theSenshi:SailorStarFighterAssists"],"picked":"SKIP","floor":30.0},{"not_picked":["theSenshi:SailorMercuryAssists","theSenshi:MoonPunch","theSenshi:TuxedoMaskAssists+1"],"picked":"SKIP","floor":31.0},{"not_picked":["theSenshi:SailorCosmosAssists","theSenshi:MoonEternalMakeUp"],"picked":"theSenshi:MoonGorgeousMeditation","floor":33},{"not_picked":["theSenshi:TuxedoSmokingBomber","theSenshi:Sidestep","theSenshi:MoonHealingEscalation+1"],"picked":"SKIP","floor":35},{"not_picked":["theSenshi:SailorVenusAssists","theSenshi:MarsPride"],"picked":"theSenshi:SailorMarsAssists","floor":38},{"not_picked":["theSenshi:SchoolBag","theSenshi:MoonTwilightFlash+1","theSenshi:MoonHealingEscalation"],"picked":"SKIP","floor":40},{"not_picked":["theSenshi:GatheringStrength+1","theSenshi:SupersonicWaves","theSenshi:EncouragingSpeech"],"picked":"SKIP","floor":42},{"not_picked":["theSenshi:SailorJupiterAssists","theSenshi:LunasBite","theSenshi:MoonlightKnight"],"picked":"SKIP","floor":46},{"not_picked":["theSenshi:SchoolBag","theSenshi:KlutzyLuck"],"picked":"theSenshi:SilverCrystal","floor":48}],"player_experience":1428439,"relics_obtained":[{"floor":8.0,"key":"wanderingMiniBosses:OtherGremlinHorn"},{"floor":23.0,"key":"aspiration:HatOfInfinitePower"},{"floor":25.0,"key":"Replay:Baseball"},{"floor":28.0,"key":"TheSimpletonMod:WoodChipper"},{"floor":30.0,"key":"infinitespire:BottledMercury"},{"floor":40,"key":"hubris:BottledRain"},{"floor":42,"key":"hubris:Potato"},{"floor":43,"key":"Replay:Arrowhead"}],"event_choices":[],"is_beta":false,"boss_relics":[{"not_picked":["Ring of Chaos","Runesmith:UraniumAnvil"],"picked":"reliquary:WritOfMandamus"},{"not_picked":["Empty Cage","theSenshi:EternalSailorFukuRelic"],"picked":"reliquary:Ember"}],"items_purged_floors":[0,0,0,0,0,0,0,45],"is_endless":false,"potions_floor_spawned":[2,3,8,12,25,27,28,30,31,38,40,46],"ascension_level":20,"is_humility":true}}