{"host":"lq2h7q9ca6uwu60x","time":1613046368,"event":{"mods":["Act Like it!","BaseMod","Gensokyo","Minty Spire (QoL Compilation)","StSLib","Yakumo Yukari mod"],"gold_per_floor":[130,60,60,77,2,2,27,27,52,14,26,26,26,26,26,26,26],"floor_reached":16,"language":"ZHS","playtime":523,"items_purged":["AT_purpleEX"],"score":154,"play_id":"0ad4d3a5-b314-4739-a5d4-bba3b0a39161","local_time":"20210211202608","is_ascension_mode":true,"campfire_choices":[{"data":"Worldmountain_purple","floor":6,"key":"SMITH"},{"floor":12,"key":"RECALL"},{"data":"Mirror_WaveAndshot_purple","floor":15,"key":"SMITH"}],"circlet_count":0,"master_deck":["AT_purpleEX","Defend_purpleEX","Defend_purpleEX","Defend_purpleEX","Observe_purple_1","Observe_purple_2","Extrememeaning_purpleEX+1","PurpleNeedle_purple+1","Worldmountain_purple+1","ButterflyHabitatTemple_purple","Mirror_WaveAndshot_purple+1","Boundary_LightAndDark_purple"],"relics":["Memoryfragments_purpleEX","Astrolabe","Potion Belt","Orichalcum","Happy Flower","Strawberry"],"acts_visited":["Exordium"],"potions_floor_usage":[],"damage_taken":[{"damage":1.0,"enemies":"Gensokyo:2_Kodama","floor":1.0,"turns":3.0},{"damage":0,"enemies":"Gensokyo:3_Fairies","floor":4,"turns":3},{"damage":30,"enemies":"Gensokyo:Mamizou","floor":7,"turns":4},{"damage":4,"enemies":"Gensokyo:Python","floor":11,"turns":3},{"damage":0,"enemies":"Gensokyo:Yukari","floor":16,"turns":1}],"seed_played":"-4669198740502414916","potions_obtained":[{"floor":4,"key":"Weak Potion"},{"floor":11,"key":"GamblersBrew"}],"is_trial":false,"path_per_floor":["M","?","$","M","$","R","E","?","T","$","M","R","?","?","R","B"],"character_chosen":"Youkari","items_purchased":["ButterflyHabitatTemple_purple"],"campfire_rested":0,"item_purchase_floors":[10],"current_hp_per_floor":[63,63,63,64,64,64,35,35,35,35,32,32,29,29,29,29,29],"gold":26,"neow_bonus":"BOSS_RELIC","is_daily":false,"chose_seed":false,"campfire_upgraded":2,"win_rate":0.0,"timestamp":1613046368,"path_taken":["M","?","?","M","$","R","E","?","T","?","?","R","?","?","R","BOSS"],"items_purchased_type":["Card"],"build_version":"2020-12-22","purchased_purges":1,"victory":false,"max_hp_per_floor":[70,70,70,70,70,70,70,70,70,70,70,70,77,77,77,77,77],"card_choices":[{"not_picked":["MeetDecomposer_purple","Mirror_FormAndEmptin_purple"],"picked":"Worldmountain_purple","floor":1.0},{"not_picked":["SharpContractionReality_purple","Umbrella_purple","SfantasyHide_purple"],"picked":"SKIP","floor":4},{"not_picked":["Realm_recovery_purpleEX","ExistenceContinue_purple","AdvanceAttack_purple"],"picked":"SKIP","floor":7},{"not_picked":["Mirror_FormAndEmptin_purple","MeetDecomposer_purple","SharpContractionReality_purple"],"picked":"SKIP","floor":11},{"not_picked":["Umbrella_purple","Boundary_LightAndDark_purple"],"picked":"Mirror_WaveAndshot_purple","floor":14},{"not_picked":["Umbrella_purple","Realm_recovery_purpleEX"],"picked":"Boundary_LightAndDark_purple","floor":14}],"player_experience":709912,"relics_obtained":[{"floor":7,"key":"Orichalcum"}],"event_choices":[],"is_beta":false,"boss_relics":[],"items_purged_floors":[5],"is_endless":false,"potions_floor_spawned":[4,11],"killed_by":"Gensokyo:Yukari","ascension_level":6}}