{"host":"23qk1co0p3p8qz56","time":1613017270,"event":{"mods":["100% Spire Juice","AchievementEnabler","Act Like it!","Arknights","BaseMod","Better Note","Better Third Choice","BetterRewards","CapriCore","Chen","Colored Map","DNKmod","Downfall","Duelist Mod","Friendly Minions","Gensokyo","Gold Saver","KinomotoSakuraMod(ñÿîVñ{?)","Koishi","LagranYue(ùfäiòNÅEåé)","Lobotomy","LobotomyExtend","Mari Mod (Legacy)","Mari\u0027s V1 Patch","MarisaÅiñ∂âJÅ@ñÇóùçπÅj","Minty Spire (QoL Compilation)","Prisma Mod","ReimuÅiîé??öÎÅj","RemiliaÅiÂQïƒ‰ª?Åj","RumiaBox-òIïƒ?ìIê_îÈ·¥éq","StSLib","The Administrix","The Alterego","The Animator","The Gatherer","The Immortal","The Senshi","Waifu the Spire","WarShipGirlsR/??è≠èóR mod","Yakumo Yukari mod","Yohane!","Yuyuko"],"gold_per_floor":[1019,700,700,719,719,744,762,762,762,762,762,762,782,796,796,796,796],"floor_reached":16,"language":"ENG","playtime":803,"items_purged":[],"score":150,"play_id":"ed2c94ca-9219-4e0b-b1d2-712cb8da8688","local_time":"20210210212110","is_ascension_mode":false,"campfire_choices":[{"data":"PrismaMod:ChloeBetterTracePools","floor":10,"key":"SMITH"},{"data":"PrismaMod:ChloeDemonicTutor","floor":12,"key":"SMITH"},{"data":"PrismaMod:ChloeAnyUncommonTrace","floor":15,"key":"SMITH"}],"circlet_count":0,"master_deck":["PrismaMod:ChloeCommonAttack","PrismaMod:ChloeCommonAttack","PrismaMod:ChloeCommonAttack","PrismaMod:ChloeCommonAttack","PrismaMod:ChloeCommonAttack","PrismaMod:ChloeCommonDefend","PrismaMod:ChloeCommonDefend","PrismaMod:ChloeCommonDefend","PrismaMod:ChloeCommonDefend","PrismaMod:ChloeCommonDefend","PrismaMod:ChloeCheapAttack","PrismaMod:ChloeCheapDefend","PrismaMod:ChloeCheapAttackTwo","PrismaMod:ChloeBetterTracePools+1","PrismaMod:ChloeDiscardRecovery","PrismaMod:ChloeRuleBreaker","PrismaMod:ChloeDemonicTutor+1","PrismaMod:ChloeUncommonAttack","PrismaMod:ChloeAnyUncommonTrace+1"],"relics":["PrismaMod:PrismaTraceOn","MagicDraw2","Bag of Marbles","HornCleat","LagranYue:RandomDrawCardRelic","LetterFromLob","GodSword4","LagranYue:MagicReflectiveArmorRelic","Dream Catcher"],"acts_visited":["Exordium"],"potions_floor_usage":[6],"damage_taken":[{"damage":0,"enemies":"Cultist","floor":1,"turns":3},{"damage":1,"enemies":"Small Slimes","floor":4,"turns":3},{"damage":11,"enemies":"Lagavulin","floor":6,"turns":8},{"damage":0,"enemies":"Jaw Worm","floor":7,"turns":3},{"damage":1,"enemies":"Looter","floor":13,"turns":3},{"damage":1,"enemies":"Exordium Thugs","floor":14,"turns":4},{"damage":0,"enemies":"The Guardian","floor":16,"turns":1}],"seed_played":"-6507503009393613596","potions_obtained":[{"floor":1,"key":"ColorlessPotion"},{"floor":6,"key":"Dexterity Potion"},{"floor":11,"key":"LiquidBronze"},{"floor":11,"key":"Guardian:BlockOnCardUsePotion"},{"floor":11,"key":"Energy Potion"}],"is_trial":false,"path_per_floor":["M","$","M","M","?","E","M","?","T","R","?","R","M","M","R","B"],"character_chosen":"CHLOE","items_purchased":["GodSword4","PrismaMod:ChloeBetterTracePools"],"campfire_rested":0,"item_purchase_floors":[2,2],"current_hp_per_floor":[500,500,500,499,500,489,489,489,489,489,489,489,488,487,487,487,487],"gold":796,"neow_bonus":"THREE_CARDS","is_daily":false,"chose_seed":false,"campfire_upgraded":3,"win_rate":0.0,"timestamp":1613017270,"path_taken":["M","$","M","?","?","E","?","?","T","R","?","R","M","M","R","BOSS"],"items_purchased_type":["Relic","Card"],"build_version":"2020-12-22","purchased_purges":0,"victory":false,"max_hp_per_floor":[500,500,500,500,500,500,500,500,500,500,500,500,500,500,500,500,500],"card_choices":[{"not_picked":["PrismaMod:ChloeMaid","PrismaMod:ChloeCommonAOEAttack"],"picked":"PrismaMod:ChloeCheapDefendTwo","floor":0},{"not_picked":["PrismaMod:ChloeCheapAttack","PrismaMod:ChloeExhaustTwo"],"picked":"PrismaMod:ChloeCheapAttackTwo","floor":1},{"not_picked":["PrismaMod:ChloeCheapAttackTwo","PrismaMod:ChloeUncommonAOEAttack"],"picked":"PrismaMod:ChloeDiscardRecovery","floor":4},{"not_picked":["PrismaMod:ChloeChristmas","PrismaMod:ChloeCheapDefendTwo"],"picked":"PrismaMod:ChloeRuleBreaker","floor":6},{"not_picked":["PrismaMod:ChloeCommonAOEAttack","PrismaMod:ChloeUncommonAOEAttack"],"picked":"PrismaMod:ChloeDemonicTutor","floor":7},{"not_picked":["PrismaMod:ChloeCheapDefend","PrismaMod:ChloeCommonAOEAttack"],"picked":"PrismaMod:ChloeUncommonAttack","floor":13},{"not_picked":["PrismaMod:ChloeCheapDefend","PrismaMod:ChloeCaladbolg"],"picked":"PrismaMod:ChloeAnyUncommonTrace","floor":14}],"player_experience":150880,"relics_obtained":[{"floor":1,"key":"LetterFromLob"},{"floor":6,"key":"LagranYue:MagicReflectiveArmorRelic"},{"floor":9,"key":"Dream Catcher"}],"event_choices":[{"cards_removed":["PrismaMod:ChloeCheapDefendTwo"],"damage_healed":5,"gold_gain":0,"player_choice":"Offered Common","damage_taken":0,"max_hp_gain":0,"max_hp_loss":0,"event_name":"Bonfire Elementals","floor":5,"gold_loss":0},{"cards_removed":["PrismaMod:ChloeCheapDefendTwo"],"damage_healed":5,"gold_gain":0,"player_choice":"Offered Special","damage_taken":0,"max_hp_gain":0,"max_hp_loss":0,"event_name":"Bonfire Elementals","floor":5,"gold_loss":0},{"damage_healed":0,"gold_gain":0,"player_choice":"Got Potions","damage_taken":0,"max_hp_gain":0,"max_hp_loss":0,"event_name":"Lab","floor":11,"gold_loss":0}],"is_beta":false,"boss_relics":[],"items_purged_floors":[],"is_endless":false,"potions_floor_spawned":[1,6],"killed_by":"The Guardian","ascension_level":0}}