{"host":"2eu1om2m922xjaug","time":1613014643,"event":{"mods":["Act Like it!","Arknights","BaseMod","Friendly Minions","Gensokyo","Highlight Path","KinomotoSakuraMod(Ä¾Ö®±¾Ó£)","Kiyohime£¨Çå¼§£©","KomeijiMod","Marisa£¨ìFÓê¡¡Ä§ÀíÉ³£©","Minty Spire (QoL Compilation)","Pale of the Ancients","Prisma Mod","Reimu£¨²©ÀöÁéÃÎ£©","RumiaBox-Â¶Ã×æ«µÄÉñÃØºÐ×Ó","Shop Mod","StSLib","TestMod","The Alterego","Waifu the Spire","Youmu£¨»êÆÇÑýÃÎ£©","noobMod"],"gold_per_floor":[117,117,136,136,136,136,163,174,199,217,237,237,257,257,257,359,359,369,369,387,387,637,176,187,220,244,1,1,1,35,44,44,142,142,454,523,534,534,746,746,746,756,807,856,856,874,898,911,911,911,911,911,516,544,544],"floor_reached":56,"language":"ZHS","playtime":1849,"items_purged":[],"score":1417,"play_id":"6aac75e1-9d9b-46ac-a7bc-6e3e51f7bbe0","local_time":"20210211113723","is_ascension_mode":false,"campfire_choices":[{"data":"alterego_mod:Impale","floor":6,"key":"SMITH"},{"floor":12,"key":"RECALL"},{"data":"alterego_mod:TrickOrTreatment","floor":15,"key":"SMITH"},{"floor":32,"key":"REST"},{"data":"alterego_mod:Antipathy","floor":40,"key":"SMITH"},{"data":"alterego_mod:Weigh","floor":45,"key":"SMITH"},{"data":"alterego_mod:Belts","floor":49,"key":"SMITH"},{"data":"alterego_mod:Tantrum","floor":52,"key":"SMITH"}],"circlet_count":0,"master_deck":["alterego_mod:SuperDuperMasochism","Regret","Decay","alterego_mod:GoddessCore","alterego_mod:Valentines","alterego_mod:Smother","alterego_mod:TrickOrTreatment+1","alterego_mod:BrynhildrRomantia","alterego_mod:Bounce","alterego_mod:1TonWallop+1","Gensokyo:MenInBlack","alterego_mod:BustOut","alterego_mod:Belts+1","alterego_mod:Palingenesis+1","alterego_mod:Rake","alterego_mod:Valkyrie","alterego_mod:GIGAMILK","alterego_mod:Vow","alterego_mod:Palingenesis+1","alterego_mod:Antipathy+1","alterego_mod:ClassAdvantage+1","alterego_mod:Weigh+1","alterego_mod:Tantrum+1","alterego_mod:Rake","alterego_mod:Venus","alterego_mod:Bounce","alterego_mod:Crossover+1","alterego_mod:IndependentAction+1","alterego_mod:Bunnysuit+1","alterego_mod:RingBreak+1","alterego_mod:Collar"],"relics":["alterego_mod:MasochisticConstitution","testmod-TestBox","ice","testmod-Prudence","NeowsBlessing","Blood Vial","Kunai","testmod-EnergyCheck","testmod-Charity","Frozen Egg 2","Ancient Tea Set","MerchantsRug","Omamori","Dream Catcher","SumBook","Gensokyo:Companionship","testmod-Fanaticism","MoreBug","testmod-ArcanaOfDestiny","Unceasing Top","testmod-AssaultLearning","CatCart","GodSword7","Strawberry","Boot","Orrery","SSSystem"],"acts_visited":["Exordium","Gensokyo:Gensokyoer","TheBeyond","TheEnding"],"potions_floor_usage":[10,19,25,47],"damage_taken":[{"damage":7,"enemies":"ats:Genji","floor":1,"turns":2},{"damage":0,"enemies":"2 Louse","floor":3,"turns":1},{"damage":0,"enemies":"Lagavulin","floor":7,"turns":2},{"damage":18,"enemies":"Cultist","floor":8,"turns":4},{"damage":24,"enemies":"Looter","floor":10,"turns":4},{"damage":61,"enemies":"Gremlin Gang","floor":11,"turns":5},{"damage":16,"enemies":"Blue Slaver","floor":13,"turns":4},{"damage":76,"enemies":"The Guardian","floor":16,"turns":9},{"damage":0,"enemies":"Gensokyo:CosmicMonolith","floor":18,"turns":2},{"damage":0,"enemies":"Gensokyo:Chomper","floor":19,"turns":1},{"damage":2,"enemies":"Gensokyo:3_Gloops","floor":20,"turns":3},{"damage":3,"enemies":"Gensokyo:Chomper_and_Gloop","floor":24,"turns":3},{"damage":37,"enemies":"Gensokyo:Tenshi","floor":25,"turns":4},{"damage":37,"enemies":"Gensokyo:Reisen","floor":30,"turns":4},{"damage":17,"enemies":"Gensokyo:Slime_Group","floor":31,"turns":2},{"damage":48,"enemies":"Gensokyo:Eternal_Rivals","floor":33,"turns":5},{"damage":32,"enemies":"Orb Walker","floor":35,"turns":3},{"damage":84,"enemies":"3 Darklings","floor":37,"turns":3},{"damage":2,"enemies":"Transient","floor":39,"turns":3},{"damage":13,"enemies":"Sphere and 2 Shapes","floor":42,"turns":2},{"damage":26,"enemies":"Orin","floor":44,"turns":2},{"damage":49,"enemies":"4 Shapes","floor":46,"turns":3},{"damage":4,"enemies":"Nemesis","floor":47,"turns":1},{"damage":0,"enemies":"Transient","floor":48,"turns":4},{"damage":45,"enemies":"Donu and Deca","floor":50,"turns":2},{"damage":8,"enemies":"Shield and Spear","floor":54,"turns":1},{"damage":54,"enemies":"The Heart","floor":55,"turns":3}],"seed_played":"5893064817646742785","potions_obtained":[{"floor":3,"key":"BlessingOfTheForge"},{"floor":11,"key":"SmokeBomb"},{"floor":13,"key":"ColorlessPotion"},{"floor":16,"key":"AttackPotion"},{"floor":18,"key":"testmod-EscapePotion"},{"floor":25,"key":"SmokeBomb"},{"floor":33,"key":"Ancient Potion"},{"floor":35,"key":"SpeedPotion"},{"floor":44,"key":"Regen Potion"},{"floor":46,"key":"testmod-SpacePotion"},{"floor":48,"key":"BlessingOfTheForge"},{"floor":54,"key":"RedTea"}],"is_trial":false,"path_per_floor":["M","?","M","?","$","R","E","M","T","M","M","R","M","?","R","B",null,"M","M","M","?","?","COS","M","E","T","$","?","?","E","M","R","B",null,"M","T","M","?","M","R","?","M","T","?","R","M","E","M","R","B",null,"R","$","E","B",null],"character_chosen":"The_Alterego","items_purchased":["MerchantsRug","Omamori","Strawberry","Boot","Orrery"],"campfire_rested":1,"item_purchase_floors":[27,27,53,53,53],"current_hp_per_floor":[64,64,66,66,66,66,68,53,53,32,42,42,29,34,34,48,90,90,91,95,86,81,81,80,47,48,50,50,50,33,38,69,35,110,115,116,126,126,131,131,131,128,129,129,129,145,147,151,151,154,154,154,164,165,168],"gold":544,"neow_bonus":"THREE_ENEMY_KILL","is_daily":false,"chose_seed":false,"campfire_upgraded":6,"win_rate":0.0,"timestamp":1613014643,"path_taken":["M","?","M","?","$","R","E","?","T","M","M","R","M","?","R","BOSS","M","M","?","?","?","COS","M","E","T","$","?","?","E","M","R","BOSS","M","?","M","?","M","R","?","?","T","?","R","M","E","M","R","BOSS","R","$","E","BOSS"],"items_purchased_type":["Relic","Relic","Relic","Relic","Relic"],"build_version":"2020-12-22","purchased_purges":0,"victory":true,"max_hp_per_floor":[71,71,71,71,71,71,71,72,72,73,80,80,84,84,84,90,90,91,91,95,86,81,81,85,91,92,94,94,87,97,104,104,110,110,118,119,126,126,131,131,131,136,137,139,139,145,147,151,151,154,154,154,164,165,186],"card_choices":[{"not_picked":["alterego_mod:TrashNCrash","alterego_mod:Stockings"],"picked":"alterego_mod:SuperDuperMasochism","floor":1},{"not_picked":["alterego_mod:DeftHands","alterego_mod:RidiculouslyBig","alterego_mod:Skirt"],"picked":"SKIP","floor":3},{"not_picked":["alterego_mod:Undulate","alterego_mod:Rip"],"picked":"alterego_mod:Cycle","floor":7},{"not_picked":["alterego_mod:Nekomimi","alterego_mod:Support"],"picked":"alterego_mod:GoddessCore","floor":8},{"not_picked":["alterego_mod:BiFurious","alterego_mod:DiscoLights"],"picked":"alterego_mod:Valentines","floor":10},{"not_picked":["alterego_mod:DiscoLights","alterego_mod:MagicResistance"],"picked":"alterego_mod:Smother","floor":11},{"not_picked":["alterego_mod:Bounce","alterego_mod:Undulate"],"picked":"alterego_mod:TrickOrTreatment","floor":13},{"not_picked":["alterego_mod:TrickOrTreatment","alterego_mod:AlterEgo"],"picked":"alterego_mod:BrynhildrRomantia","floor":16},{"not_picked":["alterego_mod:Exercise","alterego_mod:Schoolgirl","alterego_mod:DeftHands"],"picked":"SKIP","floor":18},{"not_picked":["alterego_mod:PerceptionDisorder+1","alterego_mod:Undulate"],"picked":"alterego_mod:Bounce","floor":19},{"not_picked":["alterego_mod:DeftHands","alterego_mod:Pet+1"],"picked":"alterego_mod:1TonWallop+1","floor":20},{"not_picked":["Gensokyo:RedCapeBlueCape","Gensokyo:HAARP"],"picked":"Gensokyo:MenInBlack","floor":21},{"not_picked":["alterego_mod:DeftHands","alterego_mod:MagicResistance"],"picked":"alterego_mod:BustOut","floor":24},{"not_picked":["alterego_mod:Swimsuit","alterego_mod:Birthday"],"picked":"alterego_mod:Belts","floor":25},{"not_picked":["alterego_mod:Maid","alterego_mod:Jiggle"],"picked":"alterego_mod:Venus","floor":30},{"not_picked":["alterego_mod:HighServant","alterego_mod:DeftHands+1"],"picked":"alterego_mod:Bounce","floor":31},{"not_picked":["alterego_mod:Bloomers","alterego_mod:Complex+1"],"picked":"alterego_mod:Crossover+1","floor":32},{"not_picked":["alterego_mod:InsideBaseball+1","alterego_mod:SideboobHour"],"picked":"alterego_mod:Palingenesis+1","floor":33},{"not_picked":["alterego_mod:Table","alterego_mod:Maid+1"],"picked":"alterego_mod:IndependentAction+1","floor":35},{"not_picked":["alterego_mod:SuperDuperMasochism","alterego_mod:Crossover+1","alterego_mod:SakuraFive+1"],"picked":"SKIP","floor":37},{"not_picked":["alterego_mod:Clap+1","alterego_mod:Mirror","alterego_mod:Maid+1"],"picked":"SKIP","floor":39},{"not_picked":["alterego_mod:Jiggle+1","alterego_mod:Valentines"],"picked":"alterego_mod:Bunnysuit+1","floor":41},{"not_picked":["alterego_mod:HighServant+1","alterego_mod:Clones+1"],"picked":"alterego_mod:RingBreak+1","floor":42},{"not_picked":["alterego_mod:DiscoLights+1","alterego_mod:Rip","alterego_mod:ChallengeComplete+1"],"picked":"SKIP","floor":46},{"not_picked":["alterego_mod:Smother+1","alterego_mod:Schoolgirl+1","alterego_mod:Rip+1"],"picked":"SKIP","floor":47},{"not_picked":["alterego_mod:DeftHands","alterego_mod:Maid+1","alterego_mod:MagicResistance"],"picked":"SKIP","floor":48},{"not_picked":["alterego_mod:MaintainEyeContact","alterego_mod:SakuraFive+1"],"picked":"alterego_mod:Collar","floor":54}],"player_experience":240427,"relics_obtained":[{"floor":7,"key":"Kunai"},{"floor":25,"key":"Frozen Egg 2"},{"floor":26,"key":"Ancient Tea Set"},{"floor":30,"key":"SumBook"},{"floor":36,"key":"testmod-ArcanaOfDestiny"},{"floor":41,"key":"Unceasing Top"},{"floor":43,"key":"testmod-AssaultLearning"},{"floor":44,"key":"CatCart"},{"floor":47,"key":"GodSword7"},{"floor":54,"key":"SSSystem"}],"event_choices":[{"damage_healed":0,"gold_gain":0,"player_choice":"Box","damage_taken":0,"relics_obtained":["Blood Vial"],"max_hp_gain":0,"max_hp_loss":0,"event_name":"Big Fish","floor":2,"gold_loss":0,"cards_obtained":["Regret"]},{"damage_healed":0,"gold_gain":0,"player_choice":"Cursed","damage_taken":0,"max_hp_gain":0,"max_hp_loss":0,"event_name":"Wheel of Change","floor":4,"gold_loss":0,"cards_obtained":["Decay"]},{"cards_removed":["alterego_mod:Cycle"],"damage_healed":5,"gold_gain":0,"player_choice":"Offered Common","damage_taken":0,"max_hp_gain":0,"max_hp_loss":0,"event_name":"Bonfire Elementals","floor":14,"gold_loss":0},{"cards_removed":["alterego_mod:Cycle"],"damage_healed":5,"gold_gain":0,"player_choice":"Offered Special","damage_taken":0,"max_hp_gain":0,"max_hp_loss":0,"event_name":"Bonfire Elementals","floor":14,"gold_loss":0},{"damage_healed":0,"gold_gain":0,"player_choice":"Ignored","damage_taken":0,"max_hp_gain":0,"max_hp_loss":0,"event_name":"Tomb of Lord Red Mask","floor":38,"gold_loss":0},{"damage_healed":0,"gold_gain":0,"player_choice":"Fight","damage_taken":0,"max_hp_gain":0,"max_hp_loss":0,"event_name":"OrinTheCat","floor":44,"gold_loss":0}],"is_beta":false,"boss_relics":[{"not_picked":["testmod-Temperance","Fusion Hammer"],"picked":"testmod-EnergyCheck"},{"not_picked":["testmod-IncinerationGenerator","Empty Cage"],"picked":"testmod-Fanaticism"}],"items_purged_floors":[],"is_endless":false,"potions_floor_spawned":[3,11,13,16,18,25,33,35,44,46,48,54],"ascension_level":0}}