{"host":"zwezhz46a5cjkxff","time":1613027690,"event":{"mods":["AchievementEnabler","BaseMod","Colored Map","Colored Powertips","DeckTracker","Hermit","Marisa????????","Minty Spire (QoL Compilation)","Permanent Neow","Quick Restart","Rare Cards Sparkle","Relic Stats","Robot Space Explorer","StSLib","SuperFastMode","The Hierophant","The Servant 0.9.4","Weighted Paths","slay the spire mod where everything is the same but ironclad has a cowboy hat"],"gold_per_floor":[118,130,140,240,252,281,281,615,615,615,615],"floor_reached":10,"language":"ENG","playtime":397,"items_purged":[],"score":90,"play_id":"eb827381-a94a-49ed-949e-a276954999dd","local_time":"20210211011450","is_ascension_mode":true,"campfire_choices":[{"floor":7,"key":"RECALL"}],"circlet_count":0,"master_deck":["Strike_G","Strike_G","Strike_G","Strike_G","Strike_G","Defend_G","Defend_G","Defend_G","Defend_G","Defend_G","Survivor","Neutralize","Cloak And Dagger","Noxious Fumes","Infinite Blades","Infinite Blades","Choke"],"relics":["Coffee Dripper","StoneCalendar","Old Coin","TungstenRod"],"acts_visited":["Exordium"],"potions_floor_usage":[5,10],"damage_taken":[{"damage":4,"enemies":"Cultist","floor":1,"turns":5},{"damage":1,"enemies":"Small Slimes","floor":2,"turns":4},{"damage":0,"enemies":"2 Louse","floor":3,"turns":3},{"damage":17,"enemies":"Large Slime","floor":5,"turns":5},{"damage":19,"enemies":"3 Sentries","floor":6,"turns":7},{"damage":9,"enemies":"Lagavulin","floor":8,"turns":7},{"damage":21,"enemies":"Gremlin Nob","floor":10,"turns":4}],"seed_played":"-445248774530721147","potions_obtained":[{"floor":1,"key":"SkillPotion"},{"floor":8,"key":"Block Potion"}],"is_trial":false,"path_per_floor":["M","M","M","?","M","E","R","E","T","E"],"character_chosen":"THE_SILENT","items_purchased":[],"campfire_rested":0,"item_purchase_floors":[],"current_hp_per_floor":[66,65,65,65,48,29,29,20,20,0,0],"gold":615,"neow_bonus":"BOSS_RELIC","is_daily":false,"chose_seed":false,"campfire_upgraded":0,"win_rate":0.0,"timestamp":1613027690,"path_taken":["M","?","M","?","?","E","R","E","T","E"],"items_purchased_type":[],"build_version":"2020-12-22","purchased_purges":0,"victory":false,"max_hp_per_floor":[70,70,70,70,70,70,70,70,70,70,70],"relic_stats":{"counters":[7,35],"StoneCalendar":[13],"obtain_stats":[{"StoneCalendar":6,"Coffee Dripper":0,"TungstenRod":9,"Ring of the Snake":0,"Old Coin":8},{"StoneCalendar":5,"Coffee Dripper":0,"TungstenRod":6,"Ring of the Snake":0,"Old Coin":6},{"StoneCalendar":24,"Coffee Dripper":0,"TungstenRod":31,"Ring of the Snake":0,"Old Coin":31}],"TungstenRod":2},"card_choices":[{"not_picked":["All Out Attack","Flechettes"],"picked":"Cloak And Dagger","floor":1},{"not_picked":["Endless Agony","Prepared"],"picked":"Noxious Fumes","floor":2},{"not_picked":["Underhanded Strike","Outmaneuver"],"picked":"Infinite Blades","floor":3},{"not_picked":["Bane","Deadly Poison"],"picked":"Infinite Blades","floor":5},{"not_picked":["Sucker Punch","Flying Knee","Dodge and Roll"],"picked":"SKIP","floor":6},{"not_picked":["Underhanded Strike","Dash"],"picked":"Choke","floor":8}],"player_experience":97405,"relics_obtained":[{"floor":6,"key":"StoneCalendar"},{"floor":8,"key":"Old Coin"},{"floor":9,"key":"TungstenRod"}],"event_choices":[{"damage_healed":0,"gold_gain":100,"player_choice":"Pray","damage_taken":0,"max_hp_gain":0,"max_hp_loss":0,"event_name":"Golden Shrine","floor":4,"gold_loss":0}],"is_beta":false,"boss_relics":[],"items_purged_floors":[],"is_endless":false,"potions_floor_spawned":[1,8],"killed_by":"Gremlin Nob","ascension_level":3}}