{"host":"hka8b3f4pkvnp4ei","time":1613012866,"event":{"mods":["BaseMod","Minty Spire (QoL Compilation)","Quick Restart","Replay The Spire","StSLib"],"gold_per_floor":[111,121,121,121,121,121,148,148,175,100,129,148,98,124,124,124,124],"floor_reached":16,"language":"ZHS","playtime":433,"items_purged":["Strike_G"],"score":204,"play_id":"8444d97b-2565-46e0-bfa0-44166d72a144","local_time":"20210211110746","is_ascension_mode":true,"campfire_choices":[{"data":"Neutralize","floor":6.0,"key":"SMITH"},{"data":"Underhanded Strike","floor":8.0,"key":"SMITH"},{"data":"Acrobatics","floor":15,"key":"SMITH"}],"circlet_count":0,"master_deck":["Strike_G+1","Strike_G","Strike_G","Defend_G","Defend_G","Defend_G","Defend_G+1","Survivor","Neutralize+1","Underhanded Strike+1","Acrobatics+1"],"relics":["Ring of the Snake","NeowsBlessing","Lantern","Simple Rune","Bag of Preparation","Durian","Regal Pillow"],"acts_visited":["Exordium"],"potions_floor_usage":[16],"damage_taken":[{"damage":0.0,"enemies":"Jaw Worm","floor":1.0,"turns":1.0},{"damage":0.0,"enemies":"Small Slimes","floor":2.0,"turns":1.0},{"damage":0.0,"enemies":"Replay:BlueRogue","floor":7.0,"turns":1.0},{"damage":21.0,"enemies":"3 Sentries","floor":11.0,"turns":11.0},{"damage":0.0,"enemies":"2 Louse","floor":12.0,"turns":2.0},{"damage":21,"enemies":"Lagavulin","floor":14,"turns":7},{"damage":15,"enemies":"Slime Boss","floor":16,"turns":7}],"seed_played":"8292914748286269087","potions_obtained":[{"floor":1.0,"key":"SpeedPotion"},{"floor":7.0,"key":"Fire Potion"}],"is_trial":false,"path_per_floor":["M","M","?","?","$","R","E","R","T","$","E","M","?","E","R","B"],"character_chosen":"THE_SILENT","items_purchased":[],"campfire_rested":0,"item_purchase_floors":[],"current_hp_per_floor":[63,63,60,53,53,53,53,53,53,53,37,37,37,16,16,1,1],"gold":124,"neow_bonus":"THREE_ENEMY_KILL","is_daily":false,"chose_seed":false,"campfire_upgraded":3,"win_rate":0.0,"timestamp":1613012866,"path_taken":["M","M","?","?","?","R","E","R","T","$","E","M","?","E","R","BOSS"],"items_purchased_type":[],"build_version":"2020-12-22","purchased_purges":1,"victory":false,"max_hp_per_floor":[70,70,70,70,70,70,70,70,70,70,75,75,75,75,75,75,75],"card_choices":[{"not_picked":["Dodge and Roll","Sucker Punch","Dagger Throw"],"picked":"SKIP","floor":1.0},{"not_picked":["Escape Plan","Backflip","Crippling Poison"],"picked":"SKIP","floor":2.0},{"not_picked":["Poisoned Stab","Escape Plan"],"picked":"Underhanded Strike","floor":7.0},{"not_picked":["ReplayTheSpireMod:Scrap Shanks","Atom Bomb","Slice"],"picked":"SKIP","floor":11.0},{"not_picked":["Sucker Punch","Replay:Poison Smokescreen"],"picked":"Acrobatics","floor":12.0},{"not_picked":["Riddle With Holes","Underhanded Strike","Storm of Steel"],"picked":"SKIP","floor":14}],"player_experience":472286,"relics_obtained":[{"floor":7.0,"key":"Simple Rune"},{"floor":9.0,"key":"Bag of Preparation"},{"floor":11.0,"key":"Durian"},{"floor":14,"key":"Regal Pillow"}],"event_choices":[{"damage_healed":0.0,"max_hp_gain":0.0,"max_hp_loss":0.0,"gold_gain":0.0,"event_name":"Scrap Ooze","player_choice":"Success","floor":3.0,"gold_loss":0.0,"damage_taken":3.0,"relics_obtained":["Lantern"]},{"cards_removed":["Strike_G"],"damage_healed":0.0,"max_hp_gain":0.0,"max_hp_loss":0.0,"gold_gain":0.0,"event_name":"Golden Wing","player_choice":"Card Removal","floor":4.0,"gold_loss":0.0,"damage_taken":7.0},{"cards_removed":["Defend_G"],"damage_healed":0.0,"max_hp_gain":0.0,"max_hp_loss":0.0,"gold_gain":0.0,"event_name":"The Cleric","player_choice":"Card Removal","floor":13.0,"gold_loss":50.0,"damage_taken":0.0}],"is_beta":false,"boss_relics":[],"items_purged_floors":[10],"is_endless":false,"potions_floor_spawned":[1,7],"killed_by":"Slime Boss","ascension_level":9}}