{"host":"n95r2z13dwkl182w","time":1613023150,"event":{"mods":["2.2 Compatiblity","AchievementEnabler","BaseMod","Colored Map","Hermit","Marisa£¨Ùöéë¡¡Øª×âÞÞ£©","Minty Spire (QoL Compilation)","StSLib","SuperFastMode","everything is the same but u backflip on backflip"],"gold_per_floor":[113,13,13,13,25,25,25,54,81,95,108,108,118,146,146,242,242,252,177,177,138,138,163,190,190,190],"floor_reached":25,"language":"KOR","playtime":1221,"items_purged":[],"score":254,"play_id":"3b976b4d-8357-4ebe-b3dd-2950237167e7","local_time":"20210211145910","is_ascension_mode":false,"campfire_choices":[{"data":"hermit:Glare","floor":7.0,"key":"SMITH"},{"data":"hermit:EyeOfTheStorm","floor":12.0,"key":"SMITH"},{"data":"hermit:Malice","floor":15.0,"key":"SMITH"}],"circlet_count":0,"master_deck":["hermit:Strike_Hermit","hermit:Strike_Hermit","hermit:Strike_Hermit","hermit:Defend_Hermit","hermit:Defend_Hermit","hermit:Defend_Hermit","hermit:Snapshot","hermit:Covet","hermit:LuckOfTheDraw+1","hermit:Malice+1","hermit:Glare+1","hermit:TrackingShot","hermit:EyeOfTheStorm+1","hermit:Grudge","hermit:Dissolve","hermit:Purgatory","CurseOfTheBell","hermit:Headshot"],"relics":["hermit:Momento","NeowsBlessing","Kunai","Centennial Puzzle","The Courier","Calling Bell","Tiny Chest","Singing Bowl","CaptainsWheel","MutagenicStrength","Blue Candle","Ancient Tea Set"],"acts_visited":["Exordium","TheCity"],"potions_floor_usage":[],"damage_taken":[{"damage":0.0,"enemies":"2 Louse","floor":1.0,"turns":1.0},{"damage":0.0,"enemies":"Cultist","floor":5.0,"turns":1.0},{"damage":0.0,"enemies":"Lagavulin","floor":8.0,"turns":1.0},{"damage":3.0,"enemies":"Jaw Worm","floor":10.0,"turns":2.0},{"damage":0.0,"enemies":"3 Louse","floor":11.0,"turns":1.0},{"damage":7.0,"enemies":"Looter","floor":13.0,"turns":3.0},{"damage":3.0,"enemies":"3 Sentries","floor":14.0,"turns":4.0},{"damage":44.0,"enemies":"The Guardian","floor":16.0,"turns":10.0},{"damage":42.0,"enemies":"2 Thieves","floor":18.0,"turns":2.0},{"damage":30.0,"enemies":"Gremlin Leader","floor":23.0,"turns":2.0},{"damage":23.0,"enemies":"Shell Parasite","floor":25.0,"turns":2.0}],"seed_played":"-1727027485638045560","potions_obtained":[{"floor":5.0,"key":"PowerPotion"},{"floor":10.0,"key":"LiquidMemories"},{"floor":11.0,"key":"ColorlessPotion"}],"is_trial":false,"path_per_floor":["M","$","?","?","M","$","R","E","T","M","M","R","M","E","R","B",null,"M","?","?","$","?","E","T","M"],"character_chosen":"HERMIT","items_purchased":["hermit:Malice","hermit:Glare","hermit:Headshot"],"campfire_rested":0,"item_purchase_floors":[2,2,21],"current_hp_per_floor":[75,75,75,75,75,75,75,75,75,72,72,72,65,62,62,18,75,35,35,35,35,60,32,32,9,9],"gold":190,"neow_bonus":"THREE_ENEMY_KILL","is_daily":false,"chose_seed":false,"campfire_upgraded":3,"win_rate":0.0,"timestamp":1613023150,"path_taken":["M","$","?","?","M","$","R","E","T","?","?","R","M","E","R","BOSS","M","?","?","$","?","E","?","?"],"items_purchased_type":["Card","Card","Card"],"build_version":"2020-12-22","purchased_purges":0,"victory":false,"max_hp_per_floor":[75,75,75,75,75,75,75,75,75,75,75,75,75,75,75,75,75,77,77,77,77,77,79,79,79,79],"card_choices":[{"not_picked":["hermit:HighCaliber","hermit:Brawl"],"picked":"hermit:LuckOfTheDraw","floor":1.0},{"not_picked":["hermit:WideOpen","hermit:Desperado"],"picked":"hermit:TrackingShot","floor":5.0},{"not_picked":["hermit:Vantage","hermit:Snipe","hermit:ItchyTrigger"],"picked":"SKIP","floor":8.0},{"not_picked":["hermit:LoneWolf","hermit:Shortfuse"],"picked":"hermit:EyeOfTheStorm","floor":10.0},{"not_picked":["hermit:Glare","hermit:CursedWeapon"],"picked":"hermit:Grudge","floor":11.0},{"not_picked":["hermit:Spite","hermit:Gambit","hermit:GoldenBullet"],"picked":"SKIP","floor":13.0},{"not_picked":["hermit:Gambit","hermit:Combo"],"picked":"hermit:Dissolve","floor":14.0},{"not_picked":["hermit:RoundhouseKick","hermit:Magnum"],"picked":"hermit:Purgatory","floor":16.0},{"not_picked":["hermit:ItchyTrigger","hermit:Cheat","hermit:TakeAim"],"picked":"Singing Bowl","floor":18.0},{"not_picked":["hermit:ItchyTrigger","hermit:Shortfuse","hermit:LoneWolf"],"picked":"Singing Bowl","floor":23.0}],"player_experience":66935,"relics_obtained":[{"floor":8.0,"key":"Kunai"},{"floor":9.0,"key":"Centennial Puzzle"},{"floor":14.0,"key":"The Courier"},{"floor":17.0,"key":"Tiny Chest"},{"floor":17.0,"key":"Singing Bowl"},{"floor":17.0,"key":"CaptainsWheel"},{"floor":23.0,"key":"Blue Candle"},{"floor":24.0,"key":"Ancient Tea Set"}],"event_choices":[{"cards_removed":["hermit:Defend_Hermit"],"damage_healed":0.0,"max_hp_gain":0.0,"max_hp_loss":0.0,"gold_gain":0.0,"event_name":"Living Wall","player_choice":"Forget","floor":3.0,"gold_loss":0.0,"damage_taken":0.0},{"damage_healed":0.0,"max_hp_gain":0.0,"max_hp_loss":0.0,"gold_gain":0.0,"event_name":"Upgrade Shrine","player_choice":"Upgraded","floor":4.0,"gold_loss":0.0,"damage_taken":0.0,"cards_upgraded":["hermit:LuckOfTheDraw"]},{"cards_removed":["hermit:Strike_Hermit"],"damage_healed":0.0,"max_hp_gain":0.0,"max_hp_loss":0.0,"gold_gain":0.0,"event_name":"Beggar","player_choice":"Gave Gold","floor":19.0,"gold_loss":75.0,"damage_taken":0.0},{"damage_healed":0.0,"max_hp_gain":0.0,"max_hp_loss":0.0,"gold_gain":0.0,"event_name":"Drug Dealer","player_choice":"Inject Mutagens","floor":20.0,"gold_loss":0.0,"damage_taken":0.0,"relics_obtained":["MutagenicStrength"]},{"damage_healed":25.0,"max_hp_gain":0.0,"max_hp_loss":0.0,"gold_gain":0.0,"event_name":"The Library","player_choice":"Heal","floor":22.0,"gold_loss":0.0,"damage_taken":0.0}],"is_beta":false,"boss_relics":[{"not_picked":["Pandora\u0027s Box","hermit:ClaspedLocket"],"picked":"Calling Bell"}],"items_purged_floors":[],"is_endless":false,"potions_floor_spawned":[5,10,11,25],"killed_by":"Shell Parasite","ascension_level":0}}