{"host":"04hh9gplt9wkfmr1","time":1613032114,"event":{"mods":["AchievementEnabler","BaseMod","Colored Map","KOR Keyword Fix","Minty Spire (QoL Compilation)","Rare Cards Sparkle","SuperFastMode"],"gold_per_floor":[363,374,307,325,337,367,367,401,424,424,424,424,424,275,275,275,275],"floor_reached":16,"language":"KOR","playtime":377,"items_purged":[],"score":162,"play_id":"f3dfd6c1-f298-491c-a345-4cdf13a2b6bb","local_time":"20210211172834","is_ascension_mode":true,"campfire_choices":[{"floor":7.0,"key":"REST"},{"floor":10.0,"key":"REST"},{"data":"Dualcast","floor":13.0,"key":"SMITH"},{"data":"Zap","floor":15.0,"key":"SMITH"}],"circlet_count":0,"master_deck":["AscendersBane","Strike_B","Strike_B","Strike_B","Strike_B","Defend_B","Defend_B","Defend_B","Defend_B","Zap+1","Dualcast+1","Beam Cell","Sunder+1","FTL","Streamline","Glacier","BootSequence"],"relics":["Cracked Core","Blue Candle","PreservedInsect","Anchor","Dream Catcher","Nunchaku"],"acts_visited":["Exordium"],"potions_floor_usage":[],"damage_taken":[{"damage":0.0,"enemies":"Cultist","floor":1.0,"turns":3.0},{"damage":10.0,"enemies":"Small Slimes","floor":2.0,"turns":4.0},{"damage":1.0,"enemies":"2 Louse","floor":4.0,"turns":2.0},{"damage":6.0,"enemies":"2 Fungi Beasts","floor":5.0,"turns":3.0},{"damage":40.0,"enemies":"3 Sentries","floor":6.0,"turns":7.0},{"damage":19.0,"enemies":"Lagavulin","floor":8.0,"turns":7.0},{"damage":32,"enemies":"Hexaghost","floor":16,"turns":9}],"seed_played":"-6473425764311481444","potions_obtained":[{"floor":2.0,"key":"SkillPotion"},{"floor":6.0,"key":"Swift Potion"}],"is_trial":false,"path_per_floor":["M","M","$","M","M","E","R","E","T","R","?","?","R","$","R","B"],"character_chosen":"DEFECT","items_purchased":["Sunder","Nunchaku"],"campfire_rested":2,"item_purchase_floors":[3,14],"current_hp_per_floor":[68,58,58,57,51,11,31,12,12,32,32,32,32,32,32,0,0],"gold":275,"neow_bonus":"TWO_FIFTY_GOLD","is_daily":false,"chose_seed":false,"campfire_upgraded":2,"win_rate":0.0,"timestamp":1613032114,"path_taken":["M","?","$","M","M","E","R","E","T","R","?","?","R","$","R","BOSS"],"items_purchased_type":["Card","Relic"],"build_version":"2020-12-22","purchased_purges":0,"victory":false,"max_hp_per_floor":[68,68,68,68,68,68,68,68,68,68,68,68,68,68,68,68,68],"card_choices":[{"not_picked":["Leap","Rip and Tear"],"picked":"Beam Cell","floor":1.0},{"not_picked":["Compile Driver","Coolheaded","Sweeping Beam"],"picked":"SKIP","floor":2.0},{"not_picked":["Beam Cell","Double Energy"],"picked":"FTL","floor":4.0},{"not_picked":["Scrape","Barrage"],"picked":"Streamline","floor":5.0},{"not_picked":["Cold Snap","Tempest"],"picked":"Glacier","floor":6.0},{"not_picked":["Beam Cell","Rebound"],"picked":"BootSequence","floor":8.0}],"player_experience":144970,"relics_obtained":[{"floor":6.0,"key":"Blue Candle"},{"floor":8.0,"key":"PreservedInsect"},{"floor":9.0,"key":"Anchor"}],"event_choices":[{"damage_healed":0.0,"max_hp_gain":0.0,"max_hp_loss":0.0,"gold_gain":0.0,"event_name":"Dead Adventurer","player_choice":"Searched \u00271\u0027 times","floor":11.0,"gold_loss":0.0,"damage_taken":0.0,"relics_obtained":["Dream Catcher"]},{"damage_healed":0.0,"max_hp_gain":0.0,"max_hp_loss":0.0,"gold_gain":0.0,"event_name":"Living Wall","player_choice":"Grow","floor":12.0,"gold_loss":0.0,"damage_taken":0.0,"cards_upgraded":["Sunder"]}],"is_beta":false,"boss_relics":[],"items_purged_floors":[],"is_endless":false,"potions_floor_spawned":[2,6],"killed_by":"Hexaghost","ascension_level":10}}