{"host":"qj2ynjh122p6ybyd","time":1613042930,"event":{"mods":["AchievementEnabler","Aspiration","BaseMod","Better Match","Better Note","Highlight Path","Infinite Spire","Minty Spire (QoL Compilation)","Quick Restart","Relic Stats","Reliquary","Replay The Spire","StSLib","SuperFastMode","The Blackbeard","The Gatherer"],"gold_per_floor":[116,116,66,66,141,141,141],"floor_reached":6,"language":"RUS","playtime":105,"items_purged":[],"score":51,"play_id":"46c9411f-c572-418c-bbdf-43ea27bf219b","local_time":"20210211132850","is_ascension_mode":true,"campfire_choices":[],"circlet_count":0,"master_deck":["AscendersBane","Strike_B","Strike_B","Strike_B","Strike_B","Defend_B","Defend_B","Defend_B","Defend_B","Zap","Dualcast","infinitespire:Gouge"],"relics":["Cracked Core","aspiration:Nostalgia","Sizzling Blood","Frozen Egg 2"],"acts_visited":["Exordium"],"potions_floor_usage":[6],"damage_taken":[{"damage":10,"enemies":"Small Slimes","floor":1,"turns":4},{"damage":40,"enemies":"3 Sentries","floor":6,"turns":5}],"seed_played":"-4559276789738368773","potions_obtained":[{"floor":1,"key":"FearPotion"}],"is_trial":false,"path_per_floor":["M","?","?","?","?","E"],"character_chosen":"DEFECT","items_purchased":[],"campfire_rested":0,"item_purchase_floors":[],"current_hp_per_floor":[66,66,66,47,36,0,0],"gold":141,"neow_bonus":"NOSTALGIA","is_daily":false,"chose_seed":false,"campfire_upgraded":0,"win_rate":0.0,"timestamp":1613042930,"path_taken":["M","?","?","?","?","E"],"items_purchased_type":[],"build_version":"2020-12-22","purchased_purges":0,"victory":false,"max_hp_per_floor":[79,79,79,79,79,79,79],"relic_stats":{"counters":[2,9],"obtain_stats":[{"aspiration:Nostalgia":0,"Sizzling Blood":0,"Frozen Egg 2":2,"Cracked Core":0},{"aspiration:Nostalgia":0,"Sizzling Blood":0,"Frozen Egg 2":1,"Cracked Core":0},{"aspiration:Nostalgia":0,"Sizzling Blood":0,"Frozen Egg 2":4,"Cracked Core":0}]},"card_choices":[{"not_picked":["FTL","Undo","Turbo"],"picked":"SKIP","floor":1},{"not_picked":["infinitespire:DeathsTouch","infinitespire:SealOfDarkness+"],"picked":"infinitespire:Gouge","floor":4}],"player_experience":369347,"relics_obtained":[],"event_choices":[{"cards_removed":["Injury"],"damage_healed":0,"gold_gain":0,"player_choice":"Card Removal","damage_taken":0,"max_hp_gain":0,"max_hp_loss":0,"event_name":"The Cleric","floor":3,"gold_loss":50},{"damage_healed":0,"gold_gain":75,"player_choice":"Gather Gold","damage_taken":11,"max_hp_gain":0,"max_hp_loss":0,"event_name":"World of Goop","floor":5,"gold_loss":0}],"is_beta":false,"boss_relics":[],"items_purged_floors":[],"is_endless":false,"potions_floor_spawned":[1],"killed_by":"3 Sentries","ascension_level":12}}