{"host":"1focbxb2e8qu7ccd","time":1613083919,"event":{"mods":["AchievementEnabler","BaseMod","Bestiary","Highlight Path","Minty Spire (QoL Compilation)","Relic Stats"],"gold_per_floor":[14,14,34,49,49,49,72,72,72,149,211,223,269,407,419,524,536,566,599,661,686,172,206,206,233,285,300,300,325,375,13,13,87,87,105,115,165,185,250,279,329,402,478,528,556,40,142,162,162,162,162,162,162,8,35,35],"floor_reached":57,"language":"ENG","playtime":4422,"items_purged":["Strike_G","Normality","Normality"],"score":2736,"play_id":"8d2f6143-1432-417a-a14e-8d1f6338a014","local_time":"20210211175159","is_ascension_mode":true,"campfire_choices":[{"data":"Crippling Poison","floor":6.0,"key":"SMITH"},{"data":"Glass Knife","floor":8.0,"key":"SMITH"},{"data":"Caltrops","floor":12.0,"key":"SMITH"},{"data":"Skewer","floor":15.0,"key":"SMITH"},{"data":"Adrenaline","floor":24.0,"key":"SMITH"},{"data":"Venomology","floor":28.0,"key":"SMITH"},{"data":"Blade Dance","floor":32.0,"key":"SMITH"},{"floor":49.0,"key":"RECALL"},{"data":"After Image","floor":53.0,"key":"SMITH"}],"circlet_count":0,"master_deck":["AscendersBane","Survivor","Neutralize","Adrenaline+1","Flying Knee","Slice","Crippling Poison+1","Glass Knife+1","Deadly Poison","Caltrops+1","Skewer+1","Terror","Venomology+1","Acrobatics","Backflip+1","Caltrops+1","Catalyst+1","Masterful Stab","Finisher","Accuracy","Blade Dance+1","After Image","Outmaneuver","Terror","Concentrate","Malaise","Corpse Explosion","Acrobatics","After Image+1","Blade Dance","Catalyst","Doubt","Catalyst","After Image","Deadly Poison","PiercingWail+1","Blade Dance","Caltrops"],"relics":["Ring of the Snake","Bloody Idol","SsserpentHead","MawBank","Question Card","Anchor","Cursed Key","Eternal Feather","Lee\u0027s Waffle","Gremlin Horn","Bottled Flame","Ginger","Potion Belt","Pandora\u0027s Box","Pantograph","Toy Ornithopter","InkBottle","The Courier","DollysMirror","Centennial Puzzle","Incense Burner","TwistedFunnel","Thread and Needle"],"acts_visited":["Exordium","TheCity","TheBeyond","TheEnding"],"potions_floor_usage":[56,56,56,56,56],"damage_taken":[{"damage":1.0,"enemies":"Small Slimes","floor":1.0,"turns":4.0},{"damage":2.0,"enemies":"Jaw Worm","floor":3.0,"turns":5.0},{"damage":3.0,"enemies":"Cultist","floor":4.0,"turns":4.0},{"damage":7.0,"enemies":"Large Slime","floor":7.0,"turns":6.0},{"damage":0.0,"enemies":"2 Fungi Beasts","floor":10.0,"turns":3.0},{"damage":7.0,"enemies":"Lagavulin","floor":13.0,"turns":6.0},{"damage":6.0,"enemies":"Gremlin Nob","floor":14.0,"turns":3.0},{"damage":16.0,"enemies":"Hexaghost","floor":16.0,"turns":7.0},{"damage":0.0,"enemies":"Chosen","floor":18.0,"turns":3.0},{"damage":6.0,"enemies":"2 Thieves","floor":19.0,"turns":2.0},{"damage":17.0,"enemies":"3 Cultists","floor":21.0,"turns":5.0},{"damage":18.0,"enemies":"Slavers","floor":23.0,"turns":5.0},{"damage":5.0,"enemies":"Book of Stabbing","floor":25.0,"turns":3.0},{"damage":8.0,"enemies":"Centurion and Healer","floor":27.0,"turns":5.0},{"damage":19.0,"enemies":"Gremlin Leader","floor":29.0,"turns":4.0},{"damage":20.0,"enemies":"Collector","floor":33.0,"turns":5.0},{"damage":3.0,"enemies":"3 Darklings","floor":35.0,"turns":3.0},{"damage":0.0,"enemies":"3 Shapes","floor":36.0,"turns":5.0},{"damage":11.0,"enemies":"Maw","floor":38.0,"turns":6.0},{"damage":8.0,"enemies":"Spire Growth","floor":39.0,"turns":3.0},{"damage":37.0,"enemies":"Reptomancer","floor":40.0,"turns":3.0},{"damage":57.0,"enemies":"Giant Head","floor":45.0,"turns":8.0},{"damage":9.0,"enemies":"2 Orb Walkers","floor":47.0,"turns":4.0},{"damage":0.0,"enemies":"Transient","floor":48.0,"turns":6.0},{"damage":29.0,"enemies":"Awakened One","floor":50.0,"turns":14.0},{"damage":67.0,"enemies":"Donu and Deca","floor":51.0,"turns":6.0},{"damage":35,"enemies":"Shield and Spear","floor":55,"turns":5},{"damage":70,"enemies":"The Heart","floor":56,"turns":8}],"seed_played":"-24235725266720806","potions_obtained":[{"floor":3.0,"key":"Weak Potion"},{"floor":7.0,"key":"LiquidMemories"},{"floor":14.0,"key":"Fruit Juice"},{"floor":16.0,"key":"Poison Potion"},{"floor":18.0,"key":"FearPotion"},{"floor":33.0,"key":"SpeedPotion"},{"floor":38.0,"key":"Fire Potion"},{"floor":39.0,"key":"SteroidPotion"},{"floor":55,"key":"PowerPotion"}],"is_trial":false,"path_per_floor":["M","?","M","M","?","R","M","R","T","M","?","R","E","?","R","B",null,"M","M","?","M","$","E","R","E","T","M","R","E","?","$","R","B",null,"M","M","?","M","M","E","?","T","T","?","E","$","?","M","R","B","B",null,"R","$","E","B",null],"character_chosen":"THE_SILENT","items_purchased":["Eternal Feather","Lee\u0027s Waffle","Potion Belt","Accuracy","Blade Dance","DollysMirror","Centennial Puzzle","GamblersBrew","Dexterity Potion","Energy Potion","TwistedFunnel","Blade Dance"],"campfire_rested":0,"item_purchase_floors":[22,22,31,31,31,46,46,46,46,46,54,54],"current_hp_per_floor":[58,58,56,53,53,53,46,46,46,46,46,46,39,33,33,22,54,54,48,48,41,72,59,71,71,72,69,72,58,63,63,72,57,68,70,72,72,66,68,36,41,51,56,61,19,19,25,35,56,67,15,58,72,72,42,8],"gold":35,"neow_bonus":"THREE_RARE_CARDS","is_daily":false,"chose_seed":false,"campfire_upgraded":8,"win_rate":0.0,"timestamp":1613083919,"path_taken":["M","?","M","M","?","R","M","R","T","?","?","R","E","?","R","BOSS","M","M","?","M","$","E","R","E","T","M","R","E","?","$","R","BOSS","M","M","?","M","?","E","?","?","T","?","E","$","?","M","R","BOSS","BOSS","R","$","E","BOSS"],"items_purchased_type":["Relic","Relic","Relic","Card","Card","Relic","Relic","Potion","Potion","Potion","Relic","Card"],"build_version":"2020-12-22","purchased_purges":3,"victory":true,"max_hp_per_floor":[66,60,60,60,60,60,60,60,60,60,60,60,60,60,60,65,65,65,65,65,65,72,72,72,72,72,72,72,72,72,72,72,72,72,72,72,72,72,72,72,72,72,72,72,72,72,72,72,72,72,72,72,72,72,72,72],"relic_stats":{"Lee\u0027s Waffle":26,"Gremlin Horn":[15,15],"counters":[28,141],"Eternal Feather":59,"Ginger":[22],"MawBank":156,"Question Card":19,"Cursed Key":3,"SsserpentHead":550,"Centennial Puzzle":[15],"Bloody Idol":123,"Pantograph":46,"Pandora\u0027s Box":["Outmaneuver","Terror","Concentrate","Malaise","Corpse Explosion","Choke"],"obtain_stats":[{"Potion Belt":31,"TwistedFunnel":54,"Lee\u0027s Waffle":22,"Gremlin Horn":23,"Golden Idol":2,"Eternal Feather":22,"Thread and Needle":55,"The Courier":45,"Incense Burner":47,"Ginger":29,"MawBank":9,"Question Card":13,"Cursed Key":17,"SsserpentHead":5,"Anchor":14,"Bottled Flame":25,"Centennial Puzzle":46,"DollysMirror":46,"Bloody Idol":20,"Pantograph":40,"Pandora\u0027s Box":34,"Toy Ornithopter":42,"InkBottle":43,"Ring of the Snake":0},{"Potion Belt":15,"TwistedFunnel":26,"Lee\u0027s Waffle":11,"Gremlin Horn":12,"Golden Idol":1,"Eternal Feather":11,"Thread and Needle":27,"The Courier":22,"Incense Burner":23,"Ginger":15,"MawBank":4,"Question Card":6,"Cursed Key":8,"SsserpentHead":3,"Anchor":6,"Bottled Flame":13,"Centennial Puzzle":22,"DollysMirror":22,"Bloody Idol":10,"Pantograph":21,"Pandora\u0027s Box":16,"Toy Ornithopter":21,"InkBottle":21,"Ring of the Snake":0},{"Potion Belt":65,"TwistedFunnel":128,"Lee\u0027s Waffle":48,"Gremlin Horn":53,"Golden Idol":4,"Eternal Feather":48,"Thread and Needle":133,"The Courier":98,"Incense Burner":102,"Ginger":65,"MawBank":19,"Question Card":28,"Cursed Key":38,"SsserpentHead":13,"Anchor":28,"Bottled Flame":56,"Centennial Puzzle":98,"DollysMirror":98,"Bloody Idol":43,"Pantograph":90,"Pandora\u0027s Box":70,"Toy Ornithopter":90,"InkBottle":90,"Ring of the Snake":0}],"Toy Ornithopter":50,"InkBottle":[33],"Ring of the Snake":[56]},"card_choices":[{"not_picked":["Wraith Form v2","Storm of Steel"],"picked":"Adrenaline","floor":0.0},{"not_picked":["Distraction","Flechettes"],"picked":"Flying Knee","floor":1.0},{"not_picked":["Outmaneuver","PiercingWail"],"picked":"Slice","floor":3.0},{"not_picked":["Cloak And Dagger","Sucker Punch"],"picked":"Crippling Poison","floor":4.0},{"not_picked":["Dodge and Roll","Blade Dance"],"picked":"Glass Knife","floor":7.0},{"not_picked":["Blur","Dodge and Roll"],"picked":"Deadly Poison","floor":10.0},{"not_picked":["Noxious Fumes","Deadly Poison"],"picked":"Skewer","floor":13.0},{"not_picked":["Finisher","Underhanded Strike","Blade Dance"],"picked":"Terror","floor":14.0},{"not_picked":["Envenom","Glass Knife","Adrenaline"],"picked":"Venomology","floor":16.0},{"not_picked":["Poisoned Stab","Bane","Heel Hook","Concentrate"],"picked":"SKIP","floor":18.0},{"not_picked":["Flying Knee","Grand Finale","Prepared","Skewer+1"],"picked":"SKIP","floor":19.0},{"not_picked":["Bane","Dagger Throw","Prepared","Underhanded Strike+1"],"picked":"SKIP","floor":21.0},{"not_picked":["Noxious Fumes","Flechettes","Blade Dance"],"picked":"Acrobatics","floor":23.0},{"not_picked":["Dagger Spray","Blur","All Out Attack"],"picked":"Backflip+1","floor":25.0},{"not_picked":["Underhanded Strike","Deadly Poison","PiercingWail"],"picked":"Caltrops+1","floor":27.0},{"not_picked":["Adrenaline","Setup","Blade Dance"],"picked":"Catalyst+1","floor":29.0},{"not_picked":["Grand Finale","Storm of Steel","Glass Knife"],"picked":"After Image","floor":33.0},{"not_picked":["Blur","Heel Hook","Backflip","Bane"],"picked":"SKIP","floor":35.0},{"not_picked":["Dagger Spray","Bouncing Flask","Heel Hook"],"picked":"Acrobatics","floor":36.0},{"not_picked":["Deflect+1","Catalyst","Skewer+1"],"picked":"Blade Dance","floor":38.0},{"not_picked":["Endless Agony","Riddle With Holes+1","Slice"],"picked":"Catalyst","floor":39.0},{"not_picked":["Poisoned Stab","Dagger Throw","Flying Knee","Expertise"],"picked":"SKIP","floor":40.0},{"not_picked":["Poisoned Stab","Tactician","Reflex"],"picked":"Catalyst","floor":45.0},{"not_picked":["Underhanded Strike+1","Slice","Outmaneuver"],"picked":"Deadly Poison","floor":47.0},{"not_picked":["Masterful Stab","Backflip","Deflect+1"],"picked":"PiercingWail+1","floor":48.0},{"not_picked":["Dagger Throw+1","Footwork+1","Eviscerate"],"picked":"Caltrops","floor":55}],"player_experience":935762,"relics_obtained":[{"floor":9.0,"key":"MawBank"},{"floor":13.0,"key":"Question Card"},{"floor":23.0,"key":"Gremlin Horn"},{"floor":25.0,"key":"Bottled Flame"},{"floor":29.0,"key":"Ginger"},{"floor":40.0,"key":"Pantograph"},{"floor":42.0,"key":"Toy Ornithopter"},{"floor":43.0,"key":"InkBottle"},{"floor":45.0,"key":"The Courier"},{"floor":47.0,"key":"Incense Burner"},{"floor":55,"key":"Thread and Needle"}],"event_choices":[{"damage_healed":0.0,"max_hp_gain":0.0,"max_hp_loss":6.0,"gold_gain":0.0,"event_name":"Golden Idol","player_choice":"Lose Max HP","floor":2.0,"gold_loss":0.0,"damage_taken":0.0,"relics_obtained":["Golden Idol"]},{"damage_healed":0.0,"max_hp_gain":0.0,"max_hp_loss":0.0,"gold_gain":0.0,"event_name":"FaceTrader","player_choice":"Trade","floor":5.0,"gold_loss":0.0,"damage_taken":0.0,"relics_obtained":["SsserpentHead"]},{"damage_healed":0.0,"max_hp_gain":0.0,"max_hp_loss":0.0,"gold_gain":0.0,"cards_transformed":["Strike_G"],"event_name":"Living Wall","player_choice":"Change","floor":11.0,"gold_loss":0.0,"damage_taken":0.0,"cards_obtained":["Caltrops"]},{"damage_healed":0.0,"max_hp_gain":0.0,"max_hp_loss":0.0,"gold_gain":0.0,"event_name":"Dead Adventurer","player_choice":"Searched \u00272\u0027 times","floor":14.0,"gold_loss":0.0,"damage_taken":0.0,"relics_obtained":["Anchor"]},{"damage_healed":0.0,"max_hp_gain":0.0,"max_hp_loss":0.0,"gold_gain":0.0,"event_name":"Forgotten Altar","player_choice":"Gave Idol","floor":20.0,"relics_lost":["Golden Idol"],"gold_loss":0.0,"damage_taken":0.0,"relics_obtained":["Bloody Idol"]},{"damage_healed":0.0,"max_hp_gain":0.0,"max_hp_loss":0.0,"gold_gain":0.0,"cards_transformed":["Strike_G","Strike_G"],"event_name":"Drug Dealer","player_choice":"Became Test Subject","floor":30.0,"gold_loss":0.0,"damage_taken":0.0,"cards_obtained":["Masterful Stab","Finisher"]},{"damage_healed":0.0,"max_hp_gain":0.0,"max_hp_loss":0.0,"gold_gain":0.0,"event_name":"Duplicator","player_choice":"Copied","floor":37.0,"gold_loss":0.0,"damage_taken":0.0,"cards_obtained":["After Image"]},{"cards_removed":["Choke"],"damage_healed":0.0,"max_hp_gain":0.0,"max_hp_loss":0.0,"gold_gain":0.0,"event_name":"Falling","player_choice":"Removed Attack","floor":41.0,"gold_loss":0.0,"damage_taken":0.0},{"damage_healed":0.0,"max_hp_gain":0.0,"max_hp_loss":0.0,"gold_gain":0.0,"event_name":"Tomb of Lord Red Mask","player_choice":"Ignored","floor":44.0,"gold_loss":0.0,"damage_taken":0.0},{"damage_healed":0.0,"max_hp_gain":0.0,"max_hp_loss":0.0,"gold_gain":0.0,"event_name":"Mysterious Sphere","player_choice":"Fight","floor":47.0,"gold_loss":0.0,"damage_taken":0.0}],"is_beta":false,"boss_relics":[{"not_picked":["Empty Cage","Ectoplasm"],"picked":"Cursed Key"},{"not_picked":["Runic Dome","Sozu"],"picked":"Pandora\u0027s Box"}],"items_purged_floors":[22,31,46],"is_endless":false,"potions_floor_spawned":[3,7,14,16,18,19,23,33,38,39,48,55],"ascension_level":20}}