{"host":"u1aszu5qu1q3zw6m","time":1613018279,"event":{"mods":["Act Like it!","BaseMod","BetterRewards","Colored Map","Colored Powertips","Downfall","Hermit","Infinite Spire","Jorbs\u0027s Wanderer Trilogy","Marisa????????","Minty Spire (QoL Compilation)","Quick Restart","Replay The Spire","StSLib","The Cursed","The Necromancer"],"gold_per_floor":[99,99,149,188,188,274,274,274,345,345,428,485,584,11,11,310,310,381,2,2,83,119,212,15,15,15,72,137,224,312,399,399,701,701,731,242,3,178,56,184,264,370,394,481,0,90,90,90,320,365],"floor_reached":51,"language":"ENG","playtime":7426,"items_purged":["Multi-Cast","Replay:Battleflow"],"score":1404,"play_id":"f66dcece-e5de-4221-bab2-cb26f4467e4d","local_time":"20210210233759","daily_mods":["Specialized","Allstar","Diverse","Colorless Cards","Heirloom","Time Dilation","Flight","downfall:Jewelcrafting","downfall:ChampStances","downfall:Improvised","DeadlyEvents","Midas"],"is_ascension_mode":true,"campfire_choices":[{"floor":10,"key":"REST"},{"floor":15,"key":"REST"},{"data":"1","floor":47,"key":"LIFT"}],"circlet_count":0,"master_deck":["Demon Form","Wraith Form v2+1","Echo Form+1","DevaForm","stsjorbsmod:ArcaneForm","Guardian:ConstructionForm+1","stsjorbsmod:WastingForm","Slimebound:DuplicatedForm","sneckomod:SerpentMind","hexamod:HexaLevel","champ:GladiatorForm","Guardian:ExploitGems+1","Guardian:ExploitGems","sneckomod:UnknownCommonAttack","sneckomod:UnknownCommonAttack","sneckomod:UnknownCommonAttack+1","sneckomod:UnknownCommonSkill","sneckomod:UnknownCommonSkill+1","sneckomod:UnknownCommonSkill+1","sneckomod:UnknownUncommonAttack+1","sneckomod:UnknownUncommonSkill","sneckomod:UnknownUncommonPower","sneckomod:Unknown","Multi-Cast","Multi-Cast+1","Multi-Cast","Multi-Cast","Replay:Parry","Panache","Trip+1","HandOfGreed","Dark Shackles","stsjorbsmod:OldPocket","Guardian:Reroute","ReplayTheSpireMod:Private Reserves","Enlightenment+1","expansioncontent:PolyBeam","hexamod:HeatShield","Recycle+1","hexamod:FifthSeal","sneckomod:UnknownUncommonPower","Perseverance+1","hexamod:ThirdSeal","Impervious","sneckomod:UnknownClassDEFAULT_GRAY_COLOR","hexamod:SixthSeal","Recycle+1","TheCursedMod:RapidMovement+1","stsjorbsmod:Withdraw","Recycle+1","hexamod:PhantomCloak","hexamod:FourthSeal","stsjorbsmod:FracturedMind","Recycle","hexamod:SixthSeal","Conserve Battery","Hologram+1","hermit:WideOpen+1","hexamod:FourthSeal","hermit:FromBeyond+1","stsjorbsmod:MirrorImage","Robbery","hermit:CalledShot+1","ReplayTheSpireMod:Echoes of Time","Guardian:ArmoredProtocol+1","hermit:Malice+1","hexamod:SixthSeal","TheCursedMod:CircleOfFlame+1","hexamod:SixthSeal","Slimebound:FormOfPuddle+1","hermit:Horror+1","hexamod:SixthSeal","Escape Plan+1","Thinking Ahead","Pot Of Greed","Pot Of Greed","Pot Of Greed","Pot Of Greed","Pot Of Greed","Pot Of Greed","Pot Of Greed","bronze:SpaghettiCode","sneckomod:SnakeSap","sneckomod:UnknownClassCULL_RED_COLOR+1","Finger_Of_Death"],"relics":["stsjorbsmod:GrimoireRelic","replay:Trail_Library","Guardian:PickAxe","champ:ChampStancesModRelic","bronze:AnalyticalCore","champ:DeflectingBracers","PrismaticShard","Snack Pack","stsjorbsmod:AlchemistsFireRelic","InkBottle","Strawberry","Pantograph","ReplayTheSpireMod:Ninjato","Black Star","ReplayTheSpireMod:TigerMarble","ClockworkSouvenir","Oddly Smooth Stone","Pear","The Courier","Kunai","DollysMirror","SlaversCollar","hexamod:BolsterEngine","bronze:DecasWashers","Replay:Ringing Soul","Happy Flower","infinitespire:ShieldingShard","Bronze Scales","Shuriken","Pet Ghost","SacredBark","Lizard Tail","Replay:Arrowhead","Nunchaku","champ:DuelingGlove","Slimebound:StickyStick","Girya","CaptainsWheel","Replay:Mystery Machine","Anchor","Regal Pillow","Pocketwatch","Replay:Kaleidoscope","Torii","infinitespire:Midas Blood","Grinning Jar","Ancient Tea Set","Philosopher\u0027s Stone","Gremlin Food"],"acts_visited":["Exordium","TheCity","TheBeyond"],"potions_floor_usage":[11,13,18,21,21,23,27,27,27,28,30,31,35,41,41,41,42,44,46,50,50],"damage_taken":[{"damage":5,"enemies":"2 Louse","floor":3,"turns":3},{"damage":11,"enemies":"Jaw Worm","floor":4,"turns":2},{"damage":43,"enemies":"Gremlin Nob","floor":6,"turns":4},{"damage":8,"enemies":"Lagavulin","floor":11,"turns":3},{"damage":5,"enemies":"Cultist","floor":12,"turns":2},{"damage":16,"enemies":"Gremlin Nob","floor":13,"turns":3},{"damage":43,"enemies":"Fading Forest","floor":16,"turns":8},{"damage":20,"enemies":"3 Byrds","floor":18,"turns":4},{"damage":0,"enemies":"Gremlin Leader","floor":21,"turns":4},{"damage":25,"enemies":"Spheric Guardian","floor":22,"turns":4},{"damage":6,"enemies":"Replay:Snechameleon","floor":23,"turns":2},{"damage":29,"enemies":"Centurion and Healer","floor":27,"turns":2},{"damage":18,"enemies":"Shelled Parasite and Fungi","floor":28,"turns":4},{"damage":2,"enemies":"Nightmare","floor":29,"turns":5},{"damage":30,"enemies":"Gremlin Leader","floor":30,"turns":8},{"damage":2,"enemies":"Slavers","floor":31,"turns":3},{"damage":14,"enemies":"Automaton","floor":33,"turns":6},{"damage":0,"enemies":"3 Darklings","floor":35,"turns":2},{"damage":39,"enemies":"2 Orb Walkers","floor":38,"turns":5},{"damage":2,"enemies":"R_Hoarder","floor":40,"turns":4},{"damage":0,"enemies":"Nemesis","floor":41,"turns":5},{"damage":0,"enemies":"Nightmare","floor":42,"turns":2},{"damage":0,"enemies":"Nemesis","floor":44,"turns":3},{"damage":0,"enemies":"R_Hoarder","floor":46,"turns":3},{"damage":112,"enemies":"Awakened One","floor":50,"turns":12}],"seed_played":"-8492614225466460022","potions_obtained":[{"floor":6,"key":"bronze:BurnAndBuffPotion"},{"floor":12,"key":"Energy Potion"},{"floor":16,"key":"sneckomod:MuddlingPotion"},{"floor":18,"key":"Adrenaline Potion"},{"floor":21,"key":"infinitespire:BlackPotion"},{"floor":29,"key":"EssenceOfSteel"},{"floor":30,"key":"SneckoOil"},{"floor":33,"key":"DistilledChaos"},{"floor":40,"key":"Swift Potion"},{"floor":40,"key":"Swift Potion"},{"floor":40,"key":"Dexterity Potion"},{"floor":41,"key":"SneckoOil"},{"floor":41,"key":"stsjorbsmod:DimensionDoorPotion"},{"floor":41,"key":"SkillPotion"},{"floor":42,"key":"Adrenaline Potion"},{"floor":44,"key":"stsjorbsmod:LiquidVirtue"},{"floor":44,"key":"SkillPotion"},{"floor":46,"key":"Block Potion"},{"floor":49,"key":"stsjorbsmod:LiquidClarity"}],"is_trial":true,"path_per_floor":["?","?","M","M","?","E","R","R","T","R","E","M","E","$","R","B",null,"M","$","?","E","M","E","$","AVR","T","M","M","NM","E","E","R_BF","B",null,"M","?","$","?","$","E","E","NM","T","E","$","E","R","AVR","R_BF","B",null],"character_chosen":"WANDERER","items_purchased":["Pantograph","ReplayTheSpireMod:Ninjato","ReplayTheSpireMod:TigerMarble","ClockworkSouvenir","DistilledChaos","DollysMirror","EntropicBrew","Lizard Tail","Nunchaku","Torii","Thinking Ahead"],"campfire_rested":2,"item_purchase_floors":[14,14,19,19,19,24,24,37,39,45,45],"current_hp_per_floor":[68,68,68,57,57,43,43,43,43,63,59,59,50,50,73,79,79,59,59,89,99,91,90,90,90,90,78,62,67,57,65,65,85,111,114,117,117,98,98,108,111,118,118,125,128,135,135,135,105,44],"gold":365,"neow_bonus":"","is_daily":false,"chose_seed":false,"campfire_upgraded":0,"win_rate":0.0,"timestamp":1613018279,"path_taken":["?","?","M","?","?","E","R","R","T","R","E","?","E","$","R","BOSS","M","$","?","?","?","E","?","AVR","T","?","M","NM","E","E","R_BF","BOSS","M","?","$","?","?","E","E","NM","T","?","$","E","R","AVR","R_BF","BOSS"],"items_purchased_type":["Relic","Relic","Relic","Relic","Potion","Relic","Potion","Relic","Relic","Relic","Card"],"build_version":"2020-12-22","purchased_purges":2,"victory":true,"max_hp_per_floor":[68,68,68,68,68,68,68,68,68,68,72,72,79,79,79,79,79,79,79,89,99,99,99,99,99,99,99,99,102,105,108,108,111,111,114,117,117,120,120,123,126,129,129,132,135,135,135,135,138,141],"card_choices":[{"not_picked":["MeteoricShower","Hologram"],"picked":"stsjorbsmod:OldPocket","floor":3},{"not_picked":["ShootingEcho","Chill_Blood"],"picked":"Guardian:Reroute","floor":4},{"not_picked":["champ:Shatter","Slimebound:ServeAndProtect"],"picked":"ReplayTheSpireMod:Private Reserves","floor":6},{"not_picked":["WitchLeyline","Necromantic_Selection"],"picked":"expansioncontent:PolyBeam","floor":11},{"not_picked":["Death_Coil","Slimebound:LivingWall"],"picked":"hexamod:HeatShield","floor":12},{"not_picked":["sneckomod:UnknownClassMARISA_COLOR","bronze:Shield"],"picked":"Recycle","floor":13},{"not_picked":["stsjorbsmod:Fear","hermit:Dissolve"],"picked":"hexamod:FifthSeal","floor":16},{"not_picked":["hexamod:ThirdSeal","hexamod:SecondSeal"],"picked":"hexamod:SixthSeal","floor":18},{"not_picked":["champ:GladiatorStyle","stsjorbsmod:Haunt"],"picked":"sneckomod:UnknownUncommonPower","floor":18},{"not_picked":["hexamod:FirstSeal","hexamod:SecondSeal"],"picked":"hexamod:ThirdSeal","floor":21},{"not_picked":["hermit:Vantage","Clothesline"],"picked":"Impervious","floor":21},{"not_picked":["stsjorbsmod:Melt+1","sneckomod:UnknownClassTHE_CURSED_PURPLE"],"picked":"sneckomod:UnknownClassDEFAULT_GRAY_COLOR","floor":22},{"not_picked":["hexamod:SecondSeal","hexamod:FirstSeal"],"picked":"hexamod:SixthSeal","floor":22},{"not_picked":["stsjorbsmod:ChatteringStrike","sneckomod:UnknownDexterity"],"picked":"Recycle+1","floor":22},{"not_picked":["hexamod:FastForward+1","bronze:BugBarrage+1"],"picked":"TheCursedMod:RapidMovement+1","floor":23},{"not_picked":["stsjorbsmod:AnimateObjects","hermit:HoleUp"],"picked":"stsjorbsmod:Withdraw","floor":23},{"not_picked":["Slimebound:SplitLeeching","Guardian:VentSteam"],"picked":"hexamod:PhantomCloak","floor":27},{"not_picked":["hexamod:ThirdSeal","hexamod:SecondSeal"],"picked":"hexamod:FourthSeal","floor":28},{"not_picked":["sneckomod:UnknownDraw","Slimebound:ItLooksTasty"],"picked":"stsjorbsmod:FracturedMind","floor":28},{"not_picked":["champ:BladeFlurry","sneckomod:Unknown3Cost"],"picked":"Recycle","floor":29},{"not_picked":["hexamod:FirstSeal","hexamod:ThirdSeal"],"picked":"hexamod:SixthSeal","floor":30},{"not_picked":["TheCursedMod:FleshFromBone+1","Run Through"],"picked":"Conserve Battery","floor":30},{"not_picked":["TheCursedMod:CircleOfBlood","hexamod:RainOfEmbers"],"picked":"Hologram","floor":30},{"not_picked":["stsjorbsmod:RayOfFrost","WaveOfTheHand"],"picked":"hermit:WideOpen+1","floor":31},{"not_picked":["hexamod:SecondSeal","hexamod:ThirdSeal"],"picked":"hexamod:FourthSeal","floor":33},{"not_picked":["ReplayUltimateDefense","hermit:RoundhouseKick"],"picked":"hermit:FromBeyond","floor":33},{"not_picked":["MillisecondPulsars","Multi-Cast"],"picked":"stsjorbsmod:MirrorImage","floor":33},{"not_picked":["Rip and Tear","Noxious Fumes+1"],"picked":"Robbery","floor":35},{"not_picked":["Bandage Up","stsjorbsmod:BlackTentacles+1"],"picked":"hermit:CalledShot+1","floor":35},{"not_picked":["infinitespire:Starlight","infinitespire:Fortify"],"picked":"ReplayTheSpireMod:Echoes of Time","floor":36},{"not_picked":["Death_March_Dance","TheCursedMod:TacticalStrike"],"picked":"Guardian:ArmoredProtocol+1","floor":38},{"not_picked":["bronze:Branch+1","hermit:Feint+1"],"picked":"hermit:Malice+1","floor":38},{"not_picked":["sneckomod:UnknownStrength+1","stsjorbsmod:Rediscovery"],"picked":"PowerUp","floor":40},{"not_picked":["hexamod:SecondSeal","hexamod:ThirdSeal"],"picked":"hexamod:SixthSeal","floor":40},{"not_picked":["sneckomod:DefensiveFlair+1","Time Bomb"],"picked":"TheCursedMod:CircleOfFlame+1","floor":40},{"not_picked":["hexamod:FourthSeal","hexamod:ThirdSeal"],"picked":"hexamod:SixthSeal","floor":41},{"not_picked":["Defragment+1","hexamod:FirstSeal"],"picked":"Slimebound:FormOfPuddle+1","floor":41},{"not_picked":["Bandage Up+1","stsjorbsmod:Pathos"],"picked":"hermit:Horror+1","floor":42},{"not_picked":["hexamod:FourthSeal","hexamod:FirstSeal"],"picked":"hexamod:SixthSeal","floor":44},{"not_picked":["sneckomod:UnknownClassSLIMEBOUND","Shrug It Off"],"picked":"Escape Plan+1","floor":44},{"not_picked":["Guardian:ChargeUp","stsjorbsmod:Prestidigitation"],"picked":"bronze:SpaghettiCode","floor":46},{"not_picked":["Guardian:Gem_Lightblue","stsjorbsmod:FocusedRage"],"picked":"sneckomod:SnakeSap","floor":49},{"not_picked":["sneckomod:IronFang+1","Run Through"],"picked":"sneckomod:UnknownClassCULL_RED_COLOR+1","floor":49}],"player_experience":169897,"relics_obtained":[{"floor":6,"key":"Snack Pack"},{"floor":9,"key":"stsjorbsmod:AlchemistsFireRelic"},{"floor":11,"key":"InkBottle"},{"floor":13,"key":"Strawberry"},{"floor":21,"key":"Oddly Smooth Stone"},{"floor":21,"key":"Pear"},{"floor":23,"key":"The Courier"},{"floor":23,"key":"Kunai"},{"floor":26,"key":"bronze:DecasWashers"},{"floor":29,"key":"Replay:Ringing Soul"},{"floor":29,"key":"Happy Flower"},{"floor":30,"key":"infinitespire:ShieldingShard"},{"floor":30,"key":"Bronze Scales"},{"floor":31,"key":"Shuriken"},{"floor":31,"key":"Pet Ghost"},{"floor":38,"key":"Replay:Arrowhead"},{"floor":40,"key":"champ:DuelingGlove"},{"floor":40,"key":"Slimebound:StickyStick"},{"floor":41,"key":"Girya"},{"floor":41,"key":"CaptainsWheel"},{"floor":42,"key":"Replay:Mystery Machine"},{"floor":42,"key":"Anchor"},{"floor":43,"key":"Regal Pillow"},{"floor":44,"key":"Pocketwatch"},{"floor":44,"key":"Replay:Kaleidoscope"},{"floor":46,"key":"infinitespire:Midas Blood"},{"floor":46,"key":"Grinning Jar"},{"floor":49,"key":"Gremlin Food"}],"event_choices":[{"cards_removed":["Delirium"],"damage_healed":0,"gold_gain":0,"player_choice":"Removed Curses","damage_taken":0,"max_hp_gain":0,"max_hp_loss":0,"event_name":"Fountain of Cleansing","floor":2,"gold_loss":0},{"cards_removed":["bronze:Verify"],"damage_healed":20,"gold_gain":0,"player_choice":"Offered Rare","damage_taken":0,"max_hp_gain":10,"max_hp_loss":0,"event_name":"Bonfire Elementals","floor":20,"gold_loss":0},{"damage_healed":0,"gold_gain":0,"player_choice":"Ignored","damage_taken":0,"max_hp_gain":0,"max_hp_loss":0,"event_name":"Ghosts","floor":32,"gold_loss":0},{"damage_healed":0,"gold_gain":0,"player_choice":"Fight","damage_taken":0,"max_hp_gain":0,"max_hp_loss":0,"event_name":"Mysterious Sphere","floor":38,"gold_loss":0}],"is_beta":false,"boss_relics":[{"not_picked":["sneckomod:SneckoTalon","Busted Crown"],"picked":"Black Star"},{"not_picked":["Replay:Grab Bag","Cursed Key"],"picked":"SacredBark"}],"items_purged_floors":[14,45],"is_endless":false,"potions_floor_spawned":[6,12,16,18,21,29,33,41,42,44,46],"ascension_level":1}}