{"host":"mm0v83pkg2fvsdgl","time":1613069533,"event":{"mods":["2.2 Compatiblity","Alarm Clock","AlwaysNeverKeys","BaseMod","Beaked The Cultist","Bestiary","Better Altar","Better Match","Better Note","Better Sensory Stone","Better Silent Start","Better Third Choice","Clawfect","Displayed Cursed Tome","Energized Spire","Friendly Minions","Highlight Path","Ironclad Rager","Keyboard Shortcuts","Lotus Mark","Marisa????????","Marked Mod","Mimic Mod","Minty Spire (QoL Compilation)","Permanent Neow","Railgun Mod","Remove Card Discount Mod","Shade Mod","Somnambulant","Spicy Shops","StSLib","Swap Starting Deck Mod","The Construct","The Disciple","The Dragon Tamer","TheHeartMod","TheVacant","Transform Curses","Unceasing Turn Reminder","Wandering Minibosses"],"gold_per_floor":[116,132,132,152,152,152,29,42,42,42,85,85,144,163,163,163,163],"floor_reached":16,"language":"ENG","playtime":1558,"items_purged":["Burn","construct:Strike_Gold","construct:Strike_Gold","construct:Strike_Gold","construct:Strike_Gold","construct:Strike_Gold"],"score":116,"play_id":"46d4e8e0-48b1-4bea-901b-49fe017aab39","local_time":"20210211135213","is_ascension_mode":true,"campfire_choices":[{"data":"construct:ScrapCannon","floor":6,"key":"SMITH"},{"data":"construct:Stasis","floor":12,"key":"SMITH"},{"data":"construct:ReactiveShield","floor":15,"key":"SMITH"}],"circlet_count":0,"master_deck":["construct:Defend_Gold","construct:Defend_Gold","construct:Defend_Gold","construct:Defend_Gold","construct:Defend_Gold","construct:AttackMode","construct:DefenseMode","construct:HeavyBolt","construct:ScrapCannon+1","construct:Backup","construct:OneWayMirror","construct:ReactiveShield+1","construct:Boost","DevaForm+1","construct:Stasis+1","construct:Analyze","construct:Failsafe"],"relics":["Runic Pyramid","Golden Idol","Potion Belt","InkBottle","Toy Ornithopter"],"acts_visited":["Exordium"],"potions_floor_usage":[13],"damage_taken":[{"damage":11,"enemies":"Jaw Worm","floor":1,"turns":2},{"damage":2,"enemies":"Small Slimes","floor":2,"turns":4},{"damage":2,"enemies":"2 Louse","floor":4,"turns":2},{"damage":7,"enemies":"Exordium Wildlife","floor":8,"turns":6},{"damage":12,"enemies":"3 Sentries","floor":11,"turns":9},{"damage":24,"enemies":"Gremlin Nob","floor":13,"turns":4},{"damage":3,"enemies":"Looter","floor":14,"turns":3},{"damage":28,"enemies":"The Guardian","floor":16,"turns":2}],"seed_played":"2471813067272487679","potions_obtained":[{"floor":4,"key":"SmokeBomb"},{"floor":11,"key":"ColorlessPotion"}],"is_trial":false,"path_per_floor":["M","M","?","M","?","R","$","M","T","?","E","R","E","M","R","B"],"character_chosen":"THE_CONSTRUCT_MOD","items_purchased":["construct:OneWayMirror","construct:ReactiveShield"],"campfire_rested":0,"item_purchase_floors":[7,7],"current_hp_per_floor":[74,72,51,49,49,49,49,42,42,42,30,30,6,3,3,0,0],"gold":163,"neow_bonus":"BOSS_RELIC","is_daily":false,"chose_seed":false,"campfire_upgraded":3,"win_rate":0.0,"timestamp":1613069533,"path_taken":["M","M","?","M","?","R","$","M","T","?","E","R","E","?","R","BOSS"],"items_purchased_type":["Card","Card"],"build_version":"2020-12-22","purchased_purges":6,"victory":false,"max_hp_per_floor":[85,85,85,85,85,85,85,85,85,85,85,85,85,85,85,85,85],"card_choices":[{"not_picked":["construct:UnbalancingBlast","construct:CriticalHit"],"picked":"construct:HeavyBolt","floor":1},{"not_picked":["construct:Versatility","construct:QuickAttack"],"picked":"construct:ScrapCannon","floor":2},{"not_picked":["construct:HastyRepair","construct:VentSteam"],"picked":"construct:Backup","floor":4},{"not_picked":["construct:Electrocute","construct:Zapper"],"picked":"construct:Boost","floor":8},{"not_picked":["construct:QuickAttack","construct:HardReboot"],"picked":"construct:Stasis","floor":11},{"not_picked":["construct:Backfire","construct:FocusedBeam"],"picked":"construct:Analyze","floor":13},{"not_picked":["construct:SweepLaser","construct:Electrocute"],"picked":"construct:Failsafe","floor":14}],"player_experience":659610,"relics_obtained":[{"floor":9,"key":"Potion Belt"},{"floor":11,"key":"InkBottle"},{"floor":13,"key":"Toy Ornithopter"}],"event_choices":[{"damage_healed":0,"gold_gain":0,"player_choice":"Take Damage","damage_taken":21,"relics_obtained":["Golden Idol"],"max_hp_gain":0,"max_hp_loss":0,"event_name":"Golden Idol","floor":3,"gold_loss":0},{"damage_healed":49,"gold_gain":0,"player_choice":"Embrace Burn","damage_taken":0,"max_hp_gain":0,"max_hp_loss":85,"event_name":"betterThird:BetterShining","floor":5,"gold_loss":0},{"damage_healed":0,"gold_gain":1,"player_choice":"4","damage_taken":0,"max_hp_gain":0,"max_hp_loss":0,"event_name":"betterStone:BetterStone","floor":10,"gold_loss":0,"cards_obtained":["DevaForm"]}],"is_beta":false,"boss_relics":[],"items_purged_floors":[7,7,7,7,7,7],"is_endless":false,"potions_floor_spawned":[4,11],"killed_by":"The Guardian","ascension_level":1}}