{"host":"udzsrhbqdxqtlypj","time":1613001680,"event":{"mods":["BaseMod","Minty Spire (QoL Compilation)","Relic Stats"],"gold_per_floor":[119,130,141,316,54,54,79,79,127,127,127,146,172,186,186,186,186],"floor_reached":16,"language":"ENG","playtime":3893,"items_purged":[],"score":165,"play_id":"3d1d0d51-02d3-46f1-94b2-eb29a5e38b7b","local_time":"20210210180120","is_ascension_mode":true,"campfire_choices":[{"data":"Noxious Fumes","floor":6,"key":"SMITH"},{"data":"Neutralize","floor":8,"key":"SMITH"},{"data":"Deadly Poison","floor":11,"key":"SMITH"},{"floor":15,"key":"REST"}],"circlet_count":0,"master_deck":["AscendersBane","Strike_G","Strike_G","Strike_G","Strike_G","Strike_G","Defend_G","Defend_G","Defend_G","Defend_G","Defend_G","Survivor","Neutralize+1","Noxious Fumes+1","Deadly Poison+1","Deadly Poison","Doubt","Backstab","PiercingWail","Leg Sweep"],"relics":["Ring of the Snake","Kunai","Oddly Smooth Stone","Orichalcum","MealTicket","Mummified Hand"],"acts_visited":["Exordium"],"potions_floor_usage":[3,12,13,16],"damage_taken":[{"damage":5,"enemies":"Cultist","floor":1,"turns":6},{"damage":0,"enemies":"2 Louse","floor":2,"turns":2},{"damage":0,"enemies":"Jaw Worm","floor":3,"turns":4},{"damage":28,"enemies":"Lagavulin","floor":7,"turns":6},{"damage":0,"enemies":"Lots of Slimes","floor":12,"turns":4},{"damage":13,"enemies":"3 Sentries","floor":13,"turns":8},{"damage":0,"enemies":"Blue Slaver","floor":14,"turns":4},{"damage":43,"enemies":"Slime Boss","floor":16,"turns":5}],"seed_played":"-9080763860660264210","potions_obtained":[{"floor":0,"key":"LiquidBronze"},{"floor":0,"key":"EssenceOfSteel"},{"floor":0,"key":"AttackPotion"},{"floor":3,"key":"LiquidBronze"},{"floor":7,"key":"Swift Potion"},{"floor":14,"key":"Explosive Potion"}],"is_trial":false,"path_per_floor":["M","M","M","?","$","R","E","R","T","T","R","M","E","M","R","B"],"character_chosen":"THE_SILENT","items_purchased":["Kunai"],"campfire_rested":1,"item_purchase_floors":[5],"current_hp_per_floor":[58,58,58,58,58,58,30,30,30,30,30,30,17,17,38,0,0],"gold":186,"neow_bonus":"THREE_SMALL_POTIONS","is_daily":false,"chose_seed":false,"campfire_upgraded":3,"win_rate":0.0,"timestamp":1613001680,"path_taken":["M","M","?","?","$","R","E","R","T","?","R","M","E","?","R","BOSS"],"items_purchased_type":["Relic"],"build_version":"2020-12-22","purchased_purges":0,"victory":false,"max_hp_per_floor":[70,70,70,70,70,70,70,70,70,70,70,70,70,70,70,70,70],"relic_stats":{"counters":[8,39],"Mummified Hand":[2],"MealTicket":0,"Kunai":[4],"Orichalcum":[66],"obtain_stats":[{"Mummified Hand":13,"Oddly Smooth Stone":7,"MealTicket":10,"Kunai":5,"Orichalcum":9,"Ring of the Snake":0},{"Mummified Hand":6,"Oddly Smooth Stone":4,"MealTicket":4,"Kunai":3,"Orichalcum":4,"Ring of the Snake":0},{"Mummified Hand":30,"Oddly Smooth Stone":18,"MealTicket":18,"Kunai":12,"Orichalcum":18,"Ring of the Snake":0}],"Ring of the Snake":[16]},"card_choices":[{"not_picked":["Dagger Throw","Backflip"],"picked":"Noxious Fumes","floor":1},{"not_picked":["Outmaneuver","Calculated Gamble"],"picked":"Deadly Poison","floor":2},{"not_picked":["Footwork","Deflect"],"picked":"Deadly Poison","floor":3},{"not_picked":["Outmaneuver","Dagger Spray"],"picked":"Backstab","floor":7},{"not_picked":["Dash","Setup"],"picked":"PiercingWail","floor":12},{"not_picked":["PiercingWail","Crippling Poison"],"picked":"Leg Sweep","floor":13},{"not_picked":["Choke","Finisher","Tactician"],"picked":"SKIP","floor":14}],"player_experience":2862012,"relics_obtained":[{"floor":7,"key":"Oddly Smooth Stone"},{"floor":9,"key":"Orichalcum"},{"floor":10,"key":"MealTicket"},{"floor":13,"key":"Mummified Hand"}],"event_choices":[{"damage_healed":0,"gold_gain":175,"player_choice":"AGREE","damage_taken":0,"max_hp_gain":0,"max_hp_loss":0,"event_name":"Liars Game","floor":4,"gold_loss":0,"cards_obtained":["Doubt"]}],"is_beta":false,"boss_relics":[],"items_purged_floors":[],"is_endless":false,"potions_floor_spawned":[3,7,14],"killed_by":"Slime Boss","ascension_level":10}}