{"host":"takgv9cv6xf64vhq","time":1613065194,"event":{"mods":["BaseMod","Colored Powertips","Conspire","Decade(王小明)","Downfall","Energized Spire","Hermit","Hubris","LagranYue(拉格朗・月)","Marisa（F雨　魔理沙）","Minty Spire (QoL Compilation)","Replay The Spire","StSLib","The Cursed","The Hierophant","The Jungle","The Servant 0.9.4","TheHeartMod"],"gold_per_floor":[161,161,181,181,198,198,48,48,48,77,149,165,180,199,219,219,219,345,345,326,350,352,352],"floor_reached":22,"language":"ZHS","playtime":1007,"items_purged":[],"score":254,"play_id":"8e4d978f-2e8a-4f53-8ce6-cb39d83a1e5e","local_time":"20210212013954","is_ascension_mode":true,"campfire_choices":[{"data":"ReplayTheSpireMod:Dual Polarity","floor":6.0,"key":"SMITH"},{"data":"Consume","floor":17.0,"key":"SMITH"}],"circlet_count":0,"master_deck":["Strike_B","Strike_B","Strike_B","Strike_B","Defend_B","Defend_B","Defend_B","Defend_B+1","Zap","Dualcast","Capacitor","Consume+1","Recycle","ReplayTheSpireMod:Dual Polarity+1","Crystallizer","Panic Button","Cold Snap","ReplayTheSpireMod:Omega Cannon","ReplayTheSpireMod:System Scan","Buffer","CurseOfTheBell","Cold Snap","hubris:PowerSurge","BootSequence+1"],"relics":["Tiny House","hubris:ToyBattleship","Blood Vial","Nunchaku","Iron Hammer","Golden Idol","Replay:Grab Bag","Philosopher\u0027s Stone","SlaversCollar","Calling Bell","Symbiotic Virus","Prayer Wheel","Replay:Bandana"],"acts_visited":["Exordium","TheCity"],"potions_floor_usage":[],"damage_taken":[{"damage":0.0,"enemies":"Small Slimes","floor":1.0,"turns":3.0},{"damage":13.0,"enemies":"Jaw Worm","floor":3.0,"turns":6.0},{"damage":3.0,"enemies":"conspire:RoseBush","floor":5.0,"turns":6.0},{"damage":15.0,"enemies":"3 Sentries","floor":10.0,"turns":7.0},{"damage":14.0,"enemies":"Looter","floor":12.0,"turns":4.0},{"damage":16.0,"enemies":"Blue Slaver","floor":13.0,"turns":4.0},{"damage":2.0,"enemies":"Exordium Thugs","floor":14.0,"turns":2.0},{"damage":3.0,"enemies":"Looter","floor":15.0,"turns":3.0},{"damage":2.0,"enemies":"Hexaghost","floor":18.0,"turns":11.0},{"damage":30,"enemies":"2 Thieves","floor":20,"turns":5},{"damage":19,"enemies":"Shell Parasite","floor":21,"turns":7},{"damage":0,"enemies":"Masked Bandits","floor":22,"turns":2}],"seed_played":"3909567459238637333","potions_obtained":[{"floor":0.0,"key":"SneckoExtractPotion"},{"floor":1.0,"key":"SpeedPotion"},{"floor":3.0,"key":"champ:CounterPotion"},{"floor":12.0,"key":"Adrenaline Potion"},{"floor":21,"key":"Languid Potion"}],"is_trial":false,"path_per_floor":["M","?","M","?","M","R","$","PTL","PTL","E","T","M","M","M","M","?","R","B",null,"M","M","?"],"character_chosen":"DEFECT","items_purchased":["Blood Vial"],"campfire_rested":0,"item_purchase_floors":[7],"current_hp_per_floor":[73,73,60,60,57,57,57,57,57,44,44,32,18,23,22,22,22,22,61,33,16,18,18],"gold":352,"neow_bonus":"BOSS_RELIC","is_daily":false,"chose_seed":false,"campfire_upgraded":2,"win_rate":0.0,"timestamp":1613065194,"path_taken":["M","?","M","?","M","R","$","PTL","PTL","E","T","M","M","?","M","?","R","BOSS","M","M","?"],"items_purchased_type":["Relic"],"build_version":"2020-12-22","purchased_purges":0,"victory":false,"max_hp_per_floor":[80,80,80,80,80,80,80,80,80,80,80,80,80,80,80,74,74,74,74,74,74,74,74],"card_choices":[{"not_picked":["Turbo","Cold Snap"],"picked":"Capacitor","floor":0.0},{"not_picked":["Ball Lightning","ReplaySort"],"picked":"Consume","floor":1.0},{"not_picked":["Steam Power","Hologram"],"picked":"Recycle","floor":3.0},{"not_picked":["Gash","Conserve Battery"],"picked":"ReplayTheSpireMod:Dual Polarity","floor":5.0},{"not_picked":["Barrage","Fusion"],"picked":"Crystallizer","floor":10.0},{"not_picked":["Ball Lightning","Reprogram"],"picked":"Panic Button","floor":12.0},{"not_picked":["Hyperbeam","Stack"],"picked":"Cold Snap","floor":13.0},{"not_picked":["Conserve Battery","Redo"],"picked":"ReplayTheSpireMod:Omega Cannon","floor":14.0},{"not_picked":["Beam Cell","Streamline"],"picked":"ReplayTheSpireMod:System Scan","floor":15.0},{"not_picked":["ReplayTheSpireMod:Fabricate Wheel","Multi-Cast"],"picked":"Buffer","floor":18.0},{"not_picked":["hubris:Ukulele","conspire:Rain"],"picked":"Cold Snap","floor":20},{"not_picked":["Skim","Stack"],"picked":"hubris:PowerSurge","floor":20},{"not_picked":["Go for the Eyes+1","ReplayTheSpireMod:Repulse"],"picked":"BootSequence+1","floor":21},{"not_picked":["Compile Driver","Leap","hubris:SpecializedCircuitry"],"picked":"SKIP","floor":21}],"player_experience":496860,"relics_obtained":[{"floor":10.0,"key":"Nunchaku"},{"floor":11.0,"key":"Iron Hammer"},{"floor":19.0,"key":"Symbiotic Virus"},{"floor":19.0,"key":"Prayer Wheel"},{"floor":19.0,"key":"Replay:Bandana"}],"event_choices":[{"damage_healed":0.0,"max_hp_gain":0.0,"max_hp_loss":0.0,"gold_gain":0.0,"event_name":"conspire:Investor","player_choice":"Leave","floor":2.0,"gold_loss":0.0,"damage_taken":0.0},{"damage_healed":0.0,"max_hp_gain":0.0,"max_hp_loss":0.0,"gold_gain":0.0,"event_name":"WeMeetAgain","player_choice":"Gave Potion","floor":4.0,"gold_loss":0.0,"damage_taken":0.0,"relics_obtained":["hubris:ToyBattleship"]},{"damage_healed":0.0,"max_hp_gain":0.0,"max_hp_loss":6.0,"gold_gain":0.0,"event_name":"Golden Idol","player_choice":"Lose Max HP","floor":16.0,"gold_loss":0.0,"damage_taken":0.0,"relics_obtained":["Golden Idol"]},{"damage_healed":0,"gold_gain":0,"player_choice":"Fought Bandits","damage_taken":0,"max_hp_gain":0,"max_hp_loss":0,"event_name":"Masked Bandits","floor":22,"gold_loss":0}],"is_beta":false,"boss_relics":[{"not_picked":["energizedSpire:MagnifyingGlass","energizedSpire:CursedPentagram"],"picked":"Replay:Grab Bag"},{"not_picked":["energizedSpire:SpiderWeb","hubris:CrackedHourglass"],"picked":"Philosopher\u0027s Stone"},{"not_picked":["energizedSpire:RedRose","Busted Crown"],"picked":"SlaversCollar"},{"not_picked":["expansioncontent:StudyCardRelic","Inserter"],"picked":"Calling Bell"}],"items_purged_floors":[],"is_endless":false,"potions_floor_spawned":[1,3,12,21],"killed_by":"Masked Bandits","ascension_level":7}}