{"host":"kg61lsvem4dxoat8","time":1613056970,"event":{"mods":["AchievementEnabler","BaseMod","Better Altar","Better Match","Better Sensory Stone","Better Skull","Block Reminder","Highlight Path","Minty Spire (QoL Compilation)","Quick Restart","Rare Cards Sparkle","Relic Sorter","Relic Stats","StSLib","Synergy Search","slay the spire mod where everything is the same but ironclad has a cowboy hat"],"gold_per_floor":[112,112,112,126,144,172,172,191,191,191,266,285,315,96,96,96,96],"floor_reached":16,"language":"ENG","playtime":362,"items_purged":["Strike_R"],"score":150,"play_id":"093ff0ec-f77b-456d-98c0-ff081116c2b1","local_time":"20210211232250","is_ascension_mode":true,"campfire_choices":[{"data":"Spot Weakness","floor":7,"key":"SMITH"},{"data":"Whirlwind","floor":10,"key":"SMITH"},{"data":"Shrug It Off","floor":15,"key":"SMITH"}],"circlet_count":0,"master_deck":["AscendersBane","Strike_R+1","Strike_R","Strike_R","Strike_R","Defend_R","Defend_R","Defend_R","Defend_R","Bash+1","Spot Weakness+1","Shrug It Off+1","Whirlwind+1","True Grit"],"relics":["Burning Blood","NeowsBlessing","Strawberry","Bottled Lightning","Meat on the Bone","Lantern"],"acts_visited":["Exordium"],"potions_floor_usage":[16],"damage_taken":[{"damage":0,"enemies":"Jaw Worm","floor":1,"turns":1},{"damage":0,"enemies":"Cultist","floor":4,"turns":1},{"damage":0,"enemies":"2 Louse","floor":5,"turns":1},{"damage":37,"enemies":"Gremlin Nob","floor":6,"turns":4},{"damage":15,"enemies":"2 Fungi Beasts","floor":8,"turns":3},{"damage":11,"enemies":"Blue Slaver","floor":12,"turns":3},{"damage":34,"enemies":"Hexaghost","floor":16,"turns":12}],"seed_played":"7844706211335426654","potions_obtained":[{"floor":1,"key":"Strength Potion"},{"floor":6,"key":"Ancient Potion"}],"is_trial":false,"path_per_floor":["M","?","?","M","M","E","R","M","T","R","?","M","?","$","R","B"],"character_chosen":"IRONCLAD","items_purchased":["Lantern"],"campfire_rested":0,"item_purchase_floors":[14],"current_hp_per_floor":[78,78,78,80,80,56,56,47,47,47,36,31,31,31,31,0,0],"gold":96,"neow_bonus":"THREE_ENEMY_KILL","is_daily":false,"chose_seed":false,"campfire_upgraded":3,"win_rate":0.0,"timestamp":1613056970,"path_taken":["M","?","?","M","?","E","R","M","T","R","?","M","?","$","R","BOSS"],"items_purchased_type":["Relic"],"build_version":"2020-12-22","purchased_purges":1,"victory":false,"max_hp_per_floor":[80,80,80,80,80,87,87,87,87,87,87,87,87,87,87,87,87],"relic_stats":{"counters":[7,25],"obtain_stats":[{"Lantern":14,"NeowsBlessing":0,"Strawberry":6,"Bottled Lightning":9,"Burning Blood":0,"Meat on the Bone":13},{"Lantern":6,"NeowsBlessing":0,"Strawberry":4,"Bottled Lightning":5,"Burning Blood":0,"Meat on the Bone":6},{"Lantern":13,"NeowsBlessing":0,"Strawberry":7,"Bottled Lightning":10,"Burning Blood":0,"Meat on the Bone":13}],"Burning Blood":26,"Meat on the Bone":0},"card_choices":[{"not_picked":["Sentinel","Havoc","Perfected Strike"],"picked":"SKIP","floor":1},{"not_picked":["Anger","Pommel Strike"],"picked":"Spot Weakness","floor":4},{"not_picked":["Shockwave","Armaments","Heavy Blade"],"picked":"SKIP","floor":5},{"not_picked":["Iron Wave","Entrench"],"picked":"Shrug It Off","floor":6},{"not_picked":["Rupture","Sentinel"],"picked":"Whirlwind","floor":8},{"not_picked":["Twin Strike","Shrug It Off"],"picked":"True Grit","floor":12}],"player_experience":1463680,"relics_obtained":[{"floor":6,"key":"Strawberry"},{"floor":9,"key":"Bottled Lightning"}],"event_choices":[{"damage_healed":0,"gold_gain":0,"player_choice":"Grow","damage_taken":0,"max_hp_gain":0,"max_hp_loss":0,"event_name":"Living Wall","floor":2,"gold_loss":0,"cards_upgraded":["Bash"]},{"damage_healed":0,"gold_gain":0,"player_choice":"Forge","damage_taken":0,"max_hp_gain":0,"max_hp_loss":0,"event_name":"Accursed Blacksmith","floor":3,"gold_loss":0,"cards_upgraded":["Strike_R"]},{"damage_healed":0,"gold_gain":75,"player_choice":"Gather Gold","damage_taken":11,"max_hp_gain":0,"max_hp_loss":0,"event_name":"World of Goop","floor":11,"gold_loss":0},{"damage_healed":0,"gold_gain":30,"player_choice":"Searched \u00272\u0027 times","damage_taken":0,"relics_obtained":["Meat on the Bone"],"max_hp_gain":0,"max_hp_loss":0,"event_name":"Dead Adventurer","floor":13,"gold_loss":0}],"is_beta":false,"boss_relics":[],"items_purged_floors":[14],"is_endless":false,"potions_floor_spawned":[1,6],"killed_by":"Hexaghost","ascension_level":10}}