{"host":"52m1o8iwwagurbjs","time":1613005016,"event":{"mods":["AchievementEnabler","BaseMod","Bestiary","Challenge The Spire","Colored Powertips","GifTheSpireLib","Minty Spire (QoL Compilation)","Quick Restart","Relic Stats","StSLib"],"gold_per_floor":[117,134,144,144,164,189,189,221,221,221,221,238,254,288,288,389,389,401,401,428,343,32,32,32],"floor_reached":23,"language":"ENG","playtime":732,"items_purged":["Decay"],"score":244,"play_id":"78506bed-f0da-4d75-b8f8-724012f6f5b6","local_time":"20210210195656","is_ascension_mode":true,"campfire_choices":[{"data":"Demon Form","floor":7.0,"key":"SMITH"},{"floor":15.0,"key":"REST"}],"circlet_count":0,"master_deck":["Strike_R+1","Strike_R","Defend_R+1","Defend_R","Defend_R","Defend_R","Bash","Flame Barrier","Twin Strike","Cleave","Feed","Demon Form+1","Heavy Blade","Intimidate","Shockwave","Barricade","Body Slam+1","Rage+1","Ghostly Armor+1","True Grit","Flame Barrier","Dark Embrace"],"relics":["Burning Blood","NeowsBlessing","Bottled Lightning","Tiny Chest","Potion Belt","Astrolabe","Bag of Marbles","DollysMirror"],"acts_visited":["Exordium","TheCity"],"potions_floor_usage":[],"damage_taken":[{"damage":0.0,"enemies":"Cultist","floor":1.0,"turns":1.0},{"damage":0.0,"enemies":"Small Slimes","floor":2.0,"turns":1.0},{"damage":0.0,"enemies":"Jaw Worm","floor":3.0,"turns":1.0},{"damage":13.0,"enemies":"Exordium Thugs","floor":5.0,"turns":5.0},{"damage":6.0,"enemies":"Gremlin Nob","floor":6.0,"turns":4.0},{"damage":31.0,"enemies":"Lagavulin","floor":8.0,"turns":6.0},{"damage":0.0,"enemies":"2 Fungi Beasts","floor":12.0,"turns":4.0},{"damage":12.0,"enemies":"Looter","floor":13.0,"turns":3.0},{"damage":22.0,"enemies":"Gremlin Nob","floor":14.0,"turns":4.0},{"damage":35.0,"enemies":"Hexaghost","floor":16.0,"turns":9.0},{"damage":0.0,"enemies":"3 Byrds","floor":18.0,"turns":6.0},{"damage":110,"enemies":"Gremlin Leader","floor":23,"turns":11}],"seed_played":"7853992510069175372","potions_obtained":[{"floor":2.0,"key":"GamblersBrew"},{"floor":3.0,"key":"PowerPotion"},{"floor":12.0,"key":"DuplicationPotion"},{"floor":14.0,"key":"AttackPotion"},{"floor":16.0,"key":"SkillPotion"}],"is_trial":false,"path_per_floor":["M","M","M","?","M","E","R","E","T","?","?","M","M","E","R","B",null,"M","?","T","?","$","E"],"character_chosen":"IRONCLAD","items_purchased":["DollysMirror","Dark Embrace"],"campfire_rested":1,"item_purchase_floors":[22,22],"current_hp_per_floor":[80,80,80,64,57,57,57,35,35,32,32,41,38,25,52,23,92,95,95,95,95,95,0,0],"gold":32,"neow_bonus":"THREE_ENEMY_KILL","is_daily":false,"chose_seed":false,"campfire_upgraded":1,"win_rate":0.0,"timestamp":1613005016,"path_taken":["M","M","M","?","M","E","R","E","T","?","?","M","M","E","R","BOSS","M","?","?","?","$","E"],"items_purchased_type":["Relic","Card"],"build_version":"2020-12-22","purchased_purges":1,"victory":false,"max_hp_per_floor":[80,80,80,80,80,80,80,83,83,83,83,86,89,92,92,92,92,95,95,95,95,95,95,95],"relic_stats":{"counters":[12,55],"Astrolabe":["Body Slam","Rage","Ghostly Armor"],"Tiny Chest":1,"obtain_stats":[{"Potion Belt":9,"NeowsBlessing":0,"DollysMirror":22,"Astrolabe":17,"Tiny Chest":8,"Bag of Marbles":21,"Bottled Lightning":6,"Burning Blood":0},{"Potion Belt":6,"NeowsBlessing":0,"DollysMirror":11,"Astrolabe":10,"Tiny Chest":6,"Bag of Marbles":11,"Bottled Lightning":5,"Burning Blood":0},{"Potion Belt":18,"NeowsBlessing":0,"DollysMirror":44,"Astrolabe":38,"Tiny Chest":18,"Bag of Marbles":44,"Bottled Lightning":12,"Burning Blood":0}],"Burning Blood":42},"card_choices":[{"not_picked":["Cleave","Thunderclap"],"picked":"Flame Barrier","floor":1.0},{"not_picked":["Headbutt","Ghostly Armor"],"picked":"Twin Strike","floor":2.0},{"not_picked":["Iron Wave","Sword Boomerang"],"picked":"Cleave","floor":3.0},{"not_picked":["Sentinel","Intimidate"],"picked":"Feed","floor":5.0},{"not_picked":["Anger","Bloodletting"],"picked":"Demon Form","floor":6.0},{"not_picked":["Rupture","Evolve"],"picked":"Heavy Blade","floor":8.0},{"not_picked":["Wild Strike","Pommel Strike","Twin Strike"],"picked":"SKIP","floor":12.0},{"not_picked":["Havoc","Evolve"],"picked":"Intimidate","floor":13.0},{"not_picked":["Twin Strike","Clash"],"picked":"Shockwave","floor":14.0},{"not_picked":["Offering","Immolate"],"picked":"Barricade","floor":16.0},{"not_picked":["Perfected Strike","Twin Strike","Cleave"],"picked":"SKIP","floor":18.0}],"player_experience":1339645,"relics_obtained":[{"floor":6.0,"key":"Bottled Lightning"},{"floor":8.0,"key":"Tiny Chest"},{"floor":9.0,"key":"Potion Belt"}],"event_choices":[{"damage_healed":0.0,"max_hp_gain":0.0,"max_hp_loss":0.0,"gold_gain":0.0,"event_name":"Shining Light","player_choice":"Entered Light","floor":4.0,"gold_loss":0.0,"damage_taken":16.0,"cards_upgraded":["Strike_R","Defend_R"]},{"damage_healed":0.0,"max_hp_gain":0.0,"max_hp_loss":0.0,"gold_gain":0.0,"event_name":"Scrap Ooze","player_choice":"Fled","floor":10.0,"gold_loss":0.0,"damage_taken":3.0},{"damage_healed":0.0,"max_hp_gain":0.0,"max_hp_loss":0.0,"gold_gain":0.0,"event_name":"Wheel of Change","player_choice":"Cursed","floor":11.0,"gold_loss":0.0,"damage_taken":0.0,"cards_obtained":["Decay"]},{"damage_healed":0.0,"max_hp_gain":0.0,"max_hp_loss":0.0,"gold_gain":0.0,"event_name":"The Library","player_choice":"Read","floor":19.0,"gold_loss":0.0,"damage_taken":0.0,"cards_obtained":["True Grit"]},{"damage_healed":0.0,"max_hp_gain":0.0,"max_hp_loss":0.0,"gold_gain":0.0,"event_name":"Addict","player_choice":"Obtained Relic","floor":21.0,"gold_loss":85.0,"damage_taken":0.0,"relics_obtained":["Bag of Marbles"]}],"is_beta":false,"boss_relics":[{"not_picked":["Snecko Eye","Black Blood"],"picked":"Astrolabe"}],"items_purged_floors":[22],"is_endless":false,"potions_floor_spawned":[2,3,12,14,16],"killed_by":"Gremlin Leader","ascension_level":1}}