{"host":"dxartouuumwbjwkm","time":1613047365,"event":{"mods":["BaseMod","Challenge The Spire","Minty Spire (QoL Compilation)","StSLib","The Animator"],"gold_per_floor":[110,110,185,460,476,476,517,532,532,682,682,695,86,96,96,168,168,168,168,68,68,85,85,85],"floor_reached":23,"language":"ENG","playtime":983,"items_purged":["Regret","animator:Defend"],"score":428,"play_id":"c5111a2f-fdcf-41dc-bdee-d4073d330f31","local_time":"20210211074245","is_ascension_mode":true,"campfire_choices":[{"floor":6,"key":"RECALL"},{"data":"animator:DolaSchwi","floor":11,"key":"SMITH"},{"data":"animator:MetalKnight","floor":15,"key":"SMITH"}],"circlet_count":0,"master_deck":["AscendersBane","animator:Strike_NoGameNoLife","animator:Defend_NoGameNoLife","animator:Strike","animator:Strike","animator:Strike","animator:Defend","animator:Defend","animator:DolaSchwi+1","animator:DolaCouronne","animator:DolaSchwi","animator:FielNirvalen","animator:Jibril","animator:MetalKnight+1","animator:HigakiRinne","animator:Guren","animator:Albedo","animator:DolaSchwi"],"relics":["animator:LivingPicture","animator:TheMissingPiece","animator:PurgingStone","NeowsBlessing","Blood Vial","Toy Ornithopter","Meat on the Bone","White Beast Statue","SlaversCollar"],"acts_visited":["Exordium","TheCity"],"potions_floor_usage":[8,13,16,18,18,23],"damage_taken":[{"damage":0,"enemies":"2 Louse","floor":1,"turns":1},{"damage":0,"enemies":"Small Slimes","floor":5,"turns":1},{"damage":0,"enemies":"Gremlin Nob","floor":7,"turns":1},{"damage":5,"enemies":"Cultist","floor":8,"turns":4},{"damage":11,"enemies":"Blue Slaver","floor":12,"turns":4},{"damage":14,"enemies":"Red Slaver","floor":14,"turns":3},{"damage":8,"enemies":"Slime Boss","floor":16,"turns":6},{"damage":0,"enemies":"Spheric Guardian","floor":18,"turns":3},{"damage":19,"enemies":"3 Byrds","floor":22,"turns":6},{"damage":52,"enemies":"Slavers","floor":23,"turns":4}],"seed_played":"6421328656095671991","potions_obtained":[{"floor":1,"key":"Dexterity Potion"},{"floor":5,"key":"Explosive Potion"},{"floor":14,"key":"SmokeBomb"},{"floor":16,"key":"BlessingOfTheForge"},{"floor":22,"key":"ColorlessPotion"}],"is_trial":false,"path_per_floor":["M","?","?","?","M","R","E","M","T","?","R","M","$","M","R","B",null,"M","?","$","?","M","E"],"character_chosen":"THE_ANIMATOR","items_purchased":["White Beast Statue","Fruit Juice","animator:HigakiRinne"],"campfire_rested":0,"item_purchase_floors":[13,13,13],"current_hp_per_floor":[54,54,43,43,45,45,47,50,50,50,50,41,51,39,39,38,59,66,66,66,57,40,0,0],"gold":85,"neow_bonus":"THREE_ENEMY_KILL","is_daily":false,"chose_seed":false,"campfire_upgraded":2,"win_rate":0.0,"timestamp":1613047365,"path_taken":["M","?","?","?","?","R","E","M","T","?","R","M","$","M","R","BOSS","M","?","$","?","M","E"],"items_purchased_type":["Relic","Potion","Card"],"build_version":"2020-12-22","purchased_purges":2,"victory":false,"max_hp_per_floor":[60,60,60,60,60,60,60,61,61,61,61,61,66,66,66,66,66,66,66,66,66,66,66,66],"card_choices":[{"not_picked":["animator:AcuraAkari","animator:Raven","animator:Millim"],"picked":"SKIP","floor":1},{"not_picked":["animator:Ciel","animator:PandorasActor"],"picked":"animator:DolaSchwi","floor":5},{"not_picked":["animator:Sonic","animator:DolaCouronne"],"picked":"animator:FielNirvalen","floor":7},{"not_picked":["animator:DolaRiku","animator:DolaCouronne"],"picked":"animator:Jibril","floor":8},{"not_picked":["animator:DolaSchwi","animator:Aisha"],"picked":"animator:MetalKnight","floor":12},{"not_picked":["animator:Millim","animator:Layla"],"picked":"animator:Guren","floor":14},{"not_picked":["animator:Saitama","animator:Elesis"],"picked":"animator:Albedo","floor":16},{"not_picked":["animator:DolaCouronne","animator:FielNirvalen"],"picked":"animator:DolaSchwi","floor":22}],"player_experience":675151,"relics_obtained":[{"floor":7,"key":"Toy Ornithopter"},{"floor":9,"key":"Meat on the Bone"}],"event_choices":[{"damage_healed":0,"gold_gain":0,"player_choice":"Box","damage_taken":0,"relics_obtained":["Blood Vial"],"max_hp_gain":0,"max_hp_loss":0,"event_name":"Big Fish","floor":2,"gold_loss":0,"cards_obtained":["Regret"]},{"damage_healed":0,"gold_gain":75,"player_choice":"Gather Gold","damage_taken":11,"max_hp_gain":0,"max_hp_loss":0,"event_name":"World of Goop","floor":3,"gold_loss":0},{"damage_healed":0,"gold_gain":275,"player_choice":"Desecrate","damage_taken":0,"max_hp_gain":0,"max_hp_loss":0,"event_name":"Golden Shrine","floor":4,"gold_loss":0,"cards_obtained":["Regret"]},{"damage_healed":0,"gold_gain":150,"player_choice":"AGREE","damage_taken":0,"max_hp_gain":0,"max_hp_loss":0,"event_name":"Liars Game","floor":10,"gold_loss":0,"cards_obtained":["Doubt"]},{"cards_removed":["Doubt"],"damage_healed":0,"gold_gain":0,"player_choice":"Removed","damage_taken":0,"max_hp_gain":0,"max_hp_loss":0,"event_name":"The Cursed Forest","floor":19,"gold_loss":0},{"cards_removed":["Regret"],"damage_healed":0,"gold_gain":0,"player_choice":"Removed","damage_taken":0,"max_hp_gain":0,"max_hp_loss":0,"event_name":"The Cursed Forest","floor":19,"gold_loss":0},{"damage_healed":0,"gold_gain":0,"player_choice":"Damaged","damage_taken":9,"max_hp_gain":0,"max_hp_loss":0,"event_name":"Wheel of Change","floor":21,"gold_loss":0}],"is_beta":false,"boss_relics":[{"not_picked":["Runic Dome","animator:VividPicture"],"picked":"SlaversCollar"}],"items_purged_floors":[13,20],"is_endless":false,"potions_floor_spawned":[1,5,14,16,18,22],"killed_by":"Slavers","ascension_level":20}}