{"host":"rsbhidffjle4v6w5","time":1613071335,"event":{"mods":["Act Like it!","Ascension Reborn","BaseMod","Better Note","Better Third Choice","BetterRewards","Block Reminder","Colored Map","Minty Spire (QoL Compilation)","Quick Restart","Replay The Spire","StSLib"],"gold_per_floor":[118,118,118,128,147,147,177,189,189,189,289,289,315,343,343,419,419,432,432,432,450,470,470,318,335,335,352,352,379,392,422,422,494,494,513,513,526,537,537,570,570,602,602,620,315,315,334,345,345,345,345],"floor_reached":50,"language":"ENG","playtime":1874,"items_purged":[],"score":1117,"play_id":"8465b5ea-f2e4-4a88-90a8-11cdcc04c241","local_time":"20210211222215","is_ascension_mode":true,"campfire_choices":[{"floor":6.0,"key":"RECALL"},{"data":"Pummel","floor":15.0,"key":"SMITH"},{"data":"Fiend Fire","floor":23.0,"key":"SMITH"},{"data":"Pommel Strike","floor":32.0,"key":"SMITH"},{"data":"Double Tap","floor":49,"key":"SMITH"}],"circlet_count":0,"master_deck":["Strike_R+1","Strike_R+1","Strike_R+1","Strike_R+1","Defend_R+1","Defend_R+1","Defend_R+1","Defend_R+1","Bash+1","AscMod:ascendersbane","Pummel+1","Metallicize+1","Pummel+1","Headbutt","Fiend Fire+1","AbeCurse","Pommel Strike+1","Pommel Strike","Feel No Pain","ReplayTheSpireMod:Limb From Limb+1","Double Tap+1","Pommel Strike","Barricade","Bandage Up","Pommel Strike"],"relics":["Burning Blood","CaptainsWheel","Juzu Bracelet","Replay:Wax Seal","WingedGreaves","Simple Rune","Replay:Towering Pillar of Hats","Charon\u0027s Ashes","Toy Ornithopter","King of Hearts","Abe\u0027s Treasure","Oddly Smooth Stone","Ornamental Fan","Darkstone Periapt","Centennial Puzzle","Incense Burner","Busted Crown","Shuriken","MealTicket","Mummified Hand","Torii","Red Skull"],"acts_visited":["Exordium","TheCity","TheBeyond"],"potions_floor_usage":[],"damage_taken":[{"damage":0.0,"enemies":"Small Slimes","floor":1.0,"turns":2.0},{"damage":0.0,"enemies":"Cultist","floor":4.0,"turns":2.0},{"damage":0.0,"enemies":"2 Louse","floor":5.0,"turns":2.0},{"damage":6.0,"enemies":"Lagavulin","floor":7.0,"turns":7.0},{"damage":0.0,"enemies":"Gremlin Gang","floor":8.0,"turns":3.0},{"damage":0.0,"enemies":"3 Sentries","floor":13.0,"turns":5.0},{"damage":0.0,"enemies":"Lagavulin","floor":14.0,"turns":4.0},{"damage":10.0,"enemies":"Fading Forest","floor":16.0,"turns":11.0},{"damage":0.0,"enemies":"Shell Parasite","floor":18.0,"turns":2.0},{"damage":0.0,"enemies":"Spheric Guardian","floor":21.0,"turns":1.0},{"damage":0.0,"enemies":"Centurion and Healer","floor":22.0,"turns":3.0},{"damage":0.0,"enemies":"Snake Plant","floor":25.0,"turns":1.0},{"damage":0.0,"enemies":"3 Cultists","floor":27.0,"turns":2.0},{"damage":0.0,"enemies":"Gremlin Leader","floor":29.0,"turns":3.0},{"damage":2.0,"enemies":"Cultist and Chosen","floor":30.0,"turns":3.0},{"damage":2.0,"enemies":"Book of Stabbing","floor":31.0,"turns":2.0},{"damage":25.0,"enemies":"Collector","floor":33.0,"turns":4.0},{"damage":0.0,"enemies":"Orb Walker","floor":35.0,"turns":1.0},{"damage":0.0,"enemies":"3 Shapes","floor":37.0,"turns":4.0},{"damage":8.0,"enemies":"Spire Growth","floor":38.0,"turns":3.0},{"damage":2.0,"enemies":"R_Hoarder","floor":40.0,"turns":3.0},{"damage":26,"enemies":"Giant Head","floor":42,"turns":5},{"damage":1,"enemies":"3 Darklings","floor":44,"turns":3},{"damage":1,"enemies":"Maw","floor":47,"turns":4},{"damage":0,"enemies":"Transient","floor":48,"turns":6},{"damage":48,"enemies":"Awakened One","floor":50,"turns":2}],"seed_played":"8306128137867812861","potions_obtained":[{"floor":1.0,"key":"ElixirPotion"},{"floor":7.0,"key":"GamblersBrew"},{"floor":14.0,"key":"Swift Potion"},{"floor":16.0,"key":"Weak Potion"},{"floor":22.0,"key":"Block Potion"},{"floor":31.0,"key":"Adrenaline Potion"},{"floor":33.0,"key":"BlessingOfTheForge"},{"floor":37.0,"key":"Flashbang"},{"floor":40.0,"key":"Ancient Potion"}],"is_trial":false,"path_per_floor":["M","?","?","M","M","R","E","M","T","?","?","?","E","E","R","B",null,"M","?","?","M","M","R","$","M","T","M","?","E","M","E","R","B",null,"M","?","M","M","$","E","$","E","T","M","$","?","M","M","R","B"],"character_chosen":"IRONCLAD","items_purchased":["Juzu Bracelet","Replay:Wax Seal","Oddly Smooth Stone","Red Skull","Barricade"],"campfire_rested":0,"item_purchase_floors":[0,0,24,45,45],"current_hp_per_floor":[41,41,17,22,27,27,26,31,31,31,31,31,36,41,41,36,40,40,40,40,40,40,40,40,40,40,40,40,40,40,40,40,24,40,40,38,38,35,35,38,38,17,17,21,33,23,30,38,38,0,0],"gold":345,"neow_bonus":"","is_daily":false,"chose_seed":false,"campfire_upgraded":4,"win_rate":0.0,"timestamp":1613071335,"path_taken":["M","?","?","M","M","R","E","M","T","?","?","?","E","E","R","BOSS","M","?","?","M","M","R","$","M","T","M","?","E","M","E","R","BOSS","M","?","M","M","$","E","$","E","T","M","$","?","M","M","R","BOSS"],"items_purchased_type":["Relic","Relic","Relic","Relic","Card"],"build_version":"2020-12-22","purchased_purges":0,"victory":false,"max_hp_per_floor":[80,80,80,80,80,80,80,80,80,80,80,80,80,80,80,80,40,40,40,40,40,40,40,40,40,40,40,40,40,40,40,40,40,40,40,38,38,38,38,38,38,38,38,38,38,38,38,38,38,38,38],"card_choices":[{"not_picked":["Carnage","True Grit"],"picked":"Pummel","floor":1.0},{"not_picked":["Rampage","Blood for Blood","Thunderclap"],"picked":"SKIP","floor":4.0},{"not_picked":["Rampage","Evolve","Replay:Undeath\u0027s Touch"],"picked":"SKIP","floor":5.0},{"not_picked":["Twin Strike","Flex","Demonic Infusion"],"picked":"SKIP","floor":7.0},{"not_picked":["Massacre","Clothesline"],"picked":"Metallicize","floor":8.0},{"not_picked":["Perfected Strike","Heavy Blade"],"picked":"Pummel","floor":13.0},{"not_picked":["Evolve","Thunderclap"],"picked":"Headbutt","floor":14.0},{"not_picked":["Hemogenesis","Impervious"],"picked":"Fiend Fire","floor":16.0},{"not_picked":["Rage","Body Slam"],"picked":"Pommel Strike","floor":18.0},{"not_picked":["Wild Strike","Havoc","Twin Strike"],"picked":"SKIP","floor":21.0},{"not_picked":["ReplayTheSpireMod:Corrosion Curse","Dark Embrace","Body Slam+1"],"picked":"SKIP","floor":22.0},{"not_picked":["Shrug It Off","Uppercut"],"picked":"Pommel Strike","floor":25.0},{"not_picked":["Wild Strike","Anger","True Grit"],"picked":"SKIP","floor":27.0},{"not_picked":["Sentinel","Intimidate"],"picked":"Feel No Pain","floor":29.0},{"not_picked":["Heavy Blade","Havoc","Body Slam+1"],"picked":"SKIP","floor":30.0},{"not_picked":["Impervious","Heavy Blade"],"picked":"ReplayTheSpireMod:Limb From Limb+1","floor":31.0},{"not_picked":["Immolate","Exhume"],"picked":"Double Tap","floor":33.0},{"not_picked":["Flex"],"picked":"SKIP","floor":35.0},{"not_picked":[],"picked":"Pommel Strike","floor":37.0},{"not_picked":["Reckless Charge"],"picked":"SKIP","floor":38.0},{"not_picked":["Thunderclap"],"picked":"SKIP","floor":40.0},{"not_picked":["True Grit"],"picked":"SKIP","floor":42},{"not_picked":["Havoc"],"picked":"SKIP","floor":44},{"not_picked":[],"picked":"Bandage Up","floor":46},{"not_picked":["ReplayTheSpireMod:Strike From Hell"],"picked":"SKIP","floor":47},{"not_picked":[],"picked":"Pommel Strike","floor":48}],"player_experience":1128315,"relics_obtained":[{"floor":7.0,"key":"Replay:Towering Pillar of Hats"},{"floor":9.0,"key":"Charon\u0027s Ashes"},{"floor":13.0,"key":"Toy Ornithopter"},{"floor":14.0,"key":"King of Hearts"},{"floor":26.0,"key":"Ornamental Fan"},{"floor":26.0,"key":"Darkstone Periapt"},{"floor":29.0,"key":"Centennial Puzzle"},{"floor":31.0,"key":"Incense Burner"},{"floor":40.0,"key":"Shuriken"},{"floor":42,"key":"MealTicket"},{"floor":43,"key":"Mummified Hand"},{"floor":43,"key":"Torii"}],"event_choices":[{"damage_healed":0.0,"max_hp_gain":0.0,"max_hp_loss":0.0,"gold_gain":0.0,"event_name":"WeMeetAgain","player_choice":"Gave Potion","floor":2.0,"gold_loss":0.0,"damage_taken":0.0,"relics_obtained":["Simple Rune"]},{"damage_healed":41.0,"max_hp_gain":0.0,"max_hp_loss":80.0,"gold_gain":0.0,"event_name":"betterThird:BetterShining","player_choice":"Upgrade","floor":3.0,"gold_loss":0.0,"damage_taken":24.0,"cards_upgraded":["Pummel","Strike_R"]},{"damage_healed":0.0,"max_hp_gain":0.0,"max_hp_loss":0.0,"gold_gain":0.0,"event_name":"Living Wall","player_choice":"Grow","floor":10.0,"gold_loss":0.0,"damage_taken":0.0,"cards_upgraded":["Metallicize"]},{"damage_healed":0.0,"max_hp_gain":0.0,"max_hp_loss":0.0,"gold_gain":100.0,"event_name":"Wheel of Change","player_choice":"Gold","floor":11.0,"gold_loss":0.0,"damage_taken":0.0},{"damage_healed":0.0,"max_hp_gain":0.0,"max_hp_loss":0.0,"gold_gain":0.0,"event_name":"Accursed Blacksmith","player_choice":"Forge","floor":12.0,"gold_loss":0.0,"damage_taken":0.0,"cards_upgraded":["Strike_R"]},{"damage_healed":0.0,"max_hp_gain":0.0,"max_hp_loss":0.0,"gold_gain":0.0,"event_name":"Purifier","player_choice":"Ignored","floor":28.0,"gold_loss":0.0,"damage_taken":0.0},{"damage_healed":0.0,"max_hp_gain":0.0,"max_hp_loss":2.0,"gold_gain":0.0,"event_name":"Winding Halls","player_choice":"Max HP","floor":36.0,"gold_loss":0.0,"damage_taken":0.0},{"damage_healed":0,"gold_gain":0,"player_choice":"Memory 3","damage_taken":10,"max_hp_gain":0,"max_hp_loss":0,"event_name":"SensoryStone","floor":46,"gold_loss":0}],"is_beta":false,"boss_relics":[{"not_picked":["GraspOfShadows"],"picked":"BlightedDurian"},{"not_picked":["GraspOfShadows"],"picked":"BlightedDurian"},{"not_picked":["Runic Dome","Replay:Ancient Bell"],"picked":"Abe\u0027s Treasure"},{"not_picked":["MetallicRebirth"],"picked":"VoidEssence"},{"not_picked":["MetallicRebirth"],"picked":"VoidEssence"},{"not_picked":["Runic Pyramid","Electric Blood"],"picked":"Busted Crown"}],"items_purged_floors":[],"is_endless":false,"potions_floor_spawned":[1,7,14,16,22,29,31,33,37,40,48],"killed_by":"Awakened One","ascension_level":13}}