{"host":"kg61lsvem4dxoat8","time":1613028705,"event":{"mods":["AchievementEnabler","BaseMod","Better Altar","Better Match","Better Sensory Stone","Better Skull","Block Reminder","Highlight Path","Minty Spire (QoL Compilation)","Quick Restart","Rare Cards Sparkle","Relic Sorter","Relic Stats","StSLib","Synergy Search","slay the spire mod where everything is the same but ironclad has a cowboy hat"],"gold_per_floor":[116,116,191,466,485,511,511,524,524,541,571,585,342,352,352,453,453,469,481,5,5,104,134,134,134,134,160,171,171,171],"floor_reached":29,"language":"ENG","playtime":598,"items_purged":["Regret","Strike_R"],"score":417,"play_id":"99d660f1-d6ae-47a2-aac8-25bb57567abb","local_time":"20210211153145","is_ascension_mode":true,"campfire_choices":[{"data":"Twin Strike","floor":7,"key":"SMITH"},{"floor":15,"key":"REST"},{"floor":24,"key":"REST"}],"circlet_count":0,"master_deck":["AscendersBane","Strike_R","Strike_R","Strike_R","Strike_R+1","Defend_R+1","Defend_R","Defend_R","Defend_R","Bash","Twin Strike+1","Metallicize+1","Shrug It Off","Metallicize+1","Flash of Steel","Combust+1","Feel No Pain+1","Uppercut+1","Decay","Regret","Flame Barrier+1"],"relics":["Burning Blood","NeowsBlessing","Frozen Egg 2","Mummified Hand","Eternal Feather","Cursed Key","Ice Cream","Nilry\u0027s Codex","Charon\u0027s Ashes","Paper Frog","Toy Ornithopter"],"acts_visited":["Exordium","TheCity"],"potions_floor_usage":[16,16,19],"damage_taken":[{"damage":0,"enemies":"2 Louse","floor":1,"turns":1},{"damage":0,"enemies":"Jaw Worm","floor":5,"turns":1},{"damage":0,"enemies":"Lagavulin","floor":6,"turns":1},{"damage":8,"enemies":"Small Slimes","floor":8,"turns":3},{"damage":13,"enemies":"Exordium Thugs","floor":10,"turns":5},{"damage":46,"enemies":"Gremlin Nob","floor":11,"turns":5},{"damage":4,"enemies":"Blue Slaver","floor":12,"turns":4},{"damage":18,"enemies":"3 Louse","floor":14,"turns":3},{"damage":42,"enemies":"Slime Boss","floor":16,"turns":9},{"damage":11,"enemies":"Spheric Guardian","floor":18,"turns":4},{"damage":20,"enemies":"2 Thieves","floor":19,"turns":4},{"damage":30,"enemies":"Book of Stabbing","floor":23,"turns":6},{"damage":35,"enemies":"Chosen and Byrds","floor":28,"turns":6},{"damage":26,"enemies":"Shelled Parasite and Fungi","floor":29,"turns":2}],"seed_played":"-2584086879210306313","potions_obtained":[{"floor":1,"key":"Explosive Potion"},{"floor":10,"key":"FairyPotion"},{"floor":11,"key":"SpeedPotion"},{"floor":14,"key":"LiquidMemories"},{"floor":19,"key":"Fruit Juice"},{"floor":23,"key":"EntropicBrew"},{"floor":28,"key":"Fire Potion"}],"is_trial":false,"path_per_floor":["M","?","?","?","M","E","R","M","T","M","E","M","$","M","R","B",null,"M","M","$","?","?","E","R","?","T","T","M","M"],"character_chosen":"IRONCLAD","items_purchased":["Flash of Steel","Combust+1","Ice Cream","Feel No Pain+1"],"campfire_rested":2,"item_purchase_floors":[13,13,20,20],"current_hp_per_floor":[78,62,51,51,57,63,63,61,61,54,14,16,16,29,62,26,67,62,53,53,37,37,13,47,47,47,47,18,0,0],"gold":171,"neow_bonus":"THREE_ENEMY_KILL","is_daily":false,"chose_seed":false,"campfire_upgraded":1,"win_rate":0.0,"timestamp":1613028705,"path_taken":["M","?","?","?","M","E","R","M","T","M","E","M","$","?","R","BOSS","M","M","$","?","?","E","R","?","T","?","?","?"],"items_purchased_type":["Card","Card","Relic","Card"],"build_version":"2020-12-22","purchased_purges":2,"victory":false,"max_hp_per_floor":[80,80,80,80,80,80,80,80,80,80,80,80,80,80,80,80,80,80,85,85,85,85,85,85,85,85,85,85,85,85],"relic_stats":{"counters":[14,54],"Mummified Hand":[24],"Eternal Feather":18,"Charon\u0027s Ashes":[27],"Cursed Key":2,"obtain_stats":[{"Ice Cream":20,"NeowsBlessing":0,"Mummified Hand":9,"Nilry\u0027s Codex":21,"Eternal Feather":11,"Charon\u0027s Ashes":23,"Frozen Egg 2":6,"Cursed Key":17,"Burning Blood":0,"Toy Ornithopter":27,"Paper Frog":26},{"Ice Cream":11,"NeowsBlessing":0,"Mummified Hand":4,"Nilry\u0027s Codex":11,"Eternal Feather":6,"Charon\u0027s Ashes":12,"Frozen Egg 2":3,"Cursed Key":9,"Burning Blood":0,"Toy Ornithopter":12,"Paper Frog":12},{"Ice Cream":40,"NeowsBlessing":0,"Mummified Hand":6,"Nilry\u0027s Codex":40,"Eternal Feather":16,"Charon\u0027s Ashes":46,"Frozen Egg 2":3,"Cursed Key":32,"Burning Blood":0,"Toy Ornithopter":46,"Paper Frog":46}],"Burning Blood":78,"Toy Ornithopter":0},"card_choices":[{"not_picked":["Intimidate","Sword Boomerang","Iron Wave"],"picked":"SKIP","floor":1},{"not_picked":["Pommel Strike","Sword Boomerang"],"picked":"Twin Strike","floor":5},{"not_picked":["Clothesline","Headbutt","Entrench"],"picked":"SKIP","floor":6},{"not_picked":["Offering","Sword Boomerang"],"picked":"Metallicize+1","floor":8},{"not_picked":["Iron Wave","Clothesline","Bloodletting"],"picked":"SKIP","floor":10},{"not_picked":["Hemokinesis","Armaments"],"picked":"Shrug It Off","floor":11},{"not_picked":["Pommel Strike","Flex"],"picked":"Metallicize+1","floor":12},{"not_picked":["Searing Blow","Power Through","Sever Soul"],"picked":"SKIP","floor":14},{"not_picked":["Shockwave+1","Cleave","Sever Soul"],"picked":"SKIP","floor":18},{"not_picked":["Whirlwind","Hemokinesis","Perfected Strike"],"picked":"SKIP","floor":19},{"not_picked":["Dual Wield","Blood for Blood"],"picked":"Uppercut+1","floor":23},{"not_picked":["Anger","Shrug It Off"],"picked":"Flame Barrier+1","floor":28}],"player_experience":1463680,"relics_obtained":[{"floor":6,"key":"Frozen Egg 2"},{"floor":9,"key":"Mummified Hand"},{"floor":11,"key":"Eternal Feather"},{"floor":21,"key":"Nilry\u0027s Codex"},{"floor":23,"key":"Charon\u0027s Ashes"},{"floor":26,"key":"Paper Frog"},{"floor":27,"key":"Toy Ornithopter"}],"event_choices":[{"damage_healed":0,"gold_gain":0,"player_choice":"Entered Light","damage_taken":16,"max_hp_gain":0,"max_hp_loss":0,"event_name":"Shining Light","floor":2,"gold_loss":0,"cards_upgraded":["Defend_R","Strike_R"]},{"damage_healed":0,"gold_gain":75,"player_choice":"Gather Gold","damage_taken":11,"max_hp_gain":0,"max_hp_loss":0,"event_name":"World of Goop","floor":3,"gold_loss":0},{"damage_healed":0,"gold_gain":275,"player_choice":"Desecrate","damage_taken":0,"max_hp_gain":0,"max_hp_loss":0,"event_name":"Golden Shrine","floor":4,"gold_loss":0,"cards_obtained":["Regret"]},{"damage_healed":0,"gold_gain":0,"player_choice":"Obtained Book","damage_taken":16,"max_hp_gain":0,"max_hp_loss":0,"event_name":"Cursed Tome","floor":21,"gold_loss":0},{"damage_healed":0,"gold_gain":99,"player_choice":"Stole From Cult","damage_taken":0,"max_hp_gain":0,"max_hp_loss":0,"event_name":"Nest","floor":22,"gold_loss":0},{"damage_healed":0,"gold_gain":0,"player_choice":"Ignored","damage_taken":0,"max_hp_gain":0,"max_hp_loss":0,"event_name":"Ghosts","floor":25,"gold_loss":0}],"is_beta":false,"boss_relics":[{"not_picked":["Snecko Eye","Tiny House"],"picked":"Cursed Key"}],"items_purged_floors":[13,20],"is_endless":false,"potions_floor_spawned":[1,10,11,14,19,23,28],"killed_by":"Shelled Parasite and Fungi","ascension_level":10}}