{"host":"k7udt7atmcuzf6l0","time":1613042619,"event":{"mods":["AchievementEnabler","BaseMod","BetterRewards","Colored Map","Colored Powertips","Highlight Path","Minty Spire (QoL Compilation)","Quick Restart","Rare Cards Sparkle","Relic Stats","StSLib","UnlockEverythingMod"],"gold_per_floor":[113,131,131,147,147,147,180,180,180,180,196,43,43,43,43,43,43],"floor_reached":16,"language":"ZHS","playtime":233,"items_purged":[],"score":98,"play_id":"4b3d33b4-35b2-489b-82ae-90df9f7fe720","local_time":"20210211192339","is_ascension_mode":false,"campfire_choices":[{"data":"True Grit","floor":6,"key":"SMITH"},{"data":"Warcry","floor":8,"key":"SMITH"},{"data":"Bash","floor":10,"key":"SMITH"},{"data":"Inflame","floor":15,"key":"SMITH"}],"circlet_count":0,"master_deck":["Strike_R","Strike_R","Strike_R","Strike_R+1","Strike_R","Defend_R","Defend_R","Defend_R","Defend_R+1","Bash+1","Cleave+1","True Grit+1","Warcry+1","Inflame+1"],"relics":["Burning Blood","NeowsBlessing","Golden Idol","Pantograph","Darkstone Periapt","HandDrill"],"acts_visited":["Exordium"],"potions_floor_usage":[7],"damage_taken":[{"damage":0,"enemies":"Jaw Worm","floor":1,"turns":1},{"damage":0,"enemies":"2 Louse","floor":2,"turns":1},{"damage":0,"enemies":"Small Slimes","floor":4,"turns":1},{"damage":8,"enemies":"3 Sentries","floor":7,"turns":5},{"damage":17,"enemies":"Exordium Thugs","floor":11,"turns":5},{"damage":51,"enemies":"Slime Boss","floor":16,"turns":8}],"seed_played":"-8297513451788197246","potions_obtained":[{"floor":4,"key":"Strength Potion"},{"floor":11,"key":"Block Potion"}],"is_trial":false,"path_per_floor":["M","M","?","M","?","R","E","R","T","R","M","$","?","?","R","B"],"character_chosen":"IRONCLAD","items_purchased":["HandDrill"],"campfire_rested":0,"item_purchase_floors":[12],"current_hp_per_floor":[80,80,60,66,66,66,64,64,64,64,53,53,37,37,37,11,11],"gold":43,"neow_bonus":"THREE_ENEMY_KILL","is_daily":false,"chose_seed":false,"campfire_upgraded":4,"win_rate":0.0,"timestamp":1613042619,"path_taken":["M","M","?","M","?","R","E","R","T","R","M","$","?","?","R","BOSS"],"items_purchased_type":["Relic"],"build_version":"2020-12-22","purchased_purges":0,"victory":false,"max_hp_per_floor":[80,80,80,80,80,80,80,80,80,80,80,80,80,80,80,80,80],"relic_stats":{"Darkstone Periapt":0,"counters":[6,21],"Golden Idol":13,"Pantograph":25,"HandDrill":[0],"obtain_stats":[{"Darkstone Periapt":9,"NeowsBlessing":0,"Golden Idol":3,"Pantograph":7,"HandDrill":12,"Burning Blood":0},{"Darkstone Periapt":4,"NeowsBlessing":0,"Golden Idol":2,"Pantograph":4,"HandDrill":5,"Burning Blood":0},{"Darkstone Periapt":8,"NeowsBlessing":0,"Golden Idol":2,"Pantograph":8,"HandDrill":13,"Burning Blood":0}],"Burning Blood":18},"card_choices":[{"not_picked":["Headbutt","Pommel Strike"],"picked":"Cleave","floor":1},{"not_picked":["Flame Barrier","Cleave"],"picked":"True Grit","floor":2},{"not_picked":["Pommel Strike","Shrug It Off","Cleave"],"picked":"SKIP","floor":4},{"not_picked":["Flame Barrier","Exhume"],"picked":"Warcry","floor":7},{"not_picked":["Entrench","Wild Strike"],"picked":"Inflame","floor":11}],"player_experience":95404,"relics_obtained":[{"floor":7,"key":"Pantograph"},{"floor":9,"key":"Darkstone Periapt"}],"event_choices":[{"damage_healed":0,"gold_gain":0,"player_choice":"Take Damage","damage_taken":20,"relics_obtained":["Golden Idol"],"max_hp_gain":0,"max_hp_loss":0,"event_name":"Golden Idol","floor":3,"gold_loss":0},{"damage_healed":0,"gold_gain":0,"player_choice":"Grow","damage_taken":0,"max_hp_gain":0,"max_hp_loss":0,"event_name":"Living Wall","floor":5,"gold_loss":0,"cards_upgraded":["Cleave"]},{"damage_healed":0,"gold_gain":0,"player_choice":"Entered Light","damage_taken":16,"max_hp_gain":0,"max_hp_loss":0,"event_name":"Shining Light","floor":13,"gold_loss":0,"cards_upgraded":["Strike_R","Defend_R"]},{"damage_healed":0,"gold_gain":0,"player_choice":"Ignored","damage_taken":0,"max_hp_gain":0,"max_hp_loss":0,"event_name":"NoteForYourself","floor":14,"gold_loss":0}],"is_beta":false,"boss_relics":[],"items_purged_floors":[],"is_endless":false,"potions_floor_spawned":[4,11],"killed_by":"Slime Boss","ascension_level":0}}