{"host":"7jvlg611gq73pwus","time":1613008153,"event":{"mods":["Act Like it!","Arknights","BaseMod","Friendly Minions","Gold Saver","KOR Keyword Fix","KinomotoSakuraMod(ÙÊñýÜâ?)","Lobotomy","Marisa£¨Ùöéë¡¡Øª×âÞÞ£©","Minty Spire (QoL Compilation)","Prisma Mod","Replay The Spire","StSLib","Td1madao Mod","The Animator","The Bug Knight","The Hierophant"],"gold_per_floor":[828,844,794,249,265,265,265,265,336,367,367,408,408,431,431,441,441],"floor_reached":16,"language":"KOR","playtime":689,"items_purged":["ats:Strike C"],"score":92,"play_id":"e374328d-4d64-4d15-8ec3-88e440a9027b","local_time":"20210211104913","is_ascension_mode":false,"campfire_choices":[{"data":"ats:Ambush","floor":6,"key":"SMITH"},{"floor":13,"key":"REST"},{"data":"ats:Assault Order","floor":15,"key":"SMITH"}],"circlet_count":0,"master_deck":["ats:Strike G","ats:Strike S","ats:Armor Crushing Shot","ats:Defend","ats:Defend","ats:Defend","ats:Defend","ats:Emotion Absorption","ats:Ambush+1","ats:Assault Order+1","ats:Collapsing Strike","ats:Explosion Area Strengthen","Secret Weapon+1","Enlightenment","ats:Flexible Camouflage","ats:Apocalypse","ats:Flexible Camouflage"],"relics":["ats:Sanity","Boot","Golden Idol","Replay:Bandana"],"acts_visited":["Exordium"],"potions_floor_usage":[16,16],"damage_taken":[{"damage":12,"enemies":"2 Louse","floor":1,"turns":4},{"damage":5,"enemies":"Small Slimes","floor":2,"turns":4},{"damage":7,"enemies":"ats:Genji","floor":5,"turns":4},{"damage":12,"enemies":"Looter","floor":10,"turns":4},{"damage":3,"enemies":"Lots of Slimes","floor":12,"turns":3},{"damage":0,"enemies":"Red Slaver","floor":14,"turns":5},{"damage":52,"enemies":"Hexaghost","floor":16,"turns":15}],"seed_played":"8845704941242076895","potions_obtained":[{"floor":5,"key":"Flashbang"},{"floor":12,"key":"SteroidPotion"},{"floor":14,"key":"Adrenaline Potion"}],"is_trial":false,"path_per_floor":["M","M","?","$","M","R","?","?","T","M","?","M","R","M","R","B"],"character_chosen":"DOCTOR_CLASS","items_purchased":["ats:Explosion Area Strengthen","Boot","Secret Weapon","Enlightenment"],"campfire_rested":1,"item_purchase_floors":[4,4,4,4],"current_hp_per_floor":[60,55,55,55,48,48,30,27,27,15,15,12,33,37,37,1,1],"gold":441,"neow_bonus":"ONE_RANDOM_RARE_CARD","is_daily":false,"chose_seed":false,"campfire_upgraded":2,"win_rate":0.0,"timestamp":1613008153,"path_taken":["M","M","?","$","M","R","?","?","T","M","?","M","R","M","R","BOSS"],"items_purchased_type":["Card","Relic","Card","Card"],"build_version":"2020-12-22","purchased_purges":1,"victory":false,"max_hp_per_floor":[72,72,72,72,72,72,72,72,72,72,72,72,72,72,72,72,72],"card_choices":[{"not_picked":["ats:Cat Scratch","ats:Collapsing Strike"],"picked":"ats:Assault Order","floor":1},{"not_picked":["ats:Chain Hook","ats:Song Of Battle"],"picked":"ats:Collapsing Strike","floor":2},{"not_picked":["ats:Apocalypse","ats:Hook Shot"],"picked":"ats:Flexible Camouflage","floor":5},{"not_picked":["ats:Chain Hook","ats:Thermite Blade","ats:Very Hot Blade"],"picked":"SKIP","floor":10},{"not_picked":["ats:Flame Of Heaven","ats:Encircling Forest"],"picked":"ats:Apocalypse","floor":12},{"not_picked":["ats:Blood Oath","ats:Flame Of Heaven"],"picked":"ats:Flexible Camouflage","floor":14}],"player_experience":473038,"relics_obtained":[],"event_choices":[{"cards_removed":["ats:Strike V"],"damage_healed":0,"gold_gain":0,"player_choice":"Card Removal","damage_taken":0,"max_hp_gain":0,"max_hp_loss":0,"event_name":"The Cleric","floor":3,"gold_loss":50},{"damage_healed":0,"gold_gain":0,"player_choice":"Take Damage","damage_taken":18,"relics_obtained":["Golden Idol"],"max_hp_gain":0,"max_hp_loss":0,"event_name":"Golden Idol","floor":7,"gold_loss":0},{"damage_healed":0,"gold_gain":0,"player_choice":"Success","damage_taken":3,"relics_obtained":["Replay:Bandana"],"max_hp_gain":0,"max_hp_loss":0,"event_name":"Scrap Ooze","floor":8,"gold_loss":0},{"damage_healed":0,"gold_gain":0,"player_choice":"Upgraded","damage_taken":0,"max_hp_gain":0,"max_hp_loss":0,"event_name":"Upgrade Shrine","floor":11,"gold_loss":0,"cards_upgraded":["Secret Weapon"]}],"is_beta":false,"boss_relics":[],"items_purged_floors":[4],"is_endless":false,"potions_floor_spawned":[5,12,14],"killed_by":"Hexaghost","ascension_level":0}}