{"host":"gh97pv908ci4ql26","time":1613018429,"event":{"mods":["AchievementEnabler","BaseMod","Colored Powertips","Minty Spire (QoL Compilation)","StSLib","Together in Spire"],"gold_per_floor":[109,284,57,72,22,39,39,56,79,97,97,97,130,141,141,239,239,258,258,258,271,286,286,304,320,343,343,370,390,390,390],"floor_reached":30,"language":"ENG","playtime":5308,"items_purged":["Doubt"],"score":234,"play_id":"e5caa71a-852a-42a8-aaa1-47f28af9ae71","local_time":"20210210204029","is_ascension_mode":false,"campfire_choices":[{"data":"MasterReality","floor":7,"key":"SMITH"},{"data":"Vengeance","floor":11,"key":"SMITH"},{"floor":15,"key":"REST"},{"floor":23,"key":"REST"},{"floor":27,"key":"REST"}],"circlet_count":0,"master_deck":["Defend_P","Defend_P","Defend_P+1","Defend_P","Eruption","Vigilance","Vengeance+1","MasterReality+1","WaveOfTheHand","JustLucky+1","BattleHymn","Scrawl","FlurryOfBlows","Conclude+1","ReachHeaven","ThirdEye+1","InnerPeace","Vault","LessonLearned","CarveReality+1","Omniscience+1","CutThroughFate+1","Nirvana+1","ClearTheMind","FlurryOfBlows","Evaluate","EmptyFist+1","Indignation+1"],"relics":["PureWater","NeowsBlessing","Orrery","Darkstone Periapt","Tiny Chest","Astrolabe","Bag of Marbles","Vajra"],"acts_visited":["Exordium","TheCity"],"potions_floor_usage":[16,22,25,29,30],"damage_taken":[{"damage":0,"enemies":"Jaw Worm","floor":1,"turns":1},{"damage":0,"enemies":"Small Slimes","floor":4,"turns":1},{"damage":0,"enemies":"2 Louse","floor":6,"turns":1},{"damage":0,"enemies":"Exordium Thugs","floor":8,"turns":3},{"damage":14,"enemies":"Lots of Slimes","floor":10,"turns":4},{"damage":10,"enemies":"3 Sentries","floor":13,"turns":6},{"damage":9,"enemies":"3 Louse","floor":14,"turns":2},{"damage":36,"enemies":"The Guardian","floor":16,"turns":7},{"damage":18,"enemies":"3 Byrds","floor":18,"turns":6},{"damage":1,"enemies":"Chosen","floor":21,"turns":4},{"damage":34,"enemies":"Snake Plant","floor":22,"turns":6},{"damage":39,"enemies":"Chosen and Byrds","floor":24,"turns":5},{"damage":0,"enemies":"Snecko","floor":25,"turns":4},{"damage":14,"enemies":"Shelled Parasite and Fungi","floor":29,"turns":8},{"damage":12,"enemies":"Centurion and Healer","floor":30,"turns":4}],"seed_played":"3212126728005346021","potions_obtained":[{"floor":6,"key":"Energy Potion"},{"floor":13,"key":"BottledMiracle"},{"floor":14,"key":"EssenceOfSteel"},{"floor":16,"key":"AttackPotion"},{"floor":20,"key":"PowerPotion"},{"floor":20,"key":"SpeedPotion"},{"floor":21,"key":"BlessingOfTheForge"},{"floor":24,"key":"FearPotion"}],"is_trial":false,"path_per_floor":["M","?","$","M","?","M","R","M","T","M","R","T","E","M","R","B",null,"M","?","?","M","M","R","M","M","T","R","T","M","M"],"character_chosen":"WATCHER","items_purchased":["Orrery"],"campfire_rested":3,"item_purchase_floors":[3],"current_hp_per_floor":[72,72,72,72,72,72,72,72,72,58,58,58,48,39,60,24,72,54,54,54,53,19,40,1,1,1,22,22,8,0,0],"gold":390,"neow_bonus":"THREE_ENEMY_KILL","is_daily":false,"chose_seed":false,"campfire_upgraded":2,"win_rate":0.0,"timestamp":1613018429,"path_taken":["M","?","$","M","?","M","R","M","T","M","R","?","E","M","R","BOSS","M","?","?","M","M","R","M","?","T","R","?","M","M"],"items_purchased_type":["Relic"],"build_version":"2020-12-22","purchased_purges":1,"victory":false,"max_hp_per_floor":[72,72,72,72,72,72,72,72,72,72,72,72,72,72,72,72,72,72,72,72,72,72,72,72,72,72,72,72,72,72,72],"card_choices":[{"not_picked":["SashWhip","Evaluate"],"picked":"Vengeance","floor":1},{"not_picked":["ClearTheMind","Study"],"picked":"MasterReality","floor":3},{"not_picked":["Protect","Blasphemy"],"picked":"WaveOfTheHand","floor":3},{"not_picked":["PathToVictory","Consecrate"],"picked":"JustLucky","floor":3},{"not_picked":["JustLucky","CrushJoints"],"picked":"BattleHymn","floor":3},{"not_picked":["PathToVictory","BowlingBash"],"picked":"Scrawl","floor":3},{"not_picked":["Protect","EmptyFist"],"picked":"FlurryOfBlows","floor":4},{"not_picked":["BowlingBash","EmptyFist"],"picked":"Conclude","floor":6},{"not_picked":["Worship","WheelKick"],"picked":"ReachHeaven","floor":8},{"not_picked":["EmptyFist","PathToVictory"],"picked":"ThirdEye","floor":10},{"not_picked":["WheelKick","SashWhip"],"picked":"InnerPeace","floor":13},{"not_picked":["Perseverance","Consecrate"],"picked":"Vault","floor":14},{"not_picked":["Establishment","Judgement"],"picked":"LessonLearned","floor":16},{"not_picked":["PathToVictory+1","InnerPeace"],"picked":"Nirvana+1","floor":18},{"not_picked":["SashWhip+1","Evaluate"],"picked":"FlurryOfBlows","floor":21},{"not_picked":["PathToVictory","EmptyFist"],"picked":"Evaluate","floor":22},{"not_picked":["SashWhip","PathToVictory","Evaluate+1"],"picked":"SKIP","floor":24},{"not_picked":["ClearTheMind","SashWhip"],"picked":"EmptyFist+1","floor":25},{"not_picked":["Omniscience","CutThroughFate"],"picked":"Indignation+1","floor":29}],"player_experience":96069,"relics_obtained":[{"floor":12,"key":"Darkstone Periapt"},{"floor":13,"key":"Tiny Chest"},{"floor":26,"key":"Bag of Marbles"},{"floor":28,"key":"Vajra"}],"event_choices":[{"damage_healed":0,"gold_gain":175,"player_choice":"AGREE","damage_taken":0,"max_hp_gain":0,"max_hp_loss":0,"event_name":"Liars Game","floor":2,"gold_loss":0,"cards_obtained":["Doubt"]},{"cards_removed":["Strike_P"],"damage_healed":0,"gold_gain":0,"player_choice":"Card Removal","damage_taken":0,"max_hp_gain":0,"max_hp_loss":0,"event_name":"The Cleric","floor":5,"gold_loss":50},{"damage_healed":0,"gold_gain":0,"player_choice":"Read","damage_taken":0,"max_hp_gain":0,"max_hp_loss":0,"event_name":"The Library","floor":19,"gold_loss":0,"cards_obtained":["ClearTheMind"]},{"damage_healed":0,"gold_gain":0,"player_choice":"Got Potions","damage_taken":0,"max_hp_gain":0,"max_hp_loss":0,"event_name":"Lab","floor":20,"gold_loss":0}],"is_beta":false,"boss_relics":[{"not_picked":["Sozu","Busted Crown"],"picked":"Astrolabe"}],"items_purged_floors":[3],"is_endless":false,"potions_floor_spawned":[6,13,14,16,21,24],"killed_by":"Centurion and Healer","ascension_level":0}}