{"host":"fortuna","time":1613069332,"event":{"mods":["100% Spire Juice","Act Like it!","Arknights","BaseMod","CapriCore","Gensokyo","Hallownest","Koishi","Minty Spire (QoL Compilation)","MostiFishMod","Reimu£®≤©¿ˆ¡È√Œ£©","Relic Stats","StSLib","The Animator","The Bug Knight","The Immortal","Waifu the Spire","WarShipGirlsR/’ΩΩ¢…Ÿ≈ÆR mod","Yakumo Yukari mod"],"gold_per_floor":[359,370,370,387,38,70,70,89,113,145,159,194,212,240,240,345,345,358,163,180,180,193,218,218,236,236,246,258,288,304,337,337,440,440,456,468,229,249,260,292,292,322,322,333,333,361,371,382,382,382,382,382,73,99,99],"floor_reached":56,"language":"ZHS","playtime":2589,"items_purged":["MokouMod:Strike","MokouMod:Strike","MokouMod:Defend"],"score":1487,"play_id":"d29b8b20-19c4-451e-96a9-834b352a7283","local_time":"20210212024852","is_ascension_mode":true,"campfire_choices":[{"data":"MostiFishMod:PerfectForm","floor":7.0,"key":"SMITH"},{"data":"MokouMod:PhoenixForm","floor":15,"key":"SMITH"},{"data":"MokouMod:SearingBlow","floor":24,"key":"SMITH"},{"data":"MokouMod:BurningDraft","floor":32,"key":"SMITH"},{"data":"MokouMod:BurningDraft","floor":41,"key":"SMITH"},{"data":"MokouMod:Ventilation","floor":45,"key":"SMITH"},{"floor":49,"key":"RECALL"},{"data":"MokouMod:ResonanceReactor","floor":52,"key":"SMITH"}],"circlet_count":0,"master_deck":["MokouMod:Strike","MokouMod:Strike+1","MokouMod:Defend","MokouMod:Defend","MokouMod:Defend","MokouMod:HeatSpark","MokouMod:RoaringFlare","MokouMod:FujiyamaVolcano","MokouMod:HouraiForge","MostiFishMod:PerfectForm+1","MokouMod:Meltdown","MokouMod:RadiantBlade+1","MokouMod:FlareStarter","MokouMod:Singe","MokouMod:ScorchedEarth","MokouMod:PhoenixForm+1","MokouMod:Scorch","MokouMod:SacredFire","MokouMod:SearingBlow+6","MokouMod:FlareStarter","MokouMod:ResonanceReactor+1","MokouMod:Sear","MokouMod:ImperishableFlame","MokouMod:IgnitionBlast","MokouMod:Overheat+1","MokouMod:SacredFire","MokouMod:Overheat","MokouMod:Refresh","MokouMod:BurningDraft+1","MokouMod:Ventilation+1","MokouMod:IndiscriminateIgnition+1","MokouMod:Geothermal","MokouMod:BurningDraft+1","MokouMod:Rebirth","MokouMod:Firecracker+1","MokouMod:ControlledCombustion","MokouMod:BlazingComet+1","MokouMod:RisingSunBarrier+1","MostiFishMod:ForestofLight","MokouMod:PhoenixForm"],"relics":["MokouMod:PhoenixFeather","DaveBox","SynthV:C4","SynthV:TestCard","Civilization","Ancient Tea Set","Akabeko","Whetstone","Darkstone Periapt","Coffee Dripper","Sundial","Shuriken","Bronze Scales","Letter Opener","ChiXiaoBlade","Mastiff:ReiMu","Singing Bowl","Kunai","PreservedInsect","ArrowTower"],"acts_visited":["Exordium","TheCity","TheBeyond","TheEnding"],"potions_floor_usage":[16,29],"damage_taken":[{"damage":6.0,"enemies":"2 Louse","floor":1.0,"turns":3.0},{"damage":6.0,"enemies":"Jaw Worm","floor":2.0,"turns":4.0},{"damage":1.0,"enemies":"Cultist","floor":4.0,"turns":4.0},{"damage":22.0,"enemies":"3 Sentries","floor":6.0,"turns":6.0},{"damage":2.0,"enemies":"Exordium Wildlife","floor":8.0,"turns":3.0},{"damage":4.0,"enemies":"HollowMod:MossKnight","floor":10.0,"turns":8.0},{"damage":0.0,"enemies":"Lots of Slimes","floor":11.0,"turns":3.0},{"damage":6.0,"enemies":"Gremlin Nob","floor":12.0,"turns":3.0},{"damage":3.0,"enemies":"Red Slaver","floor":13.0,"turns":2.0},{"damage":15.0,"enemies":"Lagavulin","floor":14.0,"turns":4.0},{"damage":6,"enemies":"Hexaghost","floor":16,"turns":6},{"damage":0,"enemies":"Spheric Guardian","floor":18,"turns":3},{"damage":0,"enemies":"3 Byrds","floor":20,"turns":2},{"damage":0,"enemies":"Snake Plant","floor":22,"turns":2},{"damage":30,"enemies":"Book of Stabbing","floor":23,"turns":4},{"damage":1,"enemies":"Snecko","floor":25,"turns":3},{"damage":0,"enemies":"Sentry and Sphere","floor":27,"turns":4},{"damage":20,"enemies":"Centurion and Healer","floor":28,"turns":3},{"damage":21,"enemies":"Slavers","floor":29,"turns":4},{"damage":2,"enemies":"3 Cultists","floor":30,"turns":3},{"damage":0,"enemies":"HollowMod:Nosk","floor":31,"turns":4},{"damage":37,"enemies":"Automaton","floor":33,"turns":7},{"damage":0,"enemies":"Orb Walker","floor":35,"turns":2},{"damage":2,"enemies":"3 Darklings","floor":36,"turns":5},{"damage":0,"enemies":"Jaw Worm Horde","floor":38,"turns":2},{"damage":3,"enemies":"3 Darklings","floor":39,"turns":2},{"damage":27,"enemies":"Giant Head","floor":40,"turns":7},{"damage":3,"enemies":"Nemesis","floor":42,"turns":5},{"damage":1,"enemies":"Maw","floor":44,"turns":5},{"damage":3,"enemies":"Reptomancer","floor":46,"turns":6},{"damage":20,"enemies":"HollowMod:SlobberingHusk","floor":47,"turns":5},{"damage":21,"enemies":"Writhing Mass","floor":48,"turns":2},{"damage":59,"enemies":"Time Eater","floor":50,"turns":10},{"damage":2,"enemies":"Shield and Spear","floor":54,"turns":3},{"damage":8152092,"enemies":"The Heart","floor":55,"turns":8}],"seed_played":"5813292754395744346","potions_obtained":[{"floor":2.0,"key":"PanachePotion"},{"floor":6.0,"key":"Energy Potion"},{"floor":12.0,"key":"EssenceOfSteel"},{"floor":16,"key":"Ancient Potion"},{"floor":29,"key":"Swift Potion"}],"is_trial":false,"path_per_floor":["M","M","?","M","$","E","R","M","T","E","M","E","M","E","R","B",null,"M","$","M","?","M","E","R","M","T","M","M","E","M","E","R","B",null,"M","M","$","M","M","E","R","E","T","M","R","E","M","M","R","B",null,"R","$","E","B",null],"character_chosen":"MKU","items_purchased":["Civilization","MostiFishMod:PerfectForm","MokouMod:Meltdown","MokouMod:ResonanceReactor","MokouMod:Sear","MokouMod:Geothermal","MostiFishMod:ForestofLight"],"campfire_rested":0,"item_purchase_floors":[5,5,5,19,19,37,53],"current_hp_per_floor":[48,42,42,41,41,22,22,25,25,26,31,30,32,22,22,21,113,118,118,123,123,128,103,103,107,107,112,97,81,84,89,89,57,168,173,176,176,181,183,161,161,165,165,169,169,171,158,142,142,88,227,227,227,230,39],"gold":99,"neow_bonus":"TWO_FIFTY_GOLD","is_daily":false,"chose_seed":false,"campfire_upgraded":7,"win_rate":0.0,"timestamp":1613069332,"path_taken":["M","M","?","?","$","E","R","M","T","E","M","E","M","E","R","BOSS","M","$","M","?","?","E","R","M","T","M","M","E","M","E","R","BOSS","M","M","$","M","M","E","R","E","T","M","R","E","M","M","R","BOSS","R","$","E","BOSS"],"items_purchased_type":["Relic","Card","Card","Card","Card","Card","Card"],"build_version":"2020-12-18","purchased_purges":3,"victory":true,"max_hp_per_floor":[75,75,75,75,75,78,78,83,83,88,93,98,103,108,108,113,113,118,118,123,123,128,133,133,138,138,143,148,153,158,163,163,168,168,173,178,178,183,188,193,193,200,200,205,205,210,217,222,222,227,227,227,227,232,237],"relic_stats":{"Darkstone Periapt":0,"Singing Bowl":4,"counters":[35,147],"Sundial":[2],"Shuriken":[26],"Bronze Scales":[244],"PreservedInsect":68,"Whetstone":["MokouMod:Strike","MokouMod:RadiantBlade"],"Letter Opener":[132],"Kunai":[14],"obtain_stats":[{"Darkstone Periapt":14,"DaveBox":0,"Singing Bowl":42,"PreservedInsect":46,"Whetstone":12,"Letter Opener":31,"Ancient Tea Set":6,"SynthV:C4":0,"Akabeko":10,"Civilization":5,"SynthV:TestCard":1,"Sundial":23,"Shuriken":26,"Mastiff:ReiMu":40,"Bronze Scales":29,"MokouMod:PhoenixFeather":0,"ChiXiaoBlade":34,"Coffee Dripper":17,"Kunai":43,"ArrowTower":54},{"Darkstone Periapt":10,"DaveBox":0,"Singing Bowl":28,"PreservedInsect":30,"Whetstone":8,"Letter Opener":21,"Ancient Tea Set":4,"SynthV:C4":0,"Akabeko":6,"Civilization":3,"SynthV:TestCard":1,"Sundial":15,"Shuriken":16,"Mastiff:ReiMu":27,"Bronze Scales":19,"MokouMod:PhoenixFeather":0,"ChiXiaoBlade":22,"Coffee Dripper":11,"Kunai":28,"ArrowTower":34},{"Darkstone Periapt":40,"DaveBox":0,"Singing Bowl":108,"PreservedInsect":119,"Whetstone":34,"Letter Opener":78,"Ancient Tea Set":17,"SynthV:C4":0,"Akabeko":28,"Civilization":11,"SynthV:TestCard":3,"Sundial":57,"Shuriken":60,"Mastiff:ReiMu":103,"Bronze Scales":71,"MokouMod:PhoenixFeather":0,"ChiXiaoBlade":85,"Coffee Dripper":46,"Kunai":108,"ArrowTower":139}]},"card_choices":[{"not_picked":["MokouMod:EternalBurstReactor","MokouMod:Stoke"],"picked":"MokouMod:RoaringFlare","floor":1.0},{"not_picked":["MokouMod:Singe","MokouMod:ResoluteFlare","MokouMod:EternalBurstReactor","MokouMod:SearingShot"],"picked":"MokouMod:FujiyamaVolcano","floor":2.0},{"not_picked":["MokouMod:FlickeringFlame","MokouMod:Firecracker","MokouMod:UncontrollableSolarReaction","MokouMod:Overheat"],"picked":"MokouMod:HouraiForge","floor":4.0},{"not_picked":["MokouMod:UncontrollableSolarReaction","MokouMod:FujiyamaVolcano","MokouMod:BurningDraft","MokouMod:Wildfire"],"picked":"MokouMod:RadiantBlade","floor":6.0},{"not_picked":["MokouMod:SearingShot","MokouMod:InfernalWave","MokouMod:WarmUp","MokouMod:FujiyamaVolcano"],"picked":"MokouMod:FlareStarter","floor":8.0},{"not_picked":["MokouMod:DanceofFlames","MokouMod:InfernalWave","MokouMod:Firecracker","MokouMod:ProfanedFlare"],"picked":"MokouMod:Singe","floor":10.0},{"not_picked":["MokouMod:Stoke","MokouMod:CrimsonArmoury","MokouMod:DanceofFlames","MokouMod:AdaptivePyromancy"],"picked":"MokouMod:ScorchedEarth","floor":11.0},{"not_picked":["MokouMod:EnchantingBambooForest","MokouMod:IndiscriminateIgnition","MokouMod:IgneousBlow","MokouMod:Ember"],"picked":"MokouMod:PhoenixForm","floor":12.0},{"not_picked":["MokouMod:Fireball","MokouMod:SearingShot","MokouMod:Stoke","MokouMod:Ember"],"picked":"MokouMod:Scorch","floor":13.0},{"not_picked":["MokouMod:Wildfire","MokouMod:ThermalPressure","MokouMod:ResonanceReactor","MokouMod:Burn"],"picked":"MokouMod:SacredFire","floor":14.0},{"not_picked":["MokouMod:ProfanedFlare","MokouMod:SacredFire","MokouMod:RadiantBlade","MokouMod:SpontaneousHumanCombustion"],"picked":"MokouMod:SearingBlow","floor":16},{"not_picked":["MokouMod:HeatCyclone","MokouMod:Stoke+1","MokouMod:ScorchingColumn","MokouMod:Combust"],"picked":"MokouMod:FlareStarter","floor":18},{"not_picked":["MokouMod:TemporalFireSeal","MokouMod:RetainTemperature","MokouMod:RoaringFlare","MokouMod:Ember"],"picked":"MokouMod:ImperishableFlame","floor":20},{"not_picked":["MokouMod:Ember","MokouMod:HeatTransfer","MokouMod:Afterburner","MokouMod:GuidingSmoke+1"],"picked":"MokouMod:IgnitionBlast","floor":22},{"not_picked":["MokouMod:FujiyamaVolcano","MokouMod:SubterraneanCore","MokouMod:ResoluteFlare","MokouMod:UncontrollableSolarReaction","MokouMod:Burn"],"picked":"SKIP","floor":23},{"not_picked":["MokouMod:CrimsonArmoury","MokouMod:Firecracker","MokouMod:SearingShot+1","MokouMod:FlickeringFlame"],"picked":"MokouMod:Overheat+1","floor":25},{"not_picked":["MokouMod:FlickeringFlame","MokouMod:ScorchingColumn","MokouMod:IndiscriminateIgnition+1","MokouMod:Afterburner"],"picked":"MokouMod:SacredFire","floor":27},{"not_picked":["MokouMod:IgneousBlow","MokouMod:ScorchingColumn","MokouMod:Trailblazer","MokouMod:UncontrollableSolarReaction"],"picked":"MokouMod:Overheat","floor":28},{"not_picked":["MokouMod:HeartofFire","MokouMod:Fireball","MokouMod:ScorchingColumn","MokouMod:BlazingComet"],"picked":"MokouMod:Refresh","floor":29},{"not_picked":["MokouMod:Stoke","MokouMod:Ember","MokouMod:RoaringFlare+1","MokouMod:Burn+1","MokouMod:EternalBurstReactor"],"picked":"SKIP","floor":30},{"not_picked":["MokouMod:ShiftIgnition+1","MokouMod:IgnitionBlast+1","MokouMod:EternalBurstReactor+1","MokouMod:SubterraneanCore"],"picked":"MokouMod:BurningDraft","floor":31},{"not_picked":["MokouMod:SpontaneousHumanCombustion","MokouMod:ProfanedFlare","MokouMod:SearingBlow","MokouMod:Rekindle"],"picked":"MokouMod:Ventilation","floor":33},{"not_picked":["MokouMod:ShiftIgnition+1","MokouMod:Afterburner","MokouMod:Burn+1","MokouMod:FujiyamaVolcano+1"],"picked":"MokouMod:IndiscriminateIgnition+1","floor":35},{"not_picked":["MokouMod:Ember","MokouMod:AdaptivePyromancy+1","MokouMod:HeatTransfer","MokouMod:TemporalFireSeal+1","MokouMod:RoaringFlare"],"picked":"SKIP","floor":36},{"not_picked":["MokouMod:ScorchingColumn","MokouMod:ThermalPressure+1","MokouMod:Sear","MokouMod:InfernalWave"],"picked":"MokouMod:BurningDraft","floor":38},{"not_picked":["MokouMod:GuidingSmoke","MokouMod:WarmUp+1","MokouMod:IndiscriminateIgnition+1","MokouMod:ScorchingColumn"],"picked":"MokouMod:Rebirth","floor":39},{"not_picked":["MokouMod:IgneousBlow+1","MokouMod:FujiyamaVolcano","MokouMod:FlamingFireTalons","MokouMod:ResoluteFlare"],"picked":"MokouMod:Firecracker+1","floor":40},{"not_picked":["MokouMod:Firecracker","MokouMod:Wildfire+1","MokouMod:Singe","MokouMod:FlickeringFlame+1","MokouMod:IgneousBlow+1"],"picked":"Singing Bowl","floor":42},{"not_picked":["MokouMod:ScorchingColumn","MokouMod:HeatFactory+1","MokouMod:BurningDraft+1","MokouMod:FlareStarter"],"picked":"MokouMod:ControlledCombustion","floor":44},{"not_picked":["MokouMod:DanceofFlames","MokouMod:PhoenixFeathers+1","MokouMod:HouraiForge","MokouMod:Meltdown"],"picked":"MokouMod:BlazingComet+1","floor":46},{"not_picked":["MokouMod:FlickeringFlame+1","MokouMod:AdaptivePyromancy","MokouMod:BurningDraft+1","MokouMod:FlareStarter+1","MokouMod:BurningHiddenBullet"],"picked":"Singing Bowl","floor":47},{"not_picked":["MokouMod:ShiftIgnition+1","MokouMod:TemporalFireSeal+1","MokouMod:RoaringFlare+1","MokouMod:FlickeringFlame"],"picked":"MokouMod:RisingSunBarrier+1","floor":48},{"not_picked":["MokouMod:HeatCyclone+1","MokouMod:TemporalFireSeal","MokouMod:CrimsonFlare+1","MokouMod:Burn+1"],"picked":"MokouMod:PhoenixForm","floor":54}],"player_experience":371188,"relics_obtained":[{"floor":1.0,"key":"SynthV:TestCard"},{"floor":6.0,"key":"Ancient Tea Set"},{"floor":10.0,"key":"Akabeko"},{"floor":12.0,"key":"Whetstone"},{"floor":14.0,"key":"Darkstone Periapt"},{"floor":23,"key":"Sundial"},{"floor":26,"key":"Shuriken"},{"floor":29,"key":"Bronze Scales"},{"floor":31,"key":"Letter Opener"},{"floor":40,"key":"Mastiff:ReiMu"},{"floor":42,"key":"Singing Bowl"},{"floor":43,"key":"Kunai"},{"floor":46,"key":"PreservedInsect"},{"floor":54,"key":"ArrowTower"}],"event_choices":[{"damage_healed":0.0,"max_hp_gain":0.0,"max_hp_loss":0.0,"gold_gain":0.0,"event_name":"The Woman in Blue","player_choice":"Bought 0 Potions","floor":3.0,"gold_loss":0.0,"damage_taken":0.0},{"cards_removed":["MokouMod:Strike"],"damage_healed":0,"gold_gain":0,"player_choice":"Purged","damage_taken":0,"max_hp_gain":0,"max_hp_loss":0,"event_name":"Purifier","floor":21,"gold_loss":0}],"is_beta":true,"boss_relics":[{"not_picked":["Astrolabe","EE1DDrone"],"picked":"Coffee Dripper"},{"not_picked":["TimeKeys","Transparent"],"picked":"ChiXiaoBlade"}],"items_purged_floors":[19,37,53],"is_endless":false,"potions_floor_spawned":[2,6,12,16,22,23,27,29,33,36,38,42,46,47],"ascension_level":1}}