{"host":"v9yiptmoyyuggqjj","time":1613031669,"event":{"mods":["AchievementEnabler","BaseMod","BetterRewards","Card Forge","Colored Map","Colored Powertips","DeckTracker","Highlight Path","Infinite Spire","Minty Spire (QoL Compilation)","Quick Restart","Shop Mod","StSLib","Swap Starting Deck Mod"],"gold_per_floor":[117,135,145,155,171,171,196,196,196,196,196,196,206,239,239,338,338,356,369,214,114,114,114,130,159,159,170,85,103,103,137,137,236,236,250,260,260,260,273,304,304,317,317,317,317,317,317,336,336,336],"floor_reached":51,"language":"ENG","playtime":3772,"items_purged":["Strike_G","Strike_G"],"score":736,"play_id":"3cd4a9a1-ab79-48fb-80be-65486c4e08f9","local_time":"20210211012109","is_ascension_mode":true,"campfire_choices":[{"data":"Bouncing Flask","floor":6.0,"key":"SMITH"},{"data":"Leg Sweep","floor":8.0,"key":"SMITH"},{"data":"Neutralize","floor":10.0,"key":"SMITH"},{"floor":12.0,"key":"REST"},{"floor":15.0,"key":"REST"},{"data":"Noxious Fumes","floor":23.0,"key":"SMITH"},{"floor":30,"key":"REST"},{"floor":32,"key":"REST"},{"floor":41,"key":"REST"},{"floor":46,"key":"REST"},{"floor":49,"key":"REST"}],"circlet_count":0,"master_deck":["Strike_G","Strike_G","Strike_G","Defend_G","Defend_G","Defend_G","Defend_G","Defend_G","Survivor","Neutralize+1","Cloak And Dagger","PiercingWail","Blade Dance","Bouncing Flask+1","Leg Sweep+1","Glass Knife+1","CurseOfTheBell","Well Laid Plans","Noxious Fumes+1","Footwork","Blade Dance+1","Accuracy+1","Blade Dance+1","infinitespire:Neurotoxin+1","Envenom+1","Backstab+1","Blade Dance+1","infinitespire:Fortify+1","Bouncing Flask+1"],"relics":["Ring of the Snake","Hammer of Thor","Seething Fire","Anvil of the Gods","NeowsBlessing","infinitespire:CursedDice","Toxic Egg 2","GremlinMask","Molten Egg 2","Calling Bell","Strawberry","Matryoshka","Thread and Needle","Frozen Egg 2","Art of War","Anchor","The Courier","Omamori","WristBlade","Bronze Scales","Bag of Preparation","Kunai","Sozu"],"acts_visited":["TheBeyond"],"potions_floor_usage":[29,33,33,50,50],"damage_taken":[{"damage":0.0,"enemies":"Cultist","floor":1.0,"turns":1.0},{"damage":0.0,"enemies":"Small Slimes","floor":2.0,"turns":1.0},{"damage":0.0,"enemies":"Jaw Worm","floor":3.0,"turns":1.0},{"damage":6.0,"enemies":"2 Fungi Beasts","floor":4.0,"turns":4.0},{"damage":18.0,"enemies":"Blue Slaver","floor":5.0,"turns":4.0},{"damage":25.0,"enemies":"3 Sentries","floor":7.0,"turns":10.0},{"damage":3.0,"enemies":"Red Slaver","floor":13.0,"turns":3.0},{"damage":6.0,"enemies":"Lagavulin","floor":14.0,"turns":5.0},{"damage":58.0,"enemies":"Slime Boss","floor":16.0,"turns":14.0},{"damage":16.0,"enemies":"2 Thieves","floor":18.0,"turns":5.0},{"damage":3.0,"enemies":"Spheric Guardian","floor":19.0,"turns":5.0},{"damage":6.0,"enemies":"Snake Plant","floor":24.0,"turns":4.0},{"damage":41,"enemies":"Slavers","floor":25,"turns":8},{"damage":0,"enemies":"Centurion and Healer","floor":27,"turns":6},{"damage":0,"enemies":"Snecko","floor":29,"turns":6},{"damage":4,"enemies":"Book of Stabbing","floor":31,"turns":5},{"damage":51,"enemies":"Champ","floor":33,"turns":11},{"damage":5,"enemies":"3 Shapes","floor":35,"turns":4},{"damage":0,"enemies":"Orb Walker","floor":36,"turns":2},{"damage":21,"enemies":"3 Darklings","floor":39,"turns":4},{"damage":38,"enemies":"Reptomancer","floor":40,"turns":7},{"damage":10,"enemies":"Jaw Worm Horde","floor":42,"turns":3},{"damage":9,"enemies":"Sphere and 2 Shapes","floor":48,"turns":4},{"damage":36,"enemies":"Awakened One","floor":50,"turns":11}],"seed_played":"-185423713978321275","potions_obtained":[{"floor":3.0,"key":"SteroidPotion"},{"floor":7.0,"key":"SteroidPotion"},{"floor":13.0,"key":"Poison Potion"},{"floor":18.0,"key":"Poison Potion"},{"floor":24.0,"key":"AttackPotion"},{"floor":27,"key":"EssenceOfSteel"},{"floor":40,"key":"SneckoOil"},{"floor":42,"key":"Weak Potion"}],"is_trial":false,"path_per_floor":["M","M","M","M","M","R","E","R","T","R","?","R","M","E","R","B",null,"M","M","$","$","?","R","M","E","T","M","?","M","R","E","R","B",null,"M","M","?","?","M","E","R","M","T","AVR","?","R","?","M","R","B",null],"character_chosen":"THE_SILENT","items_purchased":["Noxious Fumes"],"campfire_rested":7,"item_purchase_floors":[20],"current_hp_per_floor":[70,70,70,64,46,46,21,21,21,21,21,42,39,33,54,42,77,61,58,58,58,58,58,52,11,11,11,11,11,34,30,53,2,77,72,72,77,77,56,18,41,31,31,31,31,54,35,26,49,13],"gold":336,"neow_bonus":"THREE_ENEMY_KILL","is_daily":false,"chose_seed":false,"campfire_upgraded":4,"win_rate":0.0,"timestamp":1613031669,"path_taken":["M","M","M","?","M","R","E","R","T","R","?","R","?","E","R","BOSS","M","M","?","$","?","R","M","E","T","M","?","M","R","E","R","BOSS","M","M","?","?","?","E","R","M","T","AVR","?","R","?","M","R","BOSS"],"items_purchased_type":["Card"],"build_version":"2020-12-22","purchased_purges":2,"victory":true,"max_hp_per_floor":[70,70,70,70,70,70,70,70,70,70,70,70,70,70,70,70,77,77,77,77,77,77,77,77,77,77,77,77,77,77,77,77,77,77,77,77,77,77,77,77,77,77,77,77,77,77,77,77,77,77],"card_choices":[{"not_picked":["Underhanded Strike","Bane","Choke"],"picked":"SKIP","floor":1.0},{"not_picked":["Crippling Poison","Underhanded Strike"],"picked":"Cloak And Dagger","floor":2.0},{"not_picked":["Bane","Dash"],"picked":"PiercingWail","floor":3.0},{"not_picked":["Underhanded Strike","Deflect"],"picked":"Blade Dance","floor":4.0},{"not_picked":["Sucker Punch","Dodge and Roll"],"picked":"Bouncing Flask","floor":5.0},{"not_picked":["Sucker Punch","All Out Attack"],"picked":"Leg Sweep","floor":7.0},{"not_picked":["Riddle With Holes","Deflect+1","Dagger Throw"],"picked":"SKIP","floor":13.0},{"not_picked":["Calculated Gamble+1","Dodge and Roll+1","Distraction+1"],"picked":"SKIP","floor":14.0},{"not_picked":["Phantasmal Killer+1","Tools of the Trade"],"picked":"Glass Knife+1","floor":16.0},{"not_picked":["Flying Knee+1","Reflex+1"],"picked":"Well Laid Plans","floor":18.0},{"not_picked":["Terror+1","Underhanded Strike+1","Deflect+1"],"picked":"SKIP","floor":19.0},{"not_picked":["Dagger Spray+1","Envenom"],"picked":"Blade Dance+1","floor":24.0},{"not_picked":["Backstab+1","A Thousand Cuts+1"],"picked":"Accuracy+1","floor":25},{"not_picked":["Setup+1","Bane+1","Deflect+1"],"picked":"SKIP","floor":27},{"not_picked":["Deflect+1","Outmaneuver+1"],"picked":"Blade Dance+1","floor":29},{"not_picked":["All Out Attack+1","Bullet Time+1"],"picked":"infinitespire:Neurotoxin+1","floor":31},{"not_picked":["Grand Finale+1","Glass Knife+1"],"picked":"Envenom+1","floor":33},{"not_picked":["Outmaneuver+1","Dagger Spray+1"],"picked":"Backstab+1","floor":35},{"not_picked":["Acrobatics+1","Outmaneuver+1","Expertise+1"],"picked":"SKIP","floor":36},{"not_picked":["Flying Knee+1","Slice+1"],"picked":"Blade Dance+1","floor":39},{"not_picked":["Tactician+1","Deflect+1","Bane+1"],"picked":"SKIP","floor":40},{"not_picked":["Dagger Spray+1","Quick Slash+1","Wraith Form v2+1"],"picked":"SKIP","floor":42},{"not_picked":["infinitespire:UltimateForm","infinitespire:SevenWalls"],"picked":"infinitespire:Fortify","floor":47},{"not_picked":["Prepared+1","Bane+1"],"picked":"Bouncing Flask+1","floor":48}],"player_experience":569034,"relics_obtained":[{"floor":7.0,"key":"infinitespire:CursedDice"},{"floor":9.0,"key":"Toxic Egg 2"},{"floor":14.0,"key":"Molten Egg 2"},{"floor":17.0,"key":"Strawberry"},{"floor":17.0,"key":"Matryoshka"},{"floor":17.0,"key":"Thread and Needle"},{"floor":25,"key":"Frozen Egg 2"},{"floor":26,"key":"Art of War"},{"floor":26,"key":"Anchor"},{"floor":31,"key":"Omamori"},{"floor":40,"key":"Bronze Scales"},{"floor":43,"key":"Bag of Preparation"},{"floor":43,"key":"Kunai"}],"event_choices":[{"damage_healed":0.0,"max_hp_gain":0.0,"max_hp_loss":0.0,"gold_gain":0.0,"event_name":"FaceTrader","player_choice":"Trade","floor":11.0,"gold_loss":0.0,"damage_taken":0.0,"relics_obtained":["GremlinMask"]},{"damage_healed":0.0,"max_hp_gain":0.0,"max_hp_loss":0.0,"gold_gain":0.0,"event_name":"The Library","player_choice":"Read","floor":22.0,"gold_loss":0.0,"damage_taken":0.0,"cards_obtained":["Footwork"]},{"damage_healed":0,"gold_gain":0,"player_choice":"Obtained Relic","damage_taken":0,"relics_obtained":["The Courier"],"max_hp_gain":0,"max_hp_loss":0,"event_name":"Addict","floor":28,"gold_loss":85},{"damage_healed":19,"gold_gain":0,"player_choice":"Writhe","damage_taken":0,"max_hp_gain":0,"max_hp_loss":0,"event_name":"Winding Halls","floor":37,"gold_loss":0,"cards_obtained":["Writhe"]},{"damage_healed":0,"gold_gain":0,"player_choice":"2 cards matched","damage_taken":0,"max_hp_gain":0,"max_hp_loss":0,"event_name":"Match and Keep!","floor":38,"gold_loss":0,"cards_obtained":["Deep Breath","Regret"]},{"cards_removed":["Deep Breath"],"damage_healed":0,"gold_gain":0,"player_choice":"Removed Skill","damage_taken":0,"max_hp_gain":0,"max_hp_loss":0,"event_name":"Falling","floor":45,"gold_loss":0}],"is_beta":false,"boss_relics":[{"not_picked":["SacredBark","SlaversCollar"],"picked":"Calling Bell"},{"not_picked":["Runic Dome","Fusion Hammer"],"picked":"WristBlade"}],"items_purged_floors":[20,21],"is_endless":false,"potions_floor_spawned":[3,7,13,18,24,27,40,42],"ascension_level":1}}