{"host":"y36bp6mnm73x3iob","time":1613040156,"event":{"mods":["2.2 Compatiblity","Aspiration","BaseMod","Bossed Relics","Downfall","GifTheSpireLib","Hermit","Minty Spire (QoL Compilation)","Reliquary","Retaliation","StSLib"],"gold_per_floor":[99,110,110,121,121,121,121,121,121,571,591,604,604,619,639,639,639,639],"floor_reached":16,"language":"ENG","playtime":511,"items_purged":[],"score":192,"play_id":"49d55b47-9ce0-45e6-802b-ceff36f3e2e7","local_time":"20210211124236","is_ascension_mode":false,"campfire_choices":[{"data":"bronze:Goto","floor":1,"key":"SMITH"},{"data":"bronze:AlphaBuild","floor":6,"key":"SMITH"},{"data":"bronze:Replicate","floor":8,"key":"SMITH"},{"data":"bronze:Flail","floor":13,"key":"SMITH"}],"circlet_count":0,"master_deck":["bronze:Strike","bronze:Strike+1","bronze:Strike","bronze:Strike+1","bronze:Defend","bronze:Defend","bronze:Defend","bronze:Defend","bronze:Replicate+1","bronze:Goto+1","bronze:AlphaBuild+1","bronze:DarkDash","bronze:WhirlingStrike+1","Regret","downfall:Malfunctioning","downfall:Icky","downfall:Icky","downfall:Icky","bronze:Frontload","bronze:Flail+1","bronze:FineTuning","bronze:Repulsor"],"relics":["bronze:BronzeCore","Sundial","reliquary:PartyBalloon","reliquary:BallBearing"],"acts_visited":["Exordium"],"potions_floor_usage":[16,16],"damage_taken":[{"damage":0,"enemies":"Cultist","floor":2,"turns":2},{"damage":0,"enemies":"2 Louse","floor":4,"turns":2},{"damage":0,"enemies":"Small Slimes","floor":11,"turns":2},{"damage":21,"enemies":"Exordium Wildlife","floor":12,"turns":5},{"damage":0,"enemies":"Gremlin Gang","floor":14,"turns":1},{"damage":17,"enemies":"Large Slime","floor":15,"turns":6},{"damage":42,"enemies":"WA_ARCHETYPE_RETAIN","floor":16,"turns":4}],"seed_played":"7470341238252791530","potions_obtained":[{"floor":2,"key":"Strength Potion"},{"floor":4,"key":"SmokeBomb"},{"floor":15,"key":"FearPotion"}],"is_trial":false,"path_per_floor":["R","M","T","M","?","R","T","R","?","?","M","M","R","M","M","B"],"character_chosen":"THE_AUTOMATON","items_purchased":[],"campfire_rested":0,"item_purchase_floors":[],"current_hp_per_floor":[63,63,63,63,63,63,63,63,63,63,63,42,42,42,25,0,0,0],"gold":639,"neow_bonus":"THREE_RARE_CARDS","is_daily":false,"chose_seed":false,"campfire_upgraded":4,"win_rate":0.0,"timestamp":1613040156,"path_taken":["R","M","?","M","?","R","T","R","?","?","?","M","R","M","M","BOSS"],"items_purchased_type":[],"build_version":"2020-12-22","purchased_purges":0,"victory":false,"max_hp_per_floor":[63,63,63,63,63,63,63,63,63,63,63,63,63,63,63,63,63,63],"card_choices":[{"not_picked":["bronze:FindAndReplace","bronze:CleanCode"],"picked":"bronze:AlphaBuild","floor":0},{"not_picked":["bronze:DigitalCarnage","bronze:Deprecate"],"picked":"bronze:DarkDash","floor":2},{"not_picked":["bronze:Iterate","bronze:Turbo"],"picked":"bronze:WhirlingStrike","floor":4},{"not_picked":["bronze:DelayedSlice","bronze:DigitalCarnage"],"picked":"bronze:Frontload","floor":11},{"not_picked":["bronze:Iterate","bronze:BitShift"],"picked":"bronze:Flail","floor":12},{"not_picked":["bronze:Turbo","bronze:Repulsor"],"picked":"bronze:FineTuning","floor":14},{"not_picked":["bronze:OilSpill","bronze:Safeguard"],"picked":"bronze:Repulsor","floor":15}],"player_experience":559260,"relics_obtained":[{"floor":3,"key":"Sundial"},{"floor":7,"key":"reliquary:BallBearing"}],"event_choices":[{"damage_healed":0,"gold_gain":0,"player_choice":"Box","damage_taken":0,"relics_obtained":["reliquary:PartyBalloon"],"max_hp_gain":0,"max_hp_loss":0,"event_name":"Big Fish","floor":5,"gold_loss":0,"cards_obtained":["Regret"]}],"is_beta":false,"boss_relics":[],"items_purged_floors":[],"is_endless":false,"potions_floor_spawned":[2,4,15],"killed_by":"WA_ARCHETYPE_RETAIN","ascension_level":0}}