{"host":"29uuqgkzqd703i93","time":1613074113,"event":{"mods":["BaseMod","Minty Spire (QoL Compilation)"],"gold_per_floor":[214,214,289,307,222,254,16,16,63,63,238,249,249,269,269,367,417,407,407,162,172,206,206,223,223,223],"floor_reached":25,"language":"ENG","playtime":1206,"items_purged":["Doubt"],"score":199,"play_id":"0ab453d9-ea72-4ea2-aa87-9132d8ce7c52","local_time":"20210211210833","is_ascension_mode":false,"campfire_choices":[{"data":"Rampage","floor":10,"key":"SMITH"},{"data":"Armaments","floor":13,"key":"SMITH"},{"floor":15,"key":"REST"},{"floor":23,"key":"REST"}],"circlet_count":0,"master_deck":["Strike_R","Strike_R","Strike_R+1","Defend_R","Defend_R","Defend_R","Defend_R","Bash","Rampage+1","Metallicize","Good Instincts","Twin Strike","Parasite","Armaments+1","Juggernaut","Immolate","Uppercut","Shockwave","Shrug It Off","Body Slam","Armaments","Flash of Steel","Metallicize","Headbutt+1","Anger"],"relics":["Burning Blood","Pantograph","Kunai","Strawberry","Tiny House","Red Mask"],"acts_visited":["Exordium","TheCity"],"potions_floor_usage":[16,16,22,22,24],"damage_taken":[{"damage":13,"enemies":"Jaw Worm","floor":1,"turns":3},{"damage":0,"enemies":"Small Slimes","floor":4,"turns":3},{"damage":36,"enemies":"Gremlin Nob","floor":6,"turns":5},{"damage":0,"enemies":"2 Louse","floor":12,"turns":3},{"damage":5,"enemies":"2 Fungi Beasts","floor":14,"turns":5},{"damage":59,"enemies":"The Guardian","floor":16,"turns":11},{"damage":23,"enemies":"2 Thieves","floor":18,"turns":4},{"damage":43,"enemies":"Spheric Guardian","floor":21,"turns":6},{"damage":47,"enemies":"Masked Bandits","floor":22,"turns":8},{"damage":37,"enemies":"Cultist and Chosen","floor":24,"turns":6},{"damage":31,"enemies":"Snake Plant","floor":25,"turns":5}],"seed_played":"-3937580501353496161","potions_obtained":[{"floor":4,"key":"SteroidPotion"},{"floor":6,"key":"Strength Potion"},{"floor":16,"key":"BloodPotion"},{"floor":17,"key":"BloodPotion"},{"floor":21,"key":"SpeedPotion"},{"floor":22,"key":"DistilledChaos"}],"is_trial":false,"path_per_floor":["M","?","?","M","$","E","$","?","T","R","?","M","R","M","R","B",null,"M","?","$","M","?","R","M","M"],"character_chosen":"IRONCLAD","items_purchased":["Good Instincts","Kunai","Body Slam","Armaments","Flash of Steel"],"campfire_rested":2,"item_purchase_floors":[5,7,20,20,20],"current_hp_per_floor":[73,66,55,61,61,31,31,51,58,58,58,64,64,65,87,34,92,75,75,75,38,15,42,29,0,0],"gold":223,"neow_bonus":"HUNDRED_GOLD","is_daily":false,"chose_seed":false,"campfire_upgraded":2,"win_rate":0.0,"timestamp":1613074113,"path_taken":["M","?","?","M","$","E","$","?","T","R","?","M","R","M","R","BOSS","M","?","?","M","?","R","M","M"],"items_purchased_type":["Card","Relic","Card","Card","Card"],"build_version":"2020-12-22","purchased_purges":1,"victory":false,"max_hp_per_floor":[80,80,80,80,80,80,80,80,87,87,87,87,87,87,87,87,92,92,92,92,92,92,92,92,92,92],"card_choices":[{"not_picked":["Clash","Inflame"],"picked":"Rampage","floor":1},{"not_picked":["True Grit","Rupture"],"picked":"Metallicize","floor":4},{"not_picked":["Perfected Strike","Warcry"],"picked":"Twin Strike","floor":6},{"not_picked":["Inflame","Rampage"],"picked":"Armaments","floor":12},{"not_picked":["Evolve","Feel No Pain"],"picked":"Juggernaut","floor":14},{"not_picked":["Juggernaut","Fiend Fire"],"picked":"Immolate","floor":16},{"not_picked":["Sword Boomerang","Bloodletting"],"picked":"Uppercut","floor":17},{"not_picked":["Rupture","Headbutt"],"picked":"Shockwave","floor":18},{"not_picked":["Perfected Strike","Headbutt"],"picked":"Metallicize","floor":21},{"not_picked":["Shrug It Off","Warcry"],"picked":"Headbutt+1","floor":22},{"not_picked":["Twin Strike+1","Feed"],"picked":"Anger","floor":24}],"player_experience":83820,"relics_obtained":[{"floor":6,"key":"Pantograph"},{"floor":9,"key":"Strawberry"},{"floor":22,"key":"Red Mask"}],"event_choices":[{"cards_removed":["Strike_R"],"damage_healed":0,"gold_gain":0,"player_choice":"Card Removal","damage_taken":7,"max_hp_gain":0,"max_hp_loss":0,"event_name":"Golden Wing","floor":2,"gold_loss":0},{"damage_healed":0,"gold_gain":75,"player_choice":"Gather Gold","damage_taken":11,"max_hp_gain":0,"max_hp_loss":0,"event_name":"World of Goop","floor":3,"gold_loss":0},{"damage_healed":20,"gold_gain":0,"player_choice":"Healed and dodged fight","damage_taken":0,"max_hp_gain":0,"max_hp_loss":0,"event_name":"Mushrooms","floor":8,"gold_loss":0,"cards_obtained":["Parasite"]},{"damage_healed":0,"gold_gain":175,"player_choice":"AGREE","damage_taken":0,"max_hp_gain":0,"max_hp_loss":0,"event_name":"Liars Game","floor":11,"gold_loss":0,"cards_obtained":["Doubt"]},{"damage_healed":0,"gold_gain":0,"cards_transformed":["Strike_R"],"player_choice":"Transformed","damage_taken":0,"max_hp_gain":0,"max_hp_loss":0,"event_name":"Transmorgrifier","floor":19,"gold_loss":0,"cards_obtained":["Shrug It Off"]},{"damage_healed":0,"gold_gain":0,"player_choice":"Fought Bandits","damage_taken":0,"max_hp_gain":0,"max_hp_loss":0,"event_name":"Masked Bandits","floor":22,"gold_loss":0}],"is_beta":false,"boss_relics":[{"not_picked":["Runic Pyramid","SlaversCollar"],"picked":"Tiny House"}],"items_purged_floors":[20],"is_endless":false,"potions_floor_spawned":[4,6,16,21,22],"killed_by":"Snake Plant","ascension_level":0}}