{"host":"h0xw20cia6ppa69g","time":1613033779,"event":{"mods":["AchievementEnabler","BaseMod","Colored Map","Filter the Spire","Googly Eyes","Minty Spire (QoL Compilation)","Relic Stats","StSLib","The Awakened One except there are too many feathers","everything is the same but u backflip on backflip"],"gold_per_floor":[117,67,85,15,15,45,62,76,125,125,144,170,170,125,125,222,222,234,234,234,250,270,297,297,12,39,64,81,91,91,122,122,223,223,238,293,218,218,268,295,321,346,346,359,393,393,425,425,425,425,425,425,51,80,80],"floor_reached":56,"language":"ENG","playtime":4930,"items_purged":[],"score":1568,"play_id":"832b7eee-af7f-4ab4-a974-d2dec4be80c0","local_time":"20210211025619","is_ascension_mode":true,"campfire_choices":[{"data":"Meteor Strike","floor":10.0,"key":"SMITH"},{"data":"Fission","floor":15.0,"key":"SMITH"},{"data":"Recycle","floor":24.0,"key":"SMITH"},{"data":"Biased Cognition","floor":30.0,"key":"SMITH"},{"data":"Turbo","floor":32.0,"key":"SMITH"},{"floor":46,"key":"RECALL"},{"data":"Buffer","floor":49,"key":"SMITH"},{"data":"Echo Form","floor":52,"key":"SMITH"}],"circlet_count":0,"master_deck":["Reinforced Body+1","Echo Form+1","Meteor Strike+1","Rebound","Skim+1","Core Surge","Reinforced Body","All For One","Turbo+1","BootSequence","Turbo+1","Fission+1","Creative AI","Barrage","Consume+1","Self Repair","Recycle+1","Coolheaded+1","Coolheaded+1","Biased Cognition+1","Glacier","Loop+1","Tempest+1","Lockon+1","Hologram+1","Turbo+1","Defragment+1","Buffer+1","Glacier+1","Tempest"],"relics":["Pandora\u0027s Box","Ornamental Fan","Boot","Inserter","Pen Nib","Membership Card","Singing Bowl","Smiling Mask","War Paint","Potion Belt","Astrolabe","Emotion Chip","Bag of Preparation","WingedGreaves","Ice Cream","Eternal Feather","Omamori","The Courier","Strawberry","Dream Catcher","Chemical X","FossilizedHelix","Art of War","DataDisk","Lantern"],"acts_visited":["Exordium","TheCity","TheBeyond","TheEnding"],"potions_floor_usage":[45,54,55,55,55,55],"damage_taken":[{"damage":1.0,"enemies":"Small Slimes","floor":1.0,"turns":5.0},{"damage":0.0,"enemies":"Cultist","floor":3.0,"turns":3.0},{"damage":0.0,"enemies":"Lagavulin","floor":6.0,"turns":6.0},{"damage":0.0,"enemies":"2 Louse","floor":7.0,"turns":2.0},{"damage":0.0,"enemies":"2 Fungi Beasts","floor":8.0,"turns":5.0},{"damage":0.0,"enemies":"Blue Slaver","floor":11.0,"turns":3.0},{"damage":0.0,"enemies":"3 Sentries","floor":12.0,"turns":4.0},{"damage":36.0,"enemies":"The Guardian","floor":16.0,"turns":10.0},{"damage":0.0,"enemies":"3 Byrds","floor":18.0,"turns":8.0},{"damage":12.0,"enemies":"Shell Parasite","floor":21.0,"turns":4.0},{"damage":8.0,"enemies":"Snecko","floor":22.0,"turns":6.0},{"damage":36.0,"enemies":"Gremlin Leader","floor":23.0,"turns":7.0},{"damage":4.0,"enemies":"Slavers","floor":27.0,"turns":8.0},{"damage":0.0,"enemies":"3 Cultists","floor":28.0,"turns":4.0},{"damage":1.0,"enemies":"Centurion and Healer","floor":29.0,"turns":8.0},{"damage":27.0,"enemies":"Gremlin Leader","floor":31.0,"turns":10.0},{"damage":34.0,"enemies":"Collector","floor":33.0,"turns":10.0},{"damage":0.0,"enemies":"3 Shapes","floor":35.0,"turns":6.0},{"damage":55.0,"enemies":"2 Orb Walkers","floor":36.0,"turns":8.0},{"damage":0.0,"enemies":"Mind Bloom Boss Battle","floor":39.0,"turns":9.0},{"damage":0.0,"enemies":"Nemesis","floor":40.0,"turns":7.0},{"damage":0.0,"enemies":"Giant Head","floor":41.0,"turns":16.0},{"damage":1,"enemies":"Reptomancer","floor":42,"turns":4},{"damage":9,"enemies":"3 Darklings","floor":44,"turns":10},{"damage":9,"enemies":"Nemesis","floor":45,"turns":7},{"damage":0,"enemies":"Giant Head","floor":47,"turns":13},{"damage":20,"enemies":"Donu and Deca","floor":50,"turns":7},{"damage":0,"enemies":"Shield and Spear","floor":54,"turns":8},{"damage":32,"enemies":"The Heart","floor":55,"turns":10}],"seed_played":"7194097456786166796","potions_obtained":[{"floor":1.0,"key":"SteroidPotion"},{"floor":3.0,"key":"Dexterity Potion"},{"floor":11.0,"key":"SkillPotion"},{"floor":21.0,"key":"Fire Potion"},{"floor":23.0,"key":"Swift Potion"},{"floor":27.0,"key":"Dexterity Potion"},{"floor":28.0,"key":"Fire Potion"},{"floor":31.0,"key":"DistilledChaos"},{"floor":33.0,"key":"Regen Potion"},{"floor":35.0,"key":"SteroidPotion"},{"floor":36.0,"key":"DuplicationPotion"},{"floor":40.0,"key":"PotionOfCapacity"}],"is_trial":false,"path_per_floor":["M","?","M","$","?","E","M","M","T","R","M","E","?","$","R","B",null,"M","?","?","M","M","E","R","$","T","E","M","M","R","E","R","B",null,"M","?","$","?","?","E","E","E","T","M","E","R","E","?","R","B",null,"R","$","E","B",null],"character_chosen":"DEFECT","items_purchased":["BootSequence","Conserve Battery","Membership Card","Singing Bowl","Bag of Preparation","Chemical X","EntropicBrew","FossilizedHelix","Art of War","DataDisk","Tempest","DuplicationPotion"],"campfire_rested":0,"item_purchase_floors":[4,14,25,25,37,53,53,53,53,53,53,53],"current_hp_per_floor":[74,74,74,74,74,74,74,74,74,74,74,74,74,74,74,38,75,75,75,75,63,55,26,26,26,26,36,36,49,49,36,36,9,75,77,31,31,31,45,45,59,60,60,65,88,88,90,90,90,77,90,90,90,92,60],"gold":80,"neow_bonus":"BOSS_RELIC","is_daily":false,"chose_seed":false,"campfire_upgraded":7,"win_rate":0.0,"timestamp":1613033779,"path_taken":["M","?","M","$","?","E","M","M","T","R","?","E","?","?","R","BOSS","M","?","?","M","M","E","R","?","T","E","M","M","R","E","R","BOSS","M","?","$","?","?","E","E","E","T","M","E","R","E","?","R","BOSS","R","$","E","BOSS"],"items_purchased_type":["Card","Card","Relic","Relic","Relic","Relic","Potion","Relic","Relic","Relic","Card","Potion"],"build_version":"2020-12-22","purchased_purges":0,"victory":true,"max_hp_per_floor":[75,75,75,75,75,75,75,75,75,75,75,75,75,75,75,75,75,75,75,75,75,75,75,75,75,75,75,75,75,75,75,75,75,75,77,79,79,79,79,79,79,81,81,81,88,88,90,90,90,90,90,90,90,92,92],"relic_stats":{"Inserter":[82],"Singing Bowl":10,"counters":[29,208],"Astrolabe":["Loop","Tempest","Lockon"],"Eternal Feather":0,"Pen Nib":[14],"Bag of Preparation":[20],"War Paint":["Skim","Reinforced Body"],"Boot":[145],"Smiling Mask":0,"Emotion Chip":[30,15,15,0,0],"Dream Catcher":0,"Ornamental Fan":[140],"Pandora\u0027s Box":["Reinforced Body","Echo Form","Meteor Strike","Rebound","Skim","Core Surge","Reinforced Body","All For One"],"Art of War":[13],"Chemical X":[9],"obtain_stats":[{"Ice Cream":40,"Lantern":54,"Singing Bowl":25,"Bag of Preparation":37,"Boot":12,"Smiling Mask":26,"Emotion Chip":36,"Dream Catcher":47,"Strawberry":45,"WingedGreaves":39,"Chemical X":53,"Cracked Core":0,"Potion Belt":31,"Inserter":17,"Astrolabe":34,"Eternal Feather":41,"Pen Nib":23,"The Courier":43,"Omamori":42,"War Paint":27,"DataDisk":53,"Ornamental Fan":6,"Pandora\u0027s Box":0,"Art of War":53,"Membership Card":25,"FossilizedHelix":53},{"Ice Cream":21,"Lantern":28,"Singing Bowl":12,"Bag of Preparation":19,"Boot":7,"Smiling Mask":12,"Emotion Chip":19,"Dream Catcher":26,"Strawberry":25,"WingedGreaves":20,"Chemical X":27,"Cracked Core":0,"Potion Belt":16,"Inserter":8,"Astrolabe":17,"Eternal Feather":22,"Pen Nib":12,"The Courier":23,"Omamori":23,"War Paint":13,"DataDisk":27,"Ornamental Fan":3,"Pandora\u0027s Box":0,"Art of War":27,"Membership Card":12,"FossilizedHelix":27},{"Ice Cream":133,"Lantern":198,"Singing Bowl":63,"Bag of Preparation":117,"Boot":28,"Smiling Mask":63,"Emotion Chip":117,"Dream Catcher":183,"Strawberry":170,"WingedGreaves":126,"Chemical X":190,"Cracked Core":0,"Potion Belt":93,"Inserter":38,"Astrolabe":103,"Eternal Feather":149,"Pen Nib":63,"The Courier":153,"Omamori":153,"War Paint":71,"DataDisk":190,"Ornamental Fan":14,"Pandora\u0027s Box":0,"Art of War":190,"Membership Card":63,"FossilizedHelix":190}]},"card_choices":[{"not_picked":["Force Field","Redo"],"picked":"Turbo","floor":1.0},{"not_picked":["Compile Driver","Scrape"],"picked":"Chill","floor":3.0},{"not_picked":["Streamline","Beam Cell","Gash"],"picked":"SKIP","floor":6.0},{"not_picked":["Rebound","Thunder Strike"],"picked":"Turbo","floor":7.0},{"not_picked":["Beam Cell","Lockon","Cold Snap"],"picked":"SKIP","floor":8.0},{"not_picked":["Turbo","Doom and Gloom","Rip and Tear"],"picked":"SKIP","floor":11.0},{"not_picked":["Sunder","Steam"],"picked":"Fission","floor":12.0},{"not_picked":["Fission","Buffer"],"picked":"Creative AI","floor":16.0},{"not_picked":["Sunder","Lockon","Conserve Battery"],"picked":"SKIP","floor":18.0},{"not_picked":["Defragment","Conserve Battery"],"picked":"Consume+1","floor":21.0},{"not_picked":["Hello World","Turbo"],"picked":"Self Repair","floor":22.0},{"not_picked":["Go for the Eyes+1","Static Discharge"],"picked":"Recycle","floor":23.0},{"not_picked":["Beam Cell+1","Aggregate"],"picked":"Coolheaded+1","floor":27.0},{"not_picked":["White Noise","Stack+1"],"picked":"Coolheaded+1","floor":28.0},{"not_picked":["Capacitor","Sweeping Beam+1"],"picked":"Biased Cognition","floor":29.0},{"not_picked":["Doom and Gloom+1","Compile Driver"],"picked":"Glacier","floor":31.0},{"not_picked":["All For One","Thunder Strike"],"picked":"Creative AI","floor":33.0},{"not_picked":["Beam Cell+1","Undo+1","Chill+1"],"picked":"Singing Bowl","floor":35.0},{"not_picked":["Cold Snap","Rip and Tear+1","Sweeping Beam"],"picked":"Singing Bowl","floor":36.0},{"not_picked":["Darkness","Loop"],"picked":"Hologram+1","floor":39.0},{"not_picked":["Leap+1","BootSequence+1"],"picked":"Turbo+1","floor":40.0},{"not_picked":["Beam Cell+1","Barrage+1"],"picked":"Defragment+1","floor":41.0},{"not_picked":["Streamline+1","Steam+1","Sweeping Beam"],"picked":"Singing Bowl","floor":42},{"not_picked":["Rip and Tear+1","Redo"],"picked":"Buffer","floor":44},{"not_picked":["Go for the Eyes+1","Leap"],"picked":"Glacier+1","floor":45},{"not_picked":["Streamline","Conserve Battery+1","Reprogram"],"picked":"Singing Bowl","floor":47},{"not_picked":["Fission","Beam Cell","Sweeping Beam+1"],"picked":"Singing Bowl","floor":54}],"player_experience":3849134,"relics_obtained":[{"floor":6.0,"key":"Ornamental Fan"},{"floor":12.0,"key":"Boot"},{"floor":23.0,"key":"Pen Nib"},{"floor":26.0,"key":"Smiling Mask"},{"floor":27.0,"key":"War Paint"},{"floor":31.0,"key":"Potion Belt"},{"floor":36.0,"key":"Emotion Chip"},{"floor":39.0,"key":"WingedGreaves"},{"floor":40.0,"key":"Ice Cream"},{"floor":41.0,"key":"Eternal Feather"},{"floor":42,"key":"Omamori"},{"floor":43,"key":"The Courier"},{"floor":45,"key":"Strawberry"},{"floor":47,"key":"Dream Catcher"},{"floor":54,"key":"Lantern"}],"event_choices":[{"cards_removed":["Zap"],"damage_healed":0.0,"max_hp_gain":0.0,"max_hp_loss":0.0,"gold_gain":0.0,"event_name":"The Cleric","player_choice":"Card Removal","floor":2.0,"gold_loss":50.0,"damage_taken":0.0},{"damage_healed":0.0,"max_hp_gain":0.0,"max_hp_loss":0.0,"gold_gain":0.0,"event_name":"Upgrade Shrine","player_choice":"Upgraded","floor":5.0,"gold_loss":0.0,"damage_taken":0.0,"cards_upgraded":["Turbo"]},{"damage_healed":0.0,"max_hp_gain":0.0,"max_hp_loss":0.0,"gold_gain":0.0,"event_name":"NoteForYourself","player_choice":"Ignored","floor":13.0,"gold_loss":0.0,"damage_taken":0.0},{"damage_healed":0.0,"max_hp_gain":0.0,"max_hp_loss":0.0,"gold_gain":0.0,"event_name":"The Library","player_choice":"Read","floor":19.0,"gold_loss":0.0,"damage_taken":0.0,"cards_obtained":["Barrage"]},{"damage_healed":0.0,"max_hp_gain":0.0,"max_hp_loss":0.0,"gold_gain":0.0,"event_name":"The Mausoleum","player_choice":"Ignored","floor":20.0,"gold_loss":0.0,"damage_taken":0.0},{"damage_healed":0.0,"max_hp_gain":0.0,"max_hp_loss":0.0,"gold_gain":0.0,"event_name":"Mysterious Sphere","player_choice":"Fight","floor":36.0,"gold_loss":0.0,"damage_taken":0.0},{"cards_removed":["Creative AI"],"damage_healed":0.0,"max_hp_gain":0.0,"max_hp_loss":0.0,"gold_gain":0.0,"event_name":"Falling","player_choice":"Removed Power","floor":38.0,"gold_loss":0.0,"damage_taken":0.0},{"damage_healed":0.0,"max_hp_gain":0.0,"max_hp_loss":0.0,"gold_gain":0.0,"event_name":"MindBloom","player_choice":"Fight","floor":39.0,"gold_loss":0.0,"damage_taken":0.0},{"damage_healed":23,"gold_gain":0,"player_choice":"Writhe","damage_taken":0,"max_hp_gain":0,"max_hp_loss":0,"event_name":"Winding Halls","floor":48,"gold_loss":0,"cards_obtained":["Writhe"]}],"is_beta":false,"boss_relics":[{"not_picked":["Coffee Dripper","Ectoplasm"],"picked":"Inserter"},{"not_picked":["Tiny House","Fusion Hammer"],"picked":"Astrolabe"}],"items_purged_floors":[],"is_endless":false,"potions_floor_spawned":[1,3,11,12,21,23,27,28,31,33,35,36,40,41,44],"ascension_level":1}}