{"host":"ln8zowmpyx5bxamj","time":1613077383,"event":{"mods":["Act Like it!","BaseMod","CapriCore","Colored Map","Conspire","Gensokyo","GifTheSpireLib","Hallownest","Hubris","KomeijiMod","Minty Spire (QoL Compilation)","Permanent Neow","Replay The Spire","StSLib","The Immortal","Uncapped","Yuyuko"],"gold_per_floor":[112,128,128,149,203,203,239,17,41,54,54,77,96,137,137,137,137,137],"floor_reached":16,"language":"ENG","playtime":1416,"items_purged":[],"score":112,"play_id":"15d8204e-d4c6-4265-b5c2-06b2426b6142","local_time":"20210211150303","is_ascension_mode":false,"campfire_choices":[{"data":"MokouMod:Refresh","floor":6,"key":"SMITH"},{"data":"MokouMod:IgneousBlow","floor":11,"key":"SMITH"}],"circlet_count":0,"master_deck":["MokouMod:Strike","MokouMod:Strike","MokouMod:Strike","MokouMod:Strike","MokouMod:Strike","MokouMod:Defend","MokouMod:Defend","MokouMod:Defend+1","MokouMod:Defend","MokouMod:HeatSpark","MokouMod:Rebirth","MokouMod:Singe","MokouMod:CrimsonFlare","MokouMod:IgneousBlow+1","MokouMod:FlareStarter+1","MokouMod:Refresh+1","Pot Of Greed","Pot Of Greed","MokouMod:ScorchingColumn","MokouMod:HeartofFire+1","MokouMod:Stoke","MokouMod:Ember","MokouMod:Extinguish+1"],"relics":["MokouMod:PhoenixFeather","Golden Idol","Golden Egg","Grinning Jar","War Paint","Bag of Preparation","Replay:Baseball"],"acts_visited":["Exordium"],"potions_floor_usage":[13,16],"damage_taken":[{"damage":0,"enemies":"2 Louse","floor":1,"turns":4},{"damage":3,"enemies":"Small Slimes","floor":2,"turns":4},{"damage":1,"enemies":"Cultist","floor":4,"turns":3},{"damage":50,"enemies":"Lagavulin","floor":7,"turns":7},{"damage":18,"enemies":"3 Louse","floor":10,"turns":3},{"damage":2,"enemies":"Looter","floor":12,"turns":3},{"damage":9,"enemies":"Exordium Thugs","floor":13,"turns":4},{"damage":9,"enemies":"3 Sentries","floor":14,"turns":4},{"damage":69,"enemies":"The Guardian","floor":16,"turns":13}],"seed_played":"-4371482544664771703","potions_obtained":[{"floor":1,"key":"FairyPotion"},{"floor":12,"key":"SpeedPotion"},{"floor":14,"key":"Elixir"}],"is_trial":false,"path_per_floor":["M","M","?","M","?","R","E","$","T","M","R","M","M","E","R_BF","B"],"character_chosen":"MKU","items_purchased":["MokouMod:HeartofFire","War Paint"],"campfire_rested":0,"item_purchase_floors":[8,8],"current_hp_per_floor":[75,72,54,53,53,53,3,3,3,10,10,8,18,9,9,0,0,0],"gold":137,"neow_bonus":"ONE_RANDOM_RARE_CARD","is_daily":false,"chose_seed":false,"campfire_upgraded":2,"win_rate":0.0,"timestamp":1613077383,"path_taken":["M","M","?","M","?","R","E","$","T","M","R","?","M","E","R_BF","BOSS"],"items_purchased_type":["Card","Relic"],"build_version":"2020-12-22","purchased_purges":0,"victory":false,"max_hp_per_floor":[75,75,75,75,75,75,75,75,75,75,75,75,75,75,75,75,75,75],"card_choices":[{"not_picked":["MokouMod:HeatFactory","MokouMod:Overheat"],"picked":"MokouMod:Singe","floor":1},{"not_picked":["MokouMod:IndiscriminateIgnition","MokouMod:FusionFlare"],"picked":"MokouMod:CrimsonFlare","floor":2},{"not_picked":["MokouMod:ResoluteFlare","MokouMod:GuidingSmoke"],"picked":"MokouMod:IgneousBlow","floor":4},{"not_picked":["MokouMod:Sear","MokouMod:AdaptivePyromancy"],"picked":"MokouMod:FlareStarter","floor":5},{"not_picked":["MokouMod:TemporalFireSeal","MokouMod:FlareStarter"],"picked":"MokouMod:Refresh","floor":5},{"not_picked":["MokouMod:Meltdown","MokouMod:ImperishableFlame"],"picked":"MokouMod:ScorchingColumn","floor":7},{"not_picked":["MokouMod:Fireball","MokouMod:EternalBurstReactor","MokouMod:FlickeringFlame"],"picked":"SKIP","floor":10},{"not_picked":["MokouMod:SearingShot","MokouMod:Ember"],"picked":"MokouMod:Stoke","floor":12},{"not_picked":["MokouMod:Overheat","MokouMod:FlickeringFlame"],"picked":"MokouMod:Ember","floor":13},{"not_picked":["MokouMod:FlamingFireTalons","MokouMod:HeatFactory"],"picked":"MokouMod:Stoke","floor":14}],"player_experience":333619,"relics_obtained":[{"floor":5,"key":"Golden Egg"},{"floor":7,"key":"Grinning Jar"},{"floor":9,"key":"Bag of Preparation"},{"floor":14,"key":"Replay:Baseball"}],"event_choices":[{"damage_healed":0,"gold_gain":0,"player_choice":"Take Damage","damage_taken":18,"relics_obtained":["Golden Idol"],"max_hp_gain":0,"max_hp_loss":0,"event_name":"Golden Idol","floor":3,"gold_loss":0}],"is_beta":false,"boss_relics":[],"items_purged_floors":[],"is_endless":false,"potions_floor_spawned":[1,12,14],"killed_by":"The Guardian","ascension_level":0}}