{"host":"l15sdf2mmi0nobpi","time":1613009986,"event":{"mods":["ATMod(°¢èªMod)","BaseMod","Highlight Path","Minty Spire (QoL Compilation)","Quick Restart","StSLib","The Runesmith","The Senshi","¡¾¹¦ÄÜMod¡¿Neow½±Àø"],"gold_per_floor":[112,128,143,63,82,109,109,144,144,169,169,180,214,66,66,171,171,189,189,189,202,220,253,263,9,9,9,37,37,37,47,47,145,145,158,33,46,58,78,111,121,150,150,183,202,232,260,274,274,274,274,274,74,103,103],"floor_reached":56,"language":"ZHS","playtime":82832,"items_purged":["Runesmith:Strike_RS","Runesmith:Strike_RS","Runesmith:Defend_RS","Runesmith:Defend_RS"],"score":1925,"play_id":"e14f5d72-0ec8-49a7-8018-c8c0a04b3e87","local_time":"20210211101946","is_ascension_mode":true,"campfire_choices":[{"data":"AT_FamilyPortrait","floor":7.0,"key":"SMITH"},{"floor":15.0,"key":"REST"},{"data":"Runesmith:CraftFirestone","floor":27.0,"key":"PURGE"},{"data":"Pain","floor":32.0,"key":"PURGE"},{"floor":49,"key":"RECALL"},{"data":"Runesmith:Defend_RS","floor":52,"key":"PURGE"}],"circlet_count":0,"master_deck":["Runesmith:Defend_RS","Runesmith:Fortify","AT_FamilyPortrait+1","Runesmith:Firewall","Runesmith:CraftObretio","Runesmith:EnergizedChisel","Runesmith:Firestorm","Runesmith:LithiumIon","Runesmith:BackupBattery","Runesmith:Grindstone","Runesmith:MetallurgicalResearch","Runesmith:UnlimitedPower","Runesmith:LithiumIon","Runesmith:CraftMagma+1","Runesmith:LightningRod","Runesmith:OneForEveryone","Runesmith:PoweredAnvil+1","Runesmith:CraftProtectio+1","Runesmith:Repurpose+1","Runesmith:Retool+1","Runesmith:LightningRod+1"],"relics":["Runesmith:BrokenRuby","Anchor","Mercury Hourglass","Pocketwatch","Ice Cream","Peace Pipe","Fusion Hammer","Nloth\u0027s Gift","Frozen Egg 2","Matryoshka","Toy Ornithopter","WarpedTongs","AT_TrinityForce","Gambling Chip","AT_LudenTempest","PreservedInsect","AT_ImmortalShieldbow","Toxic Egg 2","AT_SilvercatRing"],"acts_visited":["Exordium","TheCity","TheBeyond","TheEnding"],"potions_floor_usage":[38,41,55,55],"damage_taken":[{"damage":5.0,"enemies":"2 Louse","floor":1.0,"turns":3.0},{"damage":0.0,"enemies":"Cultist","floor":2.0,"turns":3.0},{"damage":0.0,"enemies":"Small Slimes","floor":3.0,"turns":2.0},{"damage":10.0,"enemies":"Gremlin Gang","floor":5.0,"turns":6.0},{"damage":11.0,"enemies":"3 Sentries","floor":6.0,"turns":7.0},{"damage":27.0,"enemies":"Gremlin Nob","floor":8.0,"turns":6.0},{"damage":0.0,"enemies":"Lagavulin","floor":10.0,"turns":7.0},{"damage":2.0,"enemies":"Large Slime","floor":12.0,"turns":6.0},{"damage":0.0,"enemies":"3 Sentries","floor":13.0,"turns":6.0},{"damage":21.0,"enemies":"Slime Boss","floor":16.0,"turns":8.0},{"damage":0.0,"enemies":"Shell Parasite","floor":18.0,"turns":5.0},{"damage":10.0,"enemies":"3 Byrds","floor":21.0,"turns":5.0},{"damage":0.0,"enemies":"Snake Plant","floor":22.0,"turns":4.0},{"damage":19.0,"enemies":"Gremlin Leader","floor":23.0,"turns":6.0},{"damage":1.0,"enemies":"Shelled Parasite and Fungi","floor":24.0,"turns":6.0},{"damage":4.0,"enemies":"Slavers","floor":28.0,"turns":5.0},{"damage":2.0,"enemies":"Centurion and Healer","floor":31.0,"turns":7.0},{"damage":0.0,"enemies":"Automaton","floor":33.0,"turns":8.0},{"damage":0.0,"enemies":"3 Darklings","floor":35.0,"turns":6.0},{"damage":0,"enemies":"3 Shapes","floor":37,"turns":4},{"damage":0,"enemies":"Jaw Worm Horde","floor":38,"turns":5},{"damage":0,"enemies":"3 Darklings","floor":39,"turns":6},{"damage":0,"enemies":"Reptomancer","floor":40,"turns":6},{"damage":0,"enemies":"Transient","floor":41,"turns":5},{"damage":0,"enemies":"Nemesis","floor":42,"turns":7},{"damage":3,"enemies":"Reptomancer","floor":44,"turns":4},{"damage":0,"enemies":"4 Shapes","floor":45,"turns":4},{"damage":0,"enemies":"3 Darklings","floor":46,"turns":3},{"damage":0,"enemies":"Nemesis","floor":47,"turns":5},{"damage":0,"enemies":"Transient","floor":48,"turns":5},{"damage":7,"enemies":"Donu and Deca","floor":50,"turns":8},{"damage":0,"enemies":"Shield and Spear","floor":54,"turns":6},{"damage":50,"enemies":"The Heart","floor":55,"turns":9}],"seed_played":"-107400675693670090","potions_obtained":[{"floor":1.0,"key":"Fruit Juice"},{"floor":8.0,"key":"DistilledChaos"},{"floor":10.0,"key":"Dexterity Potion"},{"floor":22.0,"key":"EntropicBrew"},{"floor":28.0,"key":"SpeedPotion"},{"floor":38,"key":"SteroidPotion"},{"floor":39,"key":"Fruit Juice"},{"floor":41,"key":"Regen Potion"},{"floor":47,"key":"SkillPotion"}],"is_trial":false,"path_per_floor":["M","M","M","$","M","E","R","E","T","E","?","M","E","$","R","B",null,"M","?","?","M","M","E","M","$","T","R","E","?","$","M","R","B",null,"M","$","M","M","M","E","M","E","T","E","M","M","E","M","R","B",null,"R","$","E","B",null],"character_chosen":"RUNESMITH_CLASS","items_purchased":["Runesmith:LithiumIon","Runesmith:LithiumIon","Runesmith:OneForEveryone","Regen Potion","PowerPotion"],"campfire_rested":1,"item_purchase_floors":[4,14,25,25,53],"current_hp_per_floor":[58,58,58,58,48,37,37,15,15,15,15,13,13,13,33,12,54,54,54,54,51,51,32,31,31,31,31,41,41,41,39,39,39,61,61,61,68,68,68,68,73,73,73,70,70,70,70,70,70,63,71,71,71,71,46],"gold":103,"neow_bonus":"TRANSFORM_TWO_CARDS","is_daily":false,"chose_seed":false,"campfire_upgraded":1,"win_rate":0.0,"timestamp":1613009986,"path_taken":["M","M","M","$","M","E","R","E","T","E","?","M","E","$","R","BOSS","M","?","?","?","M","E","M","$","T","R","E","?","$","M","R","BOSS","M","$","M","M","?","E","M","E","T","E","?","M","E","M","R","BOSS","R","$","E","BOSS"],"items_purchased_type":["Card","Card","Card","Potion","Potion"],"build_version":"2020-12-22","purchased_purges":4,"victory":true,"max_hp_per_floor":[63,63,63,63,63,63,63,68,68,68,68,68,68,68,68,68,68,68,68,68,68,68,68,68,68,68,68,68,68,68,68,68,68,68,68,68,68,68,68,68,73,73,73,73,73,73,73,73,73,73,73,73,73,73,73],"card_choices":[{"not_picked":["Runesmith:HeatedChisel","Runesmith:HeatExchange"],"picked":"Runesmith:EnergizedChisel","floor":1.0},{"not_picked":["Runesmith:HeatExchange","Runesmith:ShiftingStrike","Runesmith:Overpower"],"picked":"SKIP","floor":2.0},{"not_picked":["Runesmith:UnstableHammer","Runesmith:CraftMagma"],"picked":"Runesmith:Firestorm","floor":3.0},{"not_picked":["Runesmith:ChiselStab","Runesmith:Grindstone"],"picked":"Runesmith:BackupBattery","floor":5.0},{"not_picked":["Runesmith:MakeshiftArmor","Runesmith:StaticCage"],"picked":"Runesmith:Grindstone","floor":6.0},{"not_picked":["Runesmith:UnstableHammer","Runesmith:ShiftingStrike","Runesmith:NanitesCloud"],"picked":"SKIP","floor":8.0},{"not_picked":["Runesmith:CraftSpiculum","Runesmith:Firestorm","Runesmith:GoWithTheFlow"],"picked":"SKIP","floor":10.0},{"not_picked":["Runesmith:CraftSpiculum","Runesmith:Firestorm","Runesmith:GoWithTheFlow"],"picked":"SKIP","floor":10.0},{"not_picked":["Runesmith:Augment","Runesmith:BackupBattery","Runesmith:NegativeSpace"],"picked":"SKIP","floor":12.0},{"not_picked":["Runesmith:StaticCage","Runesmith:Firewall"],"picked":"Runesmith:UnlimitedPower","floor":13.0},{"not_picked":["Runesmith:EnergizedChisel+1","Runesmith:RunicBlueprint"],"picked":"Runesmith:CraftMagma+1","floor":18.0},{"not_picked":["Runesmith:Duplicate","Runesmith:HeatedChisel","Runesmith:CraftMagma+1"],"picked":"SKIP","floor":21.0},{"not_picked":["Runesmith:Overpower","Runesmith:MakeshiftArmor","Runesmith:ShiftingStrike"],"picked":"SKIP","floor":22.0},{"not_picked":["Runesmith:ShiftingStrike+1","Runesmith:CraftMagma"],"picked":"Runesmith:LightningRod","floor":23.0},{"not_picked":["Runesmith:NegativeSpace","Runesmith:HeatedChisel","Runesmith:EnergizedChisel"],"picked":"SKIP","floor":24.0},{"not_picked":["Runesmith:ChiselStab","Runesmith:CraftMagma","Runesmith:HeatExchange"],"picked":"SKIP","floor":28.0},{"not_picked":["Runesmith:FieryHammer","Runesmith:GenerateForcefield","Runesmith:UnstableHammer"],"picked":"SKIP","floor":31.0},{"not_picked":["Runesmith:EarthShield+1","Runesmith:Overpower"],"picked":"Runesmith:PoweredAnvil+1","floor":35.0},{"not_picked":["Runesmith:BackupBattery","Runesmith:ChiselStab","Runesmith:OneForEveryone+1"],"picked":"SKIP","floor":37},{"not_picked":["Runesmith:StaticCage","Runesmith:Accelerate","Runesmith:HammerThrow+1"],"picked":"SKIP","floor":38},{"not_picked":["Runesmith:Electrocute+1","Runesmith:UnlimitedPower+1"],"picked":"Runesmith:CraftProtectio+1","floor":39},{"not_picked":["Runesmith:BackupBattery","Runesmith:PerfectChisel+1"],"picked":"Runesmith:Repurpose+1","floor":40},{"not_picked":["Runesmith:Repurpose","Runesmith:Accelerate","Runesmith:ChiselStab+1"],"picked":"SKIP","floor":41},{"not_picked":["Runesmith:Repurpose","Runesmith:Accelerate","Runesmith:ChiselStab+1"],"picked":"SKIP","floor":41},{"not_picked":["Runesmith:GenerateForcefield","Runesmith:Empowerment","Runesmith:BackupBattery"],"picked":"SKIP","floor":42},{"not_picked":["Runesmith:ReplicatingBarrier+1","Runesmith:ArcReactor+1","Runesmith:ChaoticBlast"],"picked":"SKIP","floor":44},{"not_picked":["Runesmith:CraftIncendium+1","Runesmith:Overpower","Runesmith:HeatedChisel"],"picked":"SKIP","floor":45},{"not_picked":["Runesmith:HammerThrow+1","Runesmith:CraftProtectio+1","Runesmith:Repurpose+1"],"picked":"SKIP","floor":46},{"not_picked":["Runesmith:Discharge","Runesmith:BackupBattery+1"],"picked":"Runesmith:Retool+1","floor":47},{"not_picked":["Runesmith:ShiftingStrike","Runesmith:LastStand+1","Runesmith:ChaoticBlast+1"],"picked":"SKIP","floor":48},{"not_picked":["Runesmith:HeatExchange+1","Runesmith:Accelerate+1"],"picked":"Runesmith:LightningRod+1","floor":54}],"player_experience":608595,"relics_obtained":[{"floor":6.0,"key":"Anchor"},{"floor":8.0,"key":"Mercury Hourglass"},{"floor":9.0,"key":"Pocketwatch"},{"floor":10.0,"key":"Ice Cream"},{"floor":13.0,"key":"Peace Pipe"},{"floor":23.0,"key":"Frozen Egg 2"},{"floor":26.0,"key":"Matryoshka"},{"floor":28.0,"key":"Toy Ornithopter"},{"floor":40,"key":"Gambling Chip"},{"floor":42,"key":"AT_LudenTempest"},{"floor":43,"key":"PreservedInsect"},{"floor":44,"key":"AT_ImmortalShieldbow"},{"floor":47,"key":"Toxic Egg 2"},{"floor":54,"key":"AT_SilvercatRing"}],"event_choices":[{"damage_healed":0.0,"max_hp_gain":0.0,"max_hp_loss":0.0,"gold_gain":0.0,"event_name":"Match and Keep!","player_choice":"1 cards matched","floor":11.0,"gold_loss":0.0,"damage_taken":0.0,"cards_obtained":["Runesmith:MetallurgicalResearch"]},{"damage_healed":0.0,"max_hp_gain":0.0,"max_hp_loss":0.0,"gold_gain":0.0,"event_name":"Vampires","player_choice":"Ignored","floor":19.0,"gold_loss":0.0,"damage_taken":0.0},{"damage_healed":0.0,"max_hp_gain":0.0,"max_hp_loss":0.0,"gold_gain":0.0,"event_name":"N\u0027loth","player_choice":"Traded Relic","floor":20.0,"relics_lost":["AT_ATBox"],"gold_loss":0.0,"damage_taken":0.0,"relics_obtained":["Nloth\u0027s Gift"]},{"damage_healed":0.0,"max_hp_gain":0.0,"max_hp_loss":0.0,"gold_gain":0.0,"event_name":"Accursed Blacksmith","player_choice":"Rummage","floor":29.0,"gold_loss":0.0,"damage_taken":0.0,"relics_obtained":["WarpedTongs"],"cards_obtained":["Pain"]}],"is_beta":false,"boss_relics":[{"not_picked":["theSenshi:MoonKaleidoScopeRelic","Calling Bell"],"picked":"Fusion Hammer"},{"not_picked":["Runesmith:PocketReactor","AT_MortalBlade"],"picked":"AT_TrinityForce"}],"items_purged_floors":[14,25,36,53],"is_endless":false,"potions_floor_spawned":[1,8,10,16,21,22,28,38,39,40,41,46,47],"ascension_level":7}}