{"host":"23qk1co0p3p8qz56","time":1613011188,"event":{"mods":["100% Spire Juice","AchievementEnabler","Act Like it!","Arknights","BaseMod","Better Note","Better Third Choice","BetterRewards","CapriCore","Chen","Colored Map","Downfall","Duelist Mod","Friendly Minions","Gensokyo","Gold Saver","KinomotoSakuraMod(ñÿîVñ{?)","Koishi","LagranYue(ùfäiòNÅEåé)","Lobotomy","LobotomyExtend","Mari Mod (Legacy)","Mari\u0027s V1 Patch","MarisaÅiñ∂âJÅ@ñÇóùçπÅj","Minty Spire (QoL Compilation)","Prisma Mod","ReimuÅiîé??öÎÅj","RemiliaÅiÂQïƒ‰ª?Åj","RumiaBox-òIïƒ?ìIê_îÈ·¥éq","StSLib","The Administrix","The Alterego","The Animator","The Gatherer","The Immortal","The Senshi","Waifu the Spire","WarShipGirlsR/??è≠èóR mod","Yakumo Yukari mod","Yohane!","Yuyuko"],"gold_per_floor":[654,583,602,702,719,719,737,752,776,790,790,790,808,825,825,930,930,945,622,622,622,636,636,636],"floor_reached":23,"language":"ENG","playtime":1442,"items_purged":[],"score":185,"play_id":"72f2db58-7197-4ec7-a26d-22d9216ff554","local_time":"20210210193948","is_ascension_mode":false,"campfire_choices":[{"data":"rmod:wife","floor":6,"key":"SMITH"},{"data":"rmod:chargemoney","floor":12,"key":"SMITH"},{"data":"rmod:expedition","floor":15,"key":"SMITH"}],"circlet_count":0,"master_deck":["rmod:strick","rmod:strick","rmod:strick","rmod:strick","rmod:defend","rmod:defend","rmod:defend","rmod:defend","rmod:basicallowance","rmod:maingunfire","rmod:supportescort","rmod:wife+1","rmod:chargemoney+1","rmod:aviationdawn","rmod:salvage","rmod:ammunitionsupply","rmod:fletcherpendant+1","rmod:fletcherpendant","rmod:bulid","rmod:fletcherpendant","rmod:steelsupply","rmod:expedition+1","rmod:lonelyqueen","rmod:saltedfish","rmod:diaomin","rmod:openingtorpedo","rmod:firesupport"],"relics":["rmod:firstchargereward","LagranYue:RandomDrawCardRelic","LetterFromLob","Regal Pillow","rmod:monthlycard","rmod:equipmentrecovery","MutagenicStrength"],"acts_visited":["Exordium","TheCity"],"potions_floor_usage":[16,16,18],"damage_taken":[{"damage":0,"enemies":"ats:Genji","floor":1,"turns":3},{"damage":0,"enemies":"Cultist","floor":3,"turns":4},{"damage":4,"enemies":"Jaw Worm","floor":5,"turns":4},{"damage":8,"enemies":"3 Louse","floor":7,"turns":4},{"damage":0,"enemies":"Exordium Wildlife","floor":8,"turns":4},{"damage":4,"enemies":"Exordium Thugs","floor":10,"turns":4},{"damage":13,"enemies":"2 Fungi Beasts","floor":13,"turns":3},{"damage":9,"enemies":"Looter","floor":14,"turns":3},{"damage":26,"enemies":"The Guardian","floor":16,"turns":9},{"damage":27,"enemies":"Spheric Guardian","floor":18,"turns":5},{"damage":40,"enemies":"2 Thieves","floor":22,"turns":6},{"damage":8,"enemies":"theDuelist:KaibaA2","floor":23,"turns":1}],"seed_played":"-130116258975722065","potions_obtained":[{"floor":1,"key":"CultistPotion"},{"floor":5,"key":"SteroidPotion"},{"floor":7,"key":"GamblersBrew"},{"floor":14,"key":"Explosive Potion"}],"is_trial":false,"path_per_floor":["M","$","M","?","M","R","M","M","T","M","?","R","M","M","R","B",null,"M","$","?","?","M","E"],"character_chosen":"PRAEFECT","items_purchased":["rmod:chargemoney","rmod:equipmentrecovery","rmod:openingtorpedo"],"campfire_rested":0,"item_purchase_floors":[2,19,19],"current_hp_per_floor":[75,75,75,75,71,71,63,63,63,59,75,75,62,53,53,27,75,48,48,48,48,8,0,0],"gold":636,"neow_bonus":"THREE_CARDS","is_daily":false,"chose_seed":false,"campfire_upgraded":3,"win_rate":0.0,"timestamp":1613011188,"path_taken":["M","$","M","?","M","R","M","M","T","?","?","R","M","M","R","BOSS","M","$","?","?","M","E"],"items_purchased_type":["Card","Relic","Card"],"build_version":"2020-12-22","purchased_purges":0,"victory":false,"max_hp_per_floor":[75,75,75,75,75,75,75,75,75,75,75,75,75,75,75,75,75,75,75,75,75,75,75,75],"card_choices":[{"not_picked":["rmod:fletcherpendant","rmod:rockthrower"],"picked":"rmod:supportescort","floor":0},{"not_picked":["rmod:steelsupply","rmod:unsinkable"],"picked":"rmod:wife","floor":1},{"not_picked":["rmod:garrisonisland","rmod:launchingtorpedo"],"picked":"rmod:aviationdawn","floor":3},{"not_picked":["rmod:diamondstrike","rmod:garrisonisland"],"picked":"rmod:salvage","floor":5},{"not_picked":["rmod:salvage","rmod:fuelsupply"],"picked":"rmod:ammunitionsupply","floor":7},{"not_picked":["rmod:selfconfidence","rmod:unsinkable"],"picked":"rmod:bulid","floor":8},{"not_picked":["rmod:unsinkable","rmod:diamondstrike"],"picked":"rmod:steelsupply","floor":10},{"not_picked":["rmod:luckystar","rmod:firesupport"],"picked":"rmod:expedition","floor":13},{"not_picked":["rmod:garrisonisland","rmod:spoils"],"picked":"rmod:lonelyqueen","floor":14},{"not_picked":["rmod:desperatesituation","rmod:ridicule"],"picked":"rmod:saltedfish","floor":16},{"not_picked":["rmod:bulid","rmod:fletcherpendant"],"picked":"rmod:diaomin","floor":18},{"not_picked":["rmod:aviationdawn","rmod:fuelsupply"],"picked":"rmod:firesupport","floor":22}],"player_experience":145276,"relics_obtained":[{"floor":1,"key":"LetterFromLob"},{"floor":9,"key":"Regal Pillow"}],"event_choices":[{"damage_healed":0,"gold_gain":100,"player_choice":"Pray","damage_taken":0,"max_hp_gain":0,"max_hp_loss":0,"event_name":"Golden Shrine","floor":4,"gold_loss":0},{"damage_healed":25,"gold_gain":0,"player_choice":"Banana","damage_taken":0,"max_hp_gain":0,"max_hp_loss":0,"event_name":"Big Fish","floor":11,"gold_loss":0},{"damage_healed":0,"gold_gain":0,"player_choice":"Ignored","damage_taken":0,"max_hp_gain":0,"max_hp_loss":0,"event_name":"betterNote:BetterNote","floor":20,"gold_loss":0,"cards_obtained":["animator:Wiz"]},{"damage_healed":0,"gold_gain":0,"player_choice":"Inject Mutagens","damage_taken":0,"relics_obtained":["MutagenicStrength"],"max_hp_gain":0,"max_hp_loss":0,"event_name":"Drug Dealer","floor":21,"gold_loss":0}],"is_beta":false,"boss_relics":[{"not_picked":["LagranYue:ContractPerformanceRelic","Cursed Key"],"picked":"rmod:monthlycard"}],"items_purged_floors":[],"is_endless":false,"potions_floor_spawned":[1,5,7,13,14],"killed_by":"theDuelist:KaibaA2","ascension_level":0}}