{"host":"vt6dr1xq3iy14a3e","time":1613053560,"event":{"mods":["AchievementEnabler","BaseMod","Colored Map","DeckTracker","Minty Spire (QoL Compilation)","Replay The Spire","StSLib","SuperFastMode"],"gold_per_floor":[115,0,15,29,55,86,105,119,119,119,119,138,150,165,165,270,370,387,165,90,90,90,124,124,150,150,150,150,168,185,202,202,202,202],"floor_reached":33,"language":"KOR","playtime":2979,"items_purged":["Strike_P","Strike_P"],"score":434,"play_id":"0740b0d8-f6d9-457c-a230-32ab8e23873f","local_time":"20210211232600","is_ascension_mode":true,"campfire_choices":[{"data":"Eruption","floor":11,"key":"SMITH"},{"floor":24,"key":"REST"},{"data":"Midas Touch","floor":27,"key":"SMITH"},{"floor":32,"key":"REST"}],"circlet_count":0,"master_deck":["AscendersBane","Strike_P","Defend_P","Defend_P","Defend_P","Defend_P","Eruption+1","Vigilance","Pray+1","Replay:Vibes","Wallop","Replay:Anticipation","SignatureMove","Vault","Replay:Battleflow","Brilliance","Dramatic Entrance","Impatience","Midas Touch+1","Swift Strike","Halt+1"],"relics":["PureWater","NeowsBlessing","Bag of Marbles","ReplayTheSpireMod:TigerMarble","Singing Bowl","Replay:Wanted Poster","ReplayTheSpireMod:ShopPack","Nilry\u0027s Codex","PreservedInsect","Boot","ReplayTheSpireMod:Ninjato"],"acts_visited":["Exordium","TheCity"],"potions_floor_usage":[16,23,25,31,33,33],"damage_taken":[{"damage":0,"enemies":"Cultist","floor":1,"turns":1},{"damage":0,"enemies":"Jaw Worm","floor":3,"turns":1},{"damage":0,"enemies":"Small Slimes","floor":4,"turns":1},{"damage":34,"enemies":"Lagavulin","floor":6,"turns":8},{"damage":0,"enemies":"3 Louse","floor":7,"turns":2},{"damage":0,"enemies":"Red Slaver","floor":8,"turns":1},{"damage":0,"enemies":"Exordium Thugs","floor":12,"turns":3},{"damage":0,"enemies":"Blue Slaver","floor":13,"turns":2},{"damage":0,"enemies":"Large Slime","floor":14,"turns":3},{"damage":52,"enemies":"Fading Forest","floor":16,"turns":12},{"damage":8,"enemies":"Shell Parasite","floor":18,"turns":5},{"damage":21,"enemies":"Replay:Snechameleon","floor":23,"turns":7},{"damage":12,"enemies":"Slavers","floor":25,"turns":7},{"damage":27,"enemies":"Spheric Guardian","floor":29,"turns":5},{"damage":10,"enemies":"Shelled Parasite and Fungi","floor":30,"turns":2},{"damage":21,"enemies":"Centurion and Healer","floor":31,"turns":7},{"damage":60,"enemies":"Collector","floor":33,"turns":6}],"seed_played":"187476102159634388","potions_obtained":[{"floor":3,"key":"FairyPotion"},{"floor":4,"key":"Elixir"},{"floor":7,"key":"Adrenaline Potion"},{"floor":13,"key":"Regen Potion"},{"floor":23,"key":"BlessingOfTheForge"},{"floor":25,"key":"SteroidPotion"},{"floor":30,"key":"Doom Potion"},{"floor":31,"key":"Block Potion"}],"is_trial":false,"path_per_floor":["M","$","M","M","T","E","M","M","T","?","R","M","M","M","R_BF","B",null,"M","$","?","$","?","E","R","E","T","R","?","M","M","M","R","B"],"character_chosen":"WATCHER","items_purchased":["Replay:Vibes","ReplayTheSpireMod:ShopPack"],"campfire_rested":2,"item_purchase_floors":[2,19],"current_hp_per_floor":[65,65,65,65,65,31,31,31,31,55,55,55,57,59,76,24,63,57,57,57,57,41,37,61,51,51,51,39,14,4,23,48,0,0],"gold":202,"neow_bonus":"THREE_ENEMY_KILL","is_daily":false,"chose_seed":false,"campfire_upgraded":2,"win_rate":0.0,"timestamp":1613053560,"path_taken":["M","$","?","M","?","E","M","M","T","?","R","M","M","M","R_BF","BOSS","M","$","?","$","?","E","R","E","T","R","?","?","M","M","R","BOSS"],"items_purchased_type":["Card","Relic"],"build_version":"2020-12-22","purchased_purges":2,"victory":false,"max_hp_per_floor":[72,72,72,72,72,72,72,72,72,72,72,72,74,76,76,76,76,78,78,78,78,78,80,80,82,82,82,82,84,84,86,86,86,86],"card_choices":[{"not_picked":["EmptyBody","Replay:BluntJabs"],"picked":"Pray","floor":1},{"not_picked":["SandsOfTime","FlyingSleeves"],"picked":"Wallop","floor":3},{"not_picked":["ClearTheMind","FlurryOfBlows"],"picked":"Replay:Anticipation","floor":4},{"not_picked":["FlyingSleeves","LikeWater"],"picked":"SignatureMove","floor":6},{"not_picked":["Crescendo","Replay:ManipulateFuture","Replay:AtTheReady"],"picked":"SKIP","floor":7},{"not_picked":["SashWhip","Sanctity"],"picked":"Vault","floor":8},{"not_picked":["Meditate","Worship"],"picked":"Replay:Battleflow","floor":12},{"not_picked":["SandsOfTime","Perseverance","Nirvana"],"picked":"Singing Bowl","floor":13},{"not_picked":["Replay:DivineShield","SandsOfTime","ThirdEye"],"picked":"Singing Bowl","floor":14},{"not_picked":["Scrawl","Establishment"],"picked":"Brilliance","floor":16},{"not_picked":["SashWhip+1","Replay:ManipulateFuture+1","Replay:AtTheReady"],"picked":"Singing Bowl","floor":18},{"not_picked":["Sadistic Nature","Swift Strike"],"picked":"Dramatic Entrance","floor":19},{"not_picked":["Replay:Sssssssssshield","ReplayTheSpireMod:Private Reserves"],"picked":"Impatience","floor":19},{"not_picked":["Chrysalis","ReplayUltimateDefense"],"picked":"Midas Touch","floor":19},{"not_picked":["FollowUp","DevaForm","FlyingSleeves"],"picked":"Singing Bowl","floor":23},{"not_picked":["Wallop","WindmillStrike+1","Crescendo"],"picked":"Singing Bowl","floor":25},{"not_picked":["PathToVictory","Replay:ManipulateFuture","CutThroughFate+1"],"picked":"Singing Bowl","floor":29},{"not_picked":["BowlingBash","ThirdEye"],"picked":"Halt+1","floor":30},{"not_picked":["Crescendo","Replay:BluntJabs","FollowUp"],"picked":"Singing Bowl","floor":31}],"player_experience":1056326,"relics_obtained":[{"floor":5,"key":"Bag of Marbles"},{"floor":6,"key":"ReplayTheSpireMod:TigerMarble"},{"floor":9,"key":"Singing Bowl"},{"floor":22,"key":"Nilry\u0027s Codex"},{"floor":23,"key":"PreservedInsect"},{"floor":25,"key":"Boot"},{"floor":26,"key":"ReplayTheSpireMod:Ninjato"}],"event_choices":[{"damage_healed":24,"gold_gain":0,"player_choice":"Banana","damage_taken":0,"max_hp_gain":0,"max_hp_loss":0,"event_name":"Big Fish","floor":10,"gold_loss":0},{"cards_removed":["Strike_P"],"damage_healed":0,"gold_gain":0,"player_choice":"Gave Gold","damage_taken":0,"max_hp_gain":0,"max_hp_loss":0,"event_name":"Beggar","floor":20,"gold_loss":75},{"damage_healed":0,"gold_gain":0,"player_choice":"Obtained Book","damage_taken":16,"max_hp_gain":0,"max_hp_loss":0,"event_name":"Cursed Tome","floor":22,"gold_loss":0},{"damage_healed":0,"gold_gain":0,"player_choice":"CARD ","damage_taken":12,"max_hp_gain":0,"max_hp_loss":0,"event_name":"Knowing Skull","floor":28,"potions_obtained":[],"gold_loss":0,"cards_obtained":["Swift Strike"]}],"is_beta":false,"boss_relics":[{"not_picked":["Ectoplasm","Runic Dome"],"picked":"Replay:Wanted Poster"}],"items_purged_floors":[2,19],"is_endless":false,"potions_floor_spawned":[3,4,7,13,14,23,25,30,31],"killed_by":"Collector","ascension_level":10}}