{"host":"dw0lfiijjtrmelew","time":1613067065,"event":{"mods":["BaseMod","Hermit","Minty Spire (QoL Compilation)","Relic Stats","StSLib"],"gold_per_floor":[109,122,133,133,133,167,167,211,211,211,136,154,154,172,172,265,265,309,350,256,275,7,7,26,51,51],"floor_reached":25,"language":"ENG","playtime":808,"items_purged":[],"score":576,"play_id":"a9dc849b-10d1-472e-aa69-d219118db1c4","local_time":"20210211121105","is_ascension_mode":true,"campfire_choices":[{"data":"EmptyFist","floor":7.0,"key":"SMITH"},{"data":"FlyingSleeves","floor":10.0,"key":"SMITH"},{"data":"Crescendo","floor":15.0,"key":"SMITH"},{"data":"MentalFortress","floor":23,"key":"SMITH"}],"circlet_count":0,"master_deck":["AscendersBane","Strike_P+1","Strike_P+1","Defend_P","Defend_P","Defend_P","Defend_P","Eruption","Vigilance","EmptyFist+1","FlurryOfBlows","ReachHeaven","FlyingSleeves+1","MentalFortress+1","Meditate","Crescendo+1","Wish","DeceiveReality","EmptyFist","ClearTheMind","Adrenaline"],"relics":["SlaversCollar","Golden Idol","Eternal Feather","Shuriken","Matryoshka","Coffee Dripper","Mummified Hand","PrismaticShard"],"acts_visited":["TheCity"],"potions_floor_usage":[19,21,25],"damage_taken":[{"damage":2.0,"enemies":"Jaw Worm","floor":1.0,"turns":3.0},{"damage":0.0,"enemies":"Small Slimes","floor":2.0,"turns":2.0},{"damage":0.0,"enemies":"2 Louse","floor":3.0,"turns":2.0},{"damage":3.0,"enemies":"Gremlin Nob","floor":6.0,"turns":3.0},{"damage":0.0,"enemies":"Lagavulin","floor":8.0,"turns":3.0},{"damage":7.0,"enemies":"2 Fungi Beasts","floor":12.0,"turns":3.0},{"damage":1.0,"enemies":"Red Slaver","floor":14.0,"turns":4.0},{"damage":0.0,"enemies":"Slime Boss","floor":16.0,"turns":3.0},{"damage":19,"enemies":"Spheric Guardian","floor":18,"turns":4},{"damage":0,"enemies":"3 Byrds","floor":19,"turns":5},{"damage":30,"enemies":"Shelled Parasite and Fungi","floor":21,"turns":5},{"damage":3,"enemies":"Snake Plant","floor":24,"turns":4},{"damage":21,"enemies":"Snecko","floor":25,"turns":6}],"seed_played":"5954426888019758009","potions_obtained":[{"floor":1.0,"key":"EssenceOfSteel"},{"floor":8.0,"key":"LiquidMemories"},{"floor":14.0,"key":"Block Potion"},{"floor":19,"key":"Strength Potion"},{"floor":24,"key":"Ambrosia"}],"is_trial":false,"path_per_floor":["M","M","M","?","?","E","R","E","T","R","?","M","?","M","R","B",null,"M","M","?","M","$","R","M","M"],"character_chosen":"WATCHER","items_purchased":["ClearTheMind","PrismaticShard","Strength Potion"],"campfire_rested":0,"item_purchase_floors":[22,22,22],"current_hp_per_floor":[59,59,59,59,52,49,55,55,55,62,62,55,36,35,44,44,58,39,39,39,9,9,21,18,0,0],"gold":51,"neow_bonus":"BOSS_RELIC","is_daily":false,"chose_seed":false,"campfire_upgraded":4,"win_rate":0.0,"timestamp":1613067065,"path_taken":["M","M","M","?","?","E","R","E","T","R","?","M","?","M","R","BOSS","M","M","?","M","$","R","M","M"],"items_purchased_type":["Card","Relic","Potion"],"build_version":"2020-12-22","purchased_purges":0,"victory":false,"max_hp_per_floor":[68,68,68,62,62,62,62,62,62,62,62,62,62,62,62,62,62,62,62,62,62,62,62,62,62,62],"relic_stats":{"counters":[13,47],"Golden Idol":58,"Shuriken":[9],"Mummified Hand":[4],"Eternal Feather":34,"obtain_stats":[{"SlaversCollar":0,"Matryoshka":9,"Golden Idol":4,"Shuriken":8,"Mummified Hand":20,"Eternal Feather":6,"Coffee Dripper":17,"PureWater":0,"PrismaticShard":22},{"SlaversCollar":0,"Matryoshka":5,"Golden Idol":3,"Shuriken":5,"Mummified Hand":10,"Eternal Feather":4,"Coffee Dripper":8,"PureWater":0,"PrismaticShard":11},{"SlaversCollar":0,"Matryoshka":13,"Golden Idol":7,"Shuriken":13,"Mummified Hand":32,"Eternal Feather":10,"Coffee Dripper":23,"PureWater":0,"PrismaticShard":37}]},"card_choices":[{"not_picked":["MentalFortress","LikeWater"],"picked":"EmptyFist","floor":1.0},{"not_picked":["Halt","Pray"],"picked":"FlurryOfBlows","floor":2.0},{"not_picked":["Halt","Conclude"],"picked":"ReachHeaven","floor":3.0},{"not_picked":["Fasting2","JustLucky"],"picked":"FlyingSleeves","floor":6.0},{"not_picked":["Evaluate","Omniscience"],"picked":"MentalFortress","floor":8.0},{"not_picked":["Indignation","Prostrate"],"picked":"Meditate","floor":12.0},{"not_picked":["SignatureMove","CutThroughFate"],"picked":"Crescendo","floor":14.0},{"not_picked":["Omniscience","DevaForm"],"picked":"Wish","floor":16.0},{"not_picked":["Collect","CrushJoints","Prostrate"],"picked":"SKIP","floor":18},{"not_picked":["CrushJoints","Collect","DeceiveReality"],"picked":"SKIP","floor":19},{"not_picked":["CrushJoints","Collect"],"picked":"DeceiveReality","floor":19},{"not_picked":["Indignation","PathToVictory"],"picked":"EmptyFist","floor":21},{"not_picked":["Body Slam","Coolheaded"],"picked":"Adrenaline","floor":24}],"player_experience":1345784,"relics_obtained":[{"floor":6.0,"key":"Eternal Feather"},{"floor":8.0,"key":"Shuriken"},{"floor":9.0,"key":"Matryoshka"}],"event_choices":[{"damage_healed":0.0,"max_hp_gain":0.0,"max_hp_loss":6.0,"gold_gain":0.0,"event_name":"Golden Idol","player_choice":"Lose Max HP","floor":4.0,"gold_loss":0.0,"damage_taken":0.0,"relics_obtained":["Golden Idol"]},{"cards_removed":["Strike_P"],"damage_healed":0.0,"max_hp_gain":0.0,"max_hp_loss":0.0,"gold_gain":0.0,"event_name":"Golden Wing","player_choice":"Card Removal","floor":5.0,"gold_loss":0.0,"damage_taken":7.0},{"cards_removed":["Strike_P"],"damage_healed":0.0,"max_hp_gain":0.0,"max_hp_loss":0.0,"gold_gain":0.0,"event_name":"The Cleric","player_choice":"Card Removal","floor":11.0,"gold_loss":75.0,"damage_taken":0.0},{"damage_healed":0.0,"max_hp_gain":0.0,"max_hp_loss":0.0,"gold_gain":0.0,"event_name":"Shining Light","player_choice":"Entered Light","floor":13.0,"gold_loss":0.0,"damage_taken":19.0,"cards_upgraded":["Strike_P","Strike_P"]},{"damage_healed":0,"gold_gain":0,"player_choice":"Paid Gold","damage_taken":0,"relics_obtained":["Mummified Hand"],"max_hp_gain":0,"max_hp_loss":0,"event_name":"WeMeetAgain","floor":20,"gold_loss":94}],"is_beta":false,"boss_relics":[{"not_picked":["Pandora\u0027s Box","Tiny House"],"picked":"Coffee Dripper"}],"items_purged_floors":[],"is_endless":false,"potions_floor_spawned":[1,8,14,16,19,24],"killed_by":"Snecko","ascension_level":20}}