{"host":"yml0ux6c8lqydjlc","time":1613075642,"event":{"mods":["Aspiration","BaseMod","Conspire","Downfall","Hermit","Jedi Mod","Minty Spire (QoL Compilation)","Robot Space Explorer","StSLib"],"gold_per_floor":[114,132,132,25,37,37,53,53,53,66,66,80,80,92,92,196,196,212,68,82,82,99,99,9,9,78,91,66,91,110,127,127,127,127],"floor_reached":33,"language":"ENG","playtime":2441,"items_purged":["Strike_B"],"score":261,"play_id":"1e5a4768-8c16-4769-aac4-09296c06d8cd","local_time":"20210211153402","is_ascension_mode":false,"campfire_choices":[{"data":"Doom and Gloom","floor":6,"key":"SMITH"},{"data":"Defragment","floor":8,"key":"SMITH"},{"data":"Zap","floor":15,"key":"SMITH"},{"floor":23,"key":"REST"},{"data":"Ball Lightning","floor":25,"key":"SMITH"},{"floor":32,"key":"REST"}],"circlet_count":0,"master_deck":["Strike_B+1","Strike_B","Strike_B","Defend_B","Defend_B","Defend_B","Zap+1","Dualcast","Conserve Battery+1","Go for the Eyes","Doom and Gloom+1","Melter","Defragment+1","jedi:BurstFrost","Conserve Battery","Sweeping Beam","Stack","Biased Cognition","Ball Lightning+1","Self Repair","Coolheaded+1","jedi:blockon","Storm+1","Leap","Coolheaded+1","FTL","Melter+1"],"relics":["Cracked Core","PreservedInsect","Letter Opener","Sundial"],"acts_visited":["Exordium","TheCity"],"potions_floor_usage":[10,10,18,20,29,33],"damage_taken":[{"damage":2,"enemies":"2 Louse","floor":1,"turns":2},{"damage":0,"enemies":"Jaw Worm","floor":2,"turns":5},{"damage":8,"enemies":"conspire:RoseBush","floor":5,"turns":3},{"damage":4,"enemies":"Blue Slaver","floor":7,"turns":3},{"damage":0,"enemies":"Lots of Slimes","floor":10,"turns":1},{"damage":4,"enemies":"Red Slaver","floor":12,"turns":4},{"damage":8,"enemies":"3 Louse","floor":14,"turns":4},{"damage":23,"enemies":"The Guardian","floor":16,"turns":9},{"damage":30,"enemies":"2 Thieves","floor":18,"turns":4},{"damage":20,"enemies":"3 Byrds","floor":20,"turns":4},{"damage":12,"enemies":"Sentry and Sphere","floor":22,"turns":4},{"damage":13,"enemies":"Cultist and Chosen","floor":27,"turns":6},{"damage":12,"enemies":"Book of Stabbing","floor":29,"turns":5},{"damage":0,"enemies":"conspire:HollyBat","floor":30,"turns":6},{"damage":8,"enemies":"3 Cultists","floor":31,"turns":5},{"damage":86,"enemies":"Collector","floor":33,"turns":13}],"seed_played":"587469468126869787","potions_obtained":[{"floor":1,"key":"Dexterity Potion"},{"floor":5,"key":"Energy Potion"},{"floor":7,"key":"EssenceOfSteel"},{"floor":14,"key":"SteroidPotion"},{"floor":18,"key":"Regen Potion"},{"floor":31,"key":"Slimebound:ThreeZeroPotion"}],"is_trial":false,"path_per_floor":["M","M","?","$","M","R","M","R","T","M","$","M","?","M","R","B",null,"M","$","M","?","M","R","?","R","T","M","$","E","M","M","R","B"],"character_chosen":"DEFECT","items_purchased":["Doom and Gloom","Melter","Self Repair","Leap"],"campfire_rested":2,"item_purchase_floors":[4,4,19,28],"current_hp_per_floor":[80,80,80,80,72,72,68,68,68,68,68,64,64,56,56,33,82,52,52,48,48,43,67,67,67,67,61,61,56,56,55,79,0,0],"gold":127,"neow_bonus":"TEN_PERCENT_HP_BONUS","is_daily":false,"chose_seed":false,"campfire_upgraded":4,"win_rate":0.0,"timestamp":1613075642,"path_taken":["M","M","?","$","?","R","M","R","T","M","$","M","?","M","R","BOSS","M","$","M","?","M","R","?","R","T","M","$","E","?","M","R","BOSS"],"items_purchased_type":["Card","Card","Card","Card"],"build_version":"2020-12-22","purchased_purges":1,"victory":false,"max_hp_per_floor":[82,82,82,82,82,82,82,82,82,82,82,82,82,82,82,82,82,82,82,82,82,82,82,82,82,82,82,82,82,82,82,82,82,82],"card_choices":[{"not_picked":["jedi:BurstFrost","Redo"],"picked":"Conserve Battery","floor":1},{"not_picked":["Undo","Storm"],"picked":"Go for the Eyes","floor":2},{"not_picked":["Beam Cell","Biased Cognition"],"picked":"Defragment","floor":5},{"not_picked":["Blizzard","Gash"],"picked":"jedi:BurstFrost","floor":7},{"not_picked":["Rebound","Redo"],"picked":"Conserve Battery","floor":10},{"not_picked":["jedi:BurstLightning","Go for the Eyes"],"picked":"Sweeping Beam","floor":12},{"not_picked":["jedi:BurstFrost","Barrage"],"picked":"Stack","floor":14},{"not_picked":["Creative AI","Echo Form"],"picked":"Biased Cognition","floor":16},{"not_picked":["Conserve Battery","conspire:Rain"],"picked":"Ball Lightning","floor":18},{"not_picked":["Tempest+1","Conserve Battery+1"],"picked":"Coolheaded+1","floor":20},{"not_picked":["Redo","Consume+1"],"picked":"jedi:blockon","floor":22},{"not_picked":["Barrage","jedi:locknload"],"picked":"Storm+1","floor":27},{"not_picked":["Ball Lightning+1","Streamline"],"picked":"Coolheaded+1","floor":29},{"not_picked":["Stack","Leap"],"picked":"FTL","floor":30},{"not_picked":["Stack","BootSequence"],"picked":"Melter+1","floor":31}],"player_experience":50667,"relics_obtained":[{"floor":9,"key":"PreservedInsect"},{"floor":26,"key":"Letter Opener"},{"floor":29,"key":"Sundial"}],"event_choices":[{"damage_healed":0,"gold_gain":0,"player_choice":"Forge","damage_taken":0,"max_hp_gain":0,"max_hp_loss":0,"event_name":"Accursed Blacksmith","floor":3,"gold_loss":0,"cards_upgraded":["Conserve Battery"]},{"damage_healed":0,"gold_gain":0,"player_choice":"Leave","damage_taken":0,"max_hp_gain":0,"max_hp_loss":0,"event_name":"conspire:Investor","floor":13,"gold_loss":0},{"cards_removed":["Defend_B"],"damage_healed":0,"gold_gain":0,"player_choice":"Upgrade and Remove","damage_taken":0,"max_hp_gain":0,"max_hp_loss":0,"event_name":"Designer","floor":24,"gold_loss":90,"cards_upgraded":["Strike_B"]}],"is_beta":false,"boss_relics":[{"not_picked":["aspiration:RunicSpoon","Coffee Dripper","Runic Dome"]}],"items_purged_floors":[19],"is_endless":false,"potions_floor_spawned":[1,5,7,14,18,31],"killed_by":"Collector","ascension_level":0}}