{"host":"f2zkc2gsfwbibc34","time":1613066758,"event":{"mods":["AchievementEnabler","BaseMod","Better Note","Colored Map","Colored Powertips","Defuse TimeMaze Blight","Downfall","Minty Spire (QoL Compilation)","Permanent Neow","StSLib","SuperFastMode"],"gold_per_floor":[99,114,4453,4473,4492,4510,4535,4549,3629,3629,3641,3657,3657,3669,3681,3778,3778,3778,3797,3266,3266,3266,3283,3283,2734,2746,2758,2758,3058,3076,3076,3090,3192,3192,3192,3211,20683,20683,20696,20696,20773,20786,20786,20836,20869,20869,20887,20904,20918,20918],"floor_reached":51,"language":"ENG","playtime":2522,"items_purged":[],"score":877,"play_id":"7c9ab81c-ee97-4633-82c6-a1944c83b0e9","local_time":"20210211190558","is_ascension_mode":false,"campfire_choices":[{"data":"champ:Taunt","floor":1,"key":"SMITH"},{"data":"champ:PreemptiveStrike","floor":13,"key":"SMITH"},{"data":"champ:UltimateStance","floor":18,"key":"SMITH"},{"data":"champ:StrikeOfGenius","floor":35,"key":"SMITH"},{"data":"champ:Taunt","floor":40,"key":"SMITH"},{"data":"champ:Backstep","floor":43,"key":"SMITH"},{"data":"champ:IronFortress","floor":46,"key":"SMITH"}],"circlet_count":1,"master_deck":["champ:Strike","champ:Strike","champ:Strike","champ:Strike","champ:Defend","champ:Defend","champ:Defend","champ:Defend","champ:Execute","champ:Taunt+1","champ:DefensiveShout","champ:BerserkersShout","champ:BringItOn","champ:ShieldWall","champ:Duel","champ:EnGarde","champ:Lariat","champ:Backstep+1","Flash of Steel","expansioncontent:StudyTheSpire+1","champ:HoldFirm","champ:UltimateStance+1","champ:ShieldSlam","champ:CrookedStrike","champ:IronFortress+1","champ:Taunt+1","Finesse","champ:BringItOn+1","champ:EnGarde+1","champ:StrikeOfGenius+1","CurseOfTheBell","expansioncontent:InvincibleStrength+1","champ:StanceDance+1"],"relics":["champ:ChampionCrown","Ginger","Anchor","champ:BerserkersGuideToSlaughter","Pen Nib","Torii","Art of War","Frozen Eye","Coffee Dripper","Lantern","Ancient Tea Set","TheAbacus","Darkstone Periapt","Bronze Scales","Meat on the Bone","Lee\u0027s Waffle","Old Coin","MealTicket","Calling Bell","Potion Belt","The Courier","champ:GladiatorsBookOfMartialProwess","HornCleat","Du-Vu Doll","champ:FightingForDummies","Vajra","Peace Pipe","Blue Candle","Toy Ornithopter","Pantograph","Bottled Tornado","Oddly Smooth Stone","Orichalcum","Frozen Egg 2","Happy Flower","Bag of Marbles","White Beast Statue","Blood Vial","Omamori","PreservedInsect","Strawberry","Bag of Preparation","Shuriken","Juzu Bracelet","Ornamental Fan","InkBottle","Bottled Flame","Mercury Hourglass","Question Card","Toxic Egg 2","Kunai","Letter Opener","Bottled Lightning","Sundial","Molten Egg 2","Gremlin Horn","Pear","Matryoshka","Eternal Feather","Singing Bowl","Lizard Tail","WingedGreaves","Incense Burner","Prayer Wheel","Pocketwatch","Cauldron","Ice Cream","CaptainsWheel","Mango","Shovel","TungstenRod","Thread and Needle","StoneCalendar","Dead Branch","Calipers","Circlet"],"acts_visited":["Exordium","TheCity","TheBeyond"],"potions_floor_usage":[9,33,50,50,50],"damage_taken":[{"damage":24,"enemies":"Cultist","floor":2,"turns":5},{"damage":25,"enemies":"downfall:FleeingMerchant","floor":3,"turns":4},{"damage":0,"enemies":"Jaw Worm","floor":4,"turns":2},{"damage":5,"enemies":"Small Slimes","floor":5,"turns":3},{"damage":3,"enemies":"2 Fungi Beasts","floor":6,"turns":4},{"damage":2,"enemies":"Blue Slaver","floor":8,"turns":3},{"damage":17,"enemies":"downfall:FleeingMerchant","floor":9,"turns":4},{"damage":5,"enemies":"Exordium Thugs","floor":11,"turns":4},{"damage":7,"enemies":"Blue Slaver","floor":12,"turns":3},{"damage":4,"enemies":"3 Louse","floor":14,"turns":4},{"damage":1,"enemies":"2 Fungi Beasts","floor":15,"turns":3},{"damage":70,"enemies":"WA_ARCHETYPE_RETAIN","floor":16,"turns":9},{"damage":10,"enemies":"Spheric Guardian","floor":19,"turns":3},{"damage":33,"enemies":"downfall:FleeingMerchant","floor":20,"turns":4},{"damage":20,"enemies":"Shell Parasite","floor":23,"turns":5},{"damage":5,"enemies":"downfall:FleeingMerchant","floor":25,"turns":4},{"damage":10,"enemies":"Snake Plant","floor":26,"turns":4},{"damage":42,"enemies":"Sentry and Sphere","floor":27,"turns":7},{"damage":5,"enemies":"Chosen and Byrds","floor":30,"turns":5},{"damage":20,"enemies":"Centurion and Healer","floor":32,"turns":6},{"damage":43,"enemies":"IC_MUSHROOM_ARCHETYPE","floor":33,"turns":9},{"damage":81,"enemies":"3 Shapes","floor":36,"turns":5},{"damage":10,"enemies":"downfall:FleeingMerchant","floor":37,"turns":4},{"damage":0,"enemies":"3 Darklings","floor":39,"turns":3},{"damage":6,"enemies":"Writhing Mass","floor":42,"turns":4},{"damage":20,"enemies":"Writhing Mass","floor":44,"turns":3},{"damage":0,"enemies":"Nemesis","floor":45,"turns":3},{"damage":4,"enemies":"Jaw Worm Horde","floor":47,"turns":3},{"damage":4,"enemies":"Sphere and 2 Shapes","floor":48,"turns":3},{"damage":20,"enemies":"Writhing Mass","floor":49,"turns":3},{"damage":239,"enemies":"SI_POISON_ARCHETYPE","floor":50,"turns":7}],"seed_played":"-9216348562268879510","potions_obtained":[{"floor":6,"key":"Dexterity Potion"},{"floor":8,"key":"Energy Potion"},{"floor":12,"key":"SpeedPotion"},{"floor":14,"key":"Swift Potion"},{"floor":37,"key":"champ:UltimateStancePotion"},{"floor":37,"key":"Guardian:BlockOnCardUsePotion"},{"floor":37,"key":"PowerPotion"},{"floor":44,"key":"DistilledChaos"}],"is_trial":false,"path_per_floor":["R","M","$","M","M","M","T","M","$","?","M","M","R","M","M","B",null,"R","M","$","?","?","M","T","$","M","M","?","T","M","?","M","B",null,"R","M","$","?","M","R","T","M","R","?","E","R","M","M","M","B",null],"character_chosen":"THE_CHAMP","items_purchased":["champ:BringItOn","Ginger","Anchor","champ:BerserkersGuideToSlaughter","champ:ShieldWall","champ:Duel","Torii","Art of War","Frozen Eye","Flash of Steel","expansioncontent:StudyTheSpire+1","Lantern","Ancient Tea Set","TheAbacus","champ:IronFortress","Bronze Scales","Meat on the Bone","Lee\u0027s Waffle","HornCleat","Du-Vu Doll","champ:FightingForDummies","Vajra","Peace Pipe","Blue Candle","Toy Ornithopter","Pantograph","Bottled Tornado","Oddly Smooth Stone","Orichalcum","Frozen Egg 2","Happy Flower","Bag of Marbles","White Beast Statue","Blood Vial","Omamori","PreservedInsect","Strawberry","Bag of Preparation","Shuriken","Juzu Bracelet","Ornamental Fan","InkBottle","Bottled Flame","Mercury Hourglass","Question Card","Toxic Egg 2","Kunai","Letter Opener","Bottled Lightning","Sundial","Molten Egg 2","Gremlin Horn","Pear","Matryoshka","Eternal Feather","Singing Bowl","Lizard Tail","WingedGreaves","Incense Burner","Prayer Wheel","Pocketwatch","Cauldron","Ice Cream","CaptainsWheel","Mango","Shovel","TungstenRod","Thread and Needle"],"campfire_rested":0,"item_purchase_floors":[3,3,3,3,3,3,9,9,9,9,9,20,20,20,20,25,25,25,37,37,37,37,37,37,37,37,37,37,37,37,37,37,37,37,37,37,37,37,37,37,37,37,37,37,37,37,37,37,37,37,37,37,37,37,37,37,37,37,37,37,37,37,37,37,37,37,37,37],"current_hp_per_floor":[90,86,86,90,90,87,87,88,88,88,90,83,83,84,90,50,90,90,90,90,100,100,100,100,107,107,90,90,90,100,100,107,94,113,113,64,120,120,126,144,144,152,152,152,154,154,158,162,166,115],"gold":20918,"neow_bonus":"ONE_RANDOM_RARE_CARD","is_daily":false,"chose_seed":false,"campfire_upgraded":7,"win_rate":0.0,"timestamp":1613066758,"path_taken":["R","M","$","M","M","?","T","M","$","?","M","M","R","M","M","BOSS","R","M","$","?","?","M","T","$","M","M","?","?","?","?","M","BOSS","R","M","$","?","M","R","T","M","R","?","E","R","M","M","M","BOSS"],"items_purchased_type":["Card","Relic","Relic","Relic","Card","Card","Relic","Relic","Relic","Card","Card","Relic","Relic","Relic","Card","Relic","Relic","Relic","Relic","Relic","Relic","Relic","Relic","Relic","Relic","Relic","Relic","Relic","Relic","Relic","Relic","Relic","Relic","Relic","Relic","Relic","Relic","Relic","Relic","Relic","Relic","Relic","Relic","Relic","Relic","Relic","Relic","Relic","Relic","Relic","Relic","Relic","Relic","Relic","Relic","Relic","Relic","Relic","Relic","Relic","Relic","Relic","Relic","Relic","Relic","Relic","Relic","Relic"],"build_version":"2020-12-22","purchased_purges":0,"victory":true,"max_hp_per_floor":[90,90,90,90,90,90,90,90,90,90,90,90,90,90,90,90,90,90,90,90,100,100,100,100,107,107,107,107,107,107,107,107,107,113,113,113,144,144,148,148,148,152,152,152,154,154,158,162,166,166],"card_choices":[{"not_picked":["champ:ArenaPreparation","champ:Parry"],"picked":"champ:DefensiveShout","floor":2},{"not_picked":["champ:PreciseThrust","champ:SetATrap"],"picked":"champ:BerserkersShout","floor":3},{"not_picked":["champ:EndlessRage","champ:CrownThrow"],"picked":"champ:EnGarde","floor":4},{"not_picked":["champ:Shatter","champ:BladeFlurry"],"picked":"champ:Lariat","floor":5},{"not_picked":["champ:DefensiveShout","champ:RecklessLeap"],"picked":"champ:Backstep","floor":6},{"not_picked":["champ:FlashCut","champ:Haymaker"],"picked":"champ:AdrenalArmor","floor":8},{"not_picked":["champ:FaceSlap","champ:EndlessRage","champ:AdrenalArmor"],"picked":"SKIP","floor":9},{"not_picked":["champ:EndlessRage","champ:FanOfKnives","champ:BerserkersShout"],"picked":"SKIP","floor":11},{"not_picked":["champ:AdrenalArmor","champ:PerfectedStrike"],"picked":"champ:PreemptiveStrike","floor":12},{"not_picked":["champ:BerserkersShout","champ:TornadoPunch"],"picked":"champ:HoldFirm","floor":14},{"not_picked":["champ:FocusedDefense","champ:PerfectedStrike","champ:PreemptiveStrike"],"picked":"SKIP","floor":15},{"not_picked":["champ:LastStand","champ:SteelEdge"],"picked":"champ:UltimateStance","floor":16},{"not_picked":["champ:AdrenalArmor","champ:GutPunch"],"picked":"champ:ShieldSlam","floor":19},{"not_picked":["champ:RapidStrikes","champ:Parry"],"picked":"champ:CrookedStrike","floor":20},{"not_picked":["champ:CalledShot","champ:BerserkersShout","champ:GladiatorStyle"],"picked":"SKIP","floor":23},{"not_picked":["champ:HeavySlash","champ:HeartStrike"],"picked":"champ:BringItOn+1","floor":25},{"not_picked":["champ:Parry","champ:IronFortress","champ:AdrenalArmor"],"picked":"SKIP","floor":26},{"not_picked":["champ:Backstep","champ:AdrenalArmor+1","champ:Shatter"],"picked":"SKIP","floor":27},{"not_picked":["champ:CrownThrow","champ:FalseCounter","champ:FancyFootwork"],"picked":"SKIP","floor":30},{"not_picked":["champ:CrownThrow","champ:PerfectedStrike"],"picked":"champ:EnGarde+1","floor":32},{"not_picked":["champ:MurderStrike","champ:UltimateStance"],"picked":"champ:StrikeOfGenius","floor":33},{"not_picked":["champ:Backstep","champ:FaceSlap","champ:Duel"],"picked":"SKIP","floor":36},{"not_picked":["champ:CheapShot","champ:CalledShot+1","champ:FanOfKnives"],"picked":"SKIP","floor":37},{"not_picked":["expansioncontent:PolyBeam","expansioncontent:GuardianWhirl"],"picked":"expansioncontent:InvincibleStrength","floor":38},{"not_picked":["champ:BerserkersShout+1","champ:EnGarde+1","champ:FlashCut+1","champ:Parry+1"],"picked":"Singing Bowl","floor":39},{"not_picked":["champ:SkillfulDodge+1","champ:PerfectedStrike+1","champ:BerserkersShout+1","champ:EndlessRage+1"],"picked":"Singing Bowl","floor":39},{"not_picked":["champ:CrownThrow+1","champ:PerfectedStrike+1","champ:AdrenalArmor+1","champ:FlashCut+1"],"picked":"Singing Bowl","floor":42},{"not_picked":["champ:ShieldWall+1","champ:LastStand+1","champ:EnGarde+1","champ:Backstep+1"],"picked":"Singing Bowl","floor":42},{"not_picked":["champ:HeartStrike+1","champ:EnGarde+1","champ:Backstep+1"],"picked":"champ:StanceDance+1","floor":44},{"not_picked":["champ:RecklessLeap+1","champ:EnGarde+1","champ:Backstep+1","champ:RapidStrikes+1"],"picked":"Singing Bowl","floor":45},{"not_picked":["champ:StanceDance+1","champ:BringItOn+1","champ:BerserkersShout+1","champ:CalledShot+1"],"picked":"Singing Bowl","floor":47},{"not_picked":["champ:Haymaker+1","champ:IronFortress+1","champ:Shatter+1","champ:FancyFootwork+1"],"picked":"Singing Bowl","floor":47},{"not_picked":["champ:PreciseThrust+1","champ:Circumvent+1","champ:Parry+1","champ:FlashCut+1"],"picked":"Singing Bowl","floor":48},{"not_picked":["champ:SkillfulDodge+1","champ:Haymaker+1","champ:FanOfKnives+1","champ:GladiatorForm+1"],"picked":"Singing Bowl","floor":48},{"not_picked":["champ:AdrenalArmor+1","champ:BladeFlurry+1","champ:Backstep+1","champ:BringItOn+1"],"picked":"Singing Bowl","floor":49},{"not_picked":["champ:RecklessLeap+1","champ:DefensiveShout+1","champ:Shatter+1","champ:Backstep+1"],"picked":"Singing Bowl","floor":49}],"player_experience":100183,"relics_obtained":[{"floor":7,"key":"Pen Nib"},{"floor":24,"key":"Darkstone Periapt"},{"floor":29,"key":"Old Coin"},{"floor":34,"key":"Potion Belt"},{"floor":34,"key":"The Courier"},{"floor":34,"key":"champ:GladiatorsBookOfMartialProwess"},{"floor":41,"key":"StoneCalendar"},{"floor":41,"key":"Dead Branch"},{"floor":44,"key":"Calipers"},{"floor":45,"key":"Circlet"}],"event_choices":[{"cards_removed":["champ:AdrenalArmor"],"damage_healed":0,"gold_gain":0,"player_choice":"Card Removal","damage_taken":0,"max_hp_gain":0,"max_hp_loss":0,"event_name":"Wheel of Change","floor":10,"gold_loss":0},{"cards_removed":["champ:MurderStrike"],"damage_healed":0,"gold_gain":0,"player_choice":"Offered Rare","damage_taken":0,"max_hp_gain":10,"max_hp_loss":0,"event_name":"Bonfire Elementals","floor":21,"gold_loss":0}],"is_beta":false,"boss_relics":[{"not_picked":["Black Star","SlaversCollar"],"picked":"Coffee Dripper"},{"not_picked":["champ:ChampionCrownUpgraded","Pandora\u0027s Box"],"picked":"Calling Bell"}],"items_purged_floors":[],"is_endless":false,"potions_floor_spawned":[6,8,12,14,15,16,27,32,39,42,44,45,47,48,49],"ascension_level":0}}