{"host":"1vy6j31128f61x2z","time":1613008083,"event":{"mods":["AchievementEnabler","BaseMod","Colored Powertips","Minty Spire (QoL Compilation)","Permanent Neow"],"gold_per_floor":[114,114,126,137,312,312,337,337,337,369,394,408,0,25,25,125,125,139,158,158,184,38,38,71,87,165,165,165],"floor_reached":27,"language":"ENG","playtime":1096,"items_purged":[],"score":274,"play_id":"317e0f63-6fdc-43df-a694-727562bae3b8","local_time":"20210210204803","is_ascension_mode":true,"campfire_choices":[{"data":"Neutralize","floor":6.0,"key":"SMITH"},{"data":"Predator","floor":8,"key":"SMITH"},{"data":"Noxious Fumes","floor":15,"key":"SMITH"},{"data":"Deadly Poison","floor":23,"key":"SMITH"}],"circlet_count":0,"master_deck":["Strike_G","Strike_G","Strike_G","Strike_G","Strike_G","Defend_G","Defend_G","Defend_G","Defend_G","Defend_G","Survivor","Neutralize+1","Predator+1","Slice","Acrobatics","Doubt","Endless Agony+1","Leg Sweep","Choke+1","Noxious Fumes+1","Crippling Poison","Blur","Corpse Explosion","Poisoned Stab+1","Bane+1","Deadly Poison+1","Acrobatics+1","Noxious Fumes+1","Noxious Fumes+1","Deadly Poison+1"],"relics":["Ring of the Serpent","Orichalcum","Molten Egg 2","Letter Opener","Darkstone Periapt","Vajra","Question Card","MealTicket","Red Mask","DollysMirror","Omamori","Frozen Egg 2"],"acts_visited":["Exordium","TheCity"],"potions_floor_usage":[14,21,25,27,27],"damage_taken":[{"damage":0.0,"enemies":"2 Louse","floor":1.0,"turns":3.0},{"damage":0.0,"enemies":"Small Slimes","floor":3.0,"turns":3.0},{"damage":0.0,"enemies":"Jaw Worm","floor":4.0,"turns":3.0},{"damage":15,"enemies":"Gremlin Nob","floor":7,"turns":4},{"damage":8,"enemies":"3 Sentries","floor":10,"turns":6},{"damage":3,"enemies":"Lots of Slimes","floor":12,"turns":4},{"damage":15,"enemies":"Lagavulin","floor":14,"turns":6},{"damage":24,"enemies":"Hexaghost","floor":16,"turns":10},{"damage":12,"enemies":"Chosen","floor":18,"turns":5},{"damage":0,"enemies":"3 Byrds","floor":19,"turns":2},{"damage":24,"enemies":"Masked Bandits","floor":21,"turns":4},{"damage":25,"enemies":"Book of Stabbing","floor":24,"turns":6},{"damage":24,"enemies":"Snake Plant","floor":25,"turns":5},{"damage":13,"enemies":"Slavers","floor":27,"turns":1}],"seed_played":"3759959514413074381","potions_obtained":[{"floor":1.0,"key":"Ancient Potion"},{"floor":10,"key":"FearPotion"},{"floor":12,"key":"ColorlessPotion"},{"floor":16,"key":"FearPotion"},{"floor":18,"key":"BlessingOfTheForge"},{"floor":24,"key":"CunningPotion"},{"floor":25,"key":"SteroidPotion"}],"is_trial":false,"path_per_floor":["M","?","M","M","?","R","E","R","T","E","T","M","$","E","R","B",null,"M","M","?","?","$","R","E","M","T","E"],"character_chosen":"THE_SILENT","items_purchased":["Noxious Fumes","Crippling Poison","Question Card","DollysMirror"],"campfire_rested":0,"item_purchase_floors":[13,13,13,22],"current_hp_per_floor":[70,75,75,75,75,75,60,60,60,52,52,49,49,34,34,10,75,63,63,63,39,54,54,29,5,5,0,0],"gold":165,"neow_bonus":"RANDOM_COMMON_RELIC","is_daily":false,"chose_seed":false,"campfire_upgraded":4,"win_rate":0.0,"timestamp":1613008083,"path_taken":["M","?","M","M","?","R","E","R","T","E","?","?","$","E","R","BOSS","M","M","?","?","$","R","E","M","T","E"],"items_purchased_type":["Card","Card","Relic","Relic"],"build_version":"2020-12-22","purchased_purges":0,"victory":false,"max_hp_per_floor":[70,75,75,75,75,75,75,75,75,75,75,75,75,75,75,75,75,75,75,75,75,75,75,75,75,75,75,75],"card_choices":[{"not_picked":["Distraction","Dodge and Roll"],"picked":"Predator","floor":1.0},{"not_picked":["Underhanded Strike","Blade Dance"],"picked":"Slice","floor":3.0},{"not_picked":["Flying Knee","Finisher"],"picked":"Acrobatics","floor":4.0},{"not_picked":["Calculated Gamble","Outmaneuver"],"picked":"Endless Agony+1","floor":7},{"not_picked":["Flying Knee+1","Backflip"],"picked":"Leg Sweep","floor":10},{"not_picked":["Deflect","Dagger Spray+1"],"picked":"Choke+1","floor":12},{"not_picked":["Choke+1","Wraith Form v2","Acrobatics"],"picked":"Blur","floor":14},{"not_picked":["Unload+1","Storm of Steel","Doppelganger"],"picked":"Corpse Explosion","floor":16},{"not_picked":["Blade Dance","Dagger Throw+1","Slice+1"],"picked":"Poisoned Stab+1","floor":18},{"not_picked":["Dagger Throw+1","Flying Knee+1","Footwork"],"picked":"Bane+1","floor":19},{"not_picked":["Predator+1","Cloak And Dagger","Slice+1"],"picked":"Acrobatics+1","floor":21},{"not_picked":["Deadly Poison","Flying Knee+1","Sucker Punch+1"],"picked":"Noxious Fumes+1","floor":24},{"not_picked":["Bane+1","Expertise+1","Acrobatics"],"picked":"Deadly Poison+1","floor":25}],"player_experience":46492,"relics_obtained":[{"floor":7,"key":"Molten Egg 2"},{"floor":9,"key":"Letter Opener"},{"floor":10,"key":"Darkstone Periapt"},{"floor":11,"key":"Vajra"},{"floor":14,"key":"MealTicket"},{"floor":21,"key":"Red Mask"},{"floor":24,"key":"Omamori"},{"floor":26,"key":"Frozen Egg 2"}],"event_choices":[{"damage_healed":0.0,"max_hp_gain":5.0,"max_hp_loss":0.0,"gold_gain":0.0,"event_name":"Big Fish","player_choice":"Donut","floor":2.0,"gold_loss":0.0,"damage_taken":0.0},{"damage_healed":0.0,"max_hp_gain":0.0,"max_hp_loss":0.0,"gold_gain":175.0,"event_name":"Liars Game","player_choice":"AGREE","floor":5.0,"gold_loss":0.0,"damage_taken":0.0,"cards_obtained":["Doubt"]},{"damage_healed":0,"gold_gain":0,"player_choice":"Read","damage_taken":0,"max_hp_gain":0,"max_hp_loss":0,"event_name":"The Library","floor":20,"gold_loss":0,"cards_obtained":["Deadly Poison"]},{"damage_healed":0,"gold_gain":0,"player_choice":"Fought Bandits","damage_taken":0,"max_hp_gain":0,"max_hp_loss":0,"event_name":"Masked Bandits","floor":21,"gold_loss":0}],"is_beta":false,"boss_relics":[{"not_picked":["WristBlade","SacredBark"],"picked":"Ring of the Serpent"}],"items_purged_floors":[],"is_endless":false,"potions_floor_spawned":[1,10,12,16,18,24,25],"killed_by":"Slavers","ascension_level":2}}