{"host":"swavyr4ofmkhu42f","time":1613013968,"event":{"mods":["BaseMod","Colored Map","Minty Spire (QoL Compilation)","StSLib"],"gold_per_floor":[118,43,43,60,135,163,163,197,221,251,270,270,286,57,57,155,155,167,167,42,117,136,136,170,170,170,181,192,225,235,334,334,438,438,451,54,106,156,156,187,197,224,273,273,286,303,321,340,340,340],"floor_reached":51,"language":"ENG","playtime":2112,"items_purged":["Strike_G","Strike_G","Strike_G"],"score":1081,"play_id":"be0b232f-b96d-485a-ac86-37051279f9ab","local_time":"20210210222608","is_ascension_mode":true,"campfire_choices":[{"data":"Neutralize","floor":7.0,"key":"SMITH"},{"floor":12.0,"key":"REST"},{"floor":15.0,"key":"REST"},{"data":"Blade Dance","floor":23.0,"key":"SMITH"},{"data":"Blade Dance","floor":25,"key":"SMITH"},{"data":"Accuracy","floor":32,"key":"SMITH"},{"data":"Blade Dance","floor":44,"key":"SMITH"},{"floor":49,"key":"REST"}],"circlet_count":0,"master_deck":["Defend_G","Defend_G","Defend_G","Defend_G","Defend_G","Survivor","Neutralize+1","Accuracy+1","Blade Dance+1","Blade Dance+1","Infinite Blades","Cloak And Dagger+1","Finisher+1","Blade Dance+1","After Image+1","Slice+1","Backstab+1","A Thousand Cuts+1","Accuracy+1"],"relics":["Ring of the Snake","NeowsBlessing","Regal Pillow","Kunai","Strawberry","SlaversCollar","MutagenicStrength","Nunchaku","Ninja Scroll","Frozen Egg 2","Empty Cage","Mummified Hand","Blood Vial","Incense Burner","Dead Branch","Letter Opener","Pocketwatch","Eternal Feather","Ancient Tea Set"],"acts_visited":["Exordium","TheCity","TheBeyond"],"potions_floor_usage":[33,33],"damage_taken":[{"damage":0.0,"enemies":"Jaw Worm","floor":1.0,"turns":1.0},{"damage":0.0,"enemies":"Small Slimes","floor":4.0,"turns":1.0},{"damage":0.0,"enemies":"Gremlin Nob","floor":6.0,"turns":1.0},{"damage":55.0,"enemies":"Lagavulin","floor":8.0,"turns":11.0},{"damage":0.0,"enemies":"2 Louse","floor":11.0,"turns":1.0},{"damage":40.0,"enemies":"Gremlin Gang","floor":13.0,"turns":6.0},{"damage":27.0,"enemies":"Slime Boss","floor":16.0,"turns":6.0},{"damage":1.0,"enemies":"Shell Parasite","floor":18.0,"turns":5.0},{"damage":0.0,"enemies":"3 Byrds","floor":22.0,"turns":5.0},{"damage":7,"enemies":"Book of Stabbing","floor":24,"turns":5},{"damage":0,"enemies":"Shelled Parasite and Fungi","floor":27,"turns":3},{"damage":0,"enemies":"Centurion and Healer","floor":28,"turns":3},{"damage":0,"enemies":"Gremlin Leader","floor":29,"turns":1},{"damage":0,"enemies":"Snake Plant","floor":30,"turns":3},{"damage":17,"enemies":"Champ","floor":33,"turns":5},{"damage":17,"enemies":"3 Shapes","floor":35,"turns":2},{"damage":0,"enemies":"2 Orb Walkers","floor":37,"turns":2},{"damage":0,"enemies":"Mind Bloom Boss Battle","floor":38,"turns":2},{"damage":0,"enemies":"Giant Head","floor":40,"turns":4},{"damage":0,"enemies":"3 Darklings","floor":41,"turns":1},{"damage":1,"enemies":"Nemesis","floor":42,"turns":2},{"damage":0,"enemies":"Spire Growth","floor":45,"turns":1},{"damage":0,"enemies":"Sphere and 2 Shapes","floor":46,"turns":2},{"damage":12,"enemies":"Writhing Mass","floor":47,"turns":3},{"damage":14,"enemies":"Transient","floor":48,"turns":5},{"damage":23,"enemies":"Time Eater","floor":50,"turns":4}],"seed_played":"4171077839929199032","potions_obtained":[{"floor":4.0,"key":"Ancient Potion"},{"floor":8.0,"key":"Explosive Potion"},{"floor":13.0,"key":"DistilledChaos"},{"floor":16.0,"key":"ColorlessPotion"},{"floor":22.0,"key":"Block Potion"},{"floor":24,"key":"Swift Potion"},{"floor":29,"key":"SpeedPotion"},{"floor":33,"key":"GhostInAJar"},{"floor":38,"key":"Dexterity Potion"}],"is_trial":false,"path_per_floor":["M","$","?","M","?","E","R","E","T","?","M","R","M","$","R","B",null,"M","?","$","?","M","R","E","R","T","M","M","E","M","?","R","B",null,"M","$","?","?","T","E","M","E","T","R","M","M","M","M","R","B",null],"character_chosen":"THE_SILENT","items_purchased":["Blade Dance","Infinite Blades","Mummified Hand","Blood Vial"],"campfire_rested":3,"item_purchase_floors":[14,14,36,36],"current_hp_per_floor":[70,70,70,70,59,59,59,4,11,11,11,49,9,9,47,20,63,62,62,62,55,55,55,48,48,48,48,48,48,48,48,48,31,66,49,49,51,53,53,55,57,58,58,67,69,71,61,49,77,54],"gold":340,"neow_bonus":"THREE_ENEMY_KILL","is_daily":false,"chose_seed":false,"campfire_upgraded":5,"win_rate":0.0,"timestamp":1613013968,"path_taken":["M","$","?","M","?","E","R","E","T","?","M","R","M","$","R","BOSS","M","?","$","?","?","R","E","R","T","M","M","E","M","?","R","BOSS","M","$","?","?","?","E","M","E","T","R","?","M","M","M","R","BOSS"],"items_purchased_type":["Card","Card","Relic","Relic"],"build_version":"2020-12-22","purchased_purges":3,"victory":true,"max_hp_per_floor":[70,70,70,70,70,70,70,70,77,77,77,77,77,77,77,77,77,77,77,77,77,77,77,77,77,77,77,77,77,77,77,77,77,77,77,77,77,77,77,77,77,77,77,77,77,77,77,77,77,77],"card_choices":[{"not_picked":["Quick Slash","Prepared","Concentrate"],"picked":"SKIP","floor":1.0},{"not_picked":["Bane","Expertise","Heel Hook"],"picked":"SKIP","floor":4.0},{"not_picked":["Distraction","Flying Knee","Riddle With Holes"],"picked":"SKIP","floor":6.0},{"not_picked":["PiercingWail","Dagger Spray"],"picked":"Accuracy","floor":8.0},{"not_picked":["Deflect","Flying Knee"],"picked":"Blade Dance","floor":11.0},{"not_picked":["Masterful Stab","Poisoned Stab","Underhanded Strike"],"picked":"SKIP","floor":13.0},{"not_picked":["Quick Slash","Noxious Fumes","Deflect"],"picked":"SKIP","floor":18.0},{"not_picked":["Quick Slash","Slice"],"picked":"Cloak And Dagger+1","floor":22.0},{"not_picked":["Sucker Punch","Reflex","Flying Knee"],"picked":"SKIP","floor":24},{"not_picked":["Endless Agony","Skewer"],"picked":"Finisher+1","floor":27},{"not_picked":["Distraction","Dodge and Roll","Flechettes"],"picked":"SKIP","floor":28},{"not_picked":["Doppelganger","Dagger Throw"],"picked":"Blade Dance","floor":29},{"not_picked":["Tactician","Dagger Throw","Corpse Explosion"],"picked":"SKIP","floor":30},{"not_picked":["Night Terror","A Thousand Cuts+1"],"picked":"After Image+1","floor":33},{"not_picked":["PiercingWail","Dodge and Roll+1","Backflip"],"picked":"SKIP","floor":35},{"not_picked":["Endless Agony","Underhanded Strike"],"picked":"Slice+1","floor":38},{"not_picked":["Backflip+1","Dagger Spray"],"picked":"Backstab+1","floor":40},{"not_picked":["Backflip+1","Dash","Deadly Poison+1"],"picked":"SKIP","floor":41},{"not_picked":["Expertise","Dodge and Roll"],"picked":"A Thousand Cuts+1","floor":42},{"not_picked":["Distraction","Underhanded Strike+1","Blur+1"],"picked":"SKIP","floor":45},{"not_picked":["Backstab+1","Catalyst+1"],"picked":"Accuracy+1","floor":46},{"not_picked":["Sucker Punch","Predator+1","Backstab"],"picked":"SKIP","floor":47},{"not_picked":["Footwork+1","Slice","Catalyst+1"],"picked":"SKIP","floor":48}],"player_experience":200462,"relics_obtained":[{"floor":6.0,"key":"Regal Pillow"},{"floor":8.0,"key":"Kunai"},{"floor":9.0,"key":"Strawberry"},{"floor":24,"key":"Nunchaku"},{"floor":26,"key":"Ninja Scroll"},{"floor":29,"key":"Frozen Egg 2"},{"floor":37,"key":"Incense Burner"},{"floor":38,"key":"Dead Branch"},{"floor":39,"key":"Letter Opener"},{"floor":40,"key":"Pocketwatch"},{"floor":42,"key":"Eternal Feather"},{"floor":43,"key":"Ancient Tea Set"}],"event_choices":[{"damage_healed":0.0,"max_hp_gain":0.0,"max_hp_loss":0.0,"gold_gain":0.0,"event_name":"Shining Light","player_choice":"Ignored","floor":3.0,"gold_loss":0.0,"damage_taken":0.0},{"damage_healed":0.0,"max_hp_gain":0.0,"max_hp_loss":0.0,"gold_gain":75.0,"event_name":"World of Goop","player_choice":"Gather Gold","floor":5.0,"gold_loss":0.0,"damage_taken":11.0},{"damage_healed":0.0,"max_hp_gain":0.0,"max_hp_loss":0.0,"gold_gain":30.0,"event_name":"Dead Adventurer","player_choice":"Searched \u00271\u0027 times","floor":10.0,"gold_loss":0.0,"damage_taken":0.0},{"damage_healed":0.0,"max_hp_gain":0.0,"max_hp_loss":0.0,"gold_gain":0.0,"event_name":"Drug Dealer","player_choice":"Inject Mutagens","floor":19.0,"gold_loss":0.0,"damage_taken":0.0,"relics_obtained":["MutagenicStrength"]},{"damage_healed":0.0,"max_hp_gain":0.0,"max_hp_loss":0.0,"gold_gain":75.0,"event_name":"FaceTrader","player_choice":"Touch","floor":21.0,"gold_loss":0.0,"damage_taken":7.0},{"damage_healed":0,"gold_gain":99,"player_choice":"Stole From Cult","damage_taken":0,"max_hp_gain":0,"max_hp_loss":0,"event_name":"Nest","floor":31,"gold_loss":0},{"damage_healed":0,"gold_gain":0,"player_choice":"Fight","damage_taken":0,"max_hp_gain":0,"max_hp_loss":0,"event_name":"Mysterious Sphere","floor":37,"gold_loss":0},{"damage_healed":0,"gold_gain":0,"player_choice":"Fight","damage_taken":0,"max_hp_gain":0,"max_hp_loss":0,"event_name":"MindBloom","floor":38,"gold_loss":0}],"is_beta":false,"boss_relics":[{"not_picked":["Snecko Eye","Tiny House"],"picked":"SlaversCollar"},{"not_picked":["Velvet Choker","Fusion Hammer"],"picked":"Empty Cage"}],"items_purged_floors":[2,14,20],"is_endless":false,"potions_floor_spawned":[4,8,13,16,22,24,29,30,33,38,40,47],"ascension_level":5}}