{"host":"4qkvkh7pd9qr2mca","time":1613084512,"event":{"mods":["AchievementEnabler","Act Like it!","BaseMod","Colored Map","Colored Powertips","Highlight Path","Minty Spire (QoL Compilation)","Pale of the Ancients","Permanent Neow","Quick Restart","Relic Stats","StSLib","SuperFastMode"],"gold_per_floor":[109,119,119,137,62,62,94,94,94,104,147,157,184,213,213,213,213],"floor_reached":16,"language":"ENG","playtime":600,"items_purged":["Pain"],"score":228,"play_id":"490deb9b-8d61-4ed0-a5af-95130bf1296e","local_time":"20210212000152","is_ascension_mode":true,"campfire_choices":[{"data":"Uppercut","floor":6,"key":"SMITH"},{"data":"Fiend Fire","floor":8,"key":"SMITH"},{"data":"Inflame","floor":15,"key":"SMITH"}],"circlet_count":0,"master_deck":["AscendersBane","Strike_R","Strike_R","Strike_R","Strike_R","Strike_R","Defend_R","Defend_R","Defend_R","Defend_R","Bash","Writhe","Fiend Fire+1","Twin Strike","Battle Trance","Uppercut+1","Burning Pact","Inflame+1","Immolate","Dark Embrace","Evolve"],"relics":["Burning Blood","WarpedTongs","Meat on the Bone","Omamori","CeramicFish"],"acts_visited":["Exordium"],"potions_floor_usage":[],"damage_taken":[{"damage":11,"enemies":"2 Louse","floor":1,"turns":3},{"damage":0,"enemies":"Cultist","floor":2,"turns":2},{"damage":8,"enemies":"Small Slimes","floor":4,"turns":2},{"damage":20,"enemies":"3 Sentries","floor":7,"turns":7},{"damage":12,"enemies":"Blue Slaver","floor":10,"turns":3},{"damage":25,"enemies":"Lagavulin","floor":11,"turns":5},{"damage":5,"enemies":"3 Louse","floor":12,"turns":3},{"damage":0,"enemies":"2 Fungi Beasts","floor":13,"turns":2},{"damage":2,"enemies":"Exordium Thugs","floor":14,"turns":4},{"damage":63,"enemies":"Hexaghost","floor":16,"turns":9}],"seed_played":"5661129114902822697","potions_obtained":[{"floor":2,"key":"Ancient Potion"},{"floor":11,"key":"Dexterity Potion"},{"floor":13,"key":"CultistPotion"}],"is_trial":false,"path_per_floor":["M","M","?","M","$","R","E","R","T","M","E","M","M","M","R","B"],"character_chosen":"IRONCLAD","items_purchased":[],"campfire_rested":0,"item_purchase_floors":[],"current_hp_per_floor":[63,69,69,67,67,67,53,53,53,47,40,53,59,63,63,0,0],"gold":213,"neow_bonus":"THREE_RARE_CARDS","is_daily":false,"chose_seed":false,"campfire_upgraded":3,"win_rate":0.0,"timestamp":1613084512,"path_taken":["M","M","?","M","$","R","E","R","T","M","E","M","M","?","R","BOSS"],"items_purchased_type":[],"build_version":"2020-12-22","purchased_purges":1,"victory":false,"max_hp_per_floor":[75,75,75,75,75,75,75,75,75,75,75,75,75,75,75,75,75],"relic_stats":{"counters":[10,40],"CeramicFish":27,"obtain_stats":[{"CeramicFish":11,"Omamori":9,"Burning Blood":0,"WarpedTongs":3,"Meat on the Bone":7},{"CeramicFish":6,"Omamori":4,"Burning Blood":0,"WarpedTongs":2,"Meat on the Bone":4},{"CeramicFish":22,"Omamori":14,"Burning Blood":0,"WarpedTongs":5,"Meat on the Bone":14}],"Burning Blood":54,"WarpedTongs":[34],"Meat on the Bone":24},"card_choices":[{"not_picked":["Demon Form","Juggernaut"],"picked":"Fiend Fire","floor":0},{"not_picked":["Pummel","True Grit"],"picked":"Twin Strike","floor":1},{"not_picked":["Havoc","Sever Soul"],"picked":"Battle Trance","floor":2},{"not_picked":["Seeing Red","Sword Boomerang"],"picked":"Uppercut","floor":4},{"not_picked":["Anger","Armaments"],"picked":"Burning Pact","floor":7},{"not_picked":["Uppercut","Headbutt"],"picked":"Inflame","floor":10},{"not_picked":["Clothesline","Rupture"],"picked":"Immolate","floor":11},{"not_picked":["Pommel Strike","Reckless Charge","Flex"],"picked":"SKIP","floor":12},{"not_picked":["Pommel Strike","Reckless Charge","Flex"],"picked":"SKIP","floor":12},{"not_picked":["Clothesline","Armaments"],"picked":"Dark Embrace","floor":13},{"not_picked":["Havoc","Metallicize"],"picked":"Evolve","floor":14}],"player_experience":627503,"relics_obtained":[{"floor":7,"key":"Meat on the Bone"},{"floor":9,"key":"Omamori"},{"floor":11,"key":"CeramicFish"}],"event_choices":[{"damage_healed":0,"gold_gain":0,"player_choice":"Rummage","damage_taken":0,"relics_obtained":["WarpedTongs"],"max_hp_gain":0,"max_hp_loss":0,"event_name":"Accursed Blacksmith","floor":3,"gold_loss":0,"cards_obtained":["Pain"]}],"is_beta":false,"boss_relics":[],"items_purged_floors":[5],"is_endless":false,"potions_floor_spawned":[2,11,12,13,14],"killed_by":"Hexaghost","ascension_level":20}}