{"host":"41vgbr386mrj4p17","time":1613022666,"event":{"mods":["AchievementEnabler","AlwaysNeverKeys","BaseMod","Bestiary","Better Altar","Better Match","Better Note","Better Sensory Stone","Better Skull","Better Third Choice","Colored Map","Curses Come First","Downfall","Googly Eyes","Hermit","Highlight Path","Minty Spire (QoL Compilation)","Shade Mod","StSLib","The Cursed"],"gold_per_floor":[15,26,45,45,45,73,73,83,109,109,34,34,34,67,76,158,158,184,208,76,76,76],"floor_reached":21,"language":"ENG","playtime":1754,"items_purged":["Defend_G","Strike_G"],"score":327,"play_id":"dbb450ae-e46d-4491-9a02-cdf808f159ff","local_time":"20210211005106","is_ascension_mode":true,"campfire_choices":[{"data":"Neutralize","floor":7.0,"key":"SMITH"},{"data":"Predator","floor":10.0,"key":"SMITH"},{"floor":15.0,"key":"REST"}],"circlet_count":0,"master_deck":["AscendersBane","Strike_G","Strike_G","Strike_G","Defend_G","Defend_G","Survivor","Neutralize+1","Predator+1","Dagger Throw","Tactician","Dagger Throw","Night Terror","Poisoned Stab","Acrobatics","Footwork"],"relics":["Ring of the Serpent","Juzu Bracelet","CeramicFish","Dream Catcher"],"acts_visited":["Exordium","TheCity"],"potions_floor_usage":[],"damage_taken":[{"damage":4.0,"enemies":"Jaw Worm","floor":1.0,"turns":5.0},{"damage":0.0,"enemies":"Cultist","floor":2.0,"turns":3.0},{"damage":0.0,"enemies":"Small Slimes","floor":3.0,"turns":3.0},{"damage":21.0,"enemies":"Lagavulin","floor":6.0,"turns":5.0},{"damage":4.0,"enemies":"3 Louse","floor":8.0,"turns":3.0},{"damage":17.0,"enemies":"3 Sentries","floor":14.0,"turns":8.0},{"damage":37.0,"enemies":"The Guardian","floor":16.0,"turns":11.0},{"damage":7.0,"enemies":"3 Byrds","floor":18.0,"turns":5.0},{"damage":7,"enemies":"Shell Parasite","floor":19,"turns":7},{"damage":39,"enemies":"Sentry and Sphere","floor":21,"turns":5}],"seed_played":"-7446480840294513918","potions_obtained":[{"floor":1.0,"key":"PowerPotion"},{"floor":2.0,"key":"ColorlessPotion"},{"floor":4.0,"key":"PowerPotion"},{"floor":6.0,"key":"Block Potion"},{"floor":16.0,"key":"sneckomod:MuddlingPotion"},{"floor":19,"key":"BlessingOfTheForge"}],"is_trial":false,"path_per_floor":["M","M","M","?","$","E","R","M","T","R","$","?","?","E","R","B",null,"M","M","$","M"],"character_chosen":"THE_SILENT","items_purchased":["Footwork"],"campfire_rested":1,"item_purchase_floors":[20],"current_hp_per_floor":[55,55,55,55,55,34,34,30,30,30,30,23,45,28,47,10,52,45,38,38,0,0],"gold":76,"neow_bonus":"REMOVE_TWO","is_daily":false,"chose_seed":false,"campfire_upgraded":2,"win_rate":0.0,"timestamp":1613022666,"path_taken":["M","M","M","?","$","E","R","M","T","R","$","?","?","E","R","BOSS","M","M","$","M"],"items_purchased_type":["Card"],"build_version":"2020-12-22","purchased_purges":2,"victory":false,"max_hp_per_floor":[66,66,66,66,66,66,66,66,66,66,66,66,66,66,66,66,66,66,66,66,66,66],"card_choices":[{"not_picked":["Crippling Poison","Prepared"],"picked":"Predator","floor":1.0},{"not_picked":["Flying Knee","Choke","Outmaneuver"],"picked":"SKIP","floor":2.0},{"not_picked":["Slice","Well Laid Plans"],"picked":"Dagger Throw","floor":3.0},{"not_picked":["All Out Attack","Prepared"],"picked":"Tactician","floor":6.0},{"not_picked":["Caltrops","Riddle With Holes","Deadly Poison"],"picked":"SKIP","floor":8.0},{"not_picked":["Envenom","Underhanded Strike","Reflex"],"picked":"SKIP","floor":14.0},{"not_picked":["Terror","Quick Slash"],"picked":"Dagger Throw","floor":15.0},{"not_picked":["Storm of Steel","Wraith Form v2"],"picked":"Night Terror","floor":16.0},{"not_picked":["Slice","Deadly Poison"],"picked":"Poisoned Stab","floor":18},{"not_picked":["Finisher","Dagger Throw"],"picked":"Acrobatics","floor":19}],"player_experience":1073312,"relics_obtained":[{"floor":6.0,"key":"Juzu Bracelet"},{"floor":9.0,"key":"CeramicFish"},{"floor":14.0,"key":"Dream Catcher"}],"event_choices":[{"damage_healed":0.0,"max_hp_gain":0.0,"max_hp_loss":0.0,"gold_gain":0.0,"event_name":"Lab","player_choice":"Got Potions","floor":4.0,"gold_loss":0.0,"damage_taken":0.0},{"cards_removed":["Defend_G"],"damage_healed":0.0,"max_hp_gain":0.0,"max_hp_loss":0.0,"gold_gain":0.0,"event_name":"Golden Wing","player_choice":"Card Removal","floor":12.0,"gold_loss":0.0,"damage_taken":7.0},{"damage_healed":22.0,"max_hp_gain":0.0,"max_hp_loss":0.0,"gold_gain":0.0,"event_name":"Big Fish","player_choice":"Banana","floor":13.0,"gold_loss":0.0,"damage_taken":0.0}],"is_beta":false,"boss_relics":[{"not_picked":["Tiny House","bronze:MakeshiftBattery"],"picked":"Ring of the Serpent"}],"items_purged_floors":[11,20],"is_endless":false,"potions_floor_spawned":[1,2,6,16,19],"killed_by":"Sentry and Sphere","ascension_level":15}}