{"host":"8eqe2o2g03nh9rfw","time":1613076227,"event":{"mods":["AchievementEnabler","AlwaysNeverKeys","BaseMod","Better Third Choice","Block Reminder","Colored Map","Colored Powertips","GifTheSpireLib","Minty Spire (QoL Compilation)","Permanent Neow","Quick Restart","StSLib","Weighted Paths"],"gold_per_floor":[118,128,10,10,22,22,48,48,75,135,145,145,145,174,174,271,271,291,303,17,34,10,10,10],"floor_reached":23,"language":"ENG","playtime":1890,"items_purged":[],"score":199,"play_id":"a1334860-fd6e-4259-9c05-ad56996a3dd4","local_time":"20210211154347","is_ascension_mode":false,"campfire_choices":[{"data":"Blind","floor":6,"key":"SMITH"},{"floor":8,"key":"REST"},{"floor":13,"key":"REST"},{"floor":15,"key":"REST"}],"circlet_count":0,"master_deck":["Strike_G","Strike_G","Strike_G","Strike_G","Strike_G","Defend_G","Defend_G","Defend_G","Defend_G","Defend_G","Survivor","Neutralize","The Bomb","Underhanded Strike","Flying Knee","Acrobatics","Blind+1","Dagger Throw+1","Outmaneuver","Sucker Punch+1","Dagger Spray+1","Terror","Glass Knife+1","Crippling Poison","Deflect+1","Dash+1","Noxious Fumes","Slice+1","Prepared"],"relics":["Ring of the Snake","Molten Egg 2","Tiny Chest","Strawberry","Blood Vial","Oddly Smooth Stone","Philosopher\u0027s Stone","Membership Card","Art of War"],"acts_visited":["Exordium","TheCity"],"potions_floor_usage":[14,19,23],"damage_taken":[{"damage":1,"enemies":"Cultist","floor":1,"turns":4},{"damage":7,"enemies":"Small Slimes","floor":2,"turns":4},{"damage":3,"enemies":"Jaw Worm","floor":5,"turns":3},{"damage":22,"enemies":"Lagavulin","floor":7,"turns":6},{"damage":28,"enemies":"3 Sentries","floor":10,"turns":6},{"damage":15,"enemies":"Lots of Slimes","floor":11,"turns":5},{"damage":5,"enemies":"Gremlin Nob","floor":14,"turns":3},{"damage":48,"enemies":"The Guardian","floor":16,"turns":8},{"damage":18,"enemies":"Shell Parasite","floor":18,"turns":4},{"damage":17,"enemies":"2 Thieves","floor":19,"turns":4},{"damage":22,"enemies":"Snecko","floor":21,"turns":4},{"damage":23,"enemies":"Book of Stabbing","floor":23,"turns":3}],"seed_played":"1133079662489243783","potions_obtained":[{"floor":11,"key":"Dexterity Potion"},{"floor":14,"key":"Strength Potion"},{"floor":16,"key":"FearPotion"}],"is_trial":false,"path_per_floor":["M","M","$","T","M","R","E","R","T","?","M","$","R","E","R","B",null,"M","M","$","M","$","E"],"character_chosen":"THE_SILENT","items_purchased":["Acrobatics","Blind","Membership Card","Dash+1","Noxious Fumes","Art of War","Prepared"],"campfire_rested":3,"item_purchase_floors":[3,3,20,20,20,20,22],"current_hp_per_floor":[62,55,55,55,52,52,30,48,55,27,14,14,35,32,53,7,70,52,37,37,17,17,0,0],"gold":10,"neow_bonus":"RANDOM_COLORLESS_2","is_daily":false,"chose_seed":false,"campfire_upgraded":1,"win_rate":0.0,"timestamp":1613076227,"path_taken":["M","M","$","?","?","R","E","R","T","?","M","?","R","E","R","BOSS","M","M","$","M","$","E"],"items_purchased_type":["Card","Card","Relic","Card","Card","Relic","Card"],"build_version":"2020-12-22","purchased_purges":0,"victory":false,"max_hp_per_floor":[63,63,63,63,63,63,63,63,70,70,70,70,70,70,70,70,70,70,70,70,70,70,70,70],"card_choices":[{"not_picked":["Secret Weapon","Chrysalis"],"picked":"The Bomb","floor":0},{"not_picked":["Crippling Poison","Bouncing Flask"],"picked":"Underhanded Strike","floor":1},{"not_picked":["Underhanded Strike","Skewer"],"picked":"Flying Knee","floor":2},{"not_picked":["PiercingWail","Dodge and Roll"],"picked":"Dagger Throw+1","floor":5},{"not_picked":["Quick Slash+1","Catalyst"],"picked":"Outmaneuver","floor":7},{"not_picked":["Prepared","Footwork"],"picked":"Sucker Punch+1","floor":10},{"not_picked":["PiercingWail","Acrobatics"],"picked":"Dagger Spray+1","floor":11},{"not_picked":["Deflect","Sucker Punch+1"],"picked":"Terror","floor":14},{"not_picked":["Unload+1","Doppelganger"],"picked":"Glass Knife+1","floor":16},{"not_picked":["Bouncing Flask","Bane+1"],"picked":"Crippling Poison","floor":18},{"not_picked":["Reflex","Expertise"],"picked":"Deflect+1","floor":19},{"not_picked":["Escape Plan","Noxious Fumes"],"picked":"Slice+1","floor":21}],"player_experience":108633,"relics_obtained":[{"floor":4,"key":"Molten Egg 2"},{"floor":7,"key":"Tiny Chest"},{"floor":9,"key":"Strawberry"},{"floor":10,"key":"Blood Vial"},{"floor":14,"key":"Oddly Smooth Stone"}],"event_choices":[{"damage_healed":0,"gold_gain":0,"player_choice":"Searched \u00271\u0027 times","damage_taken":0,"max_hp_gain":0,"max_hp_loss":0,"event_name":"Dead Adventurer","floor":10,"gold_loss":0}],"is_beta":false,"boss_relics":[{"not_picked":["Astrolabe","Pandora\u0027s Box"],"picked":"Philosopher\u0027s Stone"}],"items_purged_floors":[],"is_endless":false,"potions_floor_spawned":[11,14,16],"killed_by":"Book of Stabbing","ascension_level":0}}