{"host":"2n2g1vowfllvjtvi","time":1613040772,"event":{"mods":["AchievementEnabler","BaseMod","Custom Start","GifTheSpireLib","Keyboard Shortcuts","Minty Spire (QoL Compilation)","Permanent Neow","Quick Restart","StSLib","SuperFastMode"],"gold_per_floor":[12,12,24,24,24,24,65,65,65,84,84,102,102,102,102,232,295,309,309,358,402,422,422,452,452],"floor_reached":24,"language":"KOR","playtime":407,"items_purged":[],"score":344,"play_id":"3770a6db-18c6-4214-bb0a-6b9af69ae707","local_time":"20210211195252","is_ascension_mode":true,"campfire_choices":[{"data":"Eruption","floor":6.0,"key":"SMITH"},{"data":"CrushJoints","floor":8.0,"key":"SMITH"},{"data":"EmptyFist","floor":11.0,"key":"SMITH"},{"data":"Scrawl","floor":13.0,"key":"SMITH"},{"data":"FollowUp","floor":15.0,"key":"SMITH"},{"data":"Wish","floor":23,"key":"SMITH"}],"circlet_count":0,"master_deck":["Strike_P","Strike_P","Strike_P","Defend_P+1","Defend_P","Defend_P","Eruption+1","Vigilance","EmptyFist+1","CrushJoints+1","FollowUp+1","EmptyBody+1","Scrawl+1","Wish+1","CutThroughFate","Tantrum","Wallop","Halt"],"relics":["PureWater","Golden Idol","Question Card","HornCleat","Tiny House","CultistMask"],"acts_visited":["Exordium","TheCity"],"potions_floor_usage":[18,20,20,20,21,21,21,21,24],"damage_taken":[{"damage":0.0,"enemies":"2 Louse","floor":1.0,"turns":1.0},{"damage":4.0,"enemies":"Jaw Worm","floor":3.0,"turns":4.0},{"damage":22.0,"enemies":"Lagavulin","floor":7.0,"turns":4.0},{"damage":0.0,"enemies":"Cultist","floor":10.0,"turns":1.0},{"damage":4.0,"enemies":"Red Slaver","floor":12.0,"turns":2.0},{"damage":0.0,"enemies":"Hexaghost","floor":16.0,"turns":4.0},{"damage":0,"enemies":"Spheric Guardian","floor":18,"turns":1},{"damage":0,"enemies":"Chosen","floor":20,"turns":3},{"damage":0,"enemies":"Centurion and Healer","floor":21,"turns":5},{"damage":16,"enemies":"Sentry and Sphere","floor":22,"turns":4},{"damage":55,"enemies":"Book of Stabbing","floor":24,"turns":5}],"seed_played":"-7341349032898330088","potions_obtained":[{"floor":1.0,"key":"Strength Potion"},{"floor":12.0,"key":"FearPotion"},{"floor":16.0,"key":"PowerPotion"},{"floor":17.0,"key":"EntropicBrew"},{"floor":22,"key":"LiquidMemories"}],"is_trial":false,"path_per_floor":["M","?","M","$","?","R","E","R","T","M","R","M","R","?","R","B",null,"M","?","M","M","M","R","E"],"character_chosen":"WATCHER","items_purchased":[],"campfire_rested":0,"item_purchase_floors":[],"current_hp_per_floor":[65,65,61,61,43,43,21,21,21,21,21,17,17,17,17,17,63,63,63,63,63,47,47,0,0],"gold":452,"neow_bonus":"TRANSFORM_TWO_CARDS","is_daily":false,"chose_seed":false,"campfire_upgraded":6,"win_rate":0.0,"timestamp":1613040772,"path_taken":["M","?","M","$","?","R","E","R","T","M","R","M","R","?","R","BOSS","M","?","?","M","M","R","E"],"items_purchased_type":[],"build_version":"2020-12-22","purchased_purges":0,"victory":false,"max_hp_per_floor":[72,72,72,72,72,72,72,72,72,72,72,72,72,72,72,72,77,77,77,77,77,77,77,77,77],"card_choices":[{"not_picked":["Crescendo","FlurryOfBlows"],"picked":"CrushJoints","floor":1.0},{"not_picked":["CarveReality","FollowUp","BowlingBash"],"picked":"SKIP","floor":3.0},{"not_picked":["CarveReality","BowlingBash"],"picked":"FollowUp","floor":3.0},{"not_picked":["SashWhip","BowlingBash","Indignation"],"picked":"SKIP","floor":7.0},{"not_picked":["BowlingBash","FlurryOfBlows","PathToVictory"],"picked":"EmptyBody","floor":10.0},{"not_picked":["ThirdEye","ClearTheMind","Crescendo"],"picked":"Scrawl","floor":12.0},{"not_picked":["LessonLearned","Blasphemy","MasterReality"],"picked":"Wish","floor":16.0},{"not_picked":["Prostrate","PathToVictory","CrushJoints"],"picked":"CutThroughFate","floor":17.0},{"not_picked":["EmptyFist","CarveReality+1","Protect"],"picked":"Tantrum","floor":18},{"not_picked":["Conclude+1","Evaluate","EmptyFist+1"],"picked":"Wallop","floor":20},{"not_picked":["Judgement","Tantrum+1","BowlingBash+1","EmptyBody+1"],"picked":"SKIP","floor":21},{"not_picked":["EmptyMind","BowlingBash","EmptyFist"],"picked":"Halt","floor":22}],"player_experience":226709,"relics_obtained":[{"floor":7.0,"key":"Question Card"},{"floor":9.0,"key":"HornCleat"}],"event_choices":[{"cards_removed":["Wireheading"],"damage_healed":0.0,"max_hp_gain":0.0,"max_hp_loss":0.0,"gold_gain":0.0,"event_name":"Living Wall","player_choice":"Forget","floor":2.0,"gold_loss":0.0,"damage_taken":0.0},{"damage_healed":0.0,"max_hp_gain":0.0,"max_hp_loss":0.0,"gold_gain":0.0,"event_name":"Golden Idol","player_choice":"Take Damage","floor":5.0,"gold_loss":0.0,"damage_taken":18.0,"relics_obtained":["Golden Idol"]},{"damage_healed":0.0,"max_hp_gain":0.0,"max_hp_loss":0.0,"gold_gain":0.0,"event_name":"Accursed Blacksmith","player_choice":"Forge","floor":14.0,"gold_loss":0.0,"damage_taken":0.0,"cards_upgraded":["EmptyBody"]},{"damage_healed":0,"gold_gain":0,"player_choice":"Trade","damage_taken":0,"relics_obtained":["CultistMask"],"max_hp_gain":0,"max_hp_loss":0,"event_name":"FaceTrader","floor":19,"gold_loss":0}],"is_beta":false,"boss_relics":[{"not_picked":["Black Star","Calling Bell"],"picked":"Tiny House"}],"items_purged_floors":[],"is_endless":false,"potions_floor_spawned":[1,12,16,22],"killed_by":"Book of Stabbing","ascension_level":8}}