{"host":"8u1cu4kisw6g21am","time":1613056584,"event":{"mods":["AchievementEnabler","BaseMod","Bestiary","BetterRewards","Minty Spire (QoL Compilation)","Quick Restart","Shop Mod","StSLib"],"gold_per_floor":[112,112,128,128,143,176,176,207,234,234,252,269,88,101,101,199,199,215,225,225,243,153,153,153],"floor_reached":23,"language":"ENG","playtime":1709,"items_purged":["Strike_B"],"score":203,"play_id":"4a5774f3-dd4c-40bb-b61d-16b62246a061","local_time":"20210211101624","is_ascension_mode":false,"campfire_choices":[{"floor":10.0,"key":"REST"},{"floor":15.0,"key":"REST"}],"circlet_count":0,"master_deck":["Strike_B","Strike_B","Strike_B","Defend_B","Defend_B","Zap","Dualcast","Sweeping Beam","Defragment","Melter","White Noise","Conserve Battery","Conserve Battery","Tempest","Melter","Storm","Capacitor","Lockon","Creative AI","Defragment+1","Ball Lightning","Auto Shields+1"],"relics":["Cracked Core","Ice Cream","MerchantsRug","Nunchaku","Bag of Preparation","Omamori","ClockworkSouvenir","Busted Crown","Necronomicon"],"acts_visited":["Exordium","TheCity"],"potions_floor_usage":[23,23],"damage_taken":[{"damage":0.0,"enemies":"Small Slimes","floor":1.0,"turns":3.0},{"damage":1.0,"enemies":"Jaw Worm","floor":3.0,"turns":3.0},{"damage":0.0,"enemies":"Cultist","floor":5.0,"turns":3.0},{"damage":18.0,"enemies":"Gremlin Nob","floor":6.0,"turns":4.0},{"damage":18.0,"enemies":"3 Sentries","floor":8.0,"turns":5.0},{"damage":0.0,"enemies":"3 Louse","floor":11.0,"turns":2.0},{"damage":9.0,"enemies":"Exordium Wildlife","floor":12.0,"turns":3.0},{"damage":0.0,"enemies":"Blue Slaver","floor":14.0,"turns":3.0},{"damage":35.0,"enemies":"The Guardian","floor":16.0,"turns":7.0},{"damage":0.0,"enemies":"Spheric Guardian","floor":18.0,"turns":1.0},{"damage":8.0,"enemies":"Chosen","floor":19.0,"turns":4.0},{"damage":19.0,"enemies":"Centurion and Healer","floor":21.0,"turns":5.0},{"damage":42,"enemies":"Slavers","floor":23,"turns":4}],"seed_played":"5810277383120853196","potions_obtained":[{"floor":1.0,"key":"LiquidBronze"},{"floor":6.0,"key":"LiquidMemories"},{"floor":12.0,"key":"ColorlessPotion"},{"floor":14.0,"key":"Strength Potion"},{"floor":18.0,"key":"Explosive Potion"},{"floor":19.0,"key":"BlessingOfTheForge"}],"is_trial":false,"path_per_floor":["M","?","M","?","M","E","?","E","T","R","M","M","$","M","R","B",null,"M","M","?","M","?","E"],"character_chosen":"DEFECT","items_purchased":["Ice Cream","Sweeping Beam","Defragment","Melter","MerchantsRug","Capacitor","ClockworkSouvenir"],"campfire_rested":2,"item_purchase_floors":[0,0,0,0,0,13,13],"current_hp_per_floor":[40,45,44,44,44,26,19,1,1,25,25,16,16,16,40,5,80,80,72,56,37,37,0,0],"gold":153,"neow_bonus":"","is_daily":false,"chose_seed":false,"campfire_upgraded":0,"win_rate":0.0,"timestamp":1613056584,"path_taken":["M","?","M","?","M","E","?","E","T","R","M","M","?","M","R","BOSS","M","M","?","M","?","E"],"items_purchased_type":["Relic","Card","Card","Card","Relic","Card","Relic"],"build_version":"2020-12-22","purchased_purges":1,"victory":false,"max_hp_per_floor":[75,80,80,80,80,80,80,80,80,80,80,80,80,80,80,80,80,80,80,80,80,80,80,80],"card_choices":[{"not_picked":["Compile Driver","Coolheaded"],"picked":"White Noise","floor":1.0},{"not_picked":["Aggregate","Defragment"],"picked":"Conserve Battery","floor":3.0},{"not_picked":["Double Energy","Beam Cell"],"picked":"Conserve Battery","floor":5.0},{"not_picked":["Hologram","Gash"],"picked":"Tempest","floor":6.0},{"not_picked":["Glacier","Coolheaded"],"picked":"Melter","floor":8.0},{"not_picked":["Leap","Steam Power"],"picked":"Storm","floor":11.0},{"not_picked":["Go for the Eyes","Skim","Rainbow"],"picked":"SKIP","floor":12.0},{"not_picked":["Coolheaded","Steam"],"picked":"Lockon","floor":14.0},{"not_picked":["Thunder Strike","Machine Learning"],"picked":"Creative AI","floor":16.0},{"not_picked":[],"picked":"Defragment+1","floor":18.0},{"not_picked":[],"picked":"Ball Lightning","floor":19.0},{"not_picked":[],"picked":"Auto Shields","floor":21.0}],"player_experience":118602,"relics_obtained":[{"floor":6.0,"key":"Nunchaku"},{"floor":8.0,"key":"Bag of Preparation"},{"floor":9.0,"key":"Omamori"},{"floor":20.0,"key":"Necronomicon"}],"event_choices":[{"damage_healed":0.0,"max_hp_gain":5.0,"max_hp_loss":0.0,"gold_gain":0.0,"event_name":"Big Fish","player_choice":"Donut","floor":2.0,"gold_loss":0.0,"damage_taken":0.0},{"damage_healed":0.0,"max_hp_gain":0.0,"max_hp_loss":0.0,"gold_gain":0.0,"event_name":"Liars Game","player_choice":"Ignored","floor":4.0,"gold_loss":0.0,"damage_taken":0.0},{"cards_removed":["Defend_B"],"damage_healed":0.0,"max_hp_gain":0.0,"max_hp_loss":0.0,"gold_gain":0.0,"event_name":"Golden Wing","player_choice":"Card Removal","floor":7.0,"gold_loss":0.0,"damage_taken":7.0},{"damage_healed":0.0,"max_hp_gain":0.0,"max_hp_loss":0.0,"gold_gain":0.0,"event_name":"Cursed Tome","player_choice":"Obtained Book","floor":20.0,"gold_loss":0.0,"damage_taken":16.0},{"cards_removed":["Defend_B"],"damage_healed":0.0,"max_hp_gain":0.0,"max_hp_loss":0.0,"gold_gain":0.0,"event_name":"Designer","player_choice":"Upgrade and Remove","floor":22.0,"gold_loss":90.0,"damage_taken":0.0,"cards_upgraded":["Auto Shields"]}],"is_beta":false,"boss_relics":[{"not_picked":["Snecko Eye","Tiny House"],"picked":"Busted Crown"}],"items_purged_floors":[0],"is_endless":false,"potions_floor_spawned":[1,6,12,14,18,19],"killed_by":"Slavers","ascension_level":0}}