{"host":"oehe2dxjvdgux73m","time":1613050229,"event":{"mods":["AchievementEnabler","BaseMod","Colored Map","Colored Powertips","DeckTracker","Keyboard Shortcuts","Minty Spire (QoL Compilation)","Permanent Neow","Quick Restart","StSLib","SuperFastMode"],"gold_per_floor":[214,48,75,95,95,95,122,122,122,122,122],"floor_reached":10,"language":"KOR","playtime":203,"items_purged":[],"score":116,"play_id":"f540c23b-dfbb-4495-974b-0b5d083820a1","local_time":"20210211223029","is_ascension_mode":true,"campfire_choices":[{"data":"Crippling Poison","floor":6,"key":"SMITH"},{"data":"Dagger Spray","floor":8,"key":"SMITH"}],"circlet_count":0,"master_deck":["AscendersBane","Strike_G","Strike_G","Strike_G","Strike_G","Strike_G","Defend_G","Defend_G","Defend_G","Defend_G","Defend_G","Survivor","Neutralize","Dagger Throw","Dagger Spray+1","Crippling Poison+1","Deadly Poison"],"relics":["Ring of the Snake","CeramicFish","Golden Idol","Singing Bowl"],"acts_visited":["Exordium"],"potions_floor_usage":[],"damage_taken":[{"damage":1,"enemies":"2 Louse","floor":1,"turns":4},{"damage":8,"enemies":"Small Slimes","floor":3,"turns":5},{"damage":1,"enemies":"Cultist","floor":4,"turns":4},{"damage":9,"enemies":"Large Slime","floor":7,"turns":6},{"damage":57,"enemies":"Gremlin Nob","floor":10,"turns":4}],"seed_played":"-7507738794811036375","potions_obtained":[{"floor":4,"key":"LiquidBronze"}],"is_trial":false,"path_per_floor":["M","$","M","M","?","R","M","R","T","E"],"character_chosen":"THE_SILENT","items_purchased":["CeramicFish"],"campfire_rested":0,"item_purchase_floors":[2],"current_hp_per_floor":[58,58,50,49,49,49,40,40,40,0,0],"gold":122,"neow_bonus":"HUNDRED_GOLD","is_daily":false,"chose_seed":false,"campfire_upgraded":2,"win_rate":0.0,"timestamp":1613050229,"path_taken":["M","$","M","M","?","R","M","R","T","E"],"items_purchased_type":["Relic"],"build_version":"2020-12-22","purchased_purges":0,"victory":false,"max_hp_per_floor":[66,66,66,66,60,60,60,60,60,60,60],"card_choices":[{"not_picked":["Bane","Deadly Poison"],"picked":"Dagger Throw","floor":1},{"not_picked":["Distraction","Sucker Punch"],"picked":"Dagger Spray","floor":3},{"not_picked":["Riddle With Holes","Infinite Blades"],"picked":"Crippling Poison","floor":4},{"not_picked":["Deflect","Poisoned Stab"],"picked":"Deadly Poison","floor":7}],"player_experience":460444,"relics_obtained":[{"floor":9,"key":"Singing Bowl"}],"event_choices":[{"damage_healed":0,"gold_gain":0,"player_choice":"Lose Max HP","damage_taken":0,"relics_obtained":["Golden Idol"],"max_hp_gain":0,"max_hp_loss":6,"event_name":"Golden Idol","floor":5,"gold_loss":0}],"is_beta":false,"boss_relics":[],"items_purged_floors":[],"is_endless":false,"potions_floor_spawned":[4],"killed_by":"Gremlin Nob","ascension_level":20}}