{"host":"f14d6hm2349s9jse","time":1613013658,"event":{"mods":["2.2 Compatiblity","BaseMod","GungeonMod","Minty Spire (QoL Compilation)","StSLib"],"gold_per_floor":[116,133,153,172,188,220,220,249,249,277,295,295,364,35,35,164,164,183,209,209,230,142,142,180,180,180,180,200,225,254,268,281,281,286,422,422,446,446,466,496,526,575,575,615,642,681,681,707,707,721,721,731,731,731,89,125,125],"floor_reached":58,"language":"ENG","playtime":5164,"items_purged":["Normality"],"score":1264,"play_id":"7e836dfe-6bac-48c1-8011-e2494e1195fa","local_time":"20210210222058","is_ascension_mode":true,"campfire_choices":[{"floor":7.0,"key":"REST"},{"floor":15.0,"key":"REST"},{"floor":23.0,"key":"REST"},{"floor":25.0,"key":"REST"},{"data":"DemoMod:ShadowBullets","floor":27.0,"key":"SMITH"},{"data":"DemoMod:TableSutra","floor":33.0,"key":"SMITH"},{"floor":43,"key":"RECALL"},{"floor":51,"key":"REST"},{"floor":54,"key":"REST"}],"circlet_count":0,"master_deck":["DemoMod:Strike_Huntress","DemoMod:Strike_Huntress","DemoMod:Strike_Huntress","DemoMod:Defend_Huntress","DemoMod:Defend_Huntress","DemoMod:Defend_Huntress","DemoMod:Defend_Huntress","DemoMod:Roll","DemoMod:ManualReload","DemoMod:RustySidearm","DemoMod:CrossBow","DemoMod:ShadowBullets+1","DemoMod:Evolver+","DemoMod:Evolver","DemoMod:FightSabre","DemoMod:AWP","DemoMod:SniperShot","DemoMod:BulletBore","DemoMod:ThirdPartyController","DemoMod:PracticeMakesPerfect","DemoMod:TableSutra+1","DemoMod:BlackHoleGun","DemoMod:CursedBullets","Bandage Up","DemoMod:Evolver","DemoMod:TripleGun+1","DemoMod:FortunesFavor+1","DemoMod:FortunesFavor+1","DemoMod:Evolver","DemoMod:Elimentaler","DemoMod:BlankBullets","DemoMod:FullFirepower","DemoMod:ManualReload","DemoMod:ShadowBullets","DemoMod:Unity+1","DemoMod:ConditionalReflex+1","DemoMod:ShadowBullets+1","DemoMod:FastSwitch+1","Parasite","DemoMod:FastSwitch+1","DemoMod:BlankBullets","DemoMod:DoubleSwitch","DemoMod:TableSutra"],"relics":["DemoMod:Dog","NeowsBlessing","MealTicket","Bag of Preparation","PreservedInsect","Omamori","Golden Idol","DemoMod:PortableTableDevice","Cursed Key","Blood Vial","DemoMod:BlueGuonStone","DemoMod:RatBoots","DemoMod:ResourcefulSack","DemoMod:PartiallyEatenCheese","Black Star","Fusion Hammer","Anchor","Mummified Hand","Sundial","DemoMod:DecoyRelic","Bronze Scales","Pear","Happy Flower","DemoMod:RedGuonStone","DemoMod:MeatBun","Bottled Flame","StrikeDummy","Pantograph"],"acts_visited":["Exordium","TheCity","TheCity","TheBeyond","TheEnding"],"potions_floor_usage":[52,52,52,57],"damage_taken":[{"damage":0.0,"enemies":"2 Louse","floor":1.0,"turns":2.0},{"damage":0.0,"enemies":"Jaw Worm","floor":2.0,"turns":1.0},{"damage":0.0,"enemies":"Cultist","floor":3.0,"turns":1.0},{"damage":22.0,"enemies":"Exordium Thugs","floor":4.0,"turns":8.0},{"damage":7.0,"enemies":"Large Slime","floor":5.0,"turns":4.0},{"damage":35.0,"enemies":"Lagavulin","floor":6.0,"turns":11.0},{"damage":4.0,"enemies":"3 Sentries","floor":8.0,"turns":4.0},{"damage":6.0,"enemies":"Lagavulin","floor":10.0,"turns":6.0},{"damage":0.0,"enemies":"Gremlin Gang","floor":11.0,"turns":1.0},{"damage":11.0,"enemies":"Exordium Wildlife","floor":13.0,"turns":4.0},{"damage":39.0,"enemies":"The Guardian","floor":16.0,"turns":10.0},{"damage":22.0,"enemies":"2 Thieves","floor":18.0,"turns":3.0},{"damage":19.0,"enemies":"Shell Parasite","floor":19.0,"turns":6.0},{"damage":9.0,"enemies":"Centurion and Healer","floor":21.0,"turns":5.0},{"damage":5.0,"enemies":"Book of Stabbing","floor":24.0,"turns":4.0},{"damage":8.0,"enemies":"DemoMod:2_Veteran_bullet_kins_and_red_shotgun_kin","floor":28.0,"turns":3.0},{"damage":0.0,"enemies":"DemoMod:Veteran_shot_gun_kin_and_bullet_kin","floor":29.0,"turns":2.0},{"damage":8.0,"enemies":"DemoMod:Red_and_blue_shotgun_kin_with_gunsinger","floor":30.0,"turns":3.0},{"damage":4.0,"enemies":"DemoMod:Veteran_shot_gun_kin_and_blue_shotgun_kin_with_gunsinger","floor":31.0,"turns":4.0},{"damage":7.0,"enemies":"DemoMod:Veteran_shot_gun_kin_and_red_shotgun_kin_with_gunsinger","floor":32.0,"turns":4.0},{"damage":25.0,"enemies":"DemoMod:ResourcefulRat","floor":35.0,"turns":9.0},{"damage":0.0,"enemies":"3 Shapes","floor":37.0,"turns":2.0},{"damage":0,"enemies":"3 Darklings","floor":39,"turns":6},{"damage":0,"enemies":"Maw","floor":40,"turns":5},{"damage":3,"enemies":"4 Shapes","floor":41,"turns":2},{"damage":9,"enemies":"Nemesis","floor":42,"turns":4},{"damage":0,"enemies":"Giant Head","floor":44,"turns":5},{"damage":0,"enemies":"Reptomancer","floor":46,"turns":2},{"damage":28,"enemies":"Writhing Mass","floor":48,"turns":5},{"damage":6,"enemies":"Jaw Worm Horde","floor":50,"turns":4},{"damage":42,"enemies":"Time Eater","floor":52,"turns":13},{"damage":0,"enemies":"Shield and Spear","floor":56,"turns":2},{"damage":3,"enemies":"The Heart","floor":57,"turns":6}],"seed_played":"-7924742254792298747","potions_obtained":[{"floor":2.0,"key":"Explosive Potion"},{"floor":3.0,"key":"Block Potion"},{"floor":5.0,"key":"SpeedPotion"},{"floor":10.0,"key":"AttackPotion"},{"floor":13.0,"key":"Energy Potion"},{"floor":16.0,"key":"Dexterity Potion"},{"floor":18.0,"key":"Block Potion"},{"floor":19.0,"key":"SteroidPotion"},{"floor":29.0,"key":"Regen Potion"},{"floor":32.0,"key":"Energy Potion"},{"floor":37.0,"key":"EntropicBrew"},{"floor":48,"key":"LiquidMemories"}],"is_trial":false,"path_per_floor":["M","M","M","M","M","E","R","E","T","E","M","?","M","$","R","B",null,"M","M","?","M","$","R","E","R","T","R","M","M","M","M","M","R","B","B",null,"M","?","M","M","M","E","R","E","T","E","T","M","?","M","R","B",null,"R","$","E","B",null],"character_chosen":"HUNTRESS","items_purchased":["DemoMod:GnawedKey","DemoMod:TableSutra","DemoMod:PortableTableDevice","Bandage Up","DemoMod:RedGuonStone","DemoMod:MeatBun","DemoMod:DoubleSwitch","Bottled Flame"],"campfire_rested":6,"item_purchase_floors":[14,14,14,22,55,55,55,55],"current_hp_per_floor":[70,70,70,48,41,6,27,23,23,17,17,17,6,21,42,3,70,48,29,29,20,35,56,55,70,70,70,62,68,62,64,70,70,41,22,70,70,70,70,70,67,61,61,67,67,79,79,56,56,56,80,38,80,80,80,80,77],"gold":125,"neow_bonus":"THREE_ENEMY_KILL","is_daily":false,"chose_seed":false,"campfire_upgraded":2,"win_rate":0.0,"timestamp":1613013658,"path_taken":["M","M","M","M","M","E","R","E","T","E","M","?","M","$","R","BOSS","M","M","?","M","$","R","E","R","T","R","M","M","M","M","M","R","BOSS","BOSS","M","?","?","M","M","E","R","E","T","E","?","M","?","M","R","BOSS","R","$","E","BOSS"],"items_purchased_type":["Relic","Card","Relic","Card","Relic","Relic","Card","Relic"],"build_version":"2020-12-22","purchased_purges":1,"victory":true,"max_hp_per_floor":[70,70,70,70,70,70,70,70,70,70,70,70,70,70,70,70,70,70,70,70,70,70,70,70,70,70,70,70,70,70,70,70,70,70,70,70,70,70,70,70,70,70,70,70,70,80,80,80,80,80,80,80,80,80,80,80,80],"card_choices":[{"not_picked":["DemoMod:BattleInHaste","DemoMod:DoubleSwitch"],"picked":"DemoMod:ShadowBullets","floor":1.0},{"not_picked":["DemoMod:Unity","DemoMod:SniperShot"],"picked":"DemoMod:Evolver","floor":2.0},{"not_picked":["DemoMod:TeaPot","DemoMod:Ejector","DemoMod:Polaris"],"picked":"SKIP","floor":2.0},{"not_picked":["DemoMod:DirectionalPad","DemoMod:HardPowerCard"],"picked":"DemoMod:Evolver","floor":3.0},{"not_picked":["DemoMod:DirectionalPad","DemoMod:MachoBrace","DemoMod:HardPowerCard"],"picked":"SKIP","floor":4.0},{"not_picked":["DemoMod:FortunesFavor","DemoMod:BattleInHaste"],"picked":"DemoMod:FightSabre","floor":5.0},{"not_picked":["DemoMod:HighKaliber","DemoMod:BoxingGlove"],"picked":"DemoMod:AWP","floor":6.0},{"not_picked":["DemoMod:FeignSurrender","DemoMod:AC15"],"picked":"DemoMod:SniperShot","floor":8.0},{"not_picked":["DemoMod:DoubleSwitch","DemoMod:BoxingGlove"],"picked":"DemoMod:BulletBore","floor":10.0},{"not_picked":["DemoMod:HuntsMan","DemoMod:SAA"],"picked":"DemoMod:ThirdPartyController","floor":11.0},{"not_picked":["DemoMod:HardPowerCard","DemoMod:AWP"],"picked":"DemoMod:PracticeMakesPerfect","floor":13.0},{"not_picked":["DemoMod:BSG","DemoMod:FightSabre"],"picked":"DemoMod:BlackHoleGun","floor":16.0},{"not_picked":["DemoMod:SAA+1","DemoMod:Ejector"],"picked":"DemoMod:CursedBullets","floor":18.0},{"not_picked":["DemoMod:MegaHand","DemoMod:JK47","DemoMod:AC15+1"],"picked":"SKIP","floor":19.0},{"not_picked":["DemoMod:BoxingGlove","DemoMod:AC15","DemoMod:Ejector+1"],"picked":"SKIP","floor":21.0},{"not_picked":["DemoMod:GunstockTap","DemoMod:BlackHoleGun"],"picked":"DemoMod:Evolver","floor":24.0},{"not_picked":["DemoMod:DirectionalPad","DemoMod:BattleInHaste","DemoMod:PotionOfGunFriendShip"],"picked":"SKIP","floor":28.0},{"not_picked":["DemoMod:SAA","DemoMod:AbyssalTentacle+1"],"picked":"DemoMod:TripleGun+1","floor":29.0},{"not_picked":["DemoMod:Eureka","DemoMod:Ejector+1"],"picked":"DemoMod:FortunesFavor+1","floor":30.0},{"not_picked":["DemoMod:DirectionalPad+1","DemoMod:TableSutra"],"picked":"DemoMod:FortunesFavor+1","floor":31.0},{"not_picked":["DemoMod:JK47","DemoMod:BoxingGlove"],"picked":"DemoMod:Evolver","floor":32.0},{"not_picked":[],"picked":"DemoMod:Elimentaler","floor":35.0},{"not_picked":["DemoMod:Gungine","DemoMod:Slinger"],"picked":"DemoMod:BlankBullets","floor":35.0},{"not_picked":["DemoMod:AWP+1","DemoMod:TeaPot+1","DemoMod:Ejector+1"],"picked":"SKIP","floor":37.0},{"not_picked":["DemoMod:LifeOrb","DemoMod:AbyssalTentacle"],"picked":"DemoMod:Unity+1","floor":39},{"not_picked":["DemoMod:MachoBrace","DemoMod:PracticeMakesPerfect","DemoMod:HuntsMan"],"picked":"SKIP","floor":40},{"not_picked":["DemoMod:FortunesFavor+1","DemoMod:AC15"],"picked":"DemoMod:ConditionalReflex+1","floor":41},{"not_picked":["DemoMod:StickyCrossBow","DemoMod:Rummage+1"],"picked":"DemoMod:ShadowBullets+1","floor":42},{"not_picked":["DemoMod:CombinedRifle","DemoMod:BattleInHaste+1","DemoMod:StickyCrossBow+1"],"picked":"SKIP","floor":44},{"not_picked":["DemoMod:ThirdPartyController","DemoMod:DoubleSwitch"],"picked":"DemoMod:FastSwitch+1","floor":46},{"not_picked":["DemoMod:JK47","DemoMod:MachoBrace"],"picked":"DemoMod:FastSwitch+1","floor":48},{"not_picked":["DemoMod:DoubleSwitch+1","DemoMod:LifeOrb"],"picked":"DemoMod:BlankBullets","floor":50},{"not_picked":["DemoMod:DirectionalPad+1","DemoMod:BattleInHaste"],"picked":"DemoMod:TableSutra","floor":56}],"player_experience":2470131,"relics_obtained":[{"floor":6.0,"key":"MealTicket"},{"floor":8.0,"key":"Bag of Preparation"},{"floor":9.0,"key":"PreservedInsect"},{"floor":10.0,"key":"Omamori"},{"floor":24.0,"key":"Blood Vial"},{"floor":28.0,"key":"DemoMod:BlueGuonStone"},{"floor":36.0,"key":"DemoMod:RatBoots"},{"floor":36.0,"key":"DemoMod:ResourcefulSack"},{"floor":36.0,"key":"DemoMod:PartiallyEatenCheese"},{"floor":36.0,"key":"Black Star"},{"floor":36.0,"key":"Fusion Hammer"},{"floor":42,"key":"Anchor"},{"floor":42,"key":"Mummified Hand"},{"floor":44,"key":"Sundial"},{"floor":44,"key":"DemoMod:DecoyRelic"},{"floor":45,"key":"Bronze Scales"},{"floor":46,"key":"Pear"},{"floor":46,"key":"Happy Flower"},{"floor":56,"key":"StrikeDummy"},{"floor":56,"key":"Pantograph"}],"event_choices":[{"damage_healed":0.0,"max_hp_gain":0.0,"max_hp_loss":0.0,"gold_gain":0.0,"event_name":"Golden Idol","player_choice":"Take Wound","floor":12.0,"gold_loss":0.0,"damage_taken":0.0,"relics_obtained":["Golden Idol"],"cards_obtained":["Injury"]},{"damage_healed":0.0,"max_hp_gain":0.0,"max_hp_loss":0.0,"gold_gain":0.0,"event_name":"Vampires","player_choice":"Ignored","floor":20.0,"gold_loss":0.0,"damage_taken":0.0},{"damage_healed":0,"gold_gain":0,"player_choice":"3 cards matched","damage_taken":0,"max_hp_gain":0,"max_hp_loss":0,"event_name":"Match and Keep!","floor":38,"gold_loss":0,"cards_obtained":["DemoMod:FullFirepower","DemoMod:ManualReload","DemoMod:ShadowBullets"]},{"damage_healed":0,"gold_gain":0,"player_choice":"Ignored","damage_taken":0,"max_hp_gain":0,"max_hp_loss":0,"event_name":"SecretPortal","floor":49,"gold_loss":0}],"is_beta":false,"boss_relics":[{"not_picked":["Astrolabe","DemoMod:Wolf"],"picked":"Cursed Key"},{"not_picked":[]}],"items_purged_floors":[55],"is_endless":false,"potions_floor_spawned":[2,3,5,10,13,16,18,19,29,30,32,37,39,48],"ascension_level":1}}