{"host":"uom2h1y0l20ikqvv","time":1613085458,"event":{"mods":["BaseMod","Bossed Relics","Colored Powertips","Minty Spire (QoL Compilation)","Replay The Spire","StSLib"],"gold_per_floor":[209,20,85,29,43,43,19,19,19,19,19,19,31,41,71,90,90,191,191,206,25,25,42,42,42,53,72,72,87,11,30,30,48,48,48,48],"floor_reached":35,"language":"ENG","playtime":1738,"items_purged":[],"score":259,"play_id":"429b26f2-f655-47e6-8db9-bd7ad3c1f397","local_time":"20210211231738","is_ascension_mode":false,"campfire_choices":[{"data":"Static Discharge","floor":6.0,"key":"SMITH"},{"floor":17,"key":"REST"},{"floor":25,"key":"REST"},{"floor":32,"key":"REST"},{"floor":34,"key":"DIG"}],"circlet_count":0,"master_deck":["Strike_B+1","Strike_B","Strike_B","Strike_B+1","Defend_B","Defend_B","Defend_B","Defend_B+1","Zap","Dualcast","Redo","Static Discharge+1","Heatsinks","Hello World+1","Cold Snap+1","Hologram","Leap","Leap","Rainbow+1","Melter","Machine Learning","Beam Cell","Conserve Battery","Amplify+1","ReplayTheSpireMod:Reroute Power","Ball Lightning+1","ReplayTheSpireMod:Calculation Training","Cloak And Dagger","Run Through"],"relics":["Cracked Core","Membership Card","MealTicket","Nunchaku","HornCleat","Gremlin Food","Nuclear Battery","Boot","Whetstone","Du-Vu Doll","PrismaticShard","Shovel"],"acts_visited":["Exordium","TheCity"],"potions_floor_usage":[35,35,35],"damage_taken":[{"damage":1.0,"enemies":"Jaw Worm","floor":1.0,"turns":4.0},{"damage":3.0,"enemies":"2 Louse","floor":5.0,"turns":3.0},{"damage":0,"enemies":"Cultist","floor":13,"turns":4},{"damage":2,"enemies":"3 Louse","floor":14,"turns":3},{"damage":11,"enemies":"3 Sentries","floor":15,"turns":7},{"damage":3,"enemies":"2 Fungi Beasts","floor":16,"turns":3},{"damage":36,"enemies":"Slime Boss","floor":18,"turns":10},{"damage":12,"enemies":"Shell Parasite","floor":20,"turns":5},{"damage":1,"enemies":"Chosen","floor":23,"turns":6},{"damage":23,"enemies":"Snecko","floor":26,"turns":7},{"damage":8,"enemies":"Centurion and Healer","floor":27,"turns":8},{"damage":4,"enemies":"Cultist and Chosen","floor":29,"turns":6},{"damage":22,"enemies":"3 Cultists","floor":31,"turns":5},{"damage":11,"enemies":"Snake Plant","floor":33,"turns":4},{"damage":57,"enemies":"Collector","floor":35,"turns":9}],"seed_played":"3928079838463523129","potions_obtained":[{"floor":3.0,"key":"Doom Potion"},{"floor":3.0,"key":"LiquidBronze"},{"floor":5.0,"key":"AttackPotion"},{"floor":26,"key":"Strength Potion"}],"is_trial":false,"path_per_floor":["M","$","?","$","M","R","$","?","T","PTL","PTL","?","M","M","E","M","R","B",null,"M","$","?","M","?","R","M","M","T","M","$","M","R","M","R","B"],"character_chosen":"DEFECT","items_purchased":["Membership Card","Static Discharge","Hello World+1","Cold Snap","Leap","Boot","Whetstone","Conserve Battery","PrismaticShard"],"campfire_rested":3,"item_purchase_floors":[2,2,4,4,7,21,21,21,30],"current_hp_per_floor":[74,74,56,71,68,68,75,72,72,72,72,72,72,70,59,56,75,39,75,63,75,75,74,60,80,57,49,49,45,60,38,62,51,51,0,0],"gold":48,"neow_bonus":"HUNDRED_GOLD","is_daily":false,"chose_seed":false,"campfire_upgraded":1,"win_rate":0.0,"timestamp":1613085458,"path_taken":["M","$","?","$","M","R","?","?","T","PTL","PTL","?","M","M","E","M","R","BOSS","M","$","?","?","?","R","M","M","T","M","$","M","R","M","R","BOSS"],"items_purchased_type":["Relic","Card","Card","Card","Card","Relic","Relic","Card","Relic"],"build_version":"2020-12-22","purchased_purges":0,"victory":false,"max_hp_per_floor":[75,75,75,75,75,75,75,75,75,75,75,75,75,75,75,75,75,75,75,75,75,75,75,80,80,80,80,80,80,80,80,80,80,80,80,80],"card_choices":[{"not_picked":["Rebound","Beam Cell"],"picked":"Redo","floor":1.0},{"not_picked":["FTL","Hologram"],"picked":"Heatsinks","floor":3.0},{"not_picked":["Stack","Go for the Eyes"],"picked":"Hologram","floor":5.0},{"not_picked":["Biased Cognition","Blizzard","Panic Button"],"picked":"SKIP","floor":13},{"not_picked":["Turbo","Consume"],"picked":"Leap","floor":14},{"not_picked":["Consume","Rebound"],"picked":"Rainbow","floor":15},{"not_picked":["Undo","Barrage"],"picked":"Melter","floor":16},{"not_picked":["Biased Cognition","All For One"],"picked":"Machine Learning","floor":18},{"not_picked":["Rebound+1","Cold Snap"],"picked":"Beam Cell","floor":20},{"not_picked":["Rebound+1","Gash"],"picked":"Amplify","floor":23},{"not_picked":["Reinforced Body","Cold Snap"],"picked":"ReplayTheSpireMod:Reroute Power","floor":26},{"not_picked":["Beam Cell","Turbo"],"picked":"Ball Lightning+1","floor":27},{"not_picked":["Cold Snap","Barrage"],"picked":"ReplayTheSpireMod:Calculation Training","floor":29},{"not_picked":["Havoc","FlyingSleeves"],"picked":"Cloak And Dagger","floor":31},{"not_picked":["EmptyFist","Barrage"],"picked":"Run Through","floor":33}],"player_experience":71361,"relics_obtained":[{"floor":3.0,"key":"MealTicket"},{"floor":9.0,"key":"HornCleat"},{"floor":15,"key":"Gremlin Food"},{"floor":28,"key":"Du-Vu Doll"},{"floor":34,"key":"Shovel"}],"event_choices":[{"damage_healed":0.0,"max_hp_gain":0.0,"max_hp_loss":0.0,"gold_gain":0.0,"event_name":"Scrap Ooze","player_choice":"Success","floor":8.0,"gold_loss":0.0,"damage_taken":3.0,"relics_obtained":["Nunchaku"]},{"damage_healed":0.0,"max_hp_gain":0.0,"max_hp_loss":0.0,"gold_gain":0.0,"event_name":"Golden Wing","player_choice":"Ignored","floor":12.0,"gold_loss":0.0,"damage_taken":0.0},{"damage_healed":0,"gold_gain":0,"player_choice":"Forge","damage_taken":0,"max_hp_gain":0,"max_hp_loss":0,"event_name":"Accursed Blacksmith","floor":22,"gold_loss":0,"cards_upgraded":["Rainbow"]},{"damage_healed":0,"gold_gain":0,"player_choice":"Shed Blood","damage_taken":19,"max_hp_gain":5,"max_hp_loss":0,"event_name":"Forgotten Altar","floor":24,"gold_loss":0}],"is_beta":false,"boss_relics":[{"not_picked":["SacredBark","Replay:Grab Bag"],"picked":"Nuclear Battery"}],"items_purged_floors":[],"is_endless":false,"potions_floor_spawned":[5,13,14,18,26,31,33],"killed_by":"Collector","ascension_level":0}}