{"host":"mnpd8gh7cwxsn5kh","time":1613054210,"event":{"mods":["BaseMod","Bestiary","Block Reminder","Colored Map","Colored Powertips","Highlight Path","Minty Spire (QoL Compilation)","Relic Sorter","Relic Stats"],"gold_per_floor":[118,129,146,146,146,146,171,171,171,171,187,237,253,285,285,359,359,376,393,393,308,319,347,347,379,379,379,379],"floor_reached":27,"language":"ENG","playtime":1865,"items_purged":[],"score":444,"play_id":"a7315f0c-0331-41ec-ae63-c11cb37489e2","local_time":"20210211153650","is_ascension_mode":true,"campfire_choices":[{"data":"Uppercut","floor":6,"key":"SMITH"},{"data":"Reaper","floor":8,"key":"SMITH"},{"data":"Bash","floor":10,"key":"SMITH"},{"data":"Spot Weakness","floor":15,"key":"SMITH"},{"floor":24,"key":"REST"}],"circlet_count":0,"master_deck":["AscendersBane","Strike_R+1","Strike_R+1","Strike_R+1","Defend_R+1","Defend_R+1","Defend_R+1","Defend_R+1","Bash+1","Reaper+1","Uppercut+1","Pommel Strike","Twin Strike","Ghostly Armor","Spot Weakness+1","Immolate","True Grit","Battle Trance","Reaper"],"relics":["Burning Blood","Ginger","InkBottle","PreservedInsect","Boot","Empty Cage","Kunai","Regal Pillow","Bottled Lightning","Dream Catcher"],"acts_visited":["Exordium","TheCity"],"potions_floor_usage":[11,14,16,23],"damage_taken":[{"damage":0,"enemies":"Small Slimes","floor":1,"turns":3},{"damage":7,"enemies":"Jaw Worm","floor":2,"turns":4},{"damage":6,"enemies":"Cultist","floor":3,"turns":4},{"damage":28,"enemies":"Gremlin Nob","floor":7,"turns":4},{"damage":2,"enemies":"Blue Slaver","floor":11,"turns":6},{"damage":11,"enemies":"Looter","floor":13,"turns":2},{"damage":18,"enemies":"3 Sentries","floor":14,"turns":6},{"damage":24,"enemies":"Hexaghost","floor":16,"turns":8},{"damage":8,"enemies":"Chosen","floor":18,"turns":4},{"damage":20,"enemies":"3 Byrds","floor":19,"turns":7},{"damage":45,"enemies":"Cultist and Chosen","floor":22,"turns":7},{"damage":54,"enemies":"Slavers","floor":23,"turns":6},{"damage":35,"enemies":"Book of Stabbing","floor":25,"turns":6},{"damage":62,"enemies":"3 Cultists","floor":27,"turns":5}],"seed_played":"6443798608843662049","potions_obtained":[{"floor":2,"key":"ElixirPotion"},{"floor":3,"key":"BlessingOfTheForge"},{"floor":7,"key":"EssenceOfSteel"},{"floor":14,"key":"FearPotion"},{"floor":19,"key":"SkillPotion"},{"floor":22,"key":"LiquidBronze"}],"is_trial":false,"path_per_floor":["M","M","M","?","?","R","E","R","T","R","M","T","M","E","R","B",null,"M","M","?","?","M","E","R","E","T","M"],"character_chosen":"IRONCLAD","items_purchased":[],"campfire_rested":1,"item_purchase_floors":[],"current_hp_per_floor":[60,59,59,44,49,49,27,27,27,27,36,36,31,34,34,16,64,69,73,73,73,43,21,60,31,31,0,0],"gold":379,"neow_bonus":"THREE_RARE_CARDS","is_daily":false,"chose_seed":false,"campfire_upgraded":4,"win_rate":0.0,"timestamp":1613054210,"path_taken":["M","M","M","?","?","R","E","R","T","R","M","?","M","E","R","BOSS","M","?","?","?","?","E","R","E","T","M"],"items_purchased_type":[],"build_version":"2020-12-22","purchased_purges":0,"victory":false,"max_hp_per_floor":[75,75,75,75,80,80,80,80,80,80,80,80,80,80,80,80,80,80,80,80,80,80,80,80,80,80,80,80],"relic_stats":{"Regal Pillow":15,"Dream Catcher":0,"counters":[14,72],"PreservedInsect":124,"Ginger":[9],"Kunai":[1],"Boot":[8],"obtain_stats":[{"Regal Pillow":23,"Dream Catcher":26,"PreservedInsect":12,"Ginger":7,"Kunai":21,"Bottled Lightning":25,"Boot":14,"Empty Cage":17,"Burning Blood":0,"InkBottle":9},{"Regal Pillow":12,"Dream Catcher":13,"PreservedInsect":5,"Ginger":4,"Kunai":10,"Bottled Lightning":13,"Boot":7,"Empty Cage":8,"Burning Blood":0,"InkBottle":4},{"Regal Pillow":61,"Dream Catcher":67,"PreservedInsect":21,"Ginger":15,"Kunai":48,"Bottled Lightning":67,"Boot":29,"Empty Cage":37,"Burning Blood":0,"InkBottle":15}],"Burning Blood":78,"InkBottle":[12]},"card_choices":[{"not_picked":["Offering","Demon Form"],"picked":"Reaper","floor":0},{"not_picked":["Perfected Strike","Anger"],"picked":"Uppercut","floor":1},{"not_picked":["Clothesline","True Grit"],"picked":"Pommel Strike","floor":2},{"not_picked":["Headbutt","Wild Strike"],"picked":"Twin Strike","floor":3},{"not_picked":["Barricade","Pommel Strike"],"picked":"Ghostly Armor","floor":7},{"not_picked":["Pommel Strike","Second Wind","Heavy Blade"],"picked":"SKIP","floor":11},{"not_picked":["Headbutt","Power Through"],"picked":"Spot Weakness","floor":13},{"not_picked":["Headbutt","Perfected Strike","Anger"],"picked":"SKIP","floor":14},{"not_picked":["Impervious","Corruption"],"picked":"Immolate","floor":16},{"not_picked":["Havoc","Warcry","Cleave"],"picked":"SKIP","floor":18},{"not_picked":["Anger","Cleave"],"picked":"True Grit","floor":19},{"not_picked":["Havoc","Body Slam"],"picked":"Battle Trance","floor":22},{"not_picked":["Rupture","Feel No Pain","Headbutt"],"picked":"SKIP","floor":23},{"not_picked":["Shockwave","Anger"],"picked":"Reaper","floor":25}],"player_experience":449984,"relics_obtained":[{"floor":7,"key":"Ginger"},{"floor":9,"key":"InkBottle"},{"floor":12,"key":"PreservedInsect"},{"floor":14,"key":"Boot"},{"floor":23,"key":"Regal Pillow"},{"floor":25,"key":"Bottled Lightning"},{"floor":26,"key":"Dream Catcher"}],"event_choices":[{"damage_healed":0,"gold_gain":0,"player_choice":"Entered Light","damage_taken":15,"max_hp_gain":0,"max_hp_loss":0,"event_name":"Shining Light","floor":4,"gold_loss":0,"cards_upgraded":["Strike_R","Strike_R"]},{"damage_healed":0,"gold_gain":0,"player_choice":"Donut","damage_taken":0,"max_hp_gain":5,"max_hp_loss":0,"event_name":"Big Fish","floor":5,"gold_loss":0},{"damage_healed":0,"gold_gain":0,"player_choice":"Simplicity","damage_taken":0,"max_hp_gain":0,"max_hp_loss":0,"event_name":"Back to Basics","floor":20,"gold_loss":0,"cards_upgraded":["Strike_R","Defend_R","Defend_R","Defend_R","Defend_R"]},{"damage_healed":0,"gold_gain":0,"player_choice":"Obtained Relic","damage_taken":0,"relics_obtained":["Kunai"],"max_hp_gain":0,"max_hp_loss":0,"event_name":"Addict","floor":21,"gold_loss":85}],"is_beta":false,"boss_relics":[{"not_picked":["Calling Bell","SlaversCollar"],"picked":"Empty Cage"}],"items_purged_floors":[],"is_endless":false,"potions_floor_spawned":[2,3,7,14,19,22],"killed_by":"3 Cultists","ascension_level":14}}