{"host":"4w0ph6h4vm9bom6o","time":1613039227,"event":{"mods":["BaseMod","Minty Spire (QoL Compilation)","Relic Stats","ojb\u0027s Better Paths Mod","ojb\u0027s Info Mod"],"gold_per_floor":[110,110,122,133,83,83,118,118,118,146,180,24,24,39,39,135,135,147,147,147,159,178,210,210,238,263,263,282,311,85,115,115,218,218,235,235,235,251,37,37,63,63,63,113,148,148,160,176,176,176],"floor_reached":51,"language":"ENG","playtime":4755,"items_purged":["Strike_R"],"score":828,"play_id":"e563faf4-450f-411c-83b2-bb3416818f55","local_time":"20210211122707","is_ascension_mode":true,"campfire_choices":[{"data":"Perfected Strike","floor":6.0,"key":"SMITH"},{"data":"Clothesline","floor":8.0,"key":"SMITH"},{"floor":13.0,"key":"REST"},{"data":"Whirlwind","floor":15.0,"key":"SMITH"},{"data":"Demon Form","floor":24.0,"key":"SMITH"},{"data":"Reaper","floor":27.0,"key":"SMITH"},{"data":"J.A.X.","floor":32.0,"key":"SMITH"},{"data":"Offering","floor":40,"key":"SMITH"},{"data":"Limit Break","floor":42,"key":"SMITH"},{"data":"Dual Wield","floor":46,"key":"SMITH"},{"data":"Fiend Fire","floor":49,"key":"SMITH"}],"circlet_count":0,"master_deck":["Strike_R","Strike_R","Strike_R","Strike_R+1","Defend_R","Defend_R","Bash+1","Perfected Strike+1","Flame Barrier","Thunderclap","Clothesline+1","Whirlwind+1","Shockwave","Reaper+1","J.A.X.+1","Demon Form+1","Sword Boomerang","Fiend Fire+1","Dark Embrace+1","Offering+1","Good Instincts","Blind","Shrug It Off+1","Feel No Pain+1","Limit Break+1","Dropkick+1","Armaments+1","Dual Wield+1","Limit Break","True Grit+1"],"relics":["Velvet Choker","Pocketwatch","Lizard Tail","Odd Mushroom","Orichalcum","Toolbox","Runic Pyramid","Frozen Egg 2","Strawberry","Anchor","Kunai","Centennial Puzzle","Oddly Smooth Stone","SlaversCollar","Dream Catcher","Darkstone Periapt","Thread and Needle","Eternal Feather"],"acts_visited":["Exordium","TheCity","TheBeyond"],"potions_floor_usage":[50],"damage_taken":[{"damage":6.0,"enemies":"2 Louse","floor":1.0,"turns":3.0},{"damage":0.0,"enemies":"Small Slimes","floor":3.0,"turns":2.0},{"damage":1.0,"enemies":"Jaw Worm","floor":4.0,"turns":2.0},{"damage":4.0,"enemies":"3 Sentries","floor":7.0,"turns":7.0},{"damage":17.0,"enemies":"The Mushroom Lair","floor":10.0,"turns":3.0},{"damage":9.0,"enemies":"Lagavulin","floor":11.0,"turns":5.0},{"damage":0.0,"enemies":"Looter","floor":14.0,"turns":2.0},{"damage":0.0,"enemies":"Slime Boss","floor":16.0,"turns":4.0},{"damage":3.0,"enemies":"Spheric Guardian","floor":18.0,"turns":4.0},{"damage":10.0,"enemies":"Shell Parasite","floor":21.0,"turns":5.0},{"damage":12.0,"enemies":"Shelled Parasite and Fungi","floor":22.0,"turns":6.0},{"damage":23.0,"enemies":"Slavers","floor":23.0,"turns":5.0},{"damage":14.0,"enemies":"Book of Stabbing","floor":25.0,"turns":4.0},{"damage":0.0,"enemies":"Snecko","floor":28.0,"turns":3.0},{"damage":17.0,"enemies":"Slavers","floor":29.0,"turns":3.0},{"damage":8.0,"enemies":"Book of Stabbing","floor":31.0,"turns":3.0},{"damage":20.0,"enemies":"Collector","floor":33.0,"turns":6.0},{"damage":3,"enemies":"3 Shapes","floor":35,"turns":3},{"damage":6,"enemies":"3 Darklings","floor":38,"turns":1},{"damage":18,"enemies":"Reptomancer","floor":41,"turns":5},{"damage":3,"enemies":"Mind Bloom Boss Battle","floor":44,"turns":8},{"damage":12,"enemies":"Giant Head","floor":45,"turns":6},{"damage":17,"enemies":"Jaw Worm Horde","floor":47,"turns":5},{"damage":4,"enemies":"4 Shapes","floor":48,"turns":7},{"damage":8,"enemies":"Time Eater","floor":50,"turns":6}],"seed_played":"-8241328175355521877","potions_obtained":[{"floor":3.0,"key":"ElixirPotion"},{"floor":11.0,"key":"Fire Potion"},{"floor":14.0,"key":"Strength Potion"},{"floor":18.0,"key":"Block Potion"},{"floor":21.0,"key":"SpeedPotion"},{"floor":28.0,"key":"BloodPotion"},{"floor":47,"key":"PowerPotion"}],"is_trial":false,"path_per_floor":["M","?","M","M","?","R","E","R","T","?","E","$","R","M","R","B",null,"M","?","?","M","M","E","R","E","T","R","M","E","$","E","R","B",null,"M","?","?","M","$","R","E","R","T","?","E","R","M","M","R","B",null],"character_chosen":"IRONCLAD","items_purchased":["Toolbox","Centennial Puzzle","Feel No Pain+1","Limit Break"],"campfire_rested":1,"item_purchase_floors":[12,30,39,39],"current_hp_per_floor":[74,58,58,57,57,57,53,53,53,36,27,27,51,51,51,51,80,80,80,80,80,77,55,55,48,48,48,55,52,52,44,44,76,87,87,87,77,71,71,71,53,53,53,87,87,87,84,80,87,79],"gold":176,"neow_bonus":"BOSS_RELIC","is_daily":false,"chose_seed":false,"campfire_upgraded":10,"win_rate":0.0,"timestamp":1613039227,"path_taken":["M","?","M","M","?","R","E","R","T","?","E","$","R","M","R","BOSS","M","?","?","?","M","E","R","E","T","R","M","E","$","E","R","BOSS","M","?","?","M","$","R","E","R","T","?","E","R","M","M","R","BOSS"],"items_purchased_type":["Relic","Relic","Card","Card"],"build_version":"2020-12-22","purchased_purges":1,"victory":true,"max_hp_per_floor":[80,80,80,80,80,80,80,80,80,80,80,80,80,80,80,80,80,80,80,80,80,80,80,80,87,87,87,87,87,87,87,87,87,87,87,87,87,87,87,87,87,87,87,87,87,87,87,87,87,87],"relic_stats":{"Darkstone Periapt":0,"Lizard Tail":0,"Centennial Puzzle":[28],"Dream Catcher":0,"counters":[25,108],"Eternal Feather":7,"Kunai":[8],"Orichalcum":[168],"obtain_stats":[{"Darkstone Periapt":43,"Velvet Choker":0,"Oddly Smooth Stone":31,"Thread and Needle":44,"Eternal Feather":45,"Odd Mushroom":10,"Orichalcum":11,"Frozen Egg 2":23,"Burning Blood":0,"SlaversCollar":34,"Lizard Tail":9,"Anchor":26,"Centennial Puzzle":30,"Dream Catcher":41,"Strawberry":25,"Toolbox":12,"Kunai":29,"Pocketwatch":7,"Runic Pyramid":17},{"Darkstone Periapt":20,"Velvet Choker":0,"Oddly Smooth Stone":16,"Thread and Needle":21,"Eternal Feather":22,"Odd Mushroom":5,"Orichalcum":6,"Frozen Egg 2":12,"Burning Blood":0,"SlaversCollar":17,"Lizard Tail":4,"Anchor":13,"Centennial Puzzle":15,"Dream Catcher":20,"Strawberry":13,"Toolbox":6,"Kunai":15,"Pocketwatch":4,"Runic Pyramid":8},{"Darkstone Periapt":76,"Velvet Choker":0,"Oddly Smooth Stone":61,"Thread and Needle":84,"Eternal Feather":90,"Odd Mushroom":17,"Orichalcum":22,"Frozen Egg 2":48,"Burning Blood":0,"SlaversCollar":67,"Lizard Tail":14,"Anchor":52,"Centennial Puzzle":58,"Dream Catcher":76,"Strawberry":52,"Toolbox":22,"Kunai":58,"Pocketwatch":14,"Runic Pyramid":28}],"Pocketwatch":[43]},"card_choices":[{"not_picked":["Armaments","Pommel Strike"],"picked":"Perfected Strike","floor":1.0},{"not_picked":["Heavy Blade","Demon Form"],"picked":"Flame Barrier","floor":3.0},{"not_picked":["Body Slam","Twin Strike"],"picked":"Thunderclap","floor":4.0},{"not_picked":["Feel No Pain","Heavy Blade"],"picked":"Clothesline","floor":7.0},{"not_picked":["Warcry","Blood for Blood"],"picked":"Whirlwind","floor":11.0},{"not_picked":["Twin Strike","Bloodletting"],"picked":"Shockwave","floor":14.0},{"not_picked":["Berserk","Impervious"],"picked":"Reaper","floor":16.0},{"not_picked":["Shrug It Off","Infernal Blade","Body Slam+1"],"picked":"SKIP","floor":18.0},{"not_picked":["Twin Strike","Battle Trance+1"],"picked":"Sword Boomerang","floor":21.0},{"not_picked":["Clothesline","Flex","Sword Boomerang"],"picked":"SKIP","floor":22.0},{"not_picked":["Pommel Strike","Perfected Strike","Body Slam"],"picked":"SKIP","floor":23.0},{"not_picked":["Pummel","Hemokinesis"],"picked":"Fiend Fire","floor":25.0},{"not_picked":["Flex","Clothesline","Perfected Strike"],"picked":"SKIP","floor":28.0},{"not_picked":["Rupture+1","Corruption+1"],"picked":"Dark Embrace+1","floor":29.0},{"not_picked":["Cleave","Warcry","Clash+1"],"picked":"SKIP","floor":31.0},{"not_picked":["Corruption+1","Impervious"],"picked":"Offering","floor":33.0},{"not_picked":["Anger+1","Shockwave","Searing Blow"],"picked":"SKIP","floor":35},{"not_picked":["Dramatic Entrance","Magnetism+1"],"picked":"Good Instincts","floor":37},{"not_picked":["Flash of Steel","Bandage Up"],"picked":"Blind","floor":37},{"not_picked":["Flex+1","Thunderclap+1"],"picked":"Shrug It Off+1","floor":38},{"not_picked":["Searing Blow+1","Ghostly Armor+1"],"picked":"Dropkick+1","floor":41},{"not_picked":["Power Through","Flex"],"picked":"Armaments+1","floor":44},{"not_picked":["Searing Blow","Pommel Strike+1"],"picked":"Dual Wield","floor":45},{"not_picked":["Shrug It Off+1","Clothesline+1"],"picked":"Limit Break","floor":47},{"not_picked":["Spot Weakness+1","Body Slam+1"],"picked":"True Grit+1","floor":48}],"player_experience":9690,"relics_obtained":[{"floor":7.0,"key":"Pocketwatch"},{"floor":9.0,"key":"Lizard Tail"},{"floor":10.0,"key":"Odd Mushroom"},{"floor":11.0,"key":"Orichalcum"},{"floor":23.0,"key":"Frozen Egg 2"},{"floor":25.0,"key":"Strawberry"},{"floor":26.0,"key":"Anchor"},{"floor":29.0,"key":"Kunai"},{"floor":31.0,"key":"Oddly Smooth Stone"},{"floor":41,"key":"Dream Catcher"},{"floor":43,"key":"Darkstone Periapt"},{"floor":44,"key":"Thread and Needle"},{"floor":45,"key":"Eternal Feather"}],"event_choices":[{"damage_healed":0.0,"max_hp_gain":0.0,"max_hp_loss":0.0,"gold_gain":0.0,"event_name":"Shining Light","player_choice":"Entered Light","floor":2.0,"gold_loss":0.0,"damage_taken":16.0,"cards_upgraded":["Bash","Strike_R"]},{"cards_removed":["Defend_R"],"damage_healed":0.0,"max_hp_gain":0.0,"max_hp_loss":0.0,"gold_gain":0.0,"event_name":"The Cleric","player_choice":"Card Removal","floor":5.0,"gold_loss":50.0,"damage_taken":0.0},{"damage_healed":0.0,"max_hp_gain":0.0,"max_hp_loss":0.0,"gold_gain":0.0,"event_name":"Mushrooms","player_choice":"Fought Mushrooms","floor":10.0,"gold_loss":0.0,"damage_taken":0.0},{"damage_healed":0.0,"max_hp_gain":0.0,"max_hp_loss":0.0,"gold_gain":0.0,"event_name":"Drug Dealer","player_choice":"Obtain J.A.X.","floor":19.0,"gold_loss":0.0,"damage_taken":0.0,"cards_obtained":["J.A.X."]},{"damage_healed":0.0,"max_hp_gain":0.0,"max_hp_loss":0.0,"gold_gain":0.0,"cards_transformed":["Defend_R"],"event_name":"Transmorgrifier","player_choice":"Transformed","floor":20.0,"gold_loss":0.0,"damage_taken":0.0,"cards_obtained":["Demon Form"]},{"damage_healed":0,"gold_gain":0,"player_choice":"Ignored","damage_taken":0,"max_hp_gain":0,"max_hp_loss":0,"event_name":"Mysterious Sphere","floor":36,"gold_loss":0},{"damage_healed":0,"gold_gain":0,"player_choice":"Memory 3","damage_taken":10,"max_hp_gain":0,"max_hp_loss":0,"event_name":"SensoryStone","floor":37,"gold_loss":0},{"damage_healed":0,"gold_gain":0,"player_choice":"Fight","damage_taken":0,"max_hp_gain":0,"max_hp_loss":0,"event_name":"MindBloom","floor":44,"gold_loss":0}],"is_beta":false,"boss_relics":[{"not_picked":["Runic Dome","SacredBark"],"picked":"Runic Pyramid"},{"not_picked":["Empty Cage","Tiny House"],"picked":"SlaversCollar"}],"items_purged_floors":[30],"is_endless":false,"potions_floor_spawned":[3,11,14,18,21,28,29,33,41,47],"ascension_level":1}}