{"host":"vyjryxuuuxkt43k4","time":1613017262,"event":{"mods":["AchievementEnabler","BaseMod","Colored Map","DeckTracker","Keyboard Shortcuts","Minty Spire (QoL Compilation)","Permanent Neow","Quick Restart","StSLib","SuperFastMode","everything is the same but u backflip on backflip"],"gold_per_floor":[116,126,126,146,159,159,187,203,229,229,229,229,253,287,287,287,287],"floor_reached":16,"language":"KOR","playtime":1985,"items_purged":[],"score":224,"play_id":"ab3eaba8-9c96-4805-9d96-ac49ccbd15ad","local_time":"20210211132102","is_ascension_mode":true,"campfire_choices":[{"data":"Setup","floor":6.0,"key":"SMITH"},{"data":"Eviscerate","floor":10.0,"key":"SMITH"},{"floor":12.0,"key":"REST"},{"floor":15,"key":"REST"}],"circlet_count":0,"master_deck":["AscendersBane","Strike_G","Strike_G","Strike_G","Strike_G","Defend_G","Defend_G","Defend_G","Defend_G","Defend_G","Survivor","Neutralize","Wraith Form v2","Skewer","Terror","Storm of Steel","Cloak And Dagger","Setup+1","Outmaneuver","Eviscerate+1","Expertise"],"relics":["Ring of the Snake","HornCleat","Omamori","Golden Idol","CeramicFish"],"acts_visited":["Exordium"],"potions_floor_usage":[16],"damage_taken":[{"damage":3.0,"enemies":"Jaw Worm","floor":1.0,"turns":9.0},{"damage":6.0,"enemies":"Cultist","floor":2.0,"turns":4.0},{"damage":0.0,"enemies":"Small Slimes","floor":4.0,"turns":3.0},{"damage":14.0,"enemies":"Gremlin Gang","floor":5.0,"turns":5.0},{"damage":10.0,"enemies":"Gremlin Nob","floor":7.0,"turns":5.0},{"damage":4.0,"enemies":"Blue Slaver","floor":8.0,"turns":4.0},{"damage":9.0,"enemies":"3 Louse","floor":13.0,"turns":4.0},{"damage":14,"enemies":"3 Sentries","floor":14,"turns":7},{"damage":37,"enemies":"The Guardian","floor":16,"turns":11}],"seed_played":"1965292161728669289","potions_obtained":[{"floor":1.0,"key":"PowerPotion"},{"floor":2.0,"key":"SteroidPotion"},{"floor":14,"key":"SteroidPotion"}],"is_trial":false,"path_per_floor":["M","M","?","M","M","R","E","M","T","R","?","R","M","E","R","B"],"character_chosen":"THE_SILENT","items_purchased":[],"campfire_rested":2,"item_purchase_floors":[],"current_hp_per_floor":[56,50,50,50,36,36,26,22,22,22,22,40,31,17,35,0,0],"gold":287,"neow_bonus":"ONE_RANDOM_RARE_CARD","is_daily":false,"chose_seed":false,"campfire_upgraded":2,"win_rate":0.0,"timestamp":1613017262,"path_taken":["M","M","?","?","M","R","E","M","T","R","?","R","M","E","R","BOSS"],"items_purchased_type":[],"build_version":"2020-12-22","purchased_purges":0,"victory":false,"max_hp_per_floor":[66,66,66,66,66,66,66,66,66,66,60,60,60,60,60,60,60],"card_choices":[{"not_picked":["Backflip","Accuracy"],"picked":"Skewer","floor":1.0},{"not_picked":["Dagger Throw","Prepared"],"picked":"Terror","floor":2.0},{"not_picked":["Backflip","Prepared"],"picked":"Cloak And Dagger","floor":4.0},{"not_picked":["Deadly Poison","Escape Plan"],"picked":"Setup","floor":5.0},{"not_picked":["Reflex","Underhanded Strike"],"picked":"Outmaneuver","floor":7.0},{"not_picked":["Dash","Bane"],"picked":"Eviscerate","floor":8.0},{"not_picked":["Caltrops","Endless Agony"],"picked":"Expertise","floor":13.0},{"not_picked":["Dodge and Roll","Blur","Bane"],"picked":"SKIP","floor":14}],"player_experience":921150,"relics_obtained":[{"floor":7.0,"key":"HornCleat"},{"floor":9.0,"key":"Omamori"},{"floor":14,"key":"CeramicFish"}],"event_choices":[{"damage_healed":0.0,"max_hp_gain":0.0,"max_hp_loss":0.0,"gold_gain":0.0,"cards_transformed":["Strike_G"],"event_name":"Transmorgrifier","player_choice":"Transformed","floor":3.0,"gold_loss":0.0,"damage_taken":0.0,"cards_obtained":["Storm of Steel"]},{"damage_healed":0.0,"max_hp_gain":0.0,"max_hp_loss":6.0,"gold_gain":0.0,"event_name":"Golden Idol","player_choice":"Lose Max HP","floor":11.0,"gold_loss":0.0,"damage_taken":0.0,"relics_obtained":["Golden Idol"]}],"is_beta":false,"boss_relics":[],"items_purged_floors":[],"is_endless":false,"potions_floor_spawned":[1,2,14],"killed_by":"The Guardian","ascension_level":20}}