{"host":"2lvuisjyit3p3u01","time":1613068643,"event":{"mods":["Act Like it!","BaseMod","Bestiary","Better Synergies","Bossed Relics","CapriCore","Colored Map","Colored Powertips","Duelist Mod","GifTheSpireLib","Minty Spire (QoL Compilation)","Quick Restart","Replay The Spire","StSLib"],"gold_per_floor":[241,241,20,80,43,74,74,74,74,74,94,126,126,137,137,210,210,224,235,235,87,187,187,199,49,120,139,139,154,154,171,171,244,244,259,269,18,32,49,81,81,81,108,126,126,126,144,154,154,154],"floor_reached":51,"language":"ENG","playtime":2126,"items_purged":["Regret","theDuelist:VampireCurse"],"score":1209,"play_id":"fbdfa121-0822-4008-ae31-62e11568f96a","local_time":"20210211203723","is_ascension_mode":true,"campfire_choices":[{"floor":10,"key":"REST"},{"data":"theDuelist:CyberDragonSieger","floor":13,"key":"SMITH"},{"data":"theDuelist:SliferSky","floor":15,"key":"SMITH"},{"data":"theDuelist:MirageDragon","floor":23,"key":"SMITH"},{"data":"theDuelist:ArmageddonDragonEmp","floor":30,"key":"SMITH"},{"floor":32,"key":"REST"},{"floor":46,"key":"REST"},{"floor":49,"key":"REST"}],"circlet_count":0,"master_deck":["AscendersBane","theDuelist:BabyDragon","theDuelist:CastleWalls","theDuelist:CastleWalls","theDuelist:CaveDragon","theDuelist:CaveDragon+1","theDuelist:LesserDragon","theDuelist:LesserDragon+1","theDuelist:Sparks","theDuelist:YamataDragon","theDuelist:SliferSky+1","theDuelist:SnowdustDragon","theDuelist:CurseDragon","theDuelist:Freezadon","theDuelist:CyberDragonSieger+1","theDuelist:CaveDragon","theDuelist:ArmageddonDragonEmp+1","theDuelist:TwinBarrelDragon","theDuelist:MirageDragon+1","theDuelist:DragonShield+1","theDuelist:MaskedDragon","theDuelist:WaterDragon+1","theDuelist:CoralDragon","theDuelist:Duoterion"],"relics":["theDuelist:MillenniumPuzzle","theDuelist:CardPoolRelic","theDuelist:CardPoolBasicRelic","theDuelist:BoosterPackPoolRelic","theDuelist:CardPoolAddRelic","theDuelist:CardPoolMinusRelic","theDuelist:CardPoolSaveRelic","theDuelist:CardPoolOptionsRelic","theDuelist:SummonAnchor","Ancient Tea Set","Gambling Chip","theDuelist:DuelistOrichalcum","Charon\u0027s Ashes","Dream Catcher","Astrolabe","Brimstone","theDuelist:MillenniumCoin","Lee\u0027s Waffle","Chameleon Ring","Fusion Hammer","theDuelist:TributeEggRelic","theDuelist:DuelistUrn","Gremlin Food"],"acts_visited":["Exordium","TheCity","TheBeyond"],"potions_floor_usage":[6,11,16,33,35,40,40,50],"damage_taken":[{"damage":0.0,"enemies":"Small Slimes","floor":1.0,"turns":2.0},{"damage":9,"enemies":"Replay:BlueRogue","floor":6,"turns":5},{"damage":0,"enemies":"Jaw Worm","floor":11,"turns":1},{"damage":0,"enemies":"Gremlin Nob","floor":12,"turns":1},{"damage":0,"enemies":"2 Louse","floor":14,"turns":2},{"damage":31,"enemies":"Hexaghost","floor":16,"turns":9},{"damage":8,"enemies":"2 Thieves","floor":18,"turns":3},{"damage":6,"enemies":"Spheric Guardian","floor":19,"turns":3},{"damage":9,"enemies":"Centurion and Healer","floor":24,"turns":3},{"damage":20,"enemies":"Chosen and Byrds","floor":27,"turns":3},{"damage":3,"enemies":"Sentry and Sphere","floor":29,"turns":3},{"damage":31,"enemies":"Centurion and Healer","floor":31,"turns":4},{"damage":24,"enemies":"Champ","floor":33,"turns":7},{"damage":9,"enemies":"Orb Walker","floor":35,"turns":2},{"damage":8,"enemies":"3 Shapes","floor":36,"turns":3},{"damage":2,"enemies":"Maw","floor":38,"turns":4},{"damage":6,"enemies":"Writhing Mass","floor":39,"turns":4},{"damage":32,"enemies":"Reptomancer","floor":40,"turns":3},{"damage":0,"enemies":"Jaw Worm Horde","floor":44,"turns":4},{"damage":0,"enemies":"Spire Growth","floor":47,"turns":2},{"damage":24,"enemies":"Sphere and 2 Shapes","floor":48,"turns":4},{"damage":7,"enemies":"Time Eater","floor":50,"turns":3}],"seed_played":"-891089046745193220","potions_obtained":[{"floor":1.0,"key":"theDuelist:BabyPotion"},{"floor":6,"key":"theDuelist:DragonfirePotion"},{"floor":12,"key":"theDuelist:DragonOrbBottle"},{"floor":16,"key":"FocusPotion"},{"floor":18,"key":"Doom Potion"},{"floor":31,"key":"Fire Potion"},{"floor":38,"key":"Explosive Potion"},{"floor":39,"key":"theDuelist:LavaBottle"},{"floor":48,"key":"theDuelist:TokenPotion"}],"is_trial":false,"path_per_floor":["M","?","$","?","$","E","?","?","T","R","M","E","R","M","R","B",null,"M","M","?","$","?","R","M","$","T","M","?","M","R","M","R_BF","B",null,"M","M","$","M","M","E","?","?","T","M","?","R","M","M","R","B",null],"character_chosen":"THE_DUELIST","items_purchased":["Ancient Tea Set","theDuelist:SnowdustDragon","Brimstone","Lee\u0027s Waffle","theDuelist:CoralDragon","theDuelist:SolderPotionB","FocusPotion"],"campfire_rested":4,"item_purchase_floors":[3,5,21,25,37,37,37],"current_hp_per_floor":[72,72,72,72,72,63,47,41,41,65,65,65,65,65,65,34,69,61,55,55,55,55,55,46,87,87,67,67,64,64,33,59,35,74,65,57,57,55,49,17,11,11,11,11,11,37,37,15,41,34],"gold":154,"neow_bonus":"HUNDRED_GOLD","is_daily":false,"chose_seed":false,"campfire_upgraded":4,"win_rate":0.0,"timestamp":1613068643,"path_taken":["M","?","$","?","?","E","?","?","T","R","M","E","R","M","R","BOSS","M","?","?","?","?","R","M","$","T","?","?","?","R","M","R_BF","BOSS","M","M","$","M","M","E","?","?","T","M","?","R","M","M","R","BOSS"],"items_purchased_type":["Relic","Card","Relic","Relic","Card","Potion","Potion"],"build_version":"2020-12-22","purchased_purges":2,"victory":true,"max_hp_per_floor":[80,80,80,80,80,80,80,80,80,80,80,80,80,80,80,80,80,80,80,80,80,80,80,80,87,87,87,87,87,87,87,87,87,87,87,87,87,87,87,87,87,87,87,87,87,87,87,87,87,87],"card_choices":[{"not_picked":["theDuelist:ArmedProtectorDragon","theDuelist:BlasterDragonInfernos","theDuelist:CyberDragonInfinity","theDuelist:SeismicShockwave"],"picked":"theDuelist:SliferSky","floor":1.0},{"not_picked":["theDuelist:BlackBrutdrago","theDuelist:BusterBlader","theDuelist:ViceDragon","theDuelist:TrihornedDragon"],"picked":"theDuelist:CurseDragon","floor":6},{"not_picked":["theDuelist:CyberDinosaur","theDuelist:HazyFlameHydra","theDuelist:Hydrogeddon","theDuelist:Kabazauls"],"picked":"theDuelist:Freezadon","floor":11},{"not_picked":["theDuelist:CyberLaserDragon","theDuelist:GalaxySoldier","theDuelist:Vandalgyon","theDuelist:Mountain"],"picked":"theDuelist:CyberDragonSieger","floor":12},{"not_picked":["theDuelist:BusterBlader","theDuelist:SafeZone","theDuelist:SnowDragon","theDuelist:MoltenDestruction"],"picked":"theDuelist:CaveDragon","floor":14},{"not_picked":["theDuelist:BerserkScales","theDuelist:BlueDuston","theDuelist:QueenDragunDjinn","theDuelist:SurvivalFittest"],"picked":"theDuelist:ArmageddonDragonEmp","floor":16},{"not_picked":["theDuelist:HazyFlameHydra+1","theDuelist:CaveDragon","theDuelist:DefenseZone","theDuelist:BusterDrake"],"picked":"theDuelist:TwinBarrelDragon","floor":18},{"not_picked":["theDuelist:TwinHeadedFire","theDuelist:CyberDragonDrei","theDuelist:HazyFlameHydra","theDuelist:DarkDriceratops"],"picked":"theDuelist:MirageDragon","floor":19},{"not_picked":["theDuelist:DragonCaptureJar","theDuelist:FireDarts","theDuelist:SpiralSpearStrike+1","theDuelist:TyrantWing"],"picked":"theDuelist:DragonShield+1","floor":24},{"not_picked":["theDuelist:Beatraptor","theDuelist:MadSwordBeast","theDuelist:CyberDragonVier","theDuelist:DragonPiper","theDuelist:ExploderDragon"],"picked":"SKIP","floor":27},{"not_picked":["theDuelist:SpiralSpearStrike+1","theDuelist:TailSwipe","theDuelist:BerserkerSoul","theDuelist:CyberEmergency","theDuelist:BerserkScales"],"picked":"SKIP","floor":29},{"not_picked":["theDuelist:BackgroundDragon","theDuelist:GuardragonJusticia","theDuelist:TotemDragon","theDuelist:ViceDragon"],"picked":"theDuelist:MaskedDragon","floor":31},{"not_picked":["theDuelist:Pyrorex","theDuelist:BerserkerSoul","theDuelist:Frostosaurus+1","theDuelist:CyberneticRevolution","theDuelist:CyberneticOverflow"],"picked":"SKIP","floor":35},{"not_picked":["theDuelist:BusterBladerDDS+1","theDuelist:ExploderDragon","theDuelist:RedEyes","theDuelist:DragonMastery+1"],"picked":"theDuelist:WaterDragon","floor":36},{"not_picked":["theDuelist:BlueDuston+1","theDuelist:DefensiveTactics+1","theDuelist:OceanDragonLord+1","theDuelist:QueenDragunDjinn+1","theDuelist:Scapegoat+1"],"picked":"SKIP","floor":38},{"not_picked":["theDuelist:BattleguardKing","theDuelist:BigFire","theDuelist:RainbowOverdragon","theDuelist:Hinotama","theDuelist:LightningDarts"],"picked":"SKIP","floor":39},{"not_picked":["theDuelist:BlackPtera","theDuelist:MirageDragon+1","theDuelist:CyberDragonDrei","theDuelist:FrostflameDragon+1"],"picked":"theDuelist:Duoterion","floor":40},{"not_picked":["theDuelist:BattleguardKing+1","theDuelist:LightningDarts+1","theDuelist:Terraforming+1","theDuelist:GreenGraveOni","theDuelist:BlueBloodedOni"],"picked":"SKIP","floor":44},{"not_picked":["theDuelist:BoosterDragon+1","theDuelist:CyberLaserDragon","theDuelist:JurassicImpact","theDuelist:TotemDragon","theDuelist:AutorokketDragon+1"],"picked":"SKIP","floor":47},{"not_picked":["theDuelist:BusterBladerDDS","theDuelist:CyberDragonInfinity","theDuelist:DoomkaiserDragon","theDuelist:FiveHeaded","theDuelist:VoidOgreDragon"],"picked":"SKIP","floor":48}],"player_experience":332536,"relics_obtained":[{"floor":6,"key":"Gambling Chip"},{"floor":9,"key":"Charon\u0027s Ashes"},{"floor":12,"key":"Dream Catcher"},{"floor":26,"key":"Chameleon Ring"},{"floor":40,"key":"theDuelist:TributeEggRelic"},{"floor":43,"key":"Gremlin Food"}],"event_choices":[{"damage_healed":0.0,"max_hp_gain":0.0,"max_hp_loss":0.0,"gold_gain":0.0,"event_name":"Big Fish","player_choice":"Box","floor":2.0,"gold_loss":0.0,"damage_taken":0.0,"relics_obtained":["theDuelist:SummonAnchor"],"cards_obtained":["Regret"]},{"damage_healed":0.0,"max_hp_gain":0.0,"max_hp_loss":0.0,"gold_gain":60.0,"event_name":"Golden Wing","player_choice":"Gained Gold","floor":4.0,"gold_loss":0.0,"damage_taken":0.0},{"damage_healed":0,"gold_gain":0,"player_choice":"Entered Light","damage_taken":16,"max_hp_gain":0,"max_hp_loss":0,"event_name":"Shining Light","floor":7,"gold_loss":0,"cards_upgraded":["theDuelist:LesserDragon","theDuelist:Sparks"]},{"damage_healed":0,"gold_gain":0,"player_choice":"Dig - random Duelist relic","duelist":true,"damage_taken":0,"max_hp_gain":0,"max_hp_loss":0,"event_name":"Aknamkanon\u0027s Tomb","floor":8,"gold_loss":0},{"total_magic_score":43,"gold_gain":0,"duelist":true,"damage_taken":0,"relics_obtained":[],"points":5,"max_hp_gain":0,"max_hp_loss":0,"spent_points":{"magic":0,"greed":0,"war":4,"power":0,"hunger":1},"event_name":"Nameless Tomb","floor":20,"gold_loss":0,"cards_obtained":[]},{"damage_healed":0,"gold_gain":0,"player_choice":"Took item - Received: Millennium Coin","duelist":true,"damage_taken":0,"max_hp_gain":0,"max_hp_loss":0,"event_name":"Millennium Items","floor":22,"gold_loss":0},{"damage_healed":0,"gold_gain":0,"player_choice":"Ignored","damage_taken":0,"max_hp_gain":0,"max_hp_loss":0,"event_name":"N\u0027loth","floor":28,"gold_loss":0},{"damage_healed":0,"gold_gain":0,"player_choice":"Dig - random Duelist relic","duelist":true,"damage_taken":0,"max_hp_gain":0,"max_hp_loss":0,"event_name":"Aknamkanon\u0027s Tomb","floor":41,"gold_loss":0},{"damage_healed":0,"gold_gain":0,"player_choice":"Leave","duelist":true,"damage_taken":0,"max_hp_gain":0,"max_hp_loss":0,"event_name":"Egyptian Village","floor":42,"gold_loss":0},{"cards_removed":["theDuelist:Sparks"],"damage_healed":0,"gold_gain":0,"player_choice":"Removed Attack","damage_taken":0,"max_hp_gain":0,"max_hp_loss":0,"event_name":"Falling","floor":45,"gold_loss":0}],"is_beta":false,"boss_relics":[{"not_picked":["ChewingGum","Replay:Drink Me"],"picked":"Astrolabe"},{"not_picked":["Black Star","Replay:Ancient Bell"],"picked":"Fusion Hammer"}],"items_purged_floors":[3,37],"is_endless":false,"potions_floor_spawned":[1,6,12,16,18,29,31,38,39,48],"ascension_level":13}}