{"host":"3d7yvplr5ovcyppx","time":1613045034,"event":{"mods":["AchievementEnabler","BaseMod","Hermit","Jorbs\u0027s Wanderer Trilogy","Minty Spire (QoL Compilation)","Quick Restart","Somnambulant","StSLib","The Cursed","The Disciple","The Servant 0.9.4"],"gold_per_floor":[109,184,200,200,221,221,259,274,301,301,301],"floor_reached":10,"language":"ENG","playtime":479,"items_purged":[],"score":71,"play_id":"fc84787a-341c-4b51-9f32-927cc6a90c49","local_time":"20210211173354","is_ascension_mode":true,"campfire_choices":[{"data":"Zap","floor":6,"key":"SMITH"}],"circlet_count":0,"master_deck":["Strike_B","Strike_B","Strike_B","Strike_B","Defend_B","Defend_B","Defend_B","Defend_B","Zap+1","Dualcast","Sweeping Beam","Glacier","Darkness","Rebound","FTL","Sweeping Beam"],"relics":["Cracked Core","Golden Idol","Nunchaku","Bag of Preparation"],"acts_visited":["Exordium"],"potions_floor_usage":[3,10,10],"damage_taken":[{"damage":4,"enemies":"2 Louse","floor":1,"turns":3},{"damage":1,"enemies":"Jaw Worm","floor":3,"turns":2},{"damage":0,"enemies":"Cultist","floor":5,"turns":4},{"damage":28,"enemies":"3 Sentries","floor":7,"turns":8},{"damage":4,"enemies":"Lots of Slimes","floor":8,"turns":2},{"damage":17,"enemies":"Gremlin Nob","floor":10,"turns":3}],"seed_played":"-5520409111304417457","potions_obtained":[{"floor":1,"key":"Fire Potion"},{"floor":7,"key":"Fire Potion"},{"floor":8,"key":"AttackPotion"}],"is_trial":false,"path_per_floor":["M","?","M","?","M","R","E","M","T","E"],"character_chosen":"DEFECT","items_purchased":[],"campfire_rested":0,"item_purchase_floors":[],"current_hp_per_floor":[71,60,59,41,41,41,13,9,9,0,0],"gold":301,"neow_bonus":"THREE_CARDS","is_daily":false,"chose_seed":false,"campfire_upgraded":1,"win_rate":0.0,"timestamp":1613045034,"path_taken":["M","?","M","?","M","R","E","M","T","E"],"items_purchased_type":[],"build_version":"2020-12-22","purchased_purges":0,"victory":false,"max_hp_per_floor":[75,75,75,75,75,75,75,75,75,75,75],"card_choices":[{"not_picked":["Beam Cell","Force Field"],"picked":"Sweeping Beam","floor":0},{"not_picked":["Heatsinks","Go for the Eyes"],"picked":"Glacier","floor":1},{"not_picked":["Force Field","Blizzard"],"picked":"Darkness","floor":3},{"not_picked":["Blizzard","Barrage"],"picked":"Rebound","floor":5},{"not_picked":["Hello World","Go for the Eyes"],"picked":"FTL","floor":7},{"not_picked":["Conserve Battery","Self Repair"],"picked":"Sweeping Beam","floor":8}],"player_experience":12422,"relics_obtained":[{"floor":7,"key":"Nunchaku"},{"floor":9,"key":"Bag of Preparation"}],"event_choices":[{"damage_healed":0,"gold_gain":75,"player_choice":"Gather Gold","damage_taken":11,"max_hp_gain":0,"max_hp_loss":0,"event_name":"World of Goop","floor":2,"gold_loss":0},{"damage_healed":0,"gold_gain":0,"player_choice":"Take Damage","damage_taken":18,"relics_obtained":["Golden Idol"],"max_hp_gain":0,"max_hp_loss":0,"event_name":"Golden Idol","floor":4,"gold_loss":0}],"is_beta":false,"boss_relics":[],"items_purged_floors":[],"is_endless":false,"potions_floor_spawned":[1,7,8],"killed_by":"Gremlin Nob","ascension_level":1}}