{"host":"Cenci","time":1613052900,"event":{"mods":["BaseMod","Downfall","Highlight Path","Minty Spire (QoL Compilation)","StSLib"],"gold_per_floor":[199,212,222,232,232,67,67,94,106,6,59,20,20,40,59,154,154,154,166,166,200,216,106,129,163,163,175,202,2,16,16,32,32,32,32],"floor_reached":33,"language":"ENG","playtime":1824,"items_purged":[],"score":505,"play_id":"497dfa15-2000-4b6f-b666-b6a954dd0da6","local_time":"20210211151500","is_ascension_mode":true,"campfire_choices":[{"floor":1,"key":"RECALL"},{"data":"sneckomod:DiceCrush","floor":10,"key":"SMITH"},{"data":"sneckomod:DiceBoulder","floor":18,"key":"SMITH"},{"data":"sneckomod:DiceBoulder+1","floor":29,"key":"SMITH"}],"circlet_count":0,"master_deck":["sneckomod:Defend","sneckomod:Defend","sneckomod:Defend","sneckomod:TailWhip","sneckomod:SnekBite","sneckomod:Unknown","sneckomod:Unknown","sneckomod:DiceCrush+1","sneckomod:UnknownDraw","sneckomod:UnknownUncommonAttack","sneckomod:Unknown1Cost","sneckomod:DiceBlock","sneckomod:Unknown1Cost","sneckomod:UnknownStrike","sneckomod:Unknown3Cost","sneckomod:UnknownColorless","sneckomod:DiceBlock","sneckomod:DiceBoulder+2","sneckomod:DiceBlock","sneckomod:SnakeSap","sneckomod:SlitherStrike","sneckomod:UnknownDraw","sneckomod:Unknown3Cost","sneckomod:UnknownUncommonAttack+1","sneckomod:UnknownBlock","sneckomod:MixItUp+1","sneckomod:DiceBlock","sneckomod:DiceCrush","sneckomod:WideSting","sneckomod:UnknownClassRED+1","sneckomod:UnknownRareSkill","sneckomod:WideSting+1","sneckomod:MixItUp+1","Bite","Bite","Bite","Bite","Bite","sneckomod:UnknownClassSLIMEBOUND"],"relics":["sneckomod:SneckoSoul","Darkstone Periapt","downfall:HeartBlessingRed","Mercury Hourglass","Velvet Choker","Juzu Bracelet","Ice Cream","downfall:RedIOU","Orichalcum","downfall:HeartBlessingBlue","downfall:HeartBlessingGreen"],"acts_visited":["Exordium","TheCity"],"potions_floor_usage":[11,16,16,16,16,16,16,21,27,27,27,27,27,27,33,33,33,33,33],"damage_taken":[{"damage":0,"enemies":"Cultist","floor":2,"turns":3},{"damage":9,"enemies":"Jaw Worm","floor":3,"turns":4},{"damage":10,"enemies":"Small Slimes","floor":4,"turns":4},{"damage":10,"enemies":"downfall:FleeingMerchant","floor":6,"turns":4},{"damage":0,"enemies":"Gremlin Nob","floor":8,"turns":2},{"damage":8,"enemies":"2 Fungi Beasts","floor":9,"turns":3},{"damage":37,"enemies":"Lagavulin","floor":11,"turns":8},{"damage":4,"enemies":"downfall:FleeingMerchant","floor":12,"turns":4},{"damage":1,"enemies":"Large Slime","floor":14,"turns":4},{"damage":8,"enemies":"Red Slaver","floor":15,"turns":2},{"damage":0,"enemies":"DF_ARCHETYPE_STREAMLINE","floor":16,"turns":6},{"damage":17,"enemies":"3 Byrds","floor":19,"turns":4},{"damage":0,"enemies":"Spheric Guardian","floor":21,"turns":3},{"damage":15,"enemies":"Snake Plant","floor":22,"turns":3},{"damage":11,"enemies":"downfall:FleeingMerchant","floor":23,"turns":4},{"damage":15,"enemies":"Slavers","floor":25,"turns":5},{"damage":0,"enemies":"Cultist and Chosen","floor":27,"turns":3},{"damage":20,"enemies":"Book of Stabbing","floor":28,"turns":4},{"damage":0,"enemies":"3 Cultists","floor":30,"turns":4},{"damage":14,"enemies":"Centurion and Healer","floor":32,"turns":4},{"damage":29,"enemies":"IC_MUSHROOM_ARCHETYPE","floor":33,"turns":4}],"seed_played":"-194173662701504977","potions_obtained":[{"floor":8,"key":"SpeedPotion"},{"floor":9,"key":"SteroidPotion"},{"floor":11,"key":"EntropicBrew"},{"floor":15,"key":"bronze:BurnAndBuffPotion"},{"floor":16,"key":"sneckomod:OffclassReductionPotion"},{"floor":19,"key":"hexamod:SoulburnPotion"},{"floor":20,"key":"ColorlessPotion"},{"floor":20,"key":"Strength Potion"},{"floor":20,"key":"Dexterity Potion"},{"floor":22,"key":"ColorlessPotion"},{"floor":32,"key":"GamblersBrew"}],"is_trial":false,"path_per_floor":["R","M","M","M","T","$","T","E","M","R","E","$","?","M","M","B",null,"R","M","?","M","M","$","T","E","?","M","E","R","M","?","M","B"],"character_chosen":"THE_SNECKO","items_purchased":["sneckomod:DiceBlock","sneckomod:Unknown1Cost","sneckomod:UnknownStrike","sneckomod:DiceBlock","sneckomod:DiceCrush","sneckomod:WideSting"],"campfire_rested":0,"item_purchase_floors":[6,6,6,12,23,23],"current_hp_per_floor":[90,90,81,71,71,61,61,61,53,53,16,12,12,11,3,3,90,90,73,73,73,58,47,47,32,32,35,15,25,25,25,11,0,0,0],"gold":32,"neow_bonus":"HUNDRED_GOLD","is_daily":false,"chose_seed":false,"campfire_upgraded":3,"win_rate":0.0,"timestamp":1613052900,"path_taken":["R","M","M","M","?","$","T","E","M","R","E","?","?","M","M","BOSS","R","M","?","?","M","$","T","E","?","M","E","R","M","?","M","BOSS"],"items_purchased_type":["Card","Card","Card","Card","Card","Card"],"build_version":"2020-11-17","purchased_purges":0,"victory":false,"max_hp_per_floor":[90,90,90,90,90,90,90,90,90,90,90,90,90,90,90,90,90,90,90,90,90,90,90,90,90,90,93,93,103,103,72,72,72,72,72],"card_choices":[{"not_picked":["sneckomod:IronFang","sneckomod:UnknownBlock"],"picked":"sneckomod:DiceCrush","floor":2},{"not_picked":["sneckomod:WideSting","sneckomod:SoulDraw"],"picked":"sneckomod:UnknownDraw","floor":3},{"not_picked":["sneckomod:DefensiveFlair","sneckomod:Unknown1Cost"],"picked":"sneckomod:UnknownUncommonAttack","floor":4},{"not_picked":["sneckomod:IronFang","sneckomod:SoulRoll"],"picked":"sneckomod:Unknown1Cost","floor":6},{"not_picked":["sneckomod:UnknownCommonSkill","sneckomod:UnknownDraw"],"picked":"sneckomod:Unknown3Cost","floor":8},{"not_picked":["sneckomod:UnknownExhaust","sneckomod:Nope"],"picked":"sneckomod:UnknownColorless","floor":9},{"not_picked":["sneckomod:IronFang","sneckomod:QuickMove"],"picked":"sneckomod:DiceBlock","floor":11},{"not_picked":["sneckomod:MasterEye","sneckomod:Nope"],"picked":"sneckomod:DiceBoulder","floor":12},{"not_picked":["sneckomod:UnknownCommonAttack","sneckomod:UnendingSupply"],"picked":"sneckomod:SlitherStrike","floor":14},{"not_picked":["sneckomod:UnknownVulnerable","sneckomod:DefensiveFlair"],"picked":"sneckomod:UnknownDraw","floor":15},{"not_picked":["sneckomod:UnlimitedRolls","sneckomod:GlitteringGambit"],"picked":"sneckomod:Unknown3Cost","floor":16},{"not_picked":["sneckomod:Nope","sneckomod:IronFang+1"],"picked":"sneckomod:UnknownUncommonAttack+1","floor":19},{"not_picked":["sneckomod:SoulCleanse","sneckomod:SlitherStrike+1"],"picked":"sneckomod:UnknownBlock","floor":21},{"not_picked":["sneckomod:SerpentIdol","sneckomod:UnknownStrength"],"picked":"sneckomod:MixItUp+1","floor":22},{"not_picked":["sneckomod:IronFang+1","sneckomod:RainOfDice"],"picked":"sneckomod:DiceBlock","floor":23},{"not_picked":["sneckomod:DiceBlock","sneckomod:SoulRoll"],"picked":"sneckomod:UnknownClassRED+1","floor":25},{"not_picked":["sneckomod:Rotation+1","sneckomod:UnknownClassPURPLE"],"picked":"sneckomod:UnknownRareSkill","floor":27},{"not_picked":["sneckomod:SoulRoll","sneckomod:SoulCleanse"],"picked":"sneckomod:WideSting+1","floor":28},{"not_picked":["sneckomod:UnknownClassPURPLE","sneckomod:QuickBite+1"],"picked":"sneckomod:MixItUp+1","floor":30},{"not_picked":["sneckomod:SerpentIdol","sneckomod:IronFang+1"],"picked":"sneckomod:UnknownClassSLIMEBOUND","floor":32}],"player_experience":302512,"relics_obtained":[{"floor":7,"key":"Darkstone Periapt"},{"floor":8,"key":"Potion Belt"},{"floor":11,"key":"Mercury Hourglass"},{"floor":24,"key":"Juzu Bracelet"},{"floor":25,"key":"Ice Cream"},{"floor":28,"key":"Orichalcum"}],"event_choices":[{"damage_healed":0,"gold_gain":0,"player_choice":"Got Potions","damage_taken":0,"max_hp_gain":0,"max_hp_loss":0,"event_name":"Lab","floor":20,"gold_loss":0},{"damage_healed":0,"gold_gain":0,"player_choice":"Became a vampire","damage_taken":0,"max_hp_gain":0,"max_hp_loss":31,"event_name":"Vampires","floor":31,"gold_loss":0,"cards_obtained":["Bite","Bite","Bite","Bite","Bite"]}],"is_beta":true,"boss_relics":[{"not_picked":["Busted Crown","Black Star"],"picked":"Velvet Choker"}],"items_purged_floors":[],"is_endless":false,"potions_floor_spawned":[8,9,11,15,16,19,22,25,32],"killed_by":"IC_MUSHROOM_ARCHETYPE","ascension_level":3}}