{"host":"2nw7vjz0sy04etg3","time":1613038709,"event":{"mods":["BaseMod","DeckTracker","Minty Spire (QoL Compilation)","Quick Restart"],"gold_per_floor":[118,59,59,59,75,75,104,104,104,120,151,167,194,214,214,292,292,309,60,110,82,97,97,108,108,108,143,163,163,163],"floor_reached":29,"language":"KOR","playtime":1104,"items_purged":[],"score":537,"play_id":"fcf7a537-0f24-472c-ac30-3c5a9b0fdf3a","local_time":"20210211191829","is_ascension_mode":true,"campfire_choices":[{"floor":6.0,"key":"REST"},{"data":"Dualcast","floor":8.0,"key":"SMITH"},{"floor":15.0,"key":"REST"},{"data":"Consume","floor":23.0,"key":"SMITH"},{"data":"Darkness","floor":25.0,"key":"SMITH"}],"circlet_count":0,"master_deck":["AscendersBane","Strike_B","Strike_B","Strike_B","Defend_B","Defend_B","Defend_B","Defend_B","Zap","Dualcast+1","Ball Lightning","Hologram","Coolheaded","Consume+1","Gash","Glacier","Sweeping Beam","Leap","Conserve Battery","Melter","Seek","Defragment","Skim","Gash","Darkness+1","Coolheaded"],"relics":["Cracked Core","NeowsBlessing","Lantern","Toy Ornithopter","Anchor","Question Card","Dream Catcher","Velvet Choker","Runic Capacitor","Pen Nib"],"acts_visited":["Exordium","TheCity"],"potions_floor_usage":[],"damage_taken":[{"damage":0.0,"enemies":"Cultist","floor":1.0,"turns":1.0},{"damage":0.0,"enemies":"2 Louse","floor":5.0,"turns":1.0},{"damage":0.0,"enemies":"Lagavulin","floor":7.0,"turns":1.0},{"damage":5.0,"enemies":"Small Slimes","floor":10.0,"turns":3.0},{"damage":19.0,"enemies":"3 Sentries","floor":11.0,"turns":7.0},{"damage":6.0,"enemies":"Red Slaver","floor":12.0,"turns":3.0},{"damage":18.0,"enemies":"Lagavulin","floor":13.0,"turns":9.0},{"damage":2.0,"enemies":"2 Fungi Beasts","floor":14.0,"turns":3.0},{"damage":39.0,"enemies":"The Guardian","floor":16.0,"turns":13.0},{"damage":9.0,"enemies":"3 Byrds","floor":18.0,"turns":6.0},{"damage":9.0,"enemies":"2 Thieves","floor":21.0,"turns":4.0},{"damage":0.0,"enemies":"Snake Plant","floor":22.0,"turns":5.0},{"damage":2.0,"enemies":"Sentry and Sphere","floor":24.0,"turns":4.0},{"damage":23.0,"enemies":"Slavers","floor":27.0,"turns":7.0},{"damage":16.0,"enemies":"Snecko","floor":28.0,"turns":4.0},{"damage":14,"enemies":"Centurion and Healer","floor":29,"turns":4}],"seed_played":"2472412462629116442","potions_obtained":[{"floor":1.0,"key":"Dexterity Potion"},{"floor":7.0,"key":"Weak Potion"},{"floor":10.0,"key":"Fruit Juice"},{"floor":13.0,"key":"PotionOfCapacity"},{"floor":16.0,"key":"Fruit Juice"},{"floor":18.0,"key":"BlessingOfTheForge"},{"floor":21.0,"key":"AttackPotion"}],"is_trial":false,"path_per_floor":["M","$","?","?","M","R","E","R","T","M","E","M","E","M","R","B",null,"M","$","?","M","M","R","M","R","T","E","M","M"],"character_chosen":"DEFECT","items_purchased":["Hologram","Runic Capacitor","Defragment"],"campfire_rested":2,"item_purchase_floors":[2,19,19],"current_hp_per_floor":[64,64,29,29,29,50,50,50,50,55,36,30,17,15,37,13,64,55,55,55,46,46,46,44,44,44,21,15,1,1],"gold":163,"neow_bonus":"THREE_ENEMY_KILL","is_daily":false,"chose_seed":false,"campfire_upgraded":3,"win_rate":0.0,"timestamp":1613038709,"path_taken":["M","$","?","?","?","R","E","R","T","M","E","M","E","M","R","BOSS","M","$","?","M","?","R","M","R","T","E","M","M"],"items_purchased_type":["Card","Relic","Card"],"build_version":"2020-12-22","purchased_purges":0,"victory":false,"max_hp_per_floor":[71,71,71,71,71,71,71,71,71,76,76,76,76,76,76,81,81,81,81,81,81,81,81,81,81,81,81,81,81,81],"card_choices":[{"not_picked":["Steam Power","Steam"],"picked":"Ball Lightning","floor":1.0},{"not_picked":["Leap","Barrage"],"picked":"Coolheaded","floor":5.0},{"not_picked":["Undo","All For One"],"picked":"Consume","floor":7.0},{"not_picked":["Hello World","Rebound"],"picked":"Gash","floor":10.0},{"not_picked":["Steam","Compile Driver"],"picked":"Glacier","floor":11.0},{"not_picked":["Streamline","Darkness","Fusion"],"picked":"Sweeping Beam","floor":12.0},{"not_picked":["Reprogram","Ball Lightning","Hologram"],"picked":"Leap","floor":13.0},{"not_picked":["Leap","Double Energy","Amplify"],"picked":"Conserve Battery","floor":14.0},{"not_picked":["Recycle","Redo","Go for the Eyes"],"picked":"Melter","floor":15.0},{"not_picked":["Meteor Strike","Hyperbeam","All For One"],"picked":"Seek","floor":16.0},{"not_picked":["Gash","Reinforced Body","Steam","Storm"],"picked":"SKIP","floor":18.0},{"not_picked":["Steam","Barrage","Heatsinks"],"picked":"Skim","floor":21.0},{"not_picked":["Conserve Battery","Stack","Glacier"],"picked":"Gash","floor":22.0},{"not_picked":["Stack","Leap","Thunder Strike"],"picked":"Darkness","floor":24.0},{"not_picked":["Streamline","All For One","Go for the Eyes","Storm"],"picked":"SKIP","floor":27.0},{"not_picked":["Streamline+1","Lockon","Gash"],"picked":"Coolheaded","floor":28.0}],"player_experience":241327,"relics_obtained":[{"floor":7.0,"key":"Toy Ornithopter"},{"floor":9.0,"key":"Anchor"},{"floor":11.0,"key":"Question Card"},{"floor":13.0,"key":"Dream Catcher"},{"floor":27.0,"key":"Pen Nib"}],"event_choices":[{"damage_healed":0.0,"max_hp_gain":0.0,"max_hp_loss":0.0,"gold_gain":0.0,"event_name":"Scrap Ooze","player_choice":"Success","floor":3.0,"gold_loss":0.0,"damage_taken":35.0,"relics_obtained":["Lantern"]},{"cards_removed":["Strike_B"],"damage_healed":0.0,"max_hp_gain":0.0,"max_hp_loss":0.0,"gold_gain":0.0,"event_name":"Bonfire Elementals","player_choice":"Offered Basic","floor":4.0,"gold_loss":0.0,"damage_taken":0.0},{"damage_healed":0.0,"max_hp_gain":0.0,"max_hp_loss":0.0,"gold_gain":50.0,"event_name":"Golden Shrine","player_choice":"Pray","floor":20.0,"gold_loss":0.0,"damage_taken":0.0}],"is_beta":false,"boss_relics":[{"not_picked":["Runic Dome","Ectoplasm"],"picked":"Velvet Choker"}],"items_purged_floors":[],"is_endless":false,"potions_floor_spawned":[1,7,10,13,16,18,21,27],"killed_by":"Centurion and Healer","ascension_level":17}}