{"host":"lktusdb9orijgc6z","time":1613055058,"event":{"mods":["BaseMod","Bestiary","Colored Map","Colored Powertips","Filter the Spire","Minty Spire (QoL Compilation)","Permanent Neow","Quick Restart","Relic Stats","StSLib","everything is the same but u backflip on backflip","slay the spire mod where everything is the same but ironclad has a cowboy hat"],"gold_per_floor":[117,130,143,158,178,209,2,18,18,18,18,18],"floor_reached":11,"language":"ENG","playtime":469,"items_purged":[],"score":154,"play_id":"bab40633-55a7-41f3-8f4e-fffcd70d58bc","local_time":"20210211155058","is_ascension_mode":true,"campfire_choices":[],"circlet_count":0,"master_deck":["AscendersBane","Zap","Dualcast","FTL","Scrape","Beam Cell","Turbo","Auto Shields","Rainbow","Meteor Strike","Hologram","Doom and Gloom"],"relics":["Pandora\u0027s Box","Oddly Smooth Stone","Omamori"],"acts_visited":["Exordium"],"potions_floor_usage":[8],"damage_taken":[{"damage":17.0,"enemies":"Cultist","floor":1.0,"turns":4.0},{"damage":12.0,"enemies":"Jaw Worm","floor":2.0,"turns":2.0},{"damage":6.0,"enemies":"2 Louse","floor":3.0,"turns":2.0},{"damage":13.0,"enemies":"Blue Slaver","floor":4.0,"turns":2.0},{"damage":0.0,"enemies":"Exordium Wildlife","floor":5.0,"turns":2.0},{"damage":11.0,"enemies":"Lagavulin","floor":6.0,"turns":6.0},{"damage":0,"enemies":"2 Fungi Beasts","floor":8,"turns":2},{"damage":28,"enemies":"Gremlin Nob","floor":11,"turns":3}],"seed_played":"-4406876108412716342","potions_obtained":[{"floor":1.0,"key":"EssenceOfSteel"},{"floor":3.0,"key":"SpeedPotion"},{"floor":5.0,"key":"Block Potion"}],"is_trial":false,"path_per_floor":["M","M","M","M","M","E","$","M","T","$","E"],"character_chosen":"DEFECT","items_purchased":["Meteor Strike","Hologram"],"campfire_rested":0,"item_purchase_floors":[7,7],"current_hp_per_floor":[47,35,29,16,16,5,5,5,5,5,0,0],"gold":18,"neow_bonus":"BOSS_RELIC","is_daily":false,"chose_seed":false,"campfire_upgraded":0,"win_rate":0.0,"timestamp":1613055058,"path_taken":["M","M","M","M","M","E","$","M","T","$","E"],"items_purchased_type":["Card","Card"],"build_version":"2020-12-22","purchased_purges":0,"victory":false,"max_hp_per_floor":[71,71,71,71,71,71,71,71,71,71,71,71],"relic_stats":{"counters":[8,23],"Pandora\u0027s Box":["Capacitor","Electrodynamics","Rip and Tear","FTL","Meteor Strike","Sweeping Beam","Loop","Biased Cognition"],"obtain_stats":[{"Oddly Smooth Stone":6,"Pandora\u0027s Box":0,"Omamori":9,"Cracked Core":0},{"Oddly Smooth Stone":6,"Pandora\u0027s Box":0,"Omamori":7,"Cracked Core":0},{"Oddly Smooth Stone":18,"Pandora\u0027s Box":0,"Omamori":20,"Cracked Core":0}]},"card_choices":[{"not_picked":["Defragment","Steam Power"],"picked":"FTL","floor":1.0},{"not_picked":["Redo","Streamline"],"picked":"Scrape","floor":2.0},{"not_picked":["Coolheaded","Redo"],"picked":"Beam Cell","floor":3.0},{"not_picked":["Compile Driver","Static Discharge"],"picked":"Turbo","floor":4.0},{"not_picked":["Sweeping Beam","Compile Driver"],"picked":"Auto Shields","floor":5.0},{"not_picked":["Skim","Sweeping Beam"],"picked":"Rainbow","floor":6.0},{"not_picked":["Leap","Beam Cell"],"picked":"Doom and Gloom","floor":8}],"player_experience":785076,"relics_obtained":[{"floor":6.0,"key":"Oddly Smooth Stone"},{"floor":9,"key":"Omamori"}],"event_choices":[],"is_beta":false,"boss_relics":[],"items_purged_floors":[],"is_endless":false,"potions_floor_spawned":[1,3,5],"killed_by":"Gremlin Nob","ascension_level":20}}