{"host":"92ge7uk92o4z80va","time":1613004999,"event":{"mods":["AchievementEnabler","Act Like it!","Aspiration","BaseMod","Beaked The Cultist","Better Third Choice","BetterRewards","Conspire","Curses Come First","Hermit","Hubris","Infinite Spire","Koishi","Lobotomy","LobotomyExtend","Marisa????????","Minty Spire (QoL Compilation)","Quick Restart","Reliquary","Replay The Spire","Spire Arcade","StSLib","The Blue Laboratory","The Bug Knight","The Runesmith","The Saiyan"],"gold_per_floor":[111,111,111,124,143,179,179,194,218,218,251,265,286,300,376,497,497,511,527,527,527],"floor_reached":20,"language":"ENG","playtime":974,"items_purged":[],"score":188,"play_id":"67f3a755-981f-47a5-b037-099d68235179","local_time":"20210210195639","is_ascension_mode":false,"campfire_choices":[{"data":"beaked:Strike_Y","floor":7,"key":"SMITH"}],"circlet_count":0,"master_deck":["beaked:Strike_Y","beaked:Strike_Y","beaked:Strike_Y","beaked:Strike_Y","beaked:Strike_Y","beaked:Strike_Y","beaked:Defend_Y","beaked:Defend_Y","beaked:Defend_Y","beaked:Defend_Y","beaked:Ceremony","beaked:Ceremony","beaked:Ceremony","beaked:BraceForImpact","beaked:Foresight","beaked:Brace","beaked:WindBringer","Burn","beaked:Brace","beaked:Tweet","beaked:BloodForTheGods","beaked:VolatileMisfortune","beaked:Tweet","beaked:MachineSpirit"],"relics":["beaked:MendingPlumage","aspiration:Nostalgia","MiniHakkero","LetterFromLob","Golden Idol","hubris:Towel","Simple Rune","Toy Ornithopter","StoneCalendar","Velvet Choker","Heaven_r"],"acts_visited":["Exordium","TheCity"],"potions_floor_usage":[8,11,19,20],"damage_taken":[{"damage":8,"enemies":"Small Slimes","floor":1,"turns":4},{"damage":10,"enemies":"conspire:RoseBush","floor":4,"turns":3},{"damage":16,"enemies":"Jaw Worm","floor":5,"turns":5},{"damage":47,"enemies":"Lagavulin","floor":6,"turns":9},{"damage":13,"enemies":"3 Louse","floor":8,"turns":5},{"damage":19,"enemies":"Gremlin Nob","floor":11,"turns":4},{"damage":2,"enemies":"Looter","floor":12,"turns":3},{"damage":1,"enemies":"conspire:2 RoseBushes","floor":13,"turns":7},{"damage":11,"enemies":"Exordium Wildlife","floor":14,"turns":6},{"damage":26,"enemies":"Slime Boss","floor":16,"turns":7},{"damage":44,"enemies":"Shell Parasite","floor":18,"turns":6},{"damage":47,"enemies":"Snake Plant","floor":19,"turns":5},{"damage":64,"enemies":"Snake Plant","floor":20,"turns":4}],"seed_played":"-2049807101433076765","potions_obtained":[{"floor":5,"key":"blueLaboratory:PyrophylliteBrew"},{"floor":6,"key":"blueLaboratory:RememoryPotion"},{"floor":13,"key":"blueLaboratory:BubblePotion"},{"floor":14,"key":"blueLaboratory:ArtificerPotion"},{"floor":18,"key":"SkillPotion"}],"is_trial":false,"path_per_floor":["M","?","?","M","M","E","R","M","T","?","E","M","M","M","R","B",null,"M","M","?"],"character_chosen":"BEAKED_THE_CULTIST","items_purchased":[],"campfire_rested":0,"item_purchase_floors":[],"current_hp_per_floor":[48,36,36,35,31,9,9,8,8,8,6,13,22,28,28,18,50,43,36,0,0],"gold":527,"neow_bonus":"NOSTALGIA","is_daily":false,"chose_seed":false,"campfire_upgraded":1,"win_rate":0.0,"timestamp":1613004999,"path_taken":["M","?","?","M","M","E","R","M","T","?","E","M","M","M","R","BOSS","M","M","?"],"items_purchased_type":[],"build_version":"2020-12-22","purchased_purges":0,"victory":false,"max_hp_per_floor":[50,50,50,50,50,50,50,50,50,50,50,50,50,50,50,50,50,50,50,50,50],"card_choices":[{"not_picked":["beaked:TuckingFeathers","beaked:Tradeoff"],"picked":"beaked:BraceForImpact","floor":1},{"not_picked":["beaked:Devastation","beaked:SurvivalInstinct"],"picked":"beaked:Foresight","floor":4},{"not_picked":["beaked:Poke","beaked:Mantra"],"picked":"beaked:Brace","floor":5},{"not_picked":["beaked:Evade","beaked:RitualOfBody"],"picked":"beaked:WindBringer","floor":6},{"not_picked":["beaked:BraceForImpact","beaked:WarriorEssence","beaked:Brainwash"],"picked":"SKIP","floor":8},{"not_picked":["beaked:WarriorEssence","beaked:Redirect"],"picked":"beaked:Brace","floor":11},{"not_picked":["beaked:Foresight","beaked:WarriorEssence"],"picked":"beaked:Tweet","floor":12},{"not_picked":["beaked:Brainwash","beaked:CursingBlood","beaked:Devastation"],"picked":"SKIP","floor":13},{"not_picked":["beaked:Foresight","beaked:Poke"],"picked":"beaked:BloodForTheGods","floor":14},{"not_picked":["beaked:SacrificialScars","beaked:LiftOff"],"picked":"beaked:VolatileMisfortune","floor":16},{"not_picked":["beaked:Mantra","beaked:Windmill+1"],"picked":"beaked:Tweet","floor":18},{"not_picked":["beaked:Redirect","beaked:StunningBlow"],"picked":"beaked:MachineSpirit","floor":19}],"player_experience":58898,"relics_obtained":[{"floor":1,"key":"LetterFromLob"},{"floor":6,"key":"Simple Rune"},{"floor":9,"key":"Toy Ornithopter"},{"floor":11,"key":"StoneCalendar"}],"event_choices":[{"damage_healed":0,"gold_gain":0,"player_choice":"Take Damage","damage_taken":12,"relics_obtained":["Golden Idol"],"max_hp_gain":0,"max_hp_loss":0,"event_name":"Golden Idol","floor":2,"gold_loss":0},{"damage_healed":8,"gold_gain":0,"player_choice":"Embrace Burn","damage_taken":0,"max_hp_gain":0,"max_hp_loss":50,"event_name":"betterThird:BetterShining","floor":10,"gold_loss":0}],"is_beta":false,"boss_relics":[{"not_picked":["Sozu","aspiration:PoetsPen_weak"],"picked":"Velvet Choker"}],"items_purged_floors":[],"is_endless":false,"potions_floor_spawned":[5,6,13,14,18,20],"killed_by":"Snake Plant","ascension_level":0}}