{"host":"23qk1co0p3p8qz56","time":1613003224,"event":{"mods":["100% Spire Juice","AchievementEnabler","Act Like it!","Arknights","BaseMod","Better Note","Better Third Choice","BetterRewards","CapriCore","Chen","Colored Map","Downfall","Duelist Mod","Friendly Minions","Gensokyo","Gold Saver","KinomotoSakuraMod(ñÿîVñ{?)","Koishi","LagranYue(ùfäiòNÅEåé)","Lobotomy","LobotomyExtend","Mari Mod (Legacy)","Mari\u0027s V1 Patch","MarisaÅiñ∂âJÅ@ñÇóùçπÅj","Minty Spire (QoL Compilation)","Prisma Mod","ReimuÅiîé??öÎÅj","RemiliaÅiÂQïƒ‰ª?Åj","StSLib","The Administrix","The Alterego","The Animator","The Gatherer","The Immortal","The Senshi","Waifu the Spire","WarShipGirlsR/??è≠èóR mod","Yakumo Yukari mod","Yohane!","Yuyuko"],"gold_per_floor":[394,394,414,414,439,439,420,420,495,495,495,495,460,425,425,487,487,457,457,442,541,567,567,567,553,553,565,577,554,566,583,583],"floor_reached":31,"language":"ENG","playtime":2083,"items_purged":[],"score":248,"play_id":"e5ffcb9a-686b-4019-9379-2f01d6ac1c93","local_time":"20210210172704","is_ascension_mode":false,"campfire_choices":[{"data":"MariMod:Mari_Debut","floor":6,"key":"SMITH"},{"data":"MariMod:Mari_Character_Development","floor":12,"key":"SMITH"},{"data":"MariMod:Mari_Hug","floor":15,"key":"SMITH"},{"data":"MariMod:Mari_The_Beach_Episode","floor":23,"key":"SMITH"},{"data":"MariMod:Mari_No_Problem","floor":27,"key":"SMITH"},{"data":"MariMod:Mari_Second_Season","floor":30,"key":"SMITH"}],"circlet_count":0,"master_deck":["MariMod:Mari_Strike","MariMod:Mari_Strike","MariMod:Mari_Strike","MariMod:Mari_Strike","MariMod:Mari_Strike","MariMod:Mari_Defend","MariMod:Mari_Defend","MariMod:Mari_Defend","MariMod:Mari_Defend","MariMod:Mari_Defend","MariMod:Mari_Reminisce","MariMod:Mari_Debut+1","MariMod:Mari_Self_Care","MariMod:Mari_Tea_Time","MariMod:Mari_Overexertion","MariMod:Mari_Flaunt","MariMod:Mari_Withdrawal","MariMod:Mari_Character_Development+1","MariMod:Mari_Mic_Check","MariMod:Mari_Self_Care","MariMod:Mari_Boundless_Energy","MariMod:Mari_Self_Care","MariMod:Mari_Hug+1","MariMod:Mari_Approved","MariMod:Mari_Undying_Spark","MariMod:Mari_Closure","MariMod:Mari_Approved+1","MariMod:Mari_Administrator_Privilege+1","MariMod:Mari_Heavy_Price+1","MariMod:Mari_The_Beach_Episode+1","MariMod:Mari_Shut_Up+1","MariMod:Mari_No_Problem+1","MariMod:Mari_The_FLYING_CAR+1","MariMod:Mari_Wishing_Fountain","MariMod:Mari_Second_Season+1"],"relics":["MariMod:MariTheSpark","LagranYue:RandomDrawCardRelic","Bronze Scales","LetterFromLob","Matryoshka","Astrolabe","Pen Nib","Bag of Marbles","MawBank","InkBottle"],"acts_visited":["Exordium","TheCity"],"potions_floor_usage":[16,16,18,29],"damage_taken":[{"damage":1,"enemies":"Cultist","floor":1,"turns":4},{"damage":3,"enemies":"2 Louse","floor":3,"turns":3},{"damage":1,"enemies":"Small Slimes","floor":5,"turns":4},{"damage":32,"enemies":"Exordium Thugs","floor":7,"turns":7},{"damage":19,"enemies":"Large Slime","floor":8,"turns":7},{"damage":11,"enemies":"The Guardian","floor":16,"turns":10},{"damage":5,"enemies":"Shell Parasite","floor":18,"turns":5},{"damage":40,"enemies":"3 Byrds","floor":20,"turns":3},{"damage":3,"enemies":"Snake Plant","floor":25,"turns":4},{"damage":10,"enemies":"Chosen and Byrds","floor":29,"turns":6},{"damage":15,"enemies":"Snecko","floor":31,"turns":2}],"seed_played":"2688831601282192337","potions_obtained":[{"floor":1,"key":"Swift Potion"},{"floor":3,"key":"LiquidBronze"},{"floor":7,"key":"Weak Potion"},{"floor":25,"key":"champ:CounterPotion"}],"is_trial":false,"path_per_floor":["M","?","M","?","M","R","M","M","T","?","?","R","$","?","R","B",null,"M","?","M","?","T","R","?","M","T","R","?","M","R","M"],"character_chosen":"MARI","items_purchased":["MariMod:Mari_Hug"],"campfire_rested":0,"item_purchase_floors":[13],"current_hp_per_floor":[71,76,73,73,72,72,40,21,21,21,21,21,21,40,40,29,77,72,72,32,32,32,32,18,15,15,15,15,5,5,0,0],"gold":583,"neow_bonus":"RANDOM_COMMON_RELIC","is_daily":false,"chose_seed":false,"campfire_upgraded":6,"win_rate":0.0,"timestamp":1613003224,"path_taken":["M","?","M","?","?","R","M","M","T","?","?","R","$","?","R","BOSS","M","?","M","?","?","R","?","M","T","R","?","M","R","?"],"items_purchased_type":["Card"],"build_version":"2020-12-22","purchased_purges":0,"victory":false,"max_hp_per_floor":[72,77,77,77,77,77,77,77,77,77,77,77,77,77,77,77,77,77,77,77,77,77,77,82,82,82,82,82,82,82,82,82],"card_choices":[{"not_picked":["MariMod:Mari_Glimmer","MariMod:Mari_Old_Costume"],"picked":"MariMod:Mari_Reckless_Spending","floor":1},{"not_picked":["MariMod:Mari_Reckless_Driving","MariMod:Mari_Old_Costume"],"picked":"MariMod:Mari_Self_Care","floor":3},{"not_picked":["MariMod:Mari_Its_Joke","MariMod:Mari_Old_Costume"],"picked":"MariMod:Mari_Tea_Time","floor":5},{"not_picked":["MariMod:Mari_zzz","MariMod:Mari_Unveiled_Secret"],"picked":"MariMod:Mari_Overexertion","floor":5},{"not_picked":["MariMod:Mari_Fire_Strike","MariMod:Mari_The_Beach_Episode"],"picked":"MariMod:Mari_Flaunt","floor":7},{"not_picked":["MariMod:Mari_Pent_Up_Emotions","MariMod:Mari_Expensive_Tastes"],"picked":"MariMod:Mari_Withdrawal","floor":7},{"not_picked":["MariMod:Mari_The_Planisphere","MariMod:Mari_Hug"],"picked":"MariMod:Mari_Character_Development","floor":8},{"not_picked":["MariMod:Mari_Reckless_Driving","MariMod:Mari_Grand_Scheme"],"picked":"MariMod:Mari_Mic_Check","floor":8},{"not_picked":["MariMod:Mari_Character_Development","MariMod:Mari_Excitement"],"picked":"MariMod:Mari_Approved","floor":16},{"not_picked":["MariMod:Mari_All_Or_Nothing","MariMod:Mari_Lock_On"],"picked":"MariMod:Mari_Undying_Spark","floor":16},{"not_picked":["MariMod:Mari_Unveiled_Secret","MariMod:Mari_Withdrawal"],"picked":"MariMod:Mari_Closure","floor":16},{"not_picked":["MariMod:Mari_Hug","MariMod:Mari_Overexertion"],"picked":"MariMod:Mari_The_Beach_Episode","floor":18},{"not_picked":["MariMod:Mari_Tough_Front","MariMod:Mari_Golden_Glint"],"picked":"MariMod:Mari_Shut_Up+1","floor":18},{"not_picked":["MariMod:Mari_Shut_Up","MariMod:Mari_Mic_Check"],"picked":"MariMod:Mari_No_Problem","floor":20},{"not_picked":["MariMod:Mari_Research+1","MariMod:Mari_Pretty_Bomber_Head","MariMod:Mari_Old_Costume"],"picked":"SKIP","floor":20},{"not_picked":["MariMod:Mari_Reckless_Driving","MariMod:Mari_Old_Costume"],"picked":"MariMod:Mari_The_FLYING_CAR+1","floor":25},{"not_picked":["MariMod:Mari_Unveiled_Secret","MariMod:Mari_Heavy_Metal","MariMod:Mari_Glimmer"],"picked":"SKIP","floor":25},{"not_picked":["MariMod:Mari_Cash_Back","MariMod:Mari_No_Problem"],"picked":"MariMod:Mari_Wishing_Fountain","floor":29},{"not_picked":["MariMod:Mari_Golden_Glint","MariMod:Mari_Boundless_Energy"],"picked":"MariMod:Mari_Second_Season","floor":29}],"player_experience":141259,"relics_obtained":[{"floor":1,"key":"LetterFromLob"},{"floor":9,"key":"Matryoshka"},{"floor":22,"key":"Pen Nib"},{"floor":22,"key":"Bag of Marbles"},{"floor":26,"key":"MawBank"},{"floor":26,"key":"InkBottle"}],"event_choices":[{"damage_healed":0,"gold_gain":0,"player_choice":"Donut","damage_taken":0,"max_hp_gain":5,"max_hp_loss":0,"event_name":"Big Fish","floor":2,"gold_loss":0},{"damage_healed":0,"gold_gain":0,"player_choice":"Searched \u00270\u0027 times","damage_taken":0,"max_hp_gain":0,"max_hp_loss":0,"event_name":"Dead Adventurer","floor":11,"gold_loss":0},{"damage_healed":19,"gold_gain":0,"player_choice":"Healed","damage_taken":0,"max_hp_gain":0,"max_hp_loss":0,"event_name":"The Cleric","floor":14,"gold_loss":35},{"damage_healed":0,"gold_gain":0,"player_choice":"Ignored","damage_taken":0,"max_hp_gain":0,"max_hp_loss":0,"event_name":"betterNote:BetterNote","floor":19,"gold_loss":0,"cards_obtained":["animator:Wiz"]},{"damage_healed":0,"gold_gain":99,"player_choice":"Steal","damage_taken":0,"max_hp_gain":0,"max_hp_loss":0,"event_name":"betterThird:BetterNest","floor":21,"gold_loss":0},{"damage_healed":0,"gold_gain":0,"player_choice":"Shed Blood","damage_taken":19,"max_hp_gain":5,"max_hp_loss":0,"event_name":"Forgotten Altar","floor":24,"gold_loss":0},{"damage_healed":0,"gold_gain":0,"player_choice":"Ignored","damage_taken":0,"max_hp_gain":0,"max_hp_loss":0,"event_name":"Vampires","floor":28,"gold_loss":0}],"is_beta":false,"boss_relics":[{"not_picked":["LagranYue:ContractPerformanceRelic","LagranYue:SoulBurningRelic"],"picked":"Astrolabe"}],"items_purged_floors":[],"is_endless":false,"potions_floor_spawned":[1,3,7,25],"killed_by":"Snecko","ascension_level":0}}