{"host":"d52brwsy6af8zvaq","time":1613067379,"event":{"mods":["AchievementEnabler","BaseMod","Bestiary","Highlight Path","Minty Spire (QoL Compilation)","Quick Restart","Relic Stats","ojb\u0027s Better Paths Mod"],"gold_per_floor":[117,5,22,36,53,82,82,82,82,101,46,46,5,5,5,77,77,87,12,28,78,21,21,21],"floor_reached":23,"language":"ENG","playtime":754,"items_purged":["Strike_B"],"score":378,"play_id":"aeff41cf-8dfc-45c5-b65f-aff2182ca1bc","local_time":"20210211111619","is_ascension_mode":true,"campfire_choices":[{"data":"Defragment","floor":7.0,"key":"SMITH"},{"floor":12.0,"key":"REST"},{"data":"Loop","floor":15.0,"key":"SMITH"}],"circlet_count":0,"master_deck":["AscendersBane","Strike_B","Strike_B","Defend_B","Defend_B","Defend_B","Defend_B","Zap+1","Dualcast","Darkness","Loop+1","Self Repair","Defragment+1","Conserve Battery","Electrodynamics","Leap","Coolheaded","Melter","Machine Learning","Creative AI","Steam","Auto Shields","Coolheaded"],"relics":["Cracked Core","Lantern","Ornamental Fan","Bronze Scales","Inserter"],"acts_visited":["Exordium","TheCity"],"potions_floor_usage":[18],"damage_taken":[{"damage":0.0,"enemies":"2 Louse","floor":1.0,"turns":2.0},{"damage":7.0,"enemies":"Cultist","floor":3.0,"turns":4.0},{"damage":12.0,"enemies":"Jaw Worm","floor":4.0,"turns":4.0},{"damage":12.0,"enemies":"3 Louse","floor":5.0,"turns":3.0},{"damage":13.0,"enemies":"Lagavulin","floor":6.0,"turns":7.0},{"damage":30.0,"enemies":"Lots of Slimes","floor":10.0,"turns":3.0},{"damage":18,"enemies":"Slime Boss","floor":16,"turns":6},{"damage":35,"enemies":"Shell Parasite","floor":18,"turns":7},{"damage":33,"enemies":"2 Thieves","floor":20,"turns":3},{"damage":23,"enemies":"Book of Stabbing","floor":23,"turns":2}],"seed_played":"9188229164555509948","potions_obtained":[{"floor":5.0,"key":"LiquidMemories"},{"floor":10.0,"key":"Strength Potion"},{"floor":16,"key":"Regen Potion"}],"is_trial":false,"path_per_floor":["M","$","M","M","M","E","R","?","T","M","$","R","$","?","R","B",null,"M","$","M","?","$","E"],"character_chosen":"DEFECT","items_purchased":["Loop","Coolheaded","Melter","Auto Shields","Coolheaded"],"campfire_rested":1,"item_purchase_floors":[2,11,13,19,22],"current_hp_per_floor":[64,64,57,52,47,41,41,41,41,18,18,39,39,39,39,28,60,47,47,21,21,21,0,0],"gold":21,"neow_bonus":"UPGRADE_CARD","is_daily":false,"chose_seed":false,"campfire_upgraded":2,"win_rate":0.0,"timestamp":1613067379,"path_taken":["M","$","M","M","M","E","R","?","T","M","?","R","?","?","R","BOSS","M","$","?","?","?","E"],"items_purchased_type":["Card","Card","Card","Card","Card"],"build_version":"2020-12-22","purchased_purges":1,"victory":false,"max_hp_per_floor":[71,71,71,71,71,71,71,71,71,71,71,71,71,71,71,71,71,71,71,71,71,71,71,71],"relic_stats":{"Inserter":[6],"counters":[10,39],"Ornamental Fan":[0],"Bronze Scales":[76],"obtain_stats":[{"Lantern":6,"Inserter":17,"Ornamental Fan":8,"Bronze Scales":9,"Cracked Core":0},{"Lantern":5,"Inserter":7,"Ornamental Fan":5,"Bronze Scales":5,"Cracked Core":0},{"Lantern":19,"Inserter":27,"Ornamental Fan":19,"Bronze Scales":19,"Cracked Core":0}]},"card_choices":[{"not_picked":["Coolheaded","Turbo"],"picked":"Darkness","floor":1.0},{"not_picked":["Coolheaded","Melter"],"picked":"Self Repair","floor":3.0},{"not_picked":["Barrage","Sweeping Beam"],"picked":"Defragment","floor":4.0},{"not_picked":["Hello World","Rebound"],"picked":"Conserve Battery","floor":5.0},{"not_picked":["Loop","Sweeping Beam"],"picked":"Electrodynamics","floor":6.0},{"not_picked":["Recycle","FTL"],"picked":"Leap","floor":10.0},{"not_picked":["Fission","Electrodynamics"],"picked":"Creative AI","floor":16},{"not_picked":["Go for the Eyes","Hologram"],"picked":"Steam","floor":18},{"not_picked":["Streamline","Hello World","Steam Power"],"picked":"SKIP","floor":20}],"player_experience":2225611,"relics_obtained":[{"floor":6.0,"key":"Lantern"},{"floor":9.0,"key":"Bronze Scales"}],"event_choices":[{"damage_healed":0.0,"max_hp_gain":0.0,"max_hp_loss":0.0,"gold_gain":0.0,"event_name":"WeMeetAgain","player_choice":"Gave Potion","floor":8.0,"gold_loss":0.0,"damage_taken":0.0,"relics_obtained":["Ornamental Fan"]},{"damage_healed":0.0,"max_hp_gain":0.0,"max_hp_loss":0.0,"gold_gain":0.0,"cards_transformed":["Strike_B"],"event_name":"Transmorgrifier","player_choice":"Transformed","floor":14.0,"gold_loss":0.0,"damage_taken":0.0,"cards_obtained":["Machine Learning"]},{"damage_healed":0,"gold_gain":50,"player_choice":"Pray","damage_taken":0,"max_hp_gain":0,"max_hp_loss":0,"event_name":"Golden Shrine","floor":21,"gold_loss":0}],"is_beta":false,"boss_relics":[{"not_picked":["Coffee Dripper","Sozu"],"picked":"Inserter"}],"items_purged_floors":[2],"is_endless":false,"potions_floor_spawned":[5,10,16],"killed_by":"Book of Stabbing","ascension_level":20}}