{"host":"h2977v3ax51ohsow","time":1613052752,"event":{"mods":["Act Like it!","Aspiration","BaseMod","Chen","Colored Powertips","Hallownest","Marisa£®ÏF”Í°°ƒß¿Ì…≥£©","Minty Spire (QoL Compilation)","Quick Restart","Remilia£®¿Ÿ√◊¿Ú—«£©","StSLib","The Bug Knight","The Servant 0.9.4","noobMod","°æ“≈ŒÔø®≈∆°øREMEMod"],"gold_per_floor":[112,123,123,135,150,178,178,208,259,289,289,307,327,339,339,442,442,458,310,310,409,324,152,183,200,226,251,268,303,316,335,335,435,435,452,43,43,43,61,75,105,6,6,6,37,57,57,76,76,76],"floor_reached":51,"language":"ZHS","playtime":2775,"items_purged":["Steam Power","HollowMod:QuickDashStart","HollowMod:LifebloodCore"],"score":930,"play_id":"d4395a1a-bbe7-4e2e-b938-c77b2bffd3b5","local_time":"20210211221232","is_ascension_mode":true,"campfire_choices":[{"data":"HollowMod:DescendingDark","floor":7.0,"key":"SMITH"},{"data":"HollowMod:DescendingDark+1","floor":11.0,"key":"PURGE"},{"data":"HollowMod:SoulEater","floor":15.0,"key":"SMITH"},{"data":"HollowMod:DesolateDive","floor":32,"key":"SMITH"},{"data":"HollowMod:FocusHealStart","floor":47,"key":"PURGE"},{"data":"HollowMod:QuickDashStart","floor":49,"key":"SMITH"}],"circlet_count":0,"master_deck":["HollowMod:NailStrikeStart","HollowMod:NailStrikeStart","HollowMod:NailStrikeStart","HollowMod:QuickDashStart","HollowMod:QuickDashStart+1","HollowMod:PogoStrike","HollowMod:MonomonsArchive+1","HollowMod:CloakDash","HollowMod:SoulEater+1","HollowMod:SoulStrike","HollowMod:DashSlash","HollowMod:HowlingWraiths","HollowMod:AwokenDreamNail","HollowMod:HowlingWraiths+1","HollowMod:Grubsong","HollowMod:VengefulSpirit","HollowMod:DesolateDive+1","HollowMod:ChannelNail+1","HollowMod:HowlingWraiths+1","HollowMod:MantisMark+1","HollowMod:SoulEater","HollowMod:HornetsHelp","HollowMod:DungDefenderAura","HollowMod:CloakDash","HollowMod:SoulVessel+1","HollowMod:SoulStrike+1","HollowMod:ChannelNail","HollowMod:SlysStrikes","Parasite","HollowMod:SoulSplash","HollowMod:GoodIntentions+1"],"relics":["HollowMod:KingsSoulRelic","ice","REME_ComplimentaryCards","NeowsBlessing","Bird Faced Urn","Centennial Puzzle","HollowMod:MillibellesNoteRelic","Peace Pipe","aspiration:FutureDiary","Letter Opener","Smiling Mask","War Paint","Bronze Scales","Molten Egg 2","REME_PuzzleBoxRelic","ScarletDevilRocket","Incense Burner","Ornamental Fan"],"acts_visited":["Exordium","TheCity","TheBeyond"],"potions_floor_usage":[30,33,41],"damage_taken":[{"damage":0.0,"enemies":"Small Slimes","floor":1.0,"turns":1.0},{"damage":0.0,"enemies":"Cultist","floor":2.0,"turns":1.0},{"damage":0.0,"enemies":"Jaw Worm","floor":4.0,"turns":1.0},{"damage":0.0,"enemies":"2 Fungi Beasts","floor":5.0,"turns":3.0},{"damage":39.0,"enemies":"Gremlin Nob","floor":6.0,"turns":5.0},{"damage":23.0,"enemies":"3 Sentries","floor":8.0,"turns":7.0},{"damage":20.0,"enemies":"Gremlin Nob","floor":10.0,"turns":5.0},{"damage":2.0,"enemies":"Exordium Wildlife","floor":12.0,"turns":4.0},{"damage":5.0,"enemies":"Large Slime","floor":13.0,"turns":6.0},{"damage":1.0,"enemies":"Looter","floor":14.0,"turns":5.0},{"damage":71,"enemies":"The Guardian","floor":16,"turns":16},{"damage":18,"enemies":"3 Byrds","floor":18,"turns":4},{"damage":30,"enemies":"Book of Stabbing","floor":24,"turns":5},{"damage":0,"enemies":"Spheric Guardian","floor":25,"turns":3},{"damage":7,"enemies":"HollowMod:Nosk","floor":27,"turns":6},{"damage":10,"enemies":"Snake Plant","floor":28,"turns":5},{"damage":39,"enemies":"REME_1_Revenger","floor":29,"turns":5},{"damage":0,"enemies":"Snecko","floor":30,"turns":4},{"damage":0,"enemies":"Centurion and Healer","floor":31,"turns":2},{"damage":14,"enemies":"Champ","floor":33,"turns":5},{"damage":0,"enemies":"Orb Walker","floor":35,"turns":2},{"damage":10,"enemies":"3 Shapes","floor":39,"turns":2},{"damage":18,"enemies":"HollowMod:SlobberingHusk","floor":40,"turns":5},{"damage":18,"enemies":"Reptomancer","floor":41,"turns":3},{"damage":0,"enemies":"Giant Head","floor":45,"turns":5},{"damage":15,"enemies":"Writhing Mass","floor":46,"turns":3},{"damage":0,"enemies":"3 Darklings","floor":48,"turns":2},{"damage":0,"enemies":"HollowMod:Radiance","floor":50,"turns":8}],"seed_played":"5398309464135531954","potions_obtained":[{"floor":1.0,"key":"Regen Potion"},{"floor":6.0,"key":"SmokeBomb"},{"floor":10.0,"key":"Energy Potion"},{"floor":14.0,"key":"PowerPotion"},{"floor":18,"key":"Strength Potion"},{"floor":31,"key":"Fire Potion"},{"floor":35,"key":"Swift Potion"},{"floor":41,"key":"Strength Potion"}],"is_trial":false,"path_per_floor":["M","M","?","M","M","E","R","E","T","E","R","M","M","M","R","B",null,"M","$","?","?","?","$","E","M","T","E","M","E","M","M","R","B",null,"M","$","?","?","M","M","E","$","T","?","E","M","R","M","R","B",null],"character_chosen":"THE_BUGKNIGHT","items_purchased":["HollowMod:Grubsong","HollowMod:DesolateDive","Molten Egg 2","REME_PuzzleBoxRelic","HollowMod:ChannelNail"],"campfire_rested":0,"item_purchase_floors":[19,23,36,36,42],"current_hp_per_floor":[75,75,75,75,75,42,42,34,34,14,14,24,31,36,36,51,81,63,63,63,63,63,63,37,41,41,36,30,1,134,135,135,121,137,137,137,137,137,127,113,101,101,101,101,115,108,108,110,110,118],"gold":76,"neow_bonus":"THREE_ENEMY_KILL","is_daily":false,"chose_seed":false,"campfire_upgraded":4,"win_rate":0.0,"timestamp":1613052752,"path_taken":["M","M","?","M","M","E","R","E","T","E","R","M","M","?","R","BOSS","M","?","?","?","?","$","E","M","T","E","M","E","M","M","R","BOSS","M","$","?","?","M","M","E","$","T","?","E","?","R","M","R","BOSS"],"items_purchased_type":["Card","Card","Relic","Relic","Card"],"build_version":"2020-12-22","purchased_purges":3,"victory":true,"max_hp_per_floor":[75,75,75,75,75,75,75,75,75,75,75,75,75,75,75,81,81,103,103,103,103,103,103,113,114,114,117,126,133,134,135,135,137,137,138,138,138,138,141,146,149,149,149,149,150,151,151,152,152,158],"card_choices":[{"not_picked":["HollowMod:ChannelNail","HollowMod:MonarchWings"],"picked":"HollowMod:NewJinnsSoul","floor":1.0},{"not_picked":["HollowMod:GrimmsGift","HollowMod:VengefulSpirit"],"picked":"HollowMod:DescendingDark","floor":2.0},{"not_picked":["HollowMod:GoodIntentions","HollowMod:CornifersMapStart","HollowMod:NewLittleFool"],"picked":"SKIP","floor":4.0},{"not_picked":["HollowMod:SiblingsSouls","HollowMod:BrokenVessel"],"picked":"HollowMod:LuriensSpire","floor":5.0},{"not_picked":["HollowMod:CornifersMapStart","HollowMod:GoodIntentions"],"picked":"HollowMod:CloakDash","floor":6.0},{"not_picked":["HollowMod:RecoilStrike","HollowMod:SoulSplash","HollowMod:HornetsHelp"],"picked":"SKIP","floor":8.0},{"not_picked":["HollowMod:ShadowDash","HollowMod:SoulStrike"],"picked":"HollowMod:SoulEater","floor":10.0},{"not_picked":["HollowMod:SharpenedNail","HollowMod:HeavyBlow"],"picked":"HollowMod:SoulStrike","floor":12.0},{"not_picked":["HollowMod:SiblingsSouls","HollowMod:BrokenVessel"],"picked":"HollowMod:DashSlash","floor":13.0},{"not_picked":["HollowMod:LifebloodCocoon","HollowMod:PureNailStrike"],"picked":"HollowMod:HowlingWraiths","floor":14.0},{"not_picked":["HollowMod:MidwifesHunger","HollowMod:ZotesMagnificence"],"picked":"HollowMod:AwokenDreamNail","floor":16},{"not_picked":["HollowMod:ShadowDash","HollowMod:Grubsong"],"picked":"HollowMod:HowlingWraiths+1","floor":18},{"not_picked":["HollowMod:DoubleDash","HollowMod:SharpenedNail","HollowMod:NewLittleFool"],"picked":"SKIP","floor":24},{"not_picked":["HollowMod:SharpenedShadows","HollowMod:SiblingsSouls","HollowMod:VengefulVoid"],"picked":"SKIP","floor":25},{"not_picked":["HollowMod:ShadowDash","HollowMod:SharpenedNail+1"],"picked":"HollowMod:LifebloodCore","floor":27},{"not_picked":["HollowMod:VengefulVoid+1","HollowMod:MawleksShell+1"],"picked":"HollowMod:ChannelNail+1","floor":28},{"not_picked":["HollowMod:SiblingsShadow","HollowMod:WraithStrike"],"picked":"HollowMod:HowlingWraiths+1","floor":29},{"not_picked":["HollowMod:InfectionAssault","HollowMod:DescendingDark+1"],"picked":"HollowMod:MantisMark+1","floor":30},{"not_picked":["HollowMod:DescendingDark+1","HollowMod:AwokenDreamNail"],"picked":"HollowMod:SoulEater","floor":31},{"not_picked":["HollowMod:NewInfectedGuardian","HollowMod:MidwifesHunger"],"picked":"HollowMod:HornetsHelp","floor":33},{"not_picked":["HollowMod:DescendingDark","HollowMod:VengefulVoid+1"],"picked":"HollowMod:DungDefenderAura","floor":35},{"not_picked":["HollowMod:ShadowDash","HollowMod:Grubsong"],"picked":"HollowMod:CloakDash","floor":39},{"not_picked":["HollowMod:SiblingsSouls+1","HollowMod:DescendingDark+1"],"picked":"HollowMod:SoulVessel+1","floor":40},{"not_picked":["HollowMod:PureNailStrike+1","HollowMod:DashSlash+1"],"picked":"HollowMod:SoulStrike+1","floor":41},{"not_picked":["HollowMod:MonomonsArchive+1","HollowMod:SiblingsShadow+1"],"picked":"HollowMod:SlysStrikes","floor":45},{"not_picked":["HollowMod:DescendingDark+1","HollowMod:InfectionAssault+1"],"picked":"HollowMod:SoulSplash","floor":46},{"not_picked":["HollowMod:ShapeofUnn+1","HollowMod:DreamGate"],"picked":"HollowMod:GoodIntentions+1","floor":48}],"player_experience":165899,"relics_obtained":[{"floor":6.0,"key":"Bird Faced Urn"},{"floor":8.0,"key":"Centennial Puzzle"},{"floor":9.0,"key":"HollowMod:MillibellesNoteRelic"},{"floor":10.0,"key":"Peace Pipe"},{"floor":24,"key":"Smiling Mask"},{"floor":27,"key":"War Paint"},{"floor":29,"key":"Bronze Scales"},{"floor":41,"key":"ScarletDevilRocket"},{"floor":43,"key":"Incense Burner"},{"floor":45,"key":"Ornamental Fan"}],"event_choices":[{"damage_healed":0.0,"max_hp_gain":0.0,"max_hp_loss":0.0,"gold_gain":0.0,"cards_transformed":["HollowMod:NewJinnsSoul"],"event_name":"Transmorgrifier","player_choice":"Transformed","floor":3.0,"gold_loss":0.0,"damage_taken":0.0,"cards_obtained":["HollowMod:MonomonsArchive"]},{"damage_healed":0,"gold_gain":0,"player_choice":"Read","damage_taken":0,"max_hp_gain":0,"max_hp_loss":0,"event_name":"The Library","floor":20,"gold_loss":0,"cards_obtained":["HollowMod:VengefulSpirit"]},{"damage_healed":0,"gold_gain":99,"player_choice":"Stole From Cult","damage_taken":0,"max_hp_gain":0,"max_hp_loss":0,"event_name":"Nest","floor":21,"gold_loss":0},{"damage_healed":0,"gold_gain":0,"player_choice":"Obtained Relic","damage_taken":0,"relics_obtained":["Letter Opener"],"max_hp_gain":0,"max_hp_loss":0,"event_name":"Addict","floor":22,"gold_loss":85},{"cards_removed":["HollowMod:QuickDashStart"],"damage_healed":0,"gold_gain":0,"player_choice":"Removed Skill","damage_taken":0,"max_hp_gain":0,"max_hp_loss":0,"event_name":"Falling","floor":38,"gold_loss":0},{"cards_removed":["HollowMod:NailStrikeStart"],"damage_healed":0,"gold_gain":0,"player_choice":"Purged","damage_taken":0,"max_hp_gain":0,"max_hp_loss":0,"event_name":"Purifier","floor":44,"gold_loss":0}],"is_beta":false,"boss_relics":[{"not_picked":["Calling Bell","REME_DuelDisc"],"picked":"aspiration:FutureDiary"},{"not_picked":["SlaversCollar","Empty Cage"],"picked":"HollowMod:KingsSoulRelic"}],"items_purged_floors":[19,23,42],"is_endless":false,"potions_floor_spawned":[1,6,10,14,18,24,25,31,35,39,41],"ascension_level":1}}