{"host":"42xf941fomyavgzy","time":1613049433,"event":{"mods":["Act Like it!","Astrologer","BaseMod","Colored Map","Minty Spire (QoL Compilation)","Shop Mod","StSLib","SuperFastMode","The Cursed"],"gold_per_floor":[113,125,125,138,156,156,189,206,206,206,221,68,109,129,129,250,250,275,123,123,136,155,155,186,19,44,44,62,62,87,102,102,232,232,257,257,280,300,300,300,300,300],"floor_reached":41,"language":"JPN","playtime":2557,"items_purged":[],"score":534,"play_id":"6963c8a3-58db-42ab-9a9c-7531f50d2628","local_time":"20210211221713","is_ascension_mode":true,"campfire_choices":[{"data":"TheCursedMod:AbyssShockwave","floor":6,"key":"SMITH"},{"floor":15,"key":"REST"},{"floor":23,"key":"REST"},{"floor":27,"key":"REST"},{"data":"TheCursedMod:CursedMace","floor":29,"key":"SMITH"},{"floor":32,"key":"REST"},{"data":"TheCursedMod:SpitefulPlan","floor":40,"key":"SMITH"}],"circlet_count":0,"master_deck":["TheCursedMod:CursedWand","TheCursedMod:CleanUpWorkshop","TheCursedMod:Dregs","TheCursedMod:SpitefulPlan+1","TheCursedMod:CursedAmulet","TheCursedMod:CursedMace+1","TheCursedMod:CursedArmor","TheCursedMod:CircleOfCorruption","TheCursedMod:Evocation","Injury","TheCursedMod:CircleOfBlood","TheCursedMod:UltimatePain","TheCursedMod:HellfireBreathing","TheCursedMod:Neurasthenia","TheCursedMod:SurpriseAttack","TheCursedMod:EmpowerCircles","TheCursedMod:CursedStaff","TheCursedMod:SaltUponWound","TheCursedMod:Torture","TheCursedMod:DarkBarrier","TheCursedMod:ManaCirculation","TheCursedMod:DarkBarrier","TheCursedMod:SpitefulPlan","Prepared","Impatience","TheCursedMod:LuckyCharm","TheCursedMod:SmokeScreen","TheCursedMod:SoulReap","BowlingBash+1","Mayhem","Echo Form","Writhe","Warcry+1"],"relics":["TheCursedMod:BlackMagic101","TheCursedMod:DemonicMark","Akabeko","Letter Opener","Golden Idol","Boot","Bronze Scales","Pandora\u0027s Box","PrismaticShard","Ice Cream","Strawberry","Coffee Dripper"],"acts_visited":["Exordium","TheCity","TheBeyond"],"potions_floor_usage":[5,7,7,8,16,21,35,38,41,41],"damage_taken":[{"damage":0,"enemies":"Cultist","floor":1,"turns":3},{"damage":0,"enemies":"2 Louse","floor":2,"turns":1},{"damage":2,"enemies":"Jaw Worm","floor":4,"turns":4},{"damage":10,"enemies":"Exordium Thugs","floor":5,"turns":5},{"damage":35,"enemies":"Lagavulin","floor":7,"turns":6},{"damage":0,"enemies":"Gremlin Gang","floor":8,"turns":1},{"damage":0,"enemies":"Exordium Wildlife","floor":11,"turns":1},{"damage":20,"enemies":"3 Sentries","floor":13,"turns":8},{"damage":2,"enemies":"2 Fungi Beasts","floor":14,"turns":2},{"damage":30,"enemies":"The Guardian","floor":16,"turns":10},{"damage":3,"enemies":"3 Byrds","floor":18,"turns":3},{"damage":22,"enemies":"Spheric Guardian","floor":21,"turns":4},{"damage":15,"enemies":"Centurion and Healer","floor":22,"turns":7},{"damage":43,"enemies":"Book of Stabbing","floor":24,"turns":6},{"damage":0,"enemies":"3 Cultists","floor":28,"turns":2},{"damage":12,"enemies":"Snecko","floor":30,"turns":3},{"damage":26,"enemies":"Snake Plant","floor":31,"turns":3},{"damage":19,"enemies":"Champ","floor":33,"turns":11},{"damage":32,"enemies":"Orb Walker","floor":35,"turns":4},{"damage":27,"enemies":"3 Darklings","floor":37,"turns":5},{"damage":15,"enemies":"4 Shapes","floor":38,"turns":6},{"damage":72,"enemies":"Reptomancer","floor":41,"turns":4}],"seed_played":"522212517116025086","potions_obtained":[{"floor":1,"key":"Weak Potion"},{"floor":5,"key":"EntropicBrew"},{"floor":11,"key":"SpeedPotion"},{"floor":13,"key":"SkillPotion"},{"floor":18,"key":"DistilledChaos"},{"floor":24,"key":"SteroidPotion"},{"floor":30,"key":"EntropicBrew"},{"floor":35,"key":"BlessingOfTheForge"},{"floor":37,"key":"Block Potion"}],"is_trial":false,"path_per_floor":["M","M","T","M","M","R","E","M","T","?","M","$","E","M","R","B",null,"M","$","?","M","M","R","E","$","T","R","M","R","M","M","R","B",null,"M","?","M","M","?","R","E"],"character_chosen":"THE_CURSED","items_purchased":["Boot","PrismaticShard","TheCursedMod:LuckyCharm","TheCursedMod:SmokeScreen","TheCursedMod:SoulReap"],"campfire_rested":4,"item_purchase_floors":[12,19,25,25,25],"current_hp_per_floor":[75,75,75,73,63,63,28,28,28,28,28,28,10,8,30,4,57,56,56,56,38,23,45,6,6,13,37,39,39,34,8,32,22,67,44,65,40,34,34,34,0,0],"gold":300,"neow_bonus":"THREE_CARDS","is_daily":false,"chose_seed":false,"campfire_upgraded":3,"win_rate":0.0,"timestamp":1613049433,"path_taken":["M","M","?","M","?","R","E","M","T","?","M","$","E","M","R","BOSS","M","$","?","?","M","R","E","$","T","R","M","R","?","M","R","BOSS","M","?","M","M","?","R","E"],"items_purchased_type":["Relic","Relic","Card","Card","Card"],"build_version":"2020-12-22","purchased_purges":0,"victory":false,"max_hp_per_floor":[75,75,75,75,75,75,75,75,75,75,75,75,75,75,75,75,75,75,75,75,75,75,75,75,75,82,82,82,82,82,82,82,82,82,82,82,82,82,82,82,82,82],"card_choices":[{"not_picked":["TheCursedMod:Hemoplague","TheCursedMod:CircleOfFlame"],"picked":"TheCursedMod:AbyssShockwave","floor":0},{"not_picked":["TheCursedMod:Torture","TheCursedMod:Stigma"],"picked":"TheCursedMod:SpitefulPlan","floor":1},{"not_picked":["TheCursedMod:Wield","TheCursedMod:HellsGateOpen"],"picked":"TheCursedMod:CursedAmulet","floor":2},{"not_picked":["TheCursedMod:Evocation","TheCursedMod:CursedStaff"],"picked":"TheCursedMod:CursedMace","floor":4},{"not_picked":["TheCursedMod:CursedAmulet","TheCursedMod:WearCloak"],"picked":"TheCursedMod:CursedArmor","floor":5},{"not_picked":["TheCursedMod:StingEye","TheCursedMod:FleshFromBone"],"picked":"TheCursedMod:CircleOfCorruption","floor":7},{"not_picked":["TheCursedMod:SpreadPlague","TheCursedMod:TacticalStrike"],"picked":"TheCursedMod:Evocation","floor":8},{"not_picked":["TheCursedMod:UltimatePain","TheCursedMod:Stigma"],"picked":"TheCursedMod:CircleOfBlood","floor":11},{"not_picked":["TheCursedMod:PrepareRite","TheCursedMod:CircleOfFlame"],"picked":"TheCursedMod:UltimatePain","floor":13},{"not_picked":["TheCursedMod:TacticalStrike","TheCursedMod:CircleOfFlame"],"picked":"TheCursedMod:HellfireBreathing","floor":14},{"not_picked":["TheCursedMod:DarkBarrier","TheCursedMod:DemonicPact"],"picked":"TheCursedMod:Neurasthenia","floor":16},{"not_picked":["TheCursedMod:FleshFromBone","TheCursedMod:SurpriseAttack"],"picked":"TheCursedMod:SpitefulPlan","floor":18},{"not_picked":["TheCursedMod:VitalStrike+1","Worship"],"picked":"Prepared","floor":21},{"not_picked":["astrologer:TheStar","Heatsinks"],"picked":"Impatience","floor":22},{"not_picked":["Defragment","Thunderclap","astrologer:Prestidigitation+1"],"picked":"SKIP","floor":24},{"not_picked":["TheCursedMod:RapidMovement","Leap+1"],"picked":"BowlingBash+1","floor":28},{"not_picked":["Finesse","Conserve Battery+1","Halt"],"picked":"SKIP","floor":30},{"not_picked":["Clothesline+1","Noxious Fumes"],"picked":"Mayhem","floor":31},{"not_picked":["Scrawl","Devotion"],"picked":"Echo Form","floor":33},{"not_picked":["astrologer:Moonlight+1","Dagger Spray","astrologer:Conjunction+1"],"picked":"SKIP","floor":35},{"not_picked":["Dagger Throw+1","Flex"],"picked":"Warcry+1","floor":37},{"not_picked":["CarveReality+1","Consume+1","TheCursedMod:RavingStaff+1"],"picked":"SKIP","floor":38}],"player_experience":472715,"relics_obtained":[{"floor":3,"key":"TheCursedMod:DemonicMark"},{"floor":7,"key":"Akabeko"},{"floor":9,"key":"Letter Opener"},{"floor":13,"key":"Bronze Scales"},{"floor":24,"key":"Ice Cream"},{"floor":26,"key":"Strawberry"}],"event_choices":[{"damage_healed":0,"gold_gain":0,"player_choice":"Take Wound","damage_taken":0,"relics_obtained":["Golden Idol"],"max_hp_gain":0,"max_hp_loss":0,"event_name":"Golden Idol","floor":10,"gold_loss":0,"cards_obtained":["Injury"]},{"damage_healed":0,"gold_gain":0,"player_choice":"Bought 0 Potions","damage_taken":0,"max_hp_gain":0,"max_hp_loss":0,"event_name":"The Woman in Blue","floor":20,"gold_loss":0},{"damage_healed":21,"gold_gain":0,"player_choice":"Writhe","damage_taken":0,"max_hp_gain":0,"max_hp_loss":0,"event_name":"Winding Halls","floor":36,"gold_loss":0,"cards_obtained":["Writhe"]},{"cards_removed":["TheCursedMod:AbyssShockwave"],"damage_healed":0,"gold_gain":0,"player_choice":"Removed Attack","damage_taken":0,"max_hp_gain":0,"max_hp_loss":0,"event_name":"Falling","floor":39,"gold_loss":0}],"is_beta":false,"boss_relics":[{"not_picked":["TheCursedMod:FourLeafCloverCharm","Ectoplasm"],"picked":"Pandora\u0027s Box"},{"not_picked":["TheCursedMod:BlackMagicAdvanced","Astrolabe"],"picked":"Coffee Dripper"}],"items_purged_floors":[],"is_endless":false,"potions_floor_spawned":[1,5,11,13,18,24,28,30,31,35,37],"killed_by":"Reptomancer","ascension_level":5}}