{"host":"awrw1gk2acwismlg","time":1613005281,"event":{"mods":["ATMod(°¢èªMod)","Aspiration","BaseMod","Bestiary","Challenge The Spire","Conspire","Downfall","Energized Spire","Hermit","Jedi Mod","Marked Mod","Minty Spire (QoL Compilation)","Morshu Shopkeeper","Morshu Shopkeeper - ENHANCED","Quarter Circle Forward PUNCH!","Reliquary","Remilia_Scarlet Moed£¨ÀÙÃ×ÀòÑÇ¡¤Ë¹¿¨À×ÌØ£©3.3.5","Replay The Spire","SIMod","Shop Mod","Small Relic Pack","StSLib","The Bug Knight","The Cursed","Warlord Emblem","Wide Potions","Yakumo Yukari mod","¡¾ÒÅÎï¿¨ÅÆ¡¿REMEMod","óô»ðÖ¸ÄÏ"],"gold_per_floor":[116,197,233,82,82,114,114,149,176,196,196,207,207,224,224,321,321,333,349,349,249,249,282,282,293,293,321,321,321,321,333,333,430,430,450,462,462,462,474,474,506,506,506,506,506,506],"floor_reached":45,"language":"ZHS","playtime":2349,"items_purged":["Defend_B","conspire:GhostlyStrike"],"score":771,"play_id":"204eca63-40ed-41d2-a97f-3c25c7c557a4","local_time":"20210211090121","is_ascension_mode":true,"campfire_choices":[{"floor":7.0,"key":"REST"},{"data":"AT_RightCognition","floor":13.0,"key":"SMITH"},{"floor":15.0,"key":"REST"},{"data":"AT_StudyProgram","floor":24.0,"key":"SMITH"},{"floor":28.0,"key":"REST"},{"data":"jedi:BurstLightning","floor":30.0,"key":"SMITH"},{"floor":32.0,"key":"DIG"},{"floor":40,"key":"REST"},{"floor":42,"key":"REST"},{"floor":44,"key":"DIG"}],"circlet_count":0,"master_deck":["conspire:GhostlyStrike","conspire:GhostlyStrike","conspire:GhostlyStrike","conspire:GhostlyDefend+1","conspire:GhostlyDefend+1","conspire:GhostlyDefend","Zap+1","Dualcast","AT_RightCognition+1","AT_TearsDenial+1","Cold Snap","Static Discharge+1","AT_StudyProgram+1","Redo+1","Cold Snap","CommonCold","jedi:BurstLightning+1","jedi:BurstFrost+1","AT_RightCognition","Zap","Writhe"],"relics":["Cracked Core","REME_ComplimentaryCards","AT_ATBox","aspiration:Nostalgia","Slimebound:AbsorbEndCombat","Bronze Scales","AT_BellowingDragoncrestRing","Bottled Tornado","qcfpunch:Unceasing_Flame","Omamori","Calling Bell","REME_HandOfSuture","Bronze Scales","qcfpunch:Handcuffs","Gremlin Food","Ring of Hypnosis","Ring of Panic","aspiration:HiddenCompartment","Letter Opener","Shovel","reliquary:TuningFork","Bag of Marbles","Replay:Grab Bag","energizedSpire:SpiderWeb","Cursed Key","conspire:SpecialSausage","Potion Belt","War Paint","Blue Doll"],"acts_visited":["Exordium","TheCity","TheBeyond"],"potions_floor_usage":[36,36,45],"damage_taken":[{"damage":1.0,"enemies":"2 Louse","floor":1.0,"turns":3.0},{"damage":7.0,"enemies":"conspire:MimicChest","floor":3.0,"turns":5.0},{"damage":19.0,"enemies":"Lagavulin","floor":6.0,"turns":3.0},{"damage":23.0,"enemies":"3 Sentries","floor":8.0,"turns":5.0},{"damage":6.0,"enemies":"Jaw Worm","floor":10.0,"turns":3.0},{"damage":0.0,"enemies":"Small Slimes","floor":12.0,"turns":4.0},{"damage":5.0,"enemies":"Looter","floor":14.0,"turns":2.0},{"damage":1.0,"enemies":"Hexaghost","floor":16.0,"turns":4.0},{"damage":1.0,"enemies":"Spheric Guardian","floor":18.0,"turns":3.0},{"damage":8.0,"enemies":"3 Byrds","floor":19.0,"turns":2.0},{"damage":4.0,"enemies":"Gremlin Leader","floor":23.0,"turns":4.0},{"damage":0.0,"enemies":"Snecko","floor":25.0,"turns":4.0},{"damage":0.0,"enemies":"Book of Stabbing","floor":27.0,"turns":2.0},{"damage":0.0,"enemies":"Snake Plant","floor":31.0,"turns":2.0},{"damage":24.0,"enemies":"Pondfish","floor":33.0,"turns":5.0},{"damage":25.0,"enemies":"3 Shapes","floor":35.0,"turns":3.0},{"damage":21,"enemies":"3 Darklings","floor":36,"turns":1},{"damage":31,"enemies":"Writhing Mass","floor":39,"turns":3},{"damage":33,"enemies":"Reptomancer","floor":41,"turns":4},{"damage":36,"enemies":"Sphere and 2 Shapes","floor":45,"turns":3}],"seed_played":"4947783379882912006","potions_obtained":[{"floor":1.0,"key":"champ:CounterPotion"},{"floor":3.0,"key":"jedi:coolantleak"},{"floor":8.0,"key":"DuplicationPotion"},{"floor":12.0,"key":"Fire Potion"},{"floor":19.0,"key":"Elixir"},{"floor":27.0,"key":"Energy Potion"},{"floor":35.0,"key":"Fire Potion"},{"floor":41,"key":"PowerPotion"}],"is_trial":false,"path_per_floor":["M","?","?","$","?","E","R","E","T","M","?","M","R","M","R","B",null,"M","M","?","$","?","E","R","M","T","E","R","?","R","M","R","B",null,"M","M","?","?","M","R","E","R","T","R","M"],"character_chosen":"DEFECT","items_purchased":["Static Discharge"],"campfire_rested":5,"item_purchase_floors":[4],"current_hp_per_floor":[74,44,37,37,37,18,40,17,17,11,23,23,23,18,40,39,75,74,66,66,66,66,62,62,62,62,62,75,75,75,75,75,51,75,55,34,34,34,3,25,11,33,33,33,0,0],"gold":506,"neow_bonus":"NOSTALGIA","is_daily":false,"chose_seed":false,"campfire_upgraded":3,"win_rate":0.0,"timestamp":1613005281,"path_taken":["M","?","?","$","?","E","R","E","T","M","?","M","R","?","R","BOSS","M","M","?","?","?","E","R","M","T","E","R","?","R","M","R","BOSS","M","M","?","?","?","R","E","R","T","R","M"],"items_purchased_type":["Card"],"build_version":"2020-12-22","purchased_purges":2,"victory":false,"max_hp_per_floor":[75,75,75,75,75,75,75,75,75,75,75,75,75,75,75,75,75,75,75,75,75,75,75,75,75,75,75,75,75,75,75,75,75,75,75,75,75,75,75,75,75,75,75,75,75,75],"card_choices":[{"not_picked":["Rebound","ReplayTheSpireMod:GoodbyeWorld","Conserve Battery"],"picked":"SKIP","floor":1.0},{"not_picked":["Undo","Conserve Battery"],"picked":"Cold Snap","floor":2.0},{"not_picked":["Rebound","Steam"],"picked":"AT_StudyProgram","floor":6.0},{"not_picked":["ReplayTheSpireMod:System Scan","Stack","Redo"],"picked":"SKIP","floor":8.0},{"not_picked":["Beam Cell","jedi:bruteforce","Stack"],"picked":"SKIP","floor":10.0},{"not_picked":["White Noise","Steam","Sweeping Beam"],"picked":"SKIP","floor":12.0},{"not_picked":["BasicCrystalCard","Gash","Barrage"],"picked":"SKIP","floor":14.0},{"not_picked":["Turbo","jedi:blockon"],"picked":"Redo+1","floor":18.0},{"not_picked":["Barrage","Coolheaded"],"picked":"Cold Snap","floor":19.0},{"not_picked":["AT_WarpDrive","jedi:sharpshooter","Heatsinks"],"picked":"SKIP","floor":23.0},{"not_picked":["jedi:blockon+1","jedi:BurstFrost"],"picked":"jedi:BurstLightning","floor":25.0},{"not_picked":["AT_RobotInSpace+1","Streamline"],"picked":"jedi:BurstFrost+1","floor":27.0},{"not_picked":["Steam Power","Fusion","jedi:locknload"],"picked":"SKIP","floor":31.0},{"not_picked":["jedi:studyfrost","Amplify"],"picked":"AT_RightCognition","floor":33.0},{"not_picked":["jedi:blockon","Hologram+1","Streamline+1"],"picked":"SKIP","floor":35.0},{"not_picked":["Rebound","ReplayTheSpireMod:Calculation Training","BasicCrystalCard+1"],"picked":"SKIP","floor":36},{"not_picked":["ReplayTheSpireMod:GoodbyeWorld","Redo+1","White Noise+1"],"picked":"SKIP","floor":39},{"not_picked":["Streamline","Sweeping Beam","jedi:studyfrost"],"picked":"SKIP","floor":41}],"player_experience":97353,"relics_obtained":[{"floor":2.0,"key":"Bronze Scales"},{"floor":3.0,"key":"AT_BellowingDragoncrestRing"},{"floor":6.0,"key":"Bottled Tornado"},{"floor":8.0,"key":"qcfpunch:Unceasing_Flame"},{"floor":9.0,"key":"Omamori"},{"floor":17.0,"key":"REME_HandOfSuture"},{"floor":17.0,"key":"reliquary:SculptingSteel"},{"floor":17.0,"key":"qcfpunch:Handcuffs"},{"floor":22.0,"key":"Ring of Hypnosis"},{"floor":22.0,"key":"Ring of Panic"},{"floor":23.0,"key":"aspiration:HiddenCompartment"},{"floor":26.0,"key":"Letter Opener"},{"floor":27.0,"key":"Shovel"},{"floor":29.0,"key":"reliquary:TuningFork"},{"floor":32.0,"key":"Bag of Marbles"},{"floor":41,"key":"Potion Belt"},{"floor":43,"key":"War Paint"},{"floor":44,"key":"Blue Doll"}],"event_choices":[{"damage_healed":0.0,"max_hp_gain":0.0,"max_hp_loss":0.0,"gold_gain":0.0,"event_name":"conspire:LoneGhost","player_choice":"Agree","floor":5.0,"gold_loss":0.0,"damage_taken":0.0},{"damage_healed":0.0,"max_hp_gain":0.0,"max_hp_loss":0.0,"gold_gain":0.0,"event_name":"Addict","player_choice":"Stole Relic","floor":20.0,"gold_loss":0.0,"damage_taken":0.0,"relics_obtained":["Gremlin Food"],"cards_obtained":["Shame"]},{"damage_healed":0,"gold_gain":0,"player_choice":"Memory 1","damage_taken":0,"max_hp_gain":0,"max_hp_loss":0,"event_name":"SensoryStone","floor":37,"gold_loss":0},{"damage_healed":0,"gold_gain":0,"player_choice":"1 cards matched","damage_taken":0,"max_hp_gain":0,"max_hp_loss":0,"event_name":"Match and Keep!","floor":38,"gold_loss":0,"cards_obtained":["Zap"]}],"is_beta":false,"boss_relics":[{"not_picked":["jedi:battlestandard","Black Star"],"picked":"Calling Bell"},{"not_picked":["Honey Jar","Velvet Choker"],"picked":"Replay:Grab Bag"},{"not_picked":["energizedSpire:OldTV","Runic Dome"],"picked":"energizedSpire:SpiderWeb"},{"not_picked":["energizedSpire:DeadBattery","ChewingGum"],"picked":"Cursed Key"},{"not_picked":["aspiration:RunicSpoon","aspiration:Stellarator"],"picked":"conspire:SpecialSausage"}],"items_purged_floors":[4,21],"is_endless":false,"potions_floor_spawned":[1,3,8,12,19,27,31,35,41],"killed_by":"Sphere and 2 Shapes","ascension_level":1}}