{"host":"tzz1a4lp7gkxiavd","time":1613033637,"event":{"mods":["BaseMod","Marisa£®ÏF”Í°°ƒß¿Ì…≥£©","Minty Spire (QoL Compilation)","Remilia£®¿Ÿ√◊¿Ú—«£©","The Servant 0.9.4","Youmu£®ªÍ∆«—˝√Œ£©","Yuyuko","°æπ¶ƒ‹Mod°øNeowΩ±¿¯"],"gold_per_floor":[116,191,191,116,116,116,133,168,193,78,102,102,102,112,112,210,210,222,239,80,0,12,12,26,26,81,108,108,108,108,124,124,228,228,243,243,18,33,47,47,47],"floor_reached":40,"language":"ZHS","playtime":1731,"items_purged":["Strike_B","Strike_B","Normality"],"score":427,"play_id":"452f6c36-29dd-45fc-bc40-23530c1881d1","local_time":"20210211165357","is_ascension_mode":false,"campfire_choices":[{"data":"Zap","floor":6.0,"key":"SMITH"},{"floor":12.0,"key":"RECALL"},{"data":"Rainbow","floor":15.0,"key":"SMITH"},{"data":"Fission","floor":23.0,"key":"SMITH"},{"floor":25.0,"key":"REST"},{"data":"Consume","floor":30,"key":"SMITH"},{"data":"Echo Form","floor":32,"key":"SMITH"}],"circlet_count":0,"master_deck":["Defend_B","Defend_B","Defend_B","Defend_B+1","Zap+1","Dualcast","Self Repair+1","Rainbow+1","Fission+1","Conserve Battery+1","Consume+1","Echo Form+1","Machine Learning"],"relics":["Inserter","The Courier","Juzu Bracelet","Lee\u0027s Waffle","Odd Mushroom","Cursed Key","PreservedInsect","SlaversCollar","Oddly Smooth Stone","Runic Capacitor"],"acts_visited":["Exordium","TheCity","TheBeyond"],"potions_floor_usage":[33,40],"damage_taken":[{"damage":1.0,"enemies":"Jaw Worm","floor":1.0,"turns":5.0},{"damage":0.0,"enemies":"Small Slimes","floor":7.0,"turns":4.0},{"damage":33.0,"enemies":"Gremlin Nob","floor":8.0,"turns":5.0},{"damage":31.0,"enemies":"The Mushroom Lair","floor":11.0,"turns":5.0},{"damage":5.0,"enemies":"2 Louse","floor":14.0,"turns":3.0},{"damage":55.0,"enemies":"Slime Boss","floor":16.0,"turns":11.0},{"damage":12.0,"enemies":"Spheric Guardian","floor":18.0,"turns":6.0},{"damage":1.0,"enemies":"Shell Parasite","floor":19.0,"turns":8.0},{"damage":11.0,"enemies":"Shelled Parasite and Fungi","floor":22.0,"turns":7.0},{"damage":22.0,"enemies":"Snake Plant","floor":24.0,"turns":5.0},{"damage":39.0,"enemies":"Slavers","floor":27.0,"turns":7.0},{"damage":17,"enemies":"Colosseum Slavers","floor":28,"turns":6},{"damage":13,"enemies":"Centurion and Healer","floor":31,"turns":8},{"damage":33,"enemies":"Collector","floor":33,"turns":10},{"damage":34,"enemies":"3 Shapes","floor":35,"turns":4},{"damage":16,"enemies":"Orb Walker","floor":38,"turns":5},{"damage":11,"enemies":"Sphere and 2 Shapes","floor":39,"turns":6},{"damage":67,"enemies":"Reptomancer","floor":40,"turns":2}],"seed_played":"-5049837076775982451","potions_obtained":[{"floor":1.0,"key":"CultistPotion"},{"floor":7.0,"key":"Strength Potion"},{"floor":8.0,"key":"Fire Potion"},{"floor":16.0,"key":"Fruit Juice"},{"floor":18.0,"key":"Fire Potion"},{"floor":22.0,"key":"FearPotion"},{"floor":31,"key":"SpeedPotion"},{"floor":38,"key":"EssenceOfSteel"}],"is_trial":false,"path_per_floor":["M","?","?","$","?","R","M","E","T","$","?","R","?","M","R","B",null,"M","M","$","?","M","R","M","R","T","E","?","?","R","M","R","B",null,"M","?","$","M","M","E"],"character_chosen":"DEFECT","items_purchased":["Lee\u0027s Waffle","Fruit Juice","Runic Capacitor"],"campfire_rested":1,"item_purchase_floors":[10,20,37],"current_hp_per_floor":[74,63,56,56,41,41,51,28,28,82,61,61,61,56,56,11,87,85,87,92,92,91,91,79,92,92,63,56,56,56,53,53,30,92,68,68,68,62,61,0,0],"gold":47,"neow_bonus":"BOSS_RELIC","is_daily":false,"chose_seed":false,"campfire_upgraded":5,"win_rate":0.0,"timestamp":1613033637,"path_taken":["M","?","?","$","?","R","M","E","T","$","?","R","?","M","R","BOSS","M","M","$","?","M","R","M","R","T","E","?","?","R","M","R","BOSS","M","?","$","M","M","E"],"items_purchased_type":["Relic","Potion","Relic"],"build_version":"2020-12-22","purchased_purges":3,"victory":false,"max_hp_per_floor":[75,75,75,75,75,75,75,75,75,82,82,82,82,82,82,82,87,87,87,92,92,92,92,92,92,92,92,92,92,92,92,92,92,92,92,92,92,92,92,92,92],"card_choices":[{"not_picked":["BootSequence","Storm"],"picked":"Self Repair","floor":1.0},{"not_picked":["Skim","Hologram","Compile Driver"],"picked":"SKIP","floor":7.0},{"not_picked":["Hologram","Tempest","Reinforced Body"],"picked":"SKIP","floor":8.0},{"not_picked":["Fusion","Rebound","Chaos"],"picked":"SKIP","floor":14.0},{"not_picked":["Core Surge","Hyperbeam"],"picked":"Fission","floor":16.0},{"not_picked":["Ball Lightning","Auto Shields"],"picked":"Conserve Battery+1","floor":18.0},{"not_picked":["Beam Cell","Force Field+1","Barrage"],"picked":"SKIP","floor":19.0},{"not_picked":["Blizzard+1","Redo+1","Barrage"],"picked":"SKIP","floor":22.0},{"not_picked":["Doom and Gloom","Ball Lightning","Redo"],"picked":"SKIP","floor":24.0},{"not_picked":["BootSequence","Beam Cell","Streamline+1"],"picked":"SKIP","floor":27.0},{"not_picked":["Hologram","Leap"],"picked":"Echo Form","floor":31},{"not_picked":["Fission","All For One"],"picked":"Machine Learning","floor":33},{"not_picked":["Go for the Eyes+1","Streamline","Cold Snap+1"],"picked":"SKIP","floor":35},{"not_picked":["Conserve Battery+1","Heatsinks+1","Ball Lightning"],"picked":"SKIP","floor":38},{"not_picked":["Sweeping Beam","Coolheaded","Chill"],"picked":"SKIP","floor":39}],"player_experience":143085,"relics_obtained":[{"floor":8.0,"key":"The Courier"},{"floor":9.0,"key":"Juzu Bracelet"},{"floor":11.0,"key":"Odd Mushroom"},{"floor":27.0,"key":"PreservedInsect"}],"event_choices":[{"damage_healed":0.0,"max_hp_gain":0.0,"max_hp_loss":0.0,"gold_gain":75.0,"event_name":"World of Goop","player_choice":"Gather Gold","floor":2.0,"gold_loss":0.0,"damage_taken":11.0},{"cards_removed":["Strike_B"],"damage_healed":0.0,"max_hp_gain":0.0,"max_hp_loss":0.0,"gold_gain":0.0,"event_name":"Golden Wing","player_choice":"Card Removal","floor":3.0,"gold_loss":0.0,"damage_taken":7.0},{"damage_healed":0.0,"max_hp_gain":0.0,"max_hp_loss":0.0,"gold_gain":0.0,"event_name":"Shining Light","player_choice":"Entered Light","floor":5.0,"gold_loss":0.0,"damage_taken":15.0,"cards_upgraded":["Self Repair","Defend_B"]},{"damage_healed":0.0,"max_hp_gain":0.0,"max_hp_loss":0.0,"gold_gain":0.0,"event_name":"Mushrooms","player_choice":"Fought Mushrooms","floor":11.0,"gold_loss":0.0,"damage_taken":0.0},{"damage_healed":0.0,"max_hp_gain":0.0,"max_hp_loss":0.0,"gold_gain":0.0,"cards_transformed":["Strike_B"],"event_name":"Living Wall","player_choice":"Change","floor":13.0,"gold_loss":0.0,"damage_taken":0.0,"cards_obtained":["Rainbow"]},{"damage_healed":0.0,"max_hp_gain":0.0,"max_hp_loss":0.0,"gold_gain":0.0,"event_name":"Masked Bandits","player_choice":"Paid Fearfully","floor":21.0,"gold_loss":80.0,"damage_taken":0.0},{"damage_healed":0,"gold_gain":0,"player_choice":"Fight","damage_taken":0,"max_hp_gain":0,"max_hp_loss":0,"event_name":"Colosseum","floor":28,"gold_loss":0},{"damage_healed":0,"gold_gain":0,"player_choice":"Fled From Nobs","damage_taken":0,"max_hp_gain":0,"max_hp_loss":0,"event_name":"Colosseum","floor":28,"gold_loss":0},{"damage_healed":0,"gold_gain":0,"player_choice":"Read","damage_taken":0,"max_hp_gain":0,"max_hp_loss":0,"event_name":"The Library","floor":29,"gold_loss":0,"cards_obtained":["Consume"]},{"damage_healed":0,"gold_gain":0,"player_choice":"Gave Potion","damage_taken":0,"relics_obtained":["Oddly Smooth Stone"],"max_hp_gain":0,"max_hp_loss":0,"event_name":"WeMeetAgain","floor":36,"gold_loss":0}],"is_beta":false,"boss_relics":[{"not_picked":["Busted Crown","Velvet Choker"],"picked":"Cursed Key"},{"not_picked":["Black Star","Snecko Eye"],"picked":"SlaversCollar"}],"items_purged_floors":[4,20,37],"is_endless":false,"potions_floor_spawned":[1,7,8,16,18,22,28,31,38],"killed_by":"Reptomancer","ascension_level":0}}