{"host":"vyjryxuuuxkt43k4","time":1613055440,"event":{"mods":["AchievementEnabler","BaseMod","Colored Map","DeckTracker","Keyboard Shortcuts","Minty Spire (QoL Compilation)","Permanent Neow","Quick Restart","StSLib","SuperFastMode","everything is the same but u backflip on backflip"],"gold_per_floor":[364,514,589,608,622,622,647,647,647,658,658,658],"floor_reached":11,"language":"KOR","playtime":308,"items_purged":[],"score":146,"play_id":"65b8bfbf-d18d-460f-8316-32d35c1a7d65","local_time":"20210211235720","is_ascension_mode":true,"campfire_choices":[{"data":"Zap","floor":6.0,"key":"SMITH"},{"floor":8.0,"key":"REST"}],"circlet_count":0,"master_deck":["AscendersBane","Strike_B","Strike_B","Strike_B","Strike_B","Defend_B","Defend_B","Defend_B","Defend_B","Zap+1","Dualcast","Darkness","Doubt","Capacitor","Electrodynamics","Steam","Consume"],"relics":["Cracked Core","Dead Branch","Mummified Hand"],"acts_visited":["Exordium"],"potions_floor_usage":[11],"damage_taken":[{"damage":3.0,"enemies":"2 Louse","floor":1.0,"turns":3.0},{"damage":14.0,"enemies":"Jaw Worm","floor":4.0,"turns":5.0},{"damage":4.0,"enemies":"Small Slimes","floor":5.0,"turns":4.0},{"damage":25.0,"enemies":"3 Sentries","floor":7.0,"turns":5.0},{"damage":1.0,"enemies":"Exordium Thugs","floor":10.0,"turns":3.0},{"damage":31,"enemies":"Gremlin Nob","floor":11,"turns":3}],"seed_played":"-5556332163811538049","potions_obtained":[{"floor":1.0,"key":"Energy Potion"},{"floor":5.0,"key":"Swift Potion"},{"floor":7.0,"key":"EssenceOfSteel"}],"is_trial":false,"path_per_floor":["M","?","?","M","M","R","E","R","T","M","E"],"character_chosen":"DEFECT","items_purchased":[],"campfire_rested":1,"item_purchase_floors":[],"current_hp_per_floor":[61,61,50,36,32,32,7,26,26,25,0,0],"gold":658,"neow_bonus":"TWO_FIFTY_GOLD","is_daily":false,"chose_seed":true,"campfire_upgraded":1,"win_rate":0.0,"timestamp":1613055440,"path_taken":["M","?","?","M","M","R","E","R","T","M","E"],"items_purchased_type":[],"build_version":"2020-12-22","purchased_purges":0,"victory":false,"max_hp_per_floor":[64,64,64,64,64,64,64,64,64,64,64,64],"card_choices":[{"not_picked":["Recycle","Turbo"],"picked":"Darkness","floor":1.0},{"not_picked":["Beam Cell","Hologram"],"picked":"Capacitor","floor":4.0},{"not_picked":["Leap","Genetic Algorithm"],"picked":"Electrodynamics","floor":5.0},{"not_picked":["Hologram","Redo"],"picked":"Steam","floor":7.0},{"not_picked":["Steam","Compile Driver"],"picked":"Consume","floor":10.0}],"player_experience":950728,"relics_obtained":[{"floor":7.0,"key":"Dead Branch"},{"floor":9.0,"key":"Mummified Hand"}],"event_choices":[{"damage_healed":0.0,"max_hp_gain":0.0,"max_hp_loss":0.0,"gold_gain":150.0,"event_name":"Liars Game","player_choice":"AGREE","floor":2.0,"gold_loss":0.0,"damage_taken":0.0,"cards_obtained":["Doubt"]},{"damage_healed":0.0,"max_hp_gain":0.0,"max_hp_loss":0.0,"gold_gain":75.0,"event_name":"World of Goop","player_choice":"Gather Gold","floor":3.0,"gold_loss":0.0,"damage_taken":11.0}],"is_beta":false,"boss_relics":[],"items_purged_floors":[],"is_endless":false,"potions_floor_spawned":[1,5,7],"killed_by":"Gremlin Nob","ascension_level":20}}