{"host":"rm0ctv8qd8mnbkg1","time":1613050597,"event":{"mods":["BaseMod","Beaked The Cultist","BetterRewards","Colored Map","DNKmod","Dark Map","Defuse TimeMaze Blight","Downfall","Friendly Minions","Halation","Hubris","Marisa????????","Minty Spire (QoL Compilation)","MostiFishMod","Permanent Neow","Quarter Circle Forward PUNCH!","RRrroohrrRGHHhhh!!","Rare Cards Sparkle","Relic Sorter","Reliquary","Replay The Spire","RumiaBox-????????","Shade Mod","Shop Mod","Spicy Shops","Spire Arcade","StS++","StSLib","The Construct","The Servant 0.9.4","TheVacant","Wandering Minibosses","??????REMEMod"],"gold_per_floor":[10014,10030,9577,9590,9446,9477,9488,9488,9513,9523,9523,9523,9289,9301,9301,9397,9397,9411,8979,8989,8989,9004,9075,7385,7385,7453,7453,7552,7552,7569,6026,6026,6129,6129,6144,5771,5792,5792,5816,5866,5866,5866,5866,5866,5866,4252,4263,4295,4295,4295],"floor_reached":51,"language":"ENG","playtime":1233,"items_purged":[],"score":1048,"play_id":"2d27e952-122e-41dd-bf4a-9b24bbcfee80","local_time":"20210211133637","is_ascension_mode":false,"campfire_choices":[{"data":"theVacant:Threat","floor":12,"key":"SMITH"},{"floor":25,"key":"DIG"},{"data":"theVacant:VoidForm","floor":27,"key":"SMITH"},{"data":"theVacant:IntoTheAbyss","floor":27,"key":"SMITH"},{"data":"theVacant:Release","floor":29,"key":"SMITH"},{"data":"theVacant:ForgeSoul","floor":29,"key":"SMITH"},{"data":"Specialist","floor":32,"key":"SMITH"},{"data":"Spreading Infection","floor":42,"key":"SMITH"},{"data":"Writhe","floor":42,"key":"SMITH"},{"data":"theVacant:Release","floor":44,"key":"SMITH"},{"floor":49,"key":"DIG"}],"circlet_count":0,"master_deck":["theVacant:VacantStarterStrike+1","theVacant:VacantStarterStrike+1","theVacant:VacantStarterStrike+1","theVacant:VacantStarterStrike+1","theVacant:VacantStarterDefend+1","theVacant:VacantStarterDefend+1","theVacant:VacantStarterDefend+1","theVacant:VacantStarterDefend+1","theVacant:Release+1","theVacant:Crunch+1","construct:ShieldGenerator+1","theVacant:TimeSkip+1","theVacant:ReaperStrike+1","theVacant:Jab+1","theVacant:CleanseSoul+1","theVacant:Husk+1","theVacant:Acceptance+1","theVacant:PitOfDespair+1","theVacant:Threat+1","theVacant:ForgeSoul+1","theVacant:VoidForm+1","theVacant:Exorcise+1","theVacant:ShriekingBlast+1","theVacant:IntoTheAbyss+1","theVacant:CursedBlast+1","theVacant:DarkStrike+1","theVacant:Soothe+1","theVacant:FiendFrost+1","theVacant:PitOfDespair+1","theVacant:EyePoke+1","theVacant:GraveDigger+1","theVacant:WaitInWrath+1","Specialist+1","theVacant:Voidstone+1","theVacant:Throttle+1","theVacant:TwistFate+1","theVacant:Snowball+1","theVacant:Release+1","Replay:Bootleg Shield Generator+1","theVacant:Gloom","theVacant:SpiritOrb"],"relics":["theVacant:BrassGoblet","REME_ComplimentaryCards","DaveBox","OriginationStaff","ZombieArmy","hubris:SphereOfDissonance","Replay:Multitool","halation:PinkSoulGem","Blue Doll","hubris:Towel","halation:HeavySnake","wanderingMiniBosses:ThiefScarf","halation:PenCase","StSpp:BrokenTotem","Vajra","HandDrill","REME_HourglassOfDeath","BirthdayGift-Tetrahedron","ReplayTheSpireMod:Ninjato","The Courier","BargainBundle","Replay:WaspNest","Akabeko","qcfpunch:Wrestler\u0027s_Cloak","GodSword1","halation:IllGainedPizza","Orrery","Lantern","reliquary:Buckler","halation:PrussianBluePaint","Centennial Puzzle","Omamori","BionicSphere","halation:OrihimeAndHikoboshiSamaAndTears","Replay:Ancient Bell","Oddly Smooth Stone","reliquary:TridentHead","Ice Cream","Guardian:PocketSentry","Blue Candle","Ring of Fury","Ring of Panic","CatCart","reliquary:Sideboard","BirthdayGift-Icosahedron","hubris:GlazedTorus","Kunai","Mercury Hourglass","ImprovedEquipment","Bottled Flame","Juzu Bracelet","Gremlin Horn"],"acts_visited":["Exordium","TheCity","TheBeyond"],"potions_floor_usage":[],"damage_taken":[{"damage":0,"enemies":"2 Louse","floor":1,"turns":3},{"damage":0,"enemies":"Jaw Worm","floor":2,"turns":2},{"damage":2,"enemies":"Small Slimes","floor":4,"turns":2},{"damage":0,"enemies":"3 Sentries","floor":6,"turns":3},{"damage":0,"enemies":"Red Slaver","floor":7,"turns":2},{"damage":0,"enemies":"Exordium Thugs","floor":10,"turns":1},{"damage":0,"enemies":"Blue Slaver","floor":14,"turns":1},{"damage":0,"enemies":"Hexaghost","floor":16,"turns":6},{"damage":20,"enemies":"3 Byrds","floor":18,"turns":7},{"damage":0,"enemies":"Shell Parasite","floor":20,"turns":3},{"damage":0,"enemies":"Shelled Parasite and Fungi","floor":22,"turns":2},{"damage":2,"enemies":"3 Cultists","floor":30,"turns":2},{"damage":0,"enemies":"Collector","floor":33,"turns":2},{"damage":0,"enemies":"3 Shapes","floor":35,"turns":1},{"damage":1,"enemies":"3 Darklings","floor":37,"turns":1},{"damage":4,"enemies":"Spire Growth","floor":39,"turns":2},{"damage":3,"enemies":"Orin","floor":40,"turns":2},{"damage":0,"enemies":"Writhing Mass","floor":47,"turns":1},{"damage":0,"enemies":"Reptomancer","floor":48,"turns":1},{"damage":0,"enemies":"hubris:GrandSnecko","floor":50,"turns":1}],"seed_played":"2770386485543838577","potions_obtained":[{"floor":20,"key":"LifebloodPotion"},{"floor":44,"key":"Fire Potion"},{"floor":44,"key":"Adrenaline Potion"}],"is_trial":false,"path_per_floor":["M","M","$","M","$","E","M","?","T","M","?","R","$","M","R","B",null,"M","$","M","?","M","R","$","R","T","R","?","R","M","$","R","B",null,"M","$","M","?","M","R","?","R","T","R","HB","$","M","E","R_BF","B",null],"character_chosen":"THE_VACANT","items_purchased":["ZombieArmy","theVacant:CleanseSoul+1","hubris:SphereOfDissonance","theVacant:Acceptance","theVacant:PitOfDespair","theVacant:ForgeSoul","halation:PenCase","theVacant:IntoTheAbyss","theVacant:CursedBlast","Vajra","HandDrill","REME_HourglassOfDeath","BirthdayGift-Tetrahedron","BargainBundle","Replay:WaspNest","Akabeko","qcfpunch:Wrestler\u0027s_Cloak","GodSword1","halation:IllGainedPizza","Orrery","Lantern","reliquary:Buckler","halation:PrussianBluePaint","Centennial Puzzle","Omamori","BionicSphere","halation:OrihimeAndHikoboshiSamaAndTears","Specialist","Guardian:PocketSentry","theVacant:TwistFate","Blue Candle","BirthdayGift-Icosahedron","hubris:GlazedTorus","Kunai","Mercury Hourglass","ImprovedEquipment","Bottled Flame","Replay:Bootleg Shield Generator+1"],"campfire_rested":0,"item_purchase_floors":[3,3,3,5,5,13,19,19,19,24,24,24,24,31,31,31,31,31,31,31,31,31,31,31,31,31,31,31,36,36,36,46,46,46,46,46,46,46],"current_hp_per_floor":[1000,1000,1000,998,998,998,998,998,998,998,998,998,998,998,1000,1000,1000,980,980,980,980,980,980,980,980,980,980,980,980,978,978,1000,1000,1000,1000,1000,999,999,995,992,992,992,992,992,500,500,500,500,500,500],"gold":4295,"neow_bonus":"ONE_RANDOM_RARE_CARD","is_daily":false,"chose_seed":false,"campfire_upgraded":9,"win_rate":0.0,"timestamp":1613050597,"path_taken":["M","M","$","M","$","E","M","?","T","M","?","R","?","M","R","BOSS","M","$","M","?","?","R","?","R","T","R","?","R","M","$","R","BOSS","M","$","M","?","M","R","?","R","T","R","HB","$","?","E","R_BF","BOSS"],"items_purchased_type":["Relic","Card","Relic","Card","Card","Card","Relic","Card","Card","Relic","Relic","Relic","Relic","Relic","Relic","Relic","Relic","Relic","Relic","Relic","Relic","Relic","Relic","Relic","Relic","Relic","Relic","Card","Relic","Card","Relic","Relic","Relic","Relic","Relic","Relic","Relic","Card"],"build_version":"2020-12-22","purchased_purges":0,"victory":true,"max_hp_per_floor":[1000,1000,1000,1000,1000,1000,1000,1000,1000,1000,1000,1000,1000,1000,1000,1000,1000,1000,1000,1000,1000,1000,1000,1000,1000,1000,1000,1000,1000,1000,1000,1000,1000,1000,1000,1000,1000,1000,1000,1000,1000,1000,1000,1000,500,500,500,500,500,500],"card_choices":[{"not_picked":["theVacant:FranticBlow","theVacant:VoidEmbrace"],"picked":"theVacant:ReaperStrike","floor":1},{"not_picked":["theVacant:GraveWave","theVacant:FranticBlow"],"picked":"theVacant:Jab","floor":2},{"not_picked":["theVacant:Cower","theVacant:Sneeze"],"picked":"theVacant:Husk","floor":4},{"not_picked":["theVacant:Cower","theVacant:Dig","theVacant:Yeet"],"picked":"SKIP","floor":6},{"not_picked":["theVacant:Spinshield","theVacant:Enrage"],"picked":"theVacant:Threat","floor":7},{"not_picked":["theVacant:GraveDigger","theVacant:Necromancy","theVacant:Jab"],"picked":"SKIP","floor":10},{"not_picked":["theVacant:OnSecondThought","theVacant:Return"],"picked":"theVacant:VoidForm","floor":14},{"not_picked":["theVacant:DimensionTear","theVacant:FromNothing"],"picked":"theVacant:Exorcise","floor":16},{"not_picked":["theVacant:GraveDigger","theVacant:EmbraceDarkness"],"picked":"theVacant:ShriekingBlast+1","floor":18},{"not_picked":["theVacant:Unearth","theVacant:ShriekingBlast"],"picked":"theVacant:DarkStrike","floor":20},{"not_picked":["theVacant:Fortify","theVacant:ShutAway+1","theVacant:BattleScars"],"picked":"SKIP","floor":22},{"not_picked":["theVacant:Fling","theVacant:BattleScars"],"picked":"theVacant:Soothe","floor":30},{"not_picked":["theVacant:Cower","theVacant:Fortify"],"picked":"theVacant:FiendFrost","floor":31},{"not_picked":["theVacant:BrassMagnet+1","theVacant:Cower"],"picked":"theVacant:PitOfDespair+1","floor":31},{"not_picked":["theVacant:Soothe+1","theVacant:GraveDigger"],"picked":"theVacant:EyePoke","floor":31},{"not_picked":["theVacant:Cower","theVacant:Unearth"],"picked":"theVacant:GraveDigger","floor":31},{"not_picked":["theVacant:Spinshield","theVacant:FranticBlow"],"picked":"theVacant:WaitInWrath","floor":31},{"not_picked":["theVacant:FiendFrost","theVacant:Prevent"],"picked":"theVacant:Voidstone","floor":33},{"not_picked":["hubris:Disease","hubris:Envy"],"picked":"downfall:Bewildered","floor":34},{"not_picked":["hubris:Disease","hubris:Wrath"],"picked":"hubris:Compulsion","floor":34},{"not_picked":["Doubt","downfall:Aged"],"picked":"Writhe","floor":34},{"not_picked":["theVacant:GraveDigger","theVacant:CursedBlast+1"],"picked":"theVacant:Throttle+1","floor":35},{"not_picked":["theVacant:Whip+1","theVacant:Jab","theVacant:Cower"],"picked":"SKIP","floor":37},{"not_picked":["theVacant:Fling+1","theVacant:GraveWave","theVacant:Return+1"],"picked":"SKIP","floor":39},{"not_picked":["theVacant:Soothe","theVacant:Yeet+1"],"picked":"theVacant:Gloom","floor":47},{"not_picked":["theVacant:Sneeze+1","theVacant:Anguish"],"picked":"theVacant:SpiritOrb","floor":48}],"player_experience":349326,"relics_obtained":[{"floor":6,"key":"Replay:Multitool"},{"floor":9,"key":"Blue Doll"},{"floor":18,"key":"wanderingMiniBosses:ThiefScarf"},{"floor":25,"key":"ReplayTheSpireMod:Ninjato"},{"floor":26,"key":"The Courier"},{"floor":38,"key":"Ring of Fury"},{"floor":38,"key":"Ring of Panic"},{"floor":40,"key":"CatCart"},{"floor":43,"key":"reliquary:Sideboard"},{"floor":48,"key":"Juzu Bracelet"},{"floor":49,"key":"Gremlin Horn"}],"event_choices":[{"damage_healed":0,"gold_gain":0,"player_choice":"Gave Potion","damage_taken":0,"relics_obtained":["StSpp:BrokenTotem"],"max_hp_gain":0,"max_hp_loss":0,"event_name":"WeMeetAgain","floor":21,"gold_loss":0},{"damage_healed":0,"gold_gain":99,"player_choice":"Stole From Cult","damage_taken":0,"max_hp_gain":0,"max_hp_loss":0,"event_name":"Nest","floor":28,"gold_loss":0},{"damage_healed":0,"gold_gain":0,"player_choice":"Fight","damage_taken":0,"max_hp_gain":0,"max_hp_loss":0,"event_name":"OrinTheCat","floor":40,"gold_loss":0},{"damage_healed":0,"gold_gain":0,"player_choice":"2 cards matched","damage_taken":0,"max_hp_gain":0,"max_hp_loss":0,"event_name":"Match and Keep!","floor":41,"gold_loss":0,"cards_obtained":["theVacant:Snowball","theVacant:Release"]}],"is_beta":false,"boss_relics":[{"not_picked":["beaked:MawFillet","Velvet Choker"],"picked":"halation:HeavySnake"},{"not_picked":["StSpp:CrystalBall","Transparent"],"picked":"Replay:Ancient Bell"},{"not_picked":["hubris:SlimyHat","War Paint"],"picked":"Oddly Smooth Stone"},{"not_picked":["Frozen Egg 2","GodSword4"],"picked":"reliquary:TridentHead"},{"not_picked":["MoreBug","hubris:Spice"],"picked":"Ice Cream"}],"items_purged_floors":[],"is_endless":false,"potions_floor_spawned":[4,6,14,16,18,20,30,35,37],"ascension_level":0}}