{"host":"kt2jzujlwvzydtbu","time":1613009454,"event":{"mods":["BaseMod","Bestiary","Minty Spire (QoL Compilation)","SacredBarkPlus","StSLib"],"gold_per_floor":[113,288,288,288,299,330,330,26,52,52,380,91,91,166,166,268,268,285,302,302,316,327,356,356,384,384,419,384,434,445,463,463,562,562,580,681,786,836,886,920,920,953,953,982,992,892,922,972,972,972,972,972,146,171,171,171],"floor_reached":55,"language":"ENG","playtime":2945,"items_purged":["Doubt","Writhe","Doubt"],"score":1313,"play_id":"a02408d1-5200-4ab1-9cab-f260d09f48ec","local_time":"20210211101054","is_ascension_mode":true,"campfire_choices":[{"floor":7.0,"key":"REST"},{"data":"Apotheosis","floor":13.0,"key":"SMITH"},{"data":"Double Energy","floor":15.0,"key":"SMITH"},{"data":"Echo Form","floor":24.0,"key":"SMITH"},{"floor":32.0,"key":"REST"},{"data":"Multi-Cast","floor":41.0,"key":"SMITH"},{"floor":49.0,"key":"RECALL"},{"data":"Darkness","floor":52.0,"key":"SMITH"}],"circlet_count":0,"master_deck":["Strike_B+1","Strike_B+1","Strike_B+1","Strike_B+1","Defend_B+1","Defend_B+1","Defend_B+1","Defend_B+1","Zap+1","Dualcast","Glacier","Tempest","Reinforced Body","Darkness+1","Apotheosis+1","Double Energy+1","Echo Form+1","Lockon+1","Sweeping Beam+1","Conserve Battery","Chill+1","Coolheaded+1","Hologram","BootSequence","Electrodynamics","Multi-Cast+1","Go for the Eyes+1","Dark Shackles","Dramatic Entrance","Dramatic Entrance+1","Conserve Battery+1","Amplify","Thunder Strike","Hologram+1","Biased Cognition+1","Loop+1","Blind"],"relics":["Cracked Core","NeowsBlessing","Regal Pillow","Unceasing Top","ClockworkSouvenir","PreservedInsect","DataDisk","Old Coin","Philosopher\u0027s Stone","SsserpentHead","Tiny Chest","Juzu Bracelet","Question Card","Vajra","Ancient Tea Set","Black Star","Ginger","Incense Burner","Bottled Tornado","Cables","Bottled Flame","Dream Catcher","Whetstone","Thread and Needle","Frozen Egg 2","Kunai","Bag of Marbles","Boot","Strange Spoon","Akabeko","HornCleat"],"acts_visited":["Exordium","TheCity","TheBeyond","TheEnding"],"potions_floor_usage":[55,55,55,55,55,55],"damage_taken":[{"damage":0.0,"enemies":"Small Slimes","floor":1.0,"turns":1.0},{"damage":0.0,"enemies":"2 Louse","floor":5.0,"turns":1.0},{"damage":0.0,"enemies":"3 Sentries","floor":6.0,"turns":1.0},{"damage":12.0,"enemies":"Gremlin Nob","floor":11.0,"turns":4.0},{"damage":0.0,"enemies":"Slime Boss","floor":16.0,"turns":8.0},{"damage":14.0,"enemies":"Shell Parasite","floor":18.0,"turns":8.0},{"damage":16.0,"enemies":"Spheric Guardian","floor":19.0,"turns":4.0},{"damage":7.0,"enemies":"Snecko","floor":21.0,"turns":3.0},{"damage":1.0,"enemies":"Sentry and Sphere","floor":22.0,"turns":3.0},{"damage":0.0,"enemies":"Gremlin Leader","floor":23.0,"turns":3.0},{"damage":22.0,"enemies":"Book of Stabbing","floor":25.0,"turns":4.0},{"damage":0.0,"enemies":"Gremlin Leader","floor":27.0,"turns":4.0},{"damage":0.0,"enemies":"Cultist and Chosen","floor":30.0,"turns":6.0},{"damage":0.0,"enemies":"Chosen and Byrds","floor":31.0,"turns":4.0},{"damage":28.0,"enemies":"Champ","floor":33.0,"turns":9.0},{"damage":0.0,"enemies":"3 Shapes","floor":35.0,"turns":4.0},{"damage":19.0,"enemies":"2 Orb Walkers","floor":36.0,"turns":5.0},{"damage":10.0,"enemies":"Reptomancer","floor":40.0,"turns":4.0},{"damage":9.0,"enemies":"Giant Head","floor":42.0,"turns":7.0},{"damage":0.0,"enemies":"Reptomancer","floor":44.0,"turns":7.0},{"damage":0.0,"enemies":"3 Darklings","floor":45.0,"turns":4.0},{"damage":0.0,"enemies":"Giant Head","floor":47.0,"turns":6.0},{"damage":1.0,"enemies":"Donu and Deca","floor":50.0,"turns":6.0},{"damage":23,"enemies":"Shield and Spear","floor":54,"turns":5},{"damage":75,"enemies":"The Heart","floor":55,"turns":8}],"seed_played":"8894157648801110277","potions_obtained":[{"floor":6.0,"key":"Weak Potion"},{"floor":11.0,"key":"DistilledChaos"},{"floor":16.0,"key":"SneckoOil"},{"floor":19.0,"key":"BlessingOfTheForge"},{"floor":21.0,"key":"DuplicationPotion"},{"floor":25.0,"key":"GamblersBrew"},{"floor":30.0,"key":"Dexterity Potion"},{"floor":31.0,"key":"GamblersBrew"},{"floor":33.0,"key":"Fire Potion"},{"floor":44.0,"key":"Swift Potion"},{"floor":47.0,"key":"SkillPotion"}],"is_trial":false,"path_per_floor":["M","?","?","?","M","E","R","$","T","?","E","$","R","?","R","B",null,"M","M","?","M","M","E","R","E","T","E","?","?","M","M","R","B",null,"M","?","T","?","?","E","R","E","T","E","M","$","E","?","R","B",null,"R","$","E","B"],"character_chosen":"DEFECT","items_purchased":["ClockworkSouvenir","PreservedInsect","Apotheosis","Double Energy","EntropicBrew","Bag of Marbles","Boot","Strange Spoon","Loop+1","Blind"],"campfire_rested":2,"item_purchase_floors":[8,8,12,12,53,53,53,53,53,53],"current_hp_per_floor":[75,75,80,38,38,38,77,77,77,77,65,65,65,54,54,54,74,60,44,44,37,36,36,36,14,14,14,14,14,14,14,53,25,66,66,47,47,67,57,47,47,38,38,38,38,38,38,80,80,79,80,80,80,57,0,0],"gold":171,"neow_bonus":"THREE_ENEMY_KILL","is_daily":false,"chose_seed":false,"campfire_upgraded":5,"win_rate":0.0,"timestamp":1613009454,"path_taken":["M","?","?","?","M","E","R","$","T","?","E","?","R","?","R","BOSS","M","M","?","M","M","E","R","E","T","E","?","?","M","M","R","BOSS","M","?","?","?","?","E","R","E","T","E","M","$","E","?","R","BOSS","R","$","E","BOSS"],"items_purchased_type":["Relic","Relic","Card","Card","Potion","Relic","Relic","Relic","Card","Card"],"build_version":"2020-12-22","purchased_purges":3,"victory":false,"max_hp_per_floor":[75,75,80,80,80,80,80,80,80,80,80,80,80,80,80,80,80,80,80,80,80,80,80,80,80,80,80,80,80,80,80,80,80,80,80,80,80,80,80,80,80,80,80,80,80,80,80,80,80,80,80,80,80,80,80,80],"card_choices":[{"not_picked":["Steam","Turbo"],"picked":"Glacier","floor":1.0},{"not_picked":["Storm","Compile Driver"],"picked":"Tempest","floor":5.0},{"not_picked":["Sweeping Beam","White Noise"],"picked":"Reinforced Body","floor":6.0},{"not_picked":["Fission","Go for the Eyes"],"picked":"Darkness","floor":11.0},{"not_picked":["Meteor Strike","Buffer"],"picked":"Echo Form","floor":16.0},{"not_picked":["Redo","Go for the Eyes"],"picked":"Lockon+1","floor":18.0},{"not_picked":["Go for the Eyes","Ball Lightning"],"picked":"Sweeping Beam+1","floor":19.0},{"not_picked":["Turbo","Scrape"],"picked":"Conserve Battery","floor":21.0},{"not_picked":["Sweeping Beam","Turbo+1"],"picked":"Chill+1","floor":22.0},{"not_picked":["Rebound","Streamline"],"picked":"Coolheaded+1","floor":23.0},{"not_picked":["Storm","Heatsinks"],"picked":"Hologram","floor":25.0},{"not_picked":["Chill","All For One","Hologram"],"picked":"BootSequence","floor":27.0},{"not_picked":["FTL","Steam","Chaos","Consume"],"picked":"SKIP","floor":30.0},{"not_picked":["Streamline","Steam","Ball Lightning"],"picked":"Electrodynamics","floor":31.0},{"not_picked":["All For One","Amplify","Core Surge"],"picked":"Multi-Cast","floor":33.0},{"not_picked":["Compile Driver","White Noise+1","Genetic Algorithm+1"],"picked":"Go for the Eyes","floor":35.0},{"not_picked":["Finesse","Trip","Bandage Up"],"picked":"Dark Shackles","floor":39.0},{"not_picked":["The Bomb","Mayhem","Trip"],"picked":"Dramatic Entrance","floor":39.0},{"not_picked":["Mayhem","Mind Blast","Blind"],"picked":"Dramatic Entrance","floor":39.0},{"not_picked":["Cold Snap+1","Go for the Eyes+1","Coolheaded"],"picked":"Conserve Battery+1","floor":40.0},{"not_picked":["Hologram","Beam Cell","Lockon"],"picked":"Amplify","floor":42.0},{"not_picked":["Barrage","Rebound","Undo"],"picked":"Thunder Strike","floor":44.0},{"not_picked":["Compile Driver+1","Aggregate","Blizzard+1"],"picked":"Hologram+1","floor":45.0},{"not_picked":["Go for the Eyes+1","Compile Driver+1","Redo+1"],"picked":"Biased Cognition+1","floor":47.0},{"not_picked":["Loop+1","Conserve Battery+1","Stack","Scrape"],"picked":"SKIP","floor":54}],"player_experience":515410,"relics_obtained":[{"floor":6.0,"key":"Unceasing Top"},{"floor":9.0,"key":"DataDisk"},{"floor":11.0,"key":"Old Coin"},{"floor":23.0,"key":"Tiny Chest"},{"floor":25.0,"key":"Juzu Bracelet"},{"floor":26.0,"key":"Question Card"},{"floor":27.0,"key":"Vajra"},{"floor":36.0,"key":"Ginger"},{"floor":40.0,"key":"Incense Burner"},{"floor":40.0,"key":"Bottled Tornado"},{"floor":42.0,"key":"Cables"},{"floor":42.0,"key":"Bottled Flame"},{"floor":43.0,"key":"Dream Catcher"},{"floor":44.0,"key":"Whetstone"},{"floor":44.0,"key":"Thread and Needle"},{"floor":47.0,"key":"Frozen Egg 2"},{"floor":47.0,"key":"Kunai"},{"floor":54,"key":"Akabeko"},{"floor":54,"key":"HornCleat"}],"event_choices":[{"damage_healed":0.0,"max_hp_gain":0.0,"max_hp_loss":0.0,"gold_gain":175.0,"event_name":"Liars Game","player_choice":"AGREE","floor":2.0,"gold_loss":0.0,"damage_taken":0.0,"cards_obtained":["Doubt"]},{"damage_healed":0.0,"max_hp_gain":5.0,"max_hp_loss":0.0,"gold_gain":0.0,"event_name":"Big Fish","player_choice":"Donut","floor":3.0,"gold_loss":0.0,"damage_taken":0.0},{"damage_healed":0.0,"max_hp_gain":0.0,"max_hp_loss":0.0,"gold_gain":0.0,"event_name":"Scrap Ooze","player_choice":"Success","floor":4.0,"gold_loss":0.0,"damage_taken":42.0,"relics_obtained":["Regal Pillow"]},{"damage_healed":0.0,"max_hp_gain":0.0,"max_hp_loss":0.0,"gold_gain":0.0,"event_name":"Living Wall","player_choice":"Grow","floor":10.0,"gold_loss":0.0,"damage_taken":0.0,"cards_upgraded":["Zap"]},{"damage_healed":0.0,"max_hp_gain":0.0,"max_hp_loss":0.0,"gold_gain":75.0,"event_name":"World of Goop","player_choice":"Gather Gold","floor":14.0,"gold_loss":0.0,"damage_taken":11.0},{"damage_healed":0.0,"max_hp_gain":0.0,"max_hp_loss":0.0,"gold_gain":0.0,"event_name":"FaceTrader","player_choice":"Trade","floor":20.0,"gold_loss":0.0,"damage_taken":0.0,"relics_obtained":["SsserpentHead"]},{"damage_healed":0.0,"max_hp_gain":0.0,"max_hp_loss":0.0,"gold_gain":0.0,"event_name":"Addict","player_choice":"Obtained Relic","floor":28.0,"gold_loss":85.0,"damage_taken":0.0,"relics_obtained":["Ancient Tea Set"]},{"damage_healed":0.0,"max_hp_gain":0.0,"max_hp_loss":0.0,"gold_gain":0.0,"event_name":"Back to Basics","player_choice":"Simplicity","floor":29.0,"gold_loss":0.0,"damage_taken":0.0,"cards_upgraded":["Strike_B","Strike_B","Strike_B","Strike_B","Defend_B","Defend_B","Defend_B","Defend_B"]},{"damage_healed":0.0,"max_hp_gain":0.0,"max_hp_loss":0.0,"gold_gain":0.0,"event_name":"Mysterious Sphere","player_choice":"Fight","floor":36.0,"gold_loss":0.0,"damage_taken":0.0},{"damage_healed":20.0,"max_hp_gain":0.0,"max_hp_loss":0.0,"gold_gain":0.0,"event_name":"Winding Halls","player_choice":"Writhe","floor":38.0,"gold_loss":0.0,"damage_taken":0.0,"cards_obtained":["Writhe"]},{"damage_healed":0.0,"max_hp_gain":0.0,"max_hp_loss":0.0,"gold_gain":0.0,"event_name":"SensoryStone","player_choice":"Memory 3","floor":39.0,"gold_loss":0.0,"damage_taken":10.0},{"damage_healed":42.0,"max_hp_gain":0.0,"max_hp_loss":0.0,"gold_gain":0.0,"event_name":"MindBloom","player_choice":"Heal","floor":48.0,"gold_loss":0.0,"damage_taken":0.0,"cards_obtained":["Doubt"]}],"is_beta":false,"boss_relics":[{"not_picked":["Cursed Key","Inserter"],"picked":"Philosopher\u0027s Stone"},{"not_picked":["Coffee Dripper","SlaversCollar"],"picked":"Black Star"}],"items_purged_floors":[12,46,53],"is_endless":false,"potions_floor_spawned":[6,11,16,19,21,25,30,31,33,35,44,47],"killed_by":"The Heart","ascension_level":5}}