{"host":"h7xtspmc2x3i8s2i","time":1613022045,"event":{"mods":["2.2 Compatiblity","AchievementEnabler","Act Like it!","AlwaysNeverKeys","Aspiration","Astrologer","BaseMod","Bestiary","Better Altar","Better Match","Better Note","Better Sensory Stone","Better Skull","Better Third Choice","Better Vampires","Better-Laid Plans","Colored Map","Colored Powertips","Conjunction","Curses Come First","Defuse TimeMaze Blight","Dio Mod","Disable Question Mark Monsters","Dota2Spire","Downfall","EXCEPTION","Emptier Cage","Energized Spire","Evolution","Friendly Minions","GifTheSpireLib","Gold Saver","Gremlin Skip","Halation","Hubris","Hyrulean Relics","Jedi Mod","Key Reminder","Marked Mod","Minty Spire (QoL Compilation)","Permanent Neow","Potion Indicator Mod","Quick Restart","Random Character Button","Random Character Mod","Rare Cards Sparkle","Relic Filter","Relic Stats","Reliquary","Replay The Spire","SacredBarkPlus","Shop Mod","Smile Girya","Somnambulant","Spicy Shops","Spikes Relics","Spire Birthday Party","StSLib","Steal the Spire","Stuff the Spire","SuperFastMode","The Awakened One except there are too many feathers","The Blue Laboratory","The Cursed","The Death Knight","The Edgeheg","The Problem Sleuth","The Runesmith","The Wild Card","Trackpad","Transform Curses","Uncapped","Unceasing Turn Reminder","Virulent Crown","Wide Potions","everything is the same but u backflip on backflip","slay the spire mod where everything is the same but ironclad has a cowboy hat"],"gold_per_floor":[117,117,129,129,129,161,177,177,177,177,209,220,253,263,263,366,366,379,379,0,12,29,58,78,78,78],"floor_reached":25,"language":"ENG","playtime":1348,"items_purged":[],"score":295,"play_id":"4d810c52-d539-4cbd-92d1-3f8e811bbc02","local_time":"20210211004045","is_ascension_mode":true,"campfire_choices":[{"floor":8,"key":"REST"},{"floor":10,"key":"RECALL"},{"floor":15,"key":"REST"}],"circlet_count":0,"master_deck":["Quick Slash","Strike_G","Strike_G","Strike_G","Strike_G","Defend_G","Defend_G","Defend_G","Defend_G","Defend_G","Survivor","Neutralize+1","Unload","ReplayTheSpireMod:Tripwire","Blade Dance","Dash","ReplayTheSpireMod:Shiv Toss","After Image","Blade Dance+1","Sucker Punch","Dagger Throw","StuffTheSpire:BumpUp","Underhanded Strike","Backstab"],"relics":["Ring of the Snake","EVO:Axolotl","hubris:OldNail","Orichalcum","jedi:archwizardhat","keyreminder:keyreminder","Regal Pillow","StuffTheSpire:RubySignet","hubris:Backtick","StuffTheSpire:Expresso","MerchantsRug","ReplayTheSpireMod:TigerMarble","hubris:ToyBattleship"],"acts_visited":["Exordium","TheCity"],"potions_floor_usage":[11,13,16,18,23,23,25],"damage_taken":[{"damage":0,"enemies":"Small Slimes","floor":1,"turns":3},{"damage":0,"enemies":"Cultist","floor":3,"turns":3},{"damage":18,"enemies":"Gremlin Nob","floor":6,"turns":5},{"damage":3,"enemies":"Jaw Worm","floor":7,"turns":2},{"damage":0,"enemies":"3 Sentries","floor":11,"turns":6},{"damage":2,"enemies":"2 Fungi Beasts","floor":12,"turns":4},{"damage":27,"enemies":"Lagavulin","floor":13,"turns":8},{"damage":0,"enemies":"Blue Slaver","floor":14,"turns":3},{"damage":50,"enemies":"Hexaghost","floor":16,"turns":11},{"damage":20,"enemies":"Chosen","floor":18,"turns":7},{"damage":25,"enemies":"2 Thieves","floor":21,"turns":4},{"damage":4,"enemies":"Snecko","floor":22,"turns":3},{"damage":7,"enemies":"Replay:Snechameleon","floor":23,"turns":7},{"damage":15,"enemies":"Cultist and Chosen","floor":24,"turns":6},{"damage":11,"enemies":"Gremlin Leader","floor":25,"turns":4}],"seed_played":"8116804128189107028","potions_obtained":[{"floor":1,"key":"Dota2Spire:HealingSalve"},{"floor":6,"key":"Reflective Coating"},{"floor":11,"key":"champ:CounterPotion"},{"floor":14,"key":"PowerPotion"},{"floor":16,"key":"blueLaboratory:ArtistsPotion"},{"floor":21,"key":"Energy Potion"},{"floor":22,"key":"blueLaboratory:BubblePotion"},{"floor":24,"key":"Ancient Potion"}],"is_trial":false,"path_per_floor":["M","?","M","?","?","E","M","R","T","R","E","M","E","M","R","B",null,"M","?","$","M","M","E","M","E"],"character_chosen":"THE_SILENT","items_purchased":["MerchantsRug","ReplayTheSpireMod:TigerMarble","Sucker Punch"],"campfire_rested":2,"item_purchase_floors":[20,20,20],"current_hp_per_floor":[70,53,53,58,58,40,37,59,59,59,71,69,42,42,75,25,75,57,57,57,32,28,25,10,0,0],"gold":78,"neow_bonus":"ONE_RANDOM_RARE_CARD","is_daily":false,"chose_seed":false,"campfire_upgraded":0,"win_rate":0.0,"timestamp":1613022045,"path_taken":["M","?","?","?","?","E","?","R","T","R","E","M","E","M","R","BOSS","M","?","?","?","M","E","M","E"],"items_purchased_type":["Relic","Relic","Card"],"build_version":"2020-12-22","purchased_purges":0,"victory":false,"max_hp_per_floor":[70,70,70,75,75,75,75,75,75,75,75,75,75,75,75,75,75,75,75,75,75,75,75,75,75,75],"relic_stats":{"Regal Pillow":11,"counters":[15,76],"Orichalcum":[30],"obtain_stats":[{"MerchantsRug":20,"Regal Pillow":11,"StuffTheSpire:Expresso":17,"EVO:Axolotl":0,"Orichalcum":6,"jedi:archwizardhat":9,"keyreminder:keyreminder":10,"hubris:Backtick":17,"StuffTheSpire:RubySignet":13,"ReplayTheSpireMod:TigerMarble":20,"hubris:ToyBattleship":23,"hubris:OldNail":2,"Ring of the Snake":0},{"MerchantsRug":10,"Regal Pillow":5,"StuffTheSpire:Expresso":9,"EVO:Axolotl":0,"Orichalcum":3,"jedi:archwizardhat":4,"keyreminder:keyreminder":4,"hubris:Backtick":9,"StuffTheSpire:RubySignet":7,"ReplayTheSpireMod:TigerMarble":10,"hubris:ToyBattleship":13,"hubris:OldNail":1,"Ring of the Snake":0},{"MerchantsRug":52,"Regal Pillow":19,"StuffTheSpire:Expresso":45,"EVO:Axolotl":0,"Orichalcum":11,"jedi:archwizardhat":13,"keyreminder:keyreminder":13,"hubris:Backtick":45,"StuffTheSpire:RubySignet":31,"ReplayTheSpireMod:TigerMarble":52,"hubris:ToyBattleship":66,"hubris:OldNail":3,"Ring of the Snake":0}],"Ring of the Snake":[30]},"card_choices":[{"not_picked":["StuffTheSpire:BrimstoneBlast","Caltrops"],"picked":"ReplayTheSpireMod:Tripwire","floor":1},{"not_picked":["Leg Sweep","Flying Knee"],"picked":"Blade Dance","floor":3},{"not_picked":["Backstab","Bane"],"picked":"Dash","floor":6},{"not_picked":["Concentrate","Noxious Fumes","ReplayTheSpireMod:Scrap Shanks"],"picked":"SKIP","floor":7},{"not_picked":["Dodge and Roll","StuffTheSpire:Incursion","Choke"],"picked":"SKIP","floor":11},{"not_picked":["Footwork","StuffTheSpire:ReptileScales","StuffTheSpire:Incursion"],"picked":"SKIP","floor":12},{"not_picked":["Bane","aspiration:Lunge"],"picked":"ReplayTheSpireMod:Shiv Toss","floor":13},{"not_picked":["Sucker Punch","StuffTheSpire:ClusterCrunch","Dash"],"picked":"SKIP","floor":14},{"not_picked":["Poison Darts","StuffTheSpire:FinalStruggle"],"picked":"After Image","floor":16},{"not_picked":["Cloak And Dagger","Leg Sweep"],"picked":"Blade Dance+1","floor":18},{"not_picked":["StuffTheSpire:Shiver","PiercingWail"],"picked":"Dagger Throw","floor":21},{"not_picked":["Masterful Stab","Pace+1"],"picked":"StuffTheSpire:BumpUp","floor":22},{"not_picked":["Deflect+1","Prepared"],"picked":"Underhanded Strike","floor":23},{"not_picked":["jedi:collectorvenom+1","Blade Dance"],"picked":"Backstab","floor":24}],"player_experience":397976,"relics_obtained":[{"floor":6,"key":"Orichalcum"},{"floor":9,"key":"jedi:archwizardhat"},{"floor":11,"key":"Regal Pillow"},{"floor":13,"key":"StuffTheSpire:RubySignet"},{"floor":23,"key":"hubris:ToyBattleship"}],"event_choices":[{"damage_healed":0,"gold_gain":0,"player_choice":"RE ","damage_taken":19,"relics_obtained":["hubris:OldNail"],"max_hp_gain":0,"max_hp_loss":0,"event_name":"betterSkull:BetterSkull","floor":2,"gold_loss":0,"cards_upgraded":[]},{"damage_healed":0,"gold_gain":0,"player_choice":"Donut","damage_taken":0,"max_hp_gain":5,"max_hp_loss":0,"event_name":"Big Fish","floor":4,"gold_loss":0},{"damage_healed":0,"gold_gain":0,"player_choice":"Leave","damage_taken":0,"max_hp_gain":0,"max_hp_loss":0,"event_name":"The Cleric","floor":5,"gold_loss":0}],"is_beta":false,"boss_relics":[{"not_picked":["Painkiller Herb","ChewingGum"],"picked":"hubris:Backtick"}],"items_purged_floors":[],"is_endless":false,"potions_floor_spawned":[1,6,11,14,16,21,22,24],"killed_by":"Gremlin Leader","ascension_level":2}}