{"host":"hjajo0rafoe1e6c4","time":1613007934,"event":{"mods":["AchievementEnabler","BaseMod","Bestiary","Colored Map","Colored Powertips","Downfall","Highlight Path","Minty Spire (QoL Compilation)","Relic Stats","StSLib"],"gold_per_floor":[99,99,274,274,55,55,55,72,84,484,50,150,179,199,219,321,321,221,241,80,91,0,50,74,147,197,197,259,309,319,337,350,454,454,454,465,479,529,579,479,502,564,564,564,564],"floor_reached":43,"language":"ENG","playtime":2774,"items_purged":["Doubt","Doubt"],"score":569,"play_id":"1f3996d4-b68d-4a81-b22e-99be52f29ced","local_time":"20210210204534","is_ascension_mode":true,"campfire_choices":[{"data":"Slimebound:Split","floor":1,"key":"SMITH"},{"data":"Slimebound:MassFeed","floor":18,"key":"SMITH"},{"data":"RitualDagger","floor":27,"key":"SMITH"},{"floor":35,"key":"RECALL"},{"data":"Slimebound:LivingWall","floor":40,"key":"SMITH"}],"circlet_count":0,"master_deck":["Slimebound:Strike_Slimebound","Slimebound:Strike_Slimebound","Slimebound:Tackle","Slimebound:Defend_Slimebound","Slimebound:Defend_Slimebound","Slimebound:Defend_Slimebound","Slimebound:Defend_Slimebound","Slimebound:Split+1","Slimebound:CorrosiveSpit+1","Slimebound:RollThrough","Slimebound:BestDefense","Slimebound:GoopSpray","Slimebound:Nibble","Slimebound:HauntingLick","CurseOfTheBell","CurseOfTheBell","Slimebound:GoopTackle","Slimebound:Chomp","Slimebound:Gluttony+1","Slimebound:LeechingTouch","Slimebound:Grow","Slimebound:Schlurp","Slimebound:SlimeSpikes","Slimebound:MassFeed+1","Slimebound:DisruptingSlam+1","Slimebound:FinishingTackle+1","Slimebound:FinishingTackle","Slimebound:LivingWall+1","Slimebound:HauntingLick+1","Slimebound:Grow","RitualDagger+1","Slimebound:GoopSpray","Slimebound:Equalize","Slimebound:OozeBath","Slimebound:BestDefense+1","Slimebound:RejuvenatingLick+1","Slimebound:Prepare+1"],"relics":["Slimebound:AbsorbEndCombat","downfall:HeartsMalice","Slimebound:SelfDamagePreventRelic","downfall:ExtraCursedBell","Anchor","Pantograph","Old Coin","Tiny Chest","downfall:CloakOfManyFaces","CultistMask","FaceOfCleric","NlothsMask","GremlinMask","SsserpentHead","Vajra","Coffee Dripper","downfall:HeartBlessingBlue","Frozen Eye","Pen Nib","Slimebound:TarBlob","Bottled Tornado","downfall:HeartBlessingRed","Boot"],"acts_visited":["Exordium","TheCity","TheBeyond"],"potions_floor_usage":[16,28,31,33,33,36,37],"damage_taken":[{"damage":0,"enemies":"Jaw Worm","floor":2,"turns":1},{"damage":0,"enemies":"downfall:FleeingMerchant","floor":5,"turns":1},{"damage":0,"enemies":"Cultist","floor":6,"turns":1},{"damage":0,"enemies":"2 Louse","floor":8,"turns":3},{"damage":1,"enemies":"Red Slaver","floor":9,"turns":4},{"damage":0,"enemies":"downfall:FleeingMerchant","floor":11,"turns":4},{"damage":15,"enemies":"downfall:FaceTrader","floor":12,"turns":8},{"damage":6,"enemies":"3 Sentries","floor":13,"turns":6},{"damage":0,"enemies":"Exordium Wildlife","floor":14,"turns":3},{"damage":3,"enemies":"Blue Slaver","floor":15,"turns":4},{"damage":45,"enemies":"WA_ARCHETYPE_RETAIN","floor":16,"turns":8},{"damage":2,"enemies":"Chosen","floor":19,"turns":4},{"damage":3,"enemies":"downfall:FleeingMerchant","floor":20,"turns":4},{"damage":22,"enemies":"Centurion and Healer","floor":21,"turns":4},{"damage":3,"enemies":"downfall:FleeingMerchant","floor":22,"turns":4},{"damage":14,"enemies":"Cultist and Chosen","floor":28,"turns":4},{"damage":0,"enemies":"Snake Plant","floor":30,"turns":2},{"damage":18,"enemies":"Centurion and Healer","floor":31,"turns":11},{"damage":10,"enemies":"Snecko","floor":32,"turns":4},{"damage":74,"enemies":"DF_ARCHETYPE_CLAW","floor":33,"turns":9},{"damage":0,"enemies":"3 Shapes","floor":36,"turns":3},{"damage":36,"enemies":"3 Darklings","floor":37,"turns":6},{"damage":40,"enemies":"Maw","floor":42,"turns":5},{"damage":67,"enemies":"Nemesis","floor":43,"turns":6}],"seed_played":"-4541711834152906560","potions_obtained":[{"floor":4,"key":"SneckoOil"},{"floor":4,"key":"AttackPotion"},{"floor":4,"key":"Strength Potion"},{"floor":8,"key":"Fire Potion"},{"floor":13,"key":"Slimebound:ThreeZeroPotion"},{"floor":19,"key":"Explosive Potion"},{"floor":30,"key":"Slimebound:ThreeZeroPotion"},{"floor":31,"key":"sneckomod:MuddlingPotion"},{"floor":32,"key":"LiquidMemories"},{"floor":36,"key":"Slimebound:SlimedPotion"},{"floor":37,"key":"champ:CounterPotion"}],"is_trial":false,"path_per_floor":["R","M","?","?","$","M","T","M","M","?","$","?","E","M","M","B",null,"R","M","$","M","$","?","T","T","?","R","M","?","M","M","M","B",null,"R","M","M","T","?","R","T","M","E"],"character_chosen":"SLIMEBOUND","items_purchased":["Slimebound:SelfDamagePreventRelic","Slimebound:Chomp","Slimebound:Gluttony","Tiny Chest","Slimebound:LeechingTouch","Slimebound:FinishingTackle","Frozen Eye","Slimebound:Grow"],"campfire_rested":0,"item_purchase_floors":[5,11,11,11,11,20,20,22],"current_hp_per_floor":[65,65,65,65,65,65,65,65,64,64,65,58,59,67,67,30,69,79,79,81,68,74,58,58,58,52,52,49,49,56,51,48,8,105,105,106,85,85,77,77,77,50,0,0,0],"gold":564,"neow_bonus":"THREE_ENEMY_KILL","is_daily":false,"chose_seed":false,"campfire_upgraded":4,"win_rate":0.0,"timestamp":1613007934,"path_taken":["R","M","?","?","$","M","T","?","M","?","$","?","E","M","M","BOSS","R","M","?","M","$","?","T","?","?","R","?","?","M","M","M","BOSS","R","M","M","?","?","R","T","?","E"],"items_purchased_type":["Relic","Card","Card","Relic","Card","Card","Relic","Card"],"build_version":"2020-12-22","purchased_purges":2,"victory":false,"max_hp_per_floor":[65,65,65,65,65,65,65,65,65,65,65,65,66,67,68,69,69,79,80,81,82,83,88,88,88,88,88,97,97,98,103,104,105,105,105,106,107,107,107,107,107,112,112,112,112],"relic_stats":{"SsserpentHead":450,"FaceOfCleric":16,"counters":[24,105],"Pantograph":26,"Tiny Chest":2,"Pen Nib":[8],"Boot":[20],"obtain_stats":[{"Slimebound:SelfDamagePreventRelic":5,"downfall:HeartBlessingRed":40,"Vajra":13,"downfall:HeartsMalice":0,"GremlinMask":12,"Pen Nib":25,"Bottled Tornado":38,"Boot":41,"Old Coin":10,"Slimebound:TarBlob":34,"SsserpentHead":12,"Frozen Eye":20,"Anchor":10,"FaceOfCleric":12,"downfall:HeartBlessingBlue":18,"Pantograph":10,"Tiny Chest":11,"CultistMask":12,"Slimebound:AbsorbEndCombat":0,"downfall:CloakOfManyFaces":12,"Coffee Dripper":17,"downfall:ExtraCursedBell":10,"NlothsMask":12},{"Slimebound:SelfDamagePreventRelic":2,"downfall:HeartBlessingRed":22,"Vajra":8,"downfall:HeartsMalice":0,"GremlinMask":7,"Pen Nib":15,"Bottled Tornado":22,"Boot":22,"Old Coin":5,"Slimebound:TarBlob":20,"SsserpentHead":7,"Frozen Eye":13,"Anchor":5,"FaceOfCleric":7,"downfall:HeartBlessingBlue":11,"Pantograph":5,"Tiny Chest":6,"CultistMask":7,"Slimebound:AbsorbEndCombat":0,"downfall:CloakOfManyFaces":7,"Coffee Dripper":11,"downfall:ExtraCursedBell":5,"NlothsMask":7},{"Slimebound:SelfDamagePreventRelic":0,"downfall:HeartBlessingRed":94,"Vajra":24,"downfall:HeartsMalice":0,"GremlinMask":18,"Pen Nib":55,"Bottled Tornado":94,"Boot":94,"Old Coin":6,"Slimebound:TarBlob":85,"SsserpentHead":18,"Frozen Eye":47,"Anchor":6,"FaceOfCleric":18,"downfall:HeartBlessingBlue":39,"Pantograph":6,"Tiny Chest":10,"CultistMask":18,"Slimebound:AbsorbEndCombat":0,"downfall:CloakOfManyFaces":18,"Coffee Dripper":39,"downfall:ExtraCursedBell":6,"NlothsMask":18}]},"card_choices":[{"not_picked":["Slimebound:Prepare","Slimebound:LeechingTouch"],"picked":"Slimebound:RollThrough","floor":2},{"not_picked":["Slimebound:ProtectTheBoss","Slimebound:LeechEnergy"],"picked":"Slimebound:BestDefense","floor":5},{"not_picked":["Slimebound:LeechingTouch","Slimebound:LevelUp"],"picked":"Slimebound:GoopSpray","floor":6},{"not_picked":["Slimebound:ItLooksTasty","Slimebound:LeadByExample"],"picked":"Slimebound:Nibble","floor":8},{"not_picked":["Slimebound:SlimeSpikes","Slimebound:MinionMaster"],"picked":"Slimebound:HauntingLick","floor":9},{"not_picked":["Slimebound:LevelUp","Slimebound:SamplingLick"],"picked":"Slimebound:GoopTackle","floor":11},{"not_picked":["Slimebound:ComboTackle","Slimebound:FinishingTackle"],"picked":"Slimebound:Grow","floor":12},{"not_picked":["Slimebound:GoopSpray","Slimebound:SplitAcid"],"picked":"Slimebound:Schlurp","floor":13},{"not_picked":["Slimebound:RainOfGoop","Slimebound:PressTheAttack","Slimebound:SplitMire"],"picked":"SKIP","floor":14},{"not_picked":["Slimebound:LeadByExample","Slimebound:SlimeBarrage","Slimebound:SlimeSpikes"],"picked":"SKIP","floor":15},{"not_picked":["Slimebound:LeadByExample","Slimebound:SlimeBarrage"],"picked":"Slimebound:SlimeSpikes","floor":15},{"not_picked":["Slimebound:FirmFortitude","Slimebound:RallyTheTroops"],"picked":"Slimebound:MassFeed","floor":16},{"not_picked":["Slimebound:Nibble","Slimebound:SlimeBarrage"],"picked":"Slimebound:DisruptingSlam+1","floor":19},{"not_picked":["Slimebound:Nibble+1","Slimebound:ItLooksTasty+1"],"picked":"Slimebound:FinishingTackle+1","floor":20},{"not_picked":["Slimebound:Schlurp","Slimebound:AcidTongue"],"picked":"Slimebound:LivingWall","floor":21},{"not_picked":["Slimebound:FinishingTackle","Slimebound:MassFeed"],"picked":"Slimebound:HauntingLick+1","floor":22},{"not_picked":["Slimebound:Schlurp","Slimebound:DisruptingSlam"],"picked":"Slimebound:GoopSpray","floor":28},{"not_picked":["Slimebound:ProtectTheBoss","Slimebound:Repurpose","Slimebound:GoopSpray"],"picked":"SKIP","floor":30},{"not_picked":["Slimebound:SplitMire+1","Slimebound:ViciousTackle","Slimebound:SplitAcid+1"],"picked":"SKIP","floor":31},{"not_picked":["Slimebound:ItLooksTasty","Slimebound:SplitAcid"],"picked":"Slimebound:Equalize","floor":32},{"not_picked":["Slimebound:MassFeed","Slimebound:Overexert"],"picked":"Slimebound:OozeBath","floor":33},{"not_picked":["Slimebound:LeechingTouch+1","Slimebound:SlimeSpikes+1"],"picked":"Slimebound:BestDefense+1","floor":36},{"not_picked":["Slimebound:SplitAcid+1","Slimebound:HauntingLick"],"picked":"Slimebound:RejuvenatingLick+1","floor":37},{"not_picked":["Slimebound:SplitBruiser+1","Slimebound:Replication+1"],"picked":"Slimebound:Prepare+1","floor":42}],"player_experience":273841,"relics_obtained":[{"floor":10,"key":"Anchor"},{"floor":10,"key":"Pantograph"},{"floor":10,"key":"Old Coin"},{"floor":12,"key":"downfall:CloakOfManyFaces"},{"floor":13,"key":"Vajra"},{"floor":25,"key":"Pen Nib"},{"floor":38,"key":"Bottled Tornado"},{"floor":41,"key":"Boot"}],"event_choices":[{"damage_healed":0,"gold_gain":0,"player_choice":"Got Potions","damage_taken":0,"max_hp_gain":0,"max_hp_loss":0,"event_name":"Lab","floor":4,"gold_loss":0}],"is_beta":false,"boss_relics":[{"not_picked":["Snecko Eye","Empty Cage"],"picked":"Coffee Dripper"},{"not_picked":["bronze:MakeshiftBattery","Pandora\u0027s Box"],"picked":"Slimebound:TarBlob"}],"items_purged_floors":[5,11],"is_endless":false,"potions_floor_spawned":[8,12,13,14,19,21,30,31,32,36,37],"killed_by":"Nemesis","ascension_level":2}}