{"host":"pqs17sqrgflf4eqa","time":1613082265,"event":{"mods":["AchievementEnabler","BaseMod","Bestiary","Better Altar","Colored Map","Colored Powertips","Emptier Cage","Googly Eyes","Highlight Path","Minty Spire (QoL Compilation)","Quick Restart","StSLib","SuperFastMode","Transform Curses","slay the spire mod where everything is the same but ironclad has a cowboy hat"],"gold_per_floor":[116,116,116,130,130,130,157,174,225,242,255,273,348,359,359,458,458,472,472,23,43,63,89,89,4,4,21,44,61,61,12,12,108,108,125,125,149,211,243,255,301,313,325,371,383,383],"floor_reached":45,"language":"ENG","playtime":1351,"items_purged":[],"score":648,"play_id":"46e2c784-0fa3-4a31-acba-34ffe869a632","local_time":"20210211172425","is_ascension_mode":true,"campfire_choices":[{"data":"Neutralize","floor":6.0,"key":"SMITH"},{"data":"Calculated Gamble","floor":15.0,"key":"SMITH"},{"data":"Venomology","floor":24.0,"key":"SMITH"},{"data":"Dodge and Roll","floor":30,"key":"SMITH"},{"floor":32,"key":"REST"},{"data":"Noxious Fumes","floor":40,"key":"SMITH"},{"data":"Backstab","floor":42,"key":"SMITH"}],"circlet_count":0,"master_deck":["Strike_G+1","Strike_G+1","Strike_G+1","Strike_G+1","Strike_G+1","Defend_G+1","Defend_G+1","Defend_G+1","Defend_G+1","Defend_G+1","Survivor","Neutralize+1","Dagger Spray","Backstab+1","Skewer+1","Masterful Stab+1","Sucker Punch","Calculated Gamble+1","Dodge and Roll+1","Venomology+1","Deadly Poison+1","Predator","Outmaneuver","Deadly Poison","Leg Sweep","Leg Sweep","Prepared+1","Tools of the Trade","Prepared+1","Noxious Fumes+1","Dodge and Roll+1","Backstab+1"],"relics":["Ring of the Snake","NeowsBlessing","Darkstone Periapt","Bronze Scales","Potion Belt","Philosopher\u0027s Stone","Paper Crane","InkBottle","Anchor","Blue Candle","Regal Pillow","Black Star","MawBank","CaptainsWheel","Letter Opener","Mango","Ninja Scroll","MealTicket","Whetstone"],"acts_visited":["TheBeyond"],"potions_floor_usage":[27,33,33,33,35,38,38,39,41,44],"damage_taken":[{"damage":0.0,"enemies":"Jaw Worm","floor":1.0,"turns":1.0},{"damage":0.0,"enemies":"2 Louse","floor":4.0,"turns":1.0},{"damage":0.0,"enemies":"3 Sentries","floor":7.0,"turns":1.0},{"damage":0.0,"enemies":"Cultist","floor":8.0,"turns":3.0},{"damage":0.0,"enemies":"Large Slime","floor":10.0,"turns":4.0},{"damage":6.0,"enemies":"3 Louse","floor":11.0,"turns":2.0},{"damage":11.0,"enemies":"Looter","floor":12.0,"turns":2.0},{"damage":6.0,"enemies":"Blue Slaver","floor":14.0,"turns":2.0},{"damage":10.0,"enemies":"Hexaghost","floor":16.0,"turns":11.0},{"damage":1.0,"enemies":"3 Byrds","floor":18.0,"turns":4.0},{"damage":13.0,"enemies":"Shell Parasite","floor":21.0,"turns":4.0},{"damage":1.0,"enemies":"Snake Plant","floor":22.0,"turns":3.0},{"damage":8.0,"enemies":"Book of Stabbing","floor":23.0,"turns":3.0},{"damage":0,"enemies":"Centurion and Healer","floor":27,"turns":6},{"damage":4,"enemies":"Chosen and Byrds","floor":29,"turns":4},{"damage":33,"enemies":"Automaton","floor":33,"turns":11},{"damage":0,"enemies":"Orb Walker","floor":35,"turns":3},{"damage":2,"enemies":"Mind Bloom Boss Battle","floor":38,"turns":7},{"damage":0,"enemies":"3 Shapes","floor":39,"turns":2},{"damage":15,"enemies":"Nemesis","floor":41,"turns":9},{"damage":31,"enemies":"Reptomancer","floor":44,"turns":7},{"damage":40,"enemies":"Writhing Mass","floor":45,"turns":5}],"seed_played":"-8857266787349863911","potions_obtained":[{"floor":1.0,"key":"PowerPotion"},{"floor":4.0,"key":"Block Potion"},{"floor":10.0,"key":"ColorlessPotion"},{"floor":11.0,"key":"Poison Potion"},{"floor":12.0,"key":"LiquidMemories"},{"floor":16.0,"key":"SteroidPotion"},{"floor":18.0,"key":"CunningPotion"},{"floor":21.0,"key":"AttackPotion"},{"floor":27,"key":"PowerPotion"},{"floor":33,"key":"Energy Potion"},{"floor":39,"key":"Weak Potion"}],"is_trial":false,"path_per_floor":["M","?","?","M","T","R","E","M","T","M","M","M","?","M","R","B",null,"M","?","$","M","M","E","R","?","T","M","T","M","R","$","R","B",null,"M","?","T","?","M","R","E","R","T","E","M"],"character_chosen":"THE_SILENT","items_purchased":["Paper Crane","Predator","DuplicationPotion","Strength Potion","Energy Potion"],"campfire_rested":1,"item_purchase_floors":[20,20,20,20,31],"current_hp_per_floor":[70,70,70,70,70,70,70,70,70,70,64,53,42,36,36,26,59,58,58,58,45,44,36,36,36,36,36,36,32,32,32,68,35,61,61,61,61,66,66,66,65,65,65,34,0,0],"gold":383,"neow_bonus":"THREE_ENEMY_KILL","is_daily":false,"chose_seed":false,"campfire_upgraded":6,"win_rate":0.0,"timestamp":1613082265,"path_taken":["M","?","?","M","?","R","E","M","T","M","?","M","?","M","R","BOSS","M","?","$","M","M","E","R","?","T","M","?","M","R","$","R","BOSS","M","?","?","?","M","R","E","R","T","E","M"],"items_purchased_type":["Relic","Card","Potion","Potion","Potion"],"build_version":"2020-12-22","purchased_purges":0,"victory":false,"max_hp_per_floor":[70,70,70,70,70,70,70,70,70,70,70,70,70,70,70,70,70,70,70,70,70,70,70,70,70,70,70,70,70,70,70,70,70,70,70,66,66,66,66,66,80,80,80,80,80,80],"card_choices":[{"not_picked":["Well Laid Plans","Quick Slash"],"picked":"Dagger Spray","floor":1.0},{"not_picked":["Dagger Spray","Predator"],"picked":"Backstab","floor":4.0},{"not_picked":["Underhanded Strike","Outmaneuver"],"picked":"Skewer","floor":7.0},{"not_picked":["Eviscerate","Bane","Endless Agony"],"picked":"SKIP","floor":8.0},{"not_picked":["Skewer","Wraith Form v2"],"picked":"Masterful Stab","floor":10.0},{"not_picked":["Finisher","Setup"],"picked":"Sucker Punch","floor":11.0},{"not_picked":["Choke","Slice"],"picked":"Calculated Gamble","floor":12.0},{"not_picked":["Backflip","Acrobatics"],"picked":"Dodge and Roll","floor":14.0},{"not_picked":["Unload","Doppelganger"],"picked":"Venomology","floor":16.0},{"not_picked":["Bane","Concentrate"],"picked":"Deadly Poison+1","floor":18.0},{"not_picked":["Concentrate+1","Accuracy"],"picked":"Outmaneuver","floor":21.0},{"not_picked":["Dash","Dodge and Roll"],"picked":"Deadly Poison","floor":22.0},{"not_picked":["Blur","Bullet Time"],"picked":"Leg Sweep","floor":23.0},{"not_picked":["Bane","Poisoned Stab"],"picked":"Leg Sweep","floor":27},{"not_picked":["Predator+1","Slice"],"picked":"Prepared+1","floor":29},{"not_picked":["Night Terror","Bullet Time"],"picked":"Tools of the Trade","floor":33},{"not_picked":["Outmaneuver+1","Acrobatics"],"picked":"Prepared+1","floor":35},{"not_picked":["Corpse Explosion","Escape Plan"],"picked":"Noxious Fumes","floor":39},{"not_picked":["Setup+1","Concentrate"],"picked":"Dodge and Roll+1","floor":41},{"not_picked":["Outmaneuver+1","Cloak And Dagger"],"picked":"Backstab+1","floor":44}],"player_experience":161431,"relics_obtained":[{"floor":5.0,"key":"Darkstone Periapt"},{"floor":7.0,"key":"Bronze Scales"},{"floor":9.0,"key":"Potion Belt"},{"floor":23.0,"key":"InkBottle"},{"floor":26.0,"key":"Blue Candle"},{"floor":28,"key":"Regal Pillow"},{"floor":37,"key":"MawBank"},{"floor":38,"key":"CaptainsWheel"},{"floor":41,"key":"Letter Opener"},{"floor":41,"key":"Mango"},{"floor":43,"key":"Ninja Scroll"},{"floor":44,"key":"MealTicket"},{"floor":44,"key":"Whetstone"}],"event_choices":[{"damage_healed":0.0,"max_hp_gain":0.0,"max_hp_loss":0.0,"gold_gain":0.0,"event_name":"Golden Wing","player_choice":"Ignored","floor":2.0,"gold_loss":0.0,"damage_taken":0.0},{"damage_healed":0.0,"max_hp_gain":0.0,"max_hp_loss":0.0,"gold_gain":0.0,"event_name":"The Cleric","player_choice":"Leave","floor":3.0,"gold_loss":0.0,"damage_taken":0.0},{"damage_healed":0.0,"max_hp_gain":0.0,"max_hp_loss":0.0,"gold_gain":75.0,"event_name":"World of Goop","player_choice":"Gather Gold","floor":13.0,"gold_loss":0.0,"damage_taken":11.0},{"damage_healed":0.0,"max_hp_gain":0.0,"max_hp_loss":0.0,"gold_gain":0.0,"event_name":"Back to Basics","player_choice":"Simplicity","floor":19.0,"gold_loss":0.0,"damage_taken":0.0,"cards_upgraded":["Strike_G","Strike_G","Strike_G","Strike_G","Strike_G","Defend_G","Defend_G","Defend_G","Defend_G","Defend_G"]},{"damage_healed":0.0,"max_hp_gain":0.0,"max_hp_loss":0.0,"gold_gain":0.0,"event_name":"Addict","player_choice":"Obtained Relic","floor":25.0,"gold_loss":85.0,"damage_taken":0.0,"relics_obtained":["Anchor"]},{"damage_healed":0,"gold_gain":0,"player_choice":"Max HP","damage_taken":0,"max_hp_gain":0,"max_hp_loss":4,"event_name":"Winding Halls","floor":36,"gold_loss":0},{"damage_healed":0,"gold_gain":0,"player_choice":"Fight","damage_taken":0,"max_hp_gain":0,"max_hp_loss":0,"event_name":"MindBloom","floor":38,"gold_loss":0}],"is_beta":false,"boss_relics":[{"not_picked":["Pandora\u0027s Box","Runic Pyramid"],"picked":"Philosopher\u0027s Stone"},{"not_picked":["Velvet Choker","Fusion Hammer"],"picked":"Black Star"}],"items_purged_floors":[],"is_endless":false,"potions_floor_spawned":[1,4,10,11,12,16,18,21,27,33,39],"killed_by":"Writhing Mass","ascension_level":5}}