{"host":"h4lp0eeso8a0ssq0","time":1613065746,"event":{"mods":["2.2 Compatiblity","AchievementEnabler","BaseMod","CapriCore","Colored Map","Minty Spire (QoL Compilation)","StSLib","SuperFastMode"],"gold_per_floor":[119,119,64,64,64,108,108,174,174,198,226,249,249,284,284,284,284],"floor_reached":16,"language":"KOR","playtime":455,"items_purged":[],"score":316,"play_id":"9b608849-6339-41c0-8024-a9bfc89b6309","local_time":"20210212024906","is_ascension_mode":true,"campfire_choices":[{"data":"Concentrate","floor":7.0,"key":"SMITH"},{"floor":13.0,"key":"REST"},{"data":"Tactician","floor":15.0,"key":"SMITH"}],"circlet_count":0,"master_deck":["AscendersBane","Strike_G","Strike_G","Strike_G","Strike_G","Defend_G","Defend_G","Defend_G+1","Defend_G+1","Defend_G","Survivor","Neutralize","Reflex+1","Dagger Throw+1","Doppelganger","Concentrate+1","Leg Sweep","Acrobatics","Acrobatics","Tactician+1","Underhanded Strike"],"relics":["Ring of the Snake","NeowsBlessing","War Paint","CeramicFish","HornCleat","Orichalcum","Singing Bowl"],"acts_visited":["Exordium"],"potions_floor_usage":[16],"damage_taken":[{"damage":0.0,"enemies":"2 Louse","floor":1.0,"turns":1.0},{"damage":0.0,"enemies":"3 Sentries","floor":6.0,"turns":1.0},{"damage":0.0,"enemies":"Gremlin Nob","floor":8.0,"turns":1.0},{"damage":0.0,"enemies":"Small Slimes","floor":10.0,"turns":4.0},{"damage":1.0,"enemies":"Jaw Worm","floor":11.0,"turns":4.0},{"damage":5.0,"enemies":"Lots of Slimes","floor":12.0,"turns":7.0},{"damage":0.0,"enemies":"Gremlin Nob","floor":14.0,"turns":5.0},{"damage":0,"enemies":"Slime Boss","floor":16,"turns":7}],"seed_played":"537972199452571837","potions_obtained":[{"floor":10.0,"key":"PowerPotion"},{"floor":11.0,"key":"SpeedPotion"},{"floor":12.0,"key":"PowerPotion"}],"is_trial":false,"path_per_floor":["M","?","$","?","?","E","R","?","T","M","M","M","R","E","R","B"],"character_chosen":"THE_SILENT","items_purchased":["Dagger Throw"],"campfire_rested":1,"item_purchase_floors":[3],"current_hp_per_floor":[59,48,48,28,28,28,28,28,28,28,27,22,41,41,41,41,41],"gold":284,"neow_bonus":"THREE_ENEMY_KILL","is_daily":false,"chose_seed":false,"campfire_upgraded":2,"win_rate":0.0,"timestamp":1613065746,"path_taken":["M","?","$","?","?","E","R","?","T","M","?","M","R","E","R","BOSS"],"items_purchased_type":["Card"],"build_version":"2020-12-22","purchased_purges":0,"victory":false,"max_hp_per_floor":[66,66,66,66,66,66,66,66,66,66,66,66,66,66,66,66,66],"card_choices":[{"not_picked":["Underhanded Strike","Dagger Throw"],"picked":"Reflex","floor":1.0},{"not_picked":["Reflex","Flying Knee"],"picked":"Concentrate","floor":6.0},{"not_picked":["Bane","Concentrate"],"picked":"Leg Sweep","floor":8.0},{"not_picked":["Outmaneuver","Flying Knee"],"picked":"Acrobatics","floor":10.0},{"not_picked":["Accuracy","Setup"],"picked":"Acrobatics","floor":11.0},{"not_picked":["Flechettes","Underhanded Strike"],"picked":"Tactician","floor":12.0},{"not_picked":["Cloak And Dagger","Distraction"],"picked":"Underhanded Strike","floor":14.0}],"player_experience":220513,"relics_obtained":[{"floor":6.0,"key":"CeramicFish"},{"floor":8.0,"key":"HornCleat"},{"floor":9.0,"key":"Orichalcum"},{"floor":14.0,"key":"Singing Bowl"}],"event_choices":[{"damage_healed":0.0,"max_hp_gain":0.0,"max_hp_loss":0.0,"gold_gain":0.0,"event_name":"Scrap Ooze","player_choice":"Success","floor":2.0,"gold_loss":0.0,"damage_taken":11.0,"relics_obtained":["War Paint"]},{"damage_healed":0.0,"max_hp_gain":0.0,"max_hp_loss":0.0,"gold_gain":0.0,"event_name":"Shining Light","player_choice":"Entered Light","floor":4.0,"gold_loss":0.0,"damage_taken":20.0,"cards_upgraded":["Dagger Throw","Reflex"]},{"damage_healed":0.0,"max_hp_gain":0.0,"max_hp_loss":0.0,"gold_gain":0.0,"cards_transformed":["Strike_G"],"event_name":"Living Wall","player_choice":"Change","floor":5.0,"gold_loss":0.0,"damage_taken":0.0,"cards_obtained":["Doppelganger"]},{"damage_healed":0.0,"max_hp_gain":0.0,"max_hp_loss":0.0,"gold_gain":30.0,"event_name":"Dead Adventurer","player_choice":"Searched \u00273\u0027 times","floor":8.0,"gold_loss":0.0,"damage_taken":0.0}],"is_beta":false,"boss_relics":[],"items_purged_floors":[],"is_endless":false,"potions_floor_spawned":[10,11,12],"killed_by":"Slime Boss","ascension_level":20}}