{"host":"3a5itcmwo6ddh3id","time":1613005915,"event":{"mods":["BaseMod","Colored Map","Colored Powertips","Minty Spire (QoL Compilation)","Relic Stats"],"gold_per_floor":[364,23,36,50,125,125,125],"floor_reached":6,"language":"ENG","playtime":300,"items_purged":[],"score":72,"play_id":"e2885e3b-0c2b-410e-8ecb-166d9d98f072","local_time":"20210210191155","is_ascension_mode":true,"campfire_choices":[],"circlet_count":0,"master_deck":["AscendersBane","Strike_G","Strike_G","Strike_G","Strike_G","Strike_G","Defend_G","Defend_G","Defend_G","Defend_G","Defend_G","Survivor","Neutralize","Quick Slash","Footwork","Slice","Deadly Poison"],"relics":["Ring of the Snake","Membership Card","Ice Cream"],"acts_visited":["Exordium"],"potions_floor_usage":[],"damage_taken":[{"damage":8.0,"enemies":"Jaw Worm","floor":1.0,"turns":9.0},{"damage":4.0,"enemies":"2 Louse","floor":3.0,"turns":4.0},{"damage":0.0,"enemies":"Small Slimes","floor":4.0,"turns":4.0},{"damage":37,"enemies":"Lagavulin","floor":6,"turns":6}],"seed_played":"8365628669227296328","potions_obtained":[],"is_trial":false,"path_per_floor":["M","$","M","M","?","E"],"character_chosen":"THE_SILENT","items_purchased":["Membership Card","Ice Cream","Footwork"],"campfire_rested":0,"item_purchase_floors":[2,2,2],"current_hp_per_floor":[36,36,32,32,21,0,0],"gold":125,"neow_bonus":"TWO_FIFTY_GOLD","is_daily":false,"chose_seed":false,"campfire_upgraded":0,"win_rate":0.0,"timestamp":1613005915,"path_taken":["M","$","M","M","?","E"],"items_purchased_type":["Relic","Relic","Card"],"build_version":"2020-12-22","purchased_purges":0,"victory":false,"max_hp_per_floor":[66,66,66,66,66,66,66],"relic_stats":{"counters":[4,23],"obtain_stats":[{"Ice Cream":2,"Membership Card":2,"Ring of the Snake":0},{"Ice Cream":1,"Membership Card":1,"Ring of the Snake":0},{"Ice Cream":9,"Membership Card":9,"Ring of the Snake":0}],"Ring of the Snake":[8]},"card_choices":[{"not_picked":["Bane","Catalyst"],"picked":"Quick Slash","floor":1.0},{"not_picked":["Heel Hook","Blur"],"picked":"Slice","floor":3.0},{"not_picked":["Deflect","Bane"],"picked":"Deadly Poison","floor":4.0}],"player_experience":1129031,"relics_obtained":[],"event_choices":[{"damage_healed":0.0,"max_hp_gain":0.0,"max_hp_loss":0.0,"gold_gain":75.0,"event_name":"World of Goop","player_choice":"Gather Gold","floor":5.0,"gold_loss":0.0,"damage_taken":11.0}],"is_beta":false,"boss_relics":[],"items_purged_floors":[],"is_endless":false,"potions_floor_spawned":[],"killed_by":"Lagavulin","ascension_level":20}}