{"host":"syozzdlzcqop4jia","time":1613002495,"event":{"mods":["AchievementEnabler","BaseMod","Colored Map","Colored Powertips","Minty Spire (QoL Compilation)","Quick Restart"],"gold_per_floor":[109,123,123,140,153,183,207,207,232,250,250,285,296,306,306,401,401,418,418,429,429,444,444,458,458,458,468,568,585,597,597,597,695,695,705,705,721,731,731,741,760,760,787,800,800,812,249,266,266,266,266,266,10,39,39,39],"floor_reached":55,"language":"ENG","playtime":2741,"items_purged":[],"score":739,"play_id":"6e74d126-db20-4084-a080-136080d1abb3","local_time":"20210211011455","is_ascension_mode":false,"campfire_choices":[{"floor":8,"key":"RECALL"},{"data":"Inflame","floor":11,"key":"SMITH"},{"floor":15,"key":"REST"},{"data":"Feed","floor":23,"key":"SMITH"},{"data":"Sword Boomerang","floor":25,"key":"SMITH"},{"floor":32,"key":"REST"},{"floor":49,"key":"REST"},{"floor":52,"key":"DIG"}],"circlet_count":0,"master_deck":["Strike_R+1","Strike_R+1","Strike_R+1","Strike_R+1","Strike_R+1","Defend_R+1","Defend_R+1","Defend_R+1","Defend_R+1","Bash","Inflame+1","Sword Boomerang","Wild Strike","Sword Boomerang+1","Feed+1","Cleave","Feed+1","Twin Strike","Battle Trance+1","Sword Boomerang","Twin Strike+1","Limit Break","Double Tap","Sword Boomerang+1","Anger+1","Pommel Strike+1","Anger+1","Twin Strike+1","PanicButton","Flex+1","Parasite","Impervious","Flex","Heavy Blade","Rage","Flex","Limit Break"],"relics":["Burning Blood","Strawberry","Red Skull","Vajra","Bronze Scales","Mark of Pain","Meat on the Bone","Shovel","Bottled Flame","Eternal Feather","Fusion Hammer","Smiling Mask","Happy Flower","Pantograph","Letter Opener","Sling","Pen Nib"],"acts_visited":["Exordium","TheCity","TheBeyond","TheEnding"],"potions_floor_usage":[6,16,27,33,38,48,50,50,55,55],"damage_taken":[{"damage":1,"enemies":"Cultist","floor":1,"turns":4},{"damage":20,"enemies":"Jaw Worm","floor":2,"turns":5},{"damage":4,"enemies":"Small Slimes","floor":4,"turns":3},{"damage":5,"enemies":"Looter","floor":5,"turns":4},{"damage":30,"enemies":"Gremlin Nob","floor":6,"turns":5},{"damage":0,"enemies":"Large Slime","floor":10,"turns":3},{"damage":26,"enemies":"3 Sentries","floor":12,"turns":4},{"damage":10,"enemies":"Exordium Thugs","floor":13,"turns":3},{"damage":0,"enemies":"3 Louse","floor":14,"turns":2},{"damage":55,"enemies":"The Guardian","floor":16,"turns":10},{"damage":1,"enemies":"3 Byrds","floor":18,"turns":4},{"damage":2,"enemies":"Chosen","floor":20,"turns":3},{"damage":18,"enemies":"Sentry and Sphere","floor":22,"turns":4},{"damage":10,"enemies":"Centurion and Healer","floor":24,"turns":3},{"damage":26,"enemies":"Snake Plant","floor":27,"turns":3},{"damage":15,"enemies":"Colosseum Slavers","floor":28,"turns":4},{"damage":13,"enemies":"Colosseum Nobs","floor":28,"turns":3},{"damage":10,"enemies":"Sentry and Sphere","floor":29,"turns":3},{"damage":27,"enemies":"Shelled Parasite and Fungi","floor":30,"turns":4},{"damage":68,"enemies":"Champ","floor":33,"turns":7},{"damage":21,"enemies":"3 Shapes","floor":35,"turns":3},{"damage":2,"enemies":"Orb Walker","floor":37,"turns":2},{"damage":38,"enemies":"4 Shapes","floor":38,"turns":3},{"damage":3,"enemies":"3 Darklings","floor":40,"turns":3},{"damage":32,"enemies":"Spire Growth","floor":41,"turns":3},{"damage":29,"enemies":"Maw","floor":44,"turns":6},{"damage":10,"enemies":"Writhing Mass","floor":46,"turns":3},{"damage":16,"enemies":"Sphere and 2 Shapes","floor":48,"turns":3},{"damage":86,"enemies":"Time Eater","floor":50,"turns":5},{"damage":59,"enemies":"Shield and Spear","floor":54,"turns":5},{"damage":126,"enemies":"The Heart","floor":55,"turns":5}],"seed_played":"-7946394518363454153","potions_obtained":[{"floor":1,"key":"DistilledChaos"},{"floor":5,"key":"GamblersBrew"},{"floor":12,"key":"FearPotion"},{"floor":13,"key":"SneckoOil"},{"floor":20,"key":"BloodPotion"},{"floor":29,"key":"LiquidMemories"},{"floor":36,"key":"Strength Potion"},{"floor":37,"key":"SteroidPotion"},{"floor":38,"key":"AttackPotion"},{"floor":48,"key":"SteroidPotion"}],"is_trial":false,"path_per_floor":["M","M","?","M","M","E","T","R","T","M","R","E","M","M","R","B",null,"M","?","M","?","M","R","M","R","T","M","?","M","M","T","R","B",null,"M","?","M","M","?","M","M","?","T","M","?","M","$","M","R","B",null,"R","$","E","B"],"character_chosen":"IRONCLAD","items_purchased":["Flex","Heavy Blade","Happy Flower","Pantograph","Rage","Sling","SteroidPotion","Explosive Potion"],"campfire_rested":3,"item_purchase_floors":[47,47,47,47,47,53,53,53],"current_hp_per_floor":[87,73,73,75,76,52,52,52,52,58,58,38,37,46,73,24,93,96,96,99,99,87,87,87,87,87,87,75,71,66,66,111,61,111,104,104,108,76,76,79,65,65,65,54,54,62,62,64,113,45,113,113,113,76,0,0],"gold":39,"neow_bonus":"RANDOM_COMMON_RELIC","is_daily":false,"chose_seed":false,"campfire_upgraded":3,"win_rate":0.0,"timestamp":1613002495,"path_taken":["M","M","?","M","M","E","?","R","T","M","R","E","M","?","R","BOSS","M","?","M","?","?","R","M","R","T","M","?","M","M","?","R","BOSS","M","?","M","?","?","M","M","?","T","M","?","M","$","M","R","BOSS","R","$","E","BOSS"],"items_purchased_type":["Card","Card","Relic","Relic","Card","Relic","Potion","Potion"],"build_version":"2020-12-22","purchased_purges":0,"victory":false,"max_hp_per_floor":[87,87,87,87,87,87,87,87,87,87,87,87,90,93,93,93,93,96,96,99,99,99,99,103,103,103,103,107,107,111,111,111,111,111,119,119,119,119,113,113,113,113,113,113,113,113,113,113,113,113,113,113,113,117,117,117],"card_choices":[{"not_picked":["True Grit","Thunderclap"],"picked":"Inflame","floor":1},{"not_picked":["Whirlwind","Iron Wave"],"picked":"Sword Boomerang","floor":2},{"not_picked":["Iron Wave","Burning Pact"],"picked":"Wild Strike","floor":4},{"not_picked":["Hemokinesis","Sentinel","Dark Embrace"],"picked":"SKIP","floor":5},{"not_picked":["Body Slam","Havoc","Burning Pact"],"picked":"SKIP","floor":6},{"not_picked":["Blood for Blood","Cleave"],"picked":"Sword Boomerang","floor":10},{"not_picked":["Brutality","Carnage"],"picked":"Feed","floor":12},{"not_picked":["Rampage","Dark Embrace"],"picked":"Cleave","floor":13},{"not_picked":["Seeing Red","Searing Blow","Evolve"],"picked":"SKIP","floor":14},{"not_picked":["Fiend Fire","Juggernaut"],"picked":"Feed","floor":16},{"not_picked":["Cleave+1","Whirlwind+1"],"picked":"Twin Strike","floor":18},{"not_picked":["Body Slam+1","Clothesline","Fire Breathing"],"picked":"SKIP","floor":20},{"not_picked":["Disarm","Bloodletting"],"picked":"Battle Trance+1","floor":22},{"not_picked":["Disarm","Feel No Pain","Body Slam"],"picked":"SKIP","floor":24},{"not_picked":["Havoc","Wild Strike"],"picked":"Sword Boomerang","floor":27},{"not_picked":["Heavy Blade","Clash"],"picked":"Twin Strike+1","floor":28},{"not_picked":["Shockwave+1","Iron Wave","Clothesline+1"],"picked":"SKIP","floor":29},{"not_picked":["Shrug It Off+1","Anger"],"picked":"Limit Break","floor":30},{"not_picked":["Berserk","Offering"],"picked":"Double Tap","floor":33},{"not_picked":["Body Slam+1","Havoc"],"picked":"Sword Boomerang+1","floor":35},{"not_picked":["Wild Strike","Armaments+1"],"picked":"Anger+1","floor":37},{"not_picked":["Sword Boomerang","Clothesline+1"],"picked":"Pommel Strike+1","floor":38},{"not_picked":["Pommel Strike+1","True Grit+1"],"picked":"Anger+1","floor":40},{"not_picked":["Thunderclap+1","Pommel Strike+1"],"picked":"Twin Strike+1","floor":41},{"not_picked":["Deep Breath","Forethought"],"picked":"PanicButton","floor":42},{"not_picked":["Pommel Strike+1","Battle Trance"],"picked":"Flex+1","floor":44},{"not_picked":["Body Slam","Hemokinesis+1"],"picked":"Impervious","floor":46},{"not_picked":["Thunderclap+1","Wild Strike"],"picked":"Flex","floor":48},{"not_picked":["Combust","Infernal Blade"],"picked":"Limit Break","floor":54}],"player_experience":666790,"relics_obtained":[{"floor":6,"key":"Red Skull"},{"floor":9,"key":"Vajra"},{"floor":12,"key":"Bronze Scales"},{"floor":26,"key":"Meat on the Bone"},{"floor":28,"key":"Shovel"},{"floor":28,"key":"Bottled Flame"},{"floor":31,"key":"Eternal Feather"},{"floor":43,"key":"Smiling Mask"},{"floor":52,"key":"Letter Opener"},{"floor":54,"key":"Pen Nib"}],"event_choices":[{"damage_healed":0,"gold_gain":0,"player_choice":"Ignored","damage_taken":0,"max_hp_gain":0,"max_hp_loss":0,"event_name":"Golden Idol","floor":3,"gold_loss":0},{"damage_healed":0,"gold_gain":0,"player_choice":"Simplicity","damage_taken":0,"max_hp_gain":0,"max_hp_loss":0,"event_name":"Back to Basics","floor":19,"gold_loss":0,"cards_upgraded":["Strike_R","Strike_R","Strike_R","Strike_R","Strike_R","Defend_R","Defend_R","Defend_R","Defend_R"]},{"damage_healed":0,"gold_gain":0,"player_choice":"Upgraded","damage_taken":0,"max_hp_gain":0,"max_hp_loss":0,"event_name":"Upgrade Shrine","floor":21,"gold_loss":0,"cards_upgraded":["Feed"]},{"damage_healed":0,"gold_gain":0,"player_choice":"Fight","damage_taken":0,"max_hp_gain":0,"max_hp_loss":0,"event_name":"Colosseum","floor":28,"gold_loss":0},{"damage_healed":0,"gold_gain":0,"player_choice":"Fought Nobs","damage_taken":0,"max_hp_gain":0,"max_hp_loss":0,"event_name":"Colosseum","floor":28,"gold_loss":0},{"damage_healed":0,"gold_gain":0,"player_choice":"Got Potions","damage_taken":0,"max_hp_gain":0,"max_hp_loss":0,"event_name":"Lab","floor":36,"gold_loss":0},{"damage_healed":0,"gold_gain":0,"player_choice":"Max HP","damage_taken":0,"max_hp_gain":0,"max_hp_loss":6,"event_name":"Winding Halls","floor":39,"gold_loss":0},{"damage_healed":0,"gold_gain":0,"player_choice":"Memory 1","damage_taken":0,"max_hp_gain":0,"max_hp_loss":0,"event_name":"SensoryStone","floor":42,"gold_loss":0},{"damage_healed":0,"gold_gain":0,"player_choice":"Ignored","damage_taken":0,"max_hp_gain":0,"max_hp_loss":0,"event_name":"Tomb of Lord Red Mask","floor":45,"gold_loss":0}],"is_beta":false,"boss_relics":[{"not_picked":["Astrolabe","Philosopher\u0027s Stone"],"picked":"Mark of Pain"},{"not_picked":["SlaversCollar","Coffee Dripper"],"picked":"Fusion Hammer"}],"items_purged_floors":[],"is_endless":false,"potions_floor_spawned":[1,5,12,13,20,22,29,37,38,41,48,54],"killed_by":"The Heart","ascension_level":0}}