{"host":"newqdrzxfhh2im9e","time":1613076552,"event":{"mods":["AchievementEnabler","BaseMod","Block Reminder","Colored Map","Minty Spire (QoL Compilation)","Rare Cards Sparkle","Shop Mod","StSLib"],"gold_per_floor":[111,125,145,145,145,145,172,188,212,212,56,56,75,110,110,206,206,222,239,10,10,10,10,10,10,34,34,49,49,83,94,94,94,94],"floor_reached":33,"language":"ENG","playtime":1118,"items_purged":[],"score":298,"play_id":"c667f020-1de4-43fb-841e-6cdef5978d60","local_time":"20210211124912","is_ascension_mode":false,"campfire_choices":[{"floor":6.0,"key":"RECALL"},{"data":"All Out Attack","floor":10.0,"key":"SMITH"},{"data":"Die Die Die","floor":15.0,"key":"SMITH"},{"data":"Apotheosis","floor":23,"key":"SMITH"},{"data":"Night Terror","floor":25,"key":"SMITH"},{"data":"Dash","floor":27,"key":"SMITH"},{"data":"PiercingWail","floor":29,"key":"SMITH"},{"floor":32,"key":"REST"}],"circlet_count":0,"master_deck":["Strike_G","Strike_G","Strike_G","Strike_G","Strike_G","Defend_G","Defend_G","Defend_G","Defend_G","Defend_G","Survivor","Neutralize","Bouncing Flask","Leg Sweep+1","Riddle With Holes","All Out Attack+1","Die Die Die+1","PiercingWail+1","Bullet Time","Night Terror+1","Dash+1","Calculated Gamble+1","Apotheosis+1","Reflex","Terror"],"relics":["Ring of the Snake","NeowsBlessing","Vajra","Nunchaku","SlaversCollar","Strawberry","Unceasing Top"],"acts_visited":["Exordium","TheCity"],"potions_floor_usage":[19,28,31],"damage_taken":[{"damage":0.0,"enemies":"2 Louse","floor":1.0,"turns":1.0},{"damage":0.0,"enemies":"Small Slimes","floor":2.0,"turns":1.0},{"damage":0.0,"enemies":"Cultist","floor":3.0,"turns":1.0},{"damage":16.0,"enemies":"Gremlin Nob","floor":7.0,"turns":4.0},{"damage":6.0,"enemies":"3 Louse","floor":8.0,"turns":2.0},{"damage":0.0,"enemies":"2 Fungi Beasts","floor":13.0,"turns":2.0},{"damage":0.0,"enemies":"3 Sentries","floor":14.0,"turns":3.0},{"damage":31.0,"enemies":"Hexaghost","floor":16.0,"turns":16.0},{"damage":2,"enemies":"Chosen","floor":18,"turns":6},{"damage":11,"enemies":"2 Thieves","floor":19,"turns":4},{"damage":0,"enemies":"Snecko","floor":28,"turns":4},{"damage":9,"enemies":"Slavers","floor":30,"turns":5},{"damage":27,"enemies":"Sentry and Sphere","floor":31,"turns":7},{"damage":81,"enemies":"Automaton","floor":33,"turns":12}],"seed_played":"-4585744995730042484","potions_obtained":[{"floor":3.0,"key":"Explosive Potion"},{"floor":7.0,"key":"Strength Potion"},{"floor":8.0,"key":"CunningPotion"},{"floor":18,"key":"ColorlessPotion"},{"floor":30,"key":"SkillPotion"}],"is_trial":false,"path_per_floor":["M","M","M","?","?","R","E","M","T","R","$","?","M","E","R","B",null,"M","M","$","?","?","R","?","R","T","R","M","R","E","M","R","B"],"character_chosen":"THE_SILENT","items_purchased":["Die Die Die","Apotheosis","Fire Potion"],"campfire_rested":1,"item_purchase_floors":[11,20,20],"current_hp_per_floor":[70,70,70,70,70,70,54,48,48,48,48,48,48,48,48,17,70,68,57,57,57,70,70,70,70,77,77,77,77,68,41,64,0,0],"gold":94,"neow_bonus":"THREE_ENEMY_KILL","is_daily":false,"chose_seed":false,"campfire_upgraded":6,"win_rate":0.0,"timestamp":1613076552,"path_taken":["M","M","M","?","?","R","E","M","T","R","$","?","M","E","R","BOSS","M","?","$","?","?","R","?","R","T","R","?","R","E","M","R","BOSS"],"items_purchased_type":["Card","Card","Potion"],"build_version":"2020-12-22","purchased_purges":0,"victory":false,"max_hp_per_floor":[70,70,70,70,70,70,70,70,70,70,70,70,70,70,70,70,70,70,70,70,70,70,70,70,70,77,77,77,77,77,77,77,77,77],"card_choices":[{"not_picked":["Blade Dance","Deflect"],"picked":"Bouncing Flask","floor":1.0},{"not_picked":["Sucker Punch","Setup"],"picked":"Leg Sweep","floor":2.0},{"not_picked":["Flechettes","Backflip"],"picked":"Riddle With Holes","floor":3.0},{"not_picked":["Blur","Choke"],"picked":"All Out Attack","floor":7.0},{"not_picked":["Outmaneuver","Acrobatics","Concentrate"],"picked":"SKIP","floor":8.0},{"not_picked":["Outmaneuver","Acrobatics"],"picked":"PiercingWail","floor":13.0},{"not_picked":["Caltrops","Flying Knee"],"picked":"Bullet Time","floor":14.0},{"not_picked":["Grand Finale","After Image"],"picked":"Night Terror","floor":16.0},{"not_picked":["Flying Knee","Deadly Poison"],"picked":"Dash","floor":18},{"not_picked":["Underhanded Strike+1","Blade Dance"],"picked":"Calculated Gamble+1","floor":19},{"not_picked":["Heel Hook","Quick Slash","Dagger Spray"],"picked":"SKIP","floor":28},{"not_picked":["Outmaneuver","Quick Slash"],"picked":"Reflex","floor":30},{"not_picked":["Grand Finale","Sucker Punch"],"picked":"Terror","floor":31}],"player_experience":776181,"relics_obtained":[{"floor":7.0,"key":"Vajra"},{"floor":14.0,"key":"Nunchaku"},{"floor":26,"key":"Strawberry"},{"floor":30,"key":"Unceasing Top"}],"event_choices":[{"damage_healed":0.0,"max_hp_gain":0.0,"max_hp_loss":0.0,"gold_gain":0.0,"event_name":"Living Wall","player_choice":"Grow","floor":4.0,"gold_loss":0.0,"damage_taken":0.0,"cards_upgraded":["Leg Sweep"]},{"damage_healed":0.0,"max_hp_gain":0.0,"max_hp_loss":0.0,"gold_gain":0.0,"event_name":"Golden Wing","player_choice":"Ignored","floor":5.0,"gold_loss":0.0,"damage_taken":0.0},{"damage_healed":0.0,"max_hp_gain":0.0,"max_hp_loss":0.0,"gold_gain":0.0,"event_name":"The Woman in Blue","player_choice":"Bought 0 Potions","floor":12.0,"gold_loss":0.0,"damage_taken":0.0},{"damage_healed":0,"gold_gain":0,"player_choice":"Ignored","damage_taken":0,"max_hp_gain":0,"max_hp_loss":0,"event_name":"Ghosts","floor":21,"gold_loss":0},{"damage_healed":23,"gold_gain":0,"player_choice":"Heal","damage_taken":0,"max_hp_gain":0,"max_hp_loss":0,"event_name":"The Library","floor":22,"gold_loss":0},{"damage_healed":0,"gold_gain":0,"player_choice":"Ignored","damage_taken":0,"max_hp_gain":0,"max_hp_loss":0,"event_name":"Vampires","floor":24,"gold_loss":0}],"is_beta":false,"boss_relics":[{"not_picked":["Philosopher\u0027s Stone","Ectoplasm"],"picked":"SlaversCollar"}],"items_purged_floors":[],"is_endless":false,"potions_floor_spawned":[3,7,8,18,30],"killed_by":"Automaton","ascension_level":0}}