{"host":"swn8ychr123rw3gf","time":1613027372,"event":{"mods":["BaseMod","Minty Spire (QoL Compilation)","StSLib"],"gold_per_floor":[16,16,66,66,87,87,123,137,137,137,177,13,13,13,13,111,111,130,130,130],"floor_reached":19,"language":"ZHS","playtime":651,"items_purged":[],"score":329,"play_id":"e34a47bc-0240-4c7c-b0a1-894f97eb3a0b","local_time":"20210211150932","is_ascension_mode":true,"campfire_choices":[{"data":"Noxious Fumes","floor":6.0,"key":"SMITH"},{"floor":10.0,"key":"REST"},{"data":"Bouncing Flask","floor":13.0,"key":"SMITH"},{"data":"Bullet Time","floor":15.0,"key":"SMITH"}],"circlet_count":0,"master_deck":["AscendersBane","Strike_G","Strike_G","Defend_G","Defend_G","Defend_G","Defend_G","Defend_G","Survivor","Neutralize","Outmaneuver","Bullet Time+1","Noxious Fumes+1","Bouncing Flask+1","Quick Slash","Acrobatics","Prepared","Malaise","Acrobatics"],"relics":["Ring of the Snake","Golden Idol","Question Card","White Beast Statue","Art of War","Bag of Preparation","SlaversCollar"],"acts_visited":["Exordium","TheCity"],"potions_floor_usage":[],"damage_taken":[{"damage":10.0,"enemies":"Small Slimes","floor":1.0,"turns":8.0},{"damage":6.0,"enemies":"Cultist","floor":5.0,"turns":5.0},{"damage":7.0,"enemies":"Lagavulin","floor":7.0,"turns":6.0},{"damage":0.0,"enemies":"2 Louse","floor":8.0,"turns":2.0},{"damage":9.0,"enemies":"Gremlin Nob","floor":11.0,"turns":3.0},{"damage":1.0,"enemies":"Hexaghost","floor":16.0,"turns":8.0},{"damage":24,"enemies":"Chosen","floor":18,"turns":6},{"damage":0,"enemies":"Masked Bandits","floor":19,"turns":2}],"seed_played":"-4997617948336570028","potions_obtained":[{"floor":1.0,"key":"CunningPotion"},{"floor":5.0,"key":"DuplicationPotion"},{"floor":11.0,"key":"Weak Potion"},{"floor":16.0,"key":"LiquidBronze"},{"floor":18,"key":"Swift Potion"}],"is_trial":false,"path_per_floor":["M","?","?","$","M","R","E","M","T","R","E","$","R","?","R","B",null,"M","?"],"character_chosen":"THE_SILENT","items_purchased":["Bag of Preparation"],"campfire_rested":1,"item_purchase_floors":[12],"current_hp_per_floor":[49,26,26,26,20,20,13,13,13,32,23,23,23,23,23,22,55,31,31,31],"gold":130,"neow_bonus":"TRANSFORM_TWO_CARDS","is_daily":false,"chose_seed":false,"campfire_upgraded":3,"win_rate":0.0,"timestamp":1613027372,"path_taken":["M","?","?","$","?","R","E","M","T","R","E","$","R","?","R","BOSS","M","?"],"items_purchased_type":["Relic"],"build_version":"2020-12-22","purchased_purges":0,"victory":false,"max_hp_per_floor":[66,66,66,66,66,66,66,66,66,66,66,66,66,66,66,66,66,66,66,66],"card_choices":[{"not_picked":["Leg Sweep","Dagger Throw"],"picked":"Noxious Fumes","floor":1.0},{"not_picked":["Cloak And Dagger","Dagger Throw"],"picked":"Bouncing Flask","floor":5.0},{"not_picked":["Choke","Underhanded Strike"],"picked":"Quick Slash","floor":7.0},{"not_picked":["Blade Dance","Concentrate","Dagger Spray"],"picked":"Acrobatics","floor":8.0},{"not_picked":["Endless Agony","Bane","Flying Knee"],"picked":"Prepared","floor":11.0},{"not_picked":["Doppelganger","Phantasmal Killer","Night Terror"],"picked":"Malaise","floor":16.0},{"not_picked":["Choke","Dodge and Roll","Cloak And Dagger"],"picked":"Acrobatics","floor":18}],"player_experience":454719,"relics_obtained":[{"floor":7.0,"key":"Question Card"},{"floor":9.0,"key":"White Beast Statue"},{"floor":11.0,"key":"Art of War"}],"event_choices":[{"damage_healed":0.0,"max_hp_gain":0.0,"max_hp_loss":0.0,"gold_gain":0.0,"event_name":"Golden Idol","player_choice":"Take Damage","floor":2.0,"gold_loss":0.0,"damage_taken":23.0,"relics_obtained":["Golden Idol"]},{"damage_healed":0.0,"max_hp_gain":0.0,"max_hp_loss":0.0,"gold_gain":50.0,"event_name":"Golden Shrine","player_choice":"Pray","floor":3.0,"gold_loss":0.0,"damage_taken":0.0},{"cards_removed":["Strike_G"],"damage_healed":0.0,"max_hp_gain":0.0,"max_hp_loss":0.0,"gold_gain":0.0,"event_name":"Living Wall","player_choice":"Forget","floor":14.0,"gold_loss":0.0,"damage_taken":0.0},{"damage_healed":0,"gold_gain":0,"player_choice":"Fought Bandits","damage_taken":0,"max_hp_gain":0,"max_hp_loss":0,"event_name":"Masked Bandits","floor":19,"gold_loss":0}],"is_beta":false,"boss_relics":[{"not_picked":["Astrolabe","Fusion Hammer"],"picked":"SlaversCollar"}],"items_purged_floors":[],"is_endless":false,"potions_floor_spawned":[1,5,8,11,16,18],"killed_by":"Masked Bandits","ascension_level":18}}