{"host":"mqhvlr3kpxebko0t","time":1613028408,"event":{"mods":["AchievementEnabler","BaseMod","Colored Map","Colored Powertips","KOR Keyword Fix","Keyboard Shortcuts","Minty Spire (QoL Compilation)","StSLib","SuperFastMode"],"gold_per_floor":[109,119,119,2,16,16,48,48,72,72,72,72,72,87,87,87,87],"floor_reached":16,"language":"KOR","playtime":182,"items_purged":["Strike_P"],"score":196,"play_id":"fd68d780-d6b1-427f-896e-0d62dd02c5b2","local_time":"20210211162648","is_ascension_mode":true,"campfire_choices":[{"data":"Eruption","floor":6,"key":"SMITH"},{"data":"WheelKick","floor":8,"key":"SMITH"},{"floor":13,"key":"REST"},{"data":"Tantrum","floor":15,"key":"SMITH"}],"circlet_count":0,"master_deck":["AscendersBane","Strike_P","Strike_P","Strike_P","Defend_P","Defend_P","Defend_P","Defend_P","Eruption+1","Vigilance","FlurryOfBlows","Adaptation","WheelKick+1","Tantrum+1"],"relics":["PureWater","Gremlin Horn","Ornamental Fan","Bronze Scales","Golden Idol"],"acts_visited":["Exordium"],"potions_floor_usage":[],"damage_taken":[{"damage":7,"enemies":"Cultist","floor":1,"turns":3},{"damage":6,"enemies":"Small Slimes","floor":2,"turns":4},{"damage":2,"enemies":"Jaw Worm","floor":5,"turns":2},{"damage":42,"enemies":"3 Sentries","floor":7,"turns":10},{"damage":11,"enemies":"Exordium Wildlife","floor":14,"turns":3},{"damage":24,"enemies":"The Guardian","floor":16,"turns":2}],"seed_played":"-7875145973590125935","potions_obtained":[{"floor":7,"key":"Dexterity Potion"}],"is_trial":false,"path_per_floor":["M","M","T","$","M","R","E","R","T","?","$","$","R","M","R","B"],"character_chosen":"WATCHER","items_purchased":["Adaptation"],"campfire_rested":1,"item_purchase_floors":[4],"current_hp_per_floor":[60,54,54,54,52,52,10,10,10,10,10,10,30,19,19,0,0],"gold":87,"neow_bonus":"TEN_PERCENT_HP_BONUS","is_daily":false,"chose_seed":false,"campfire_upgraded":3,"win_rate":0.0,"timestamp":1613028408,"path_taken":["M","M","?","$","M","R","E","R","T","?","?","$","R","M","R","BOSS"],"items_purchased_type":["Card"],"build_version":"2020-12-22","purchased_purges":1,"victory":false,"max_hp_per_floor":[74,74,74,74,74,74,74,74,74,67,67,67,67,67,67,67,67],"card_choices":[{"not_picked":["JustLucky","Crescendo"],"picked":"FlurryOfBlows","floor":1},{"not_picked":["WaveOfTheHand","ThirdEye","Worship"],"picked":"SKIP","floor":2},{"not_picked":["BowlingBash","Evaluate","FlyingSleeves"],"picked":"SKIP","floor":5},{"not_picked":["Collect","Wireheading"],"picked":"WheelKick","floor":7},{"not_picked":["BattleHymn","EmptyBody"],"picked":"Tantrum","floor":14}],"player_experience":709043,"relics_obtained":[{"floor":3,"key":"Gremlin Horn"},{"floor":7,"key":"Ornamental Fan"},{"floor":9,"key":"Bronze Scales"}],"event_choices":[{"damage_healed":0,"gold_gain":0,"player_choice":"Lose Max HP","damage_taken":0,"relics_obtained":["Golden Idol"],"max_hp_gain":0,"max_hp_loss":7,"event_name":"Golden Idol","floor":10,"gold_loss":0}],"is_beta":false,"boss_relics":[],"items_purged_floors":[4],"is_endless":false,"potions_floor_spawned":[7],"killed_by":"The Guardian","ascension_level":20}}