{"host":"prxrhpgaxnj4om9r","time":1613045024,"event":{"mods":["AchievementEnabler","BaseMod","DeckTracker","Keyboard Shortcuts","Minty Spire (QoL Compilation)"],"gold_per_floor":[115,115,135,158,172,215,215,251,277,277,290,290,303,322,322,453,453,469,469,469,492,196,236,236,236,308,323,34,34,10,24,24,24,24],"floor_reached":33,"language":"KOR","playtime":1348,"items_purged":[],"score":277,"play_id":"4837708f-3e0c-4535-b805-ed7efab0a8c0","local_time":"20210211210344","is_ascension_mode":false,"campfire_choices":[{"floor":7,"key":"REST"},{"floor":10,"key":"REST"},{"floor":12,"key":"REST"},{"floor":15,"key":"REST"},{"floor":24,"key":"RECALL"},{"floor":32,"key":"REST"}],"circlet_count":0,"master_deck":["Strike_G","Strike_G","Strike_G","Defend_G","Defend_G","Defend_G","Defend_G","Defend_G","Survivor","Neutralize","Cloak And Dagger","Blur","Quick Slash+1","Dagger Spray+1","Deflect","Flying Knee","Dagger Throw","Dagger Spray","All Out Attack","Corpse Explosion","Deadly Poison","Grand Finale","Corpse Explosion","Backflip","Dagger Throw","Dodge and Roll","Deflect","Acrobatics"],"relics":["Ring of the Snake","NeowsBlessing","Golden Idol","Whetstone","Nunchaku","Potion Belt","Busted Crown","Happy Flower","Mummified Hand","Orichalcum","Molten Egg 2","Shovel","Nilry\u0027s Codex"],"acts_visited":["Exordium","TheCity"],"potions_floor_usage":[5,6,8,13,31,33,33],"damage_taken":[{"damage":0,"enemies":"Jaw Worm","floor":1,"turns":1},{"damage":0,"enemies":"Small Slimes","floor":3,"turns":1},{"damage":0,"enemies":"2 Louse","floor":4,"turns":1},{"damage":0,"enemies":"Exordium Wildlife","floor":5,"turns":3},{"damage":46,"enemies":"Lagavulin","floor":6,"turns":9},{"damage":18,"enemies":"Gremlin Nob","floor":8,"turns":5},{"damage":1,"enemies":"Red Slaver","floor":11,"turns":3},{"damage":0,"enemies":"3 Louse","floor":13,"turns":2},{"damage":12,"enemies":"Large Slime","floor":14,"turns":4},{"damage":50,"enemies":"Hexaghost","floor":16,"turns":12},{"damage":0,"enemies":"3 Byrds","floor":18,"turns":2},{"damage":4,"enemies":"Shell Parasite","floor":21,"turns":4},{"damage":26,"enemies":"Book of Stabbing","floor":23,"turns":7},{"damage":0,"enemies":"Snecko","floor":27,"turns":4},{"damage":12,"enemies":"Snake Plant","floor":31,"turns":3},{"damage":34,"enemies":"Collector","floor":33,"turns":6}],"seed_played":"7653090317701994686","potions_obtained":[{"floor":3,"key":"Block Potion"},{"floor":4,"key":"FearPotion"},{"floor":6,"key":"Fire Potion"},{"floor":11,"key":"Fire Potion"},{"floor":23,"key":"Dexterity Potion"},{"floor":27,"key":"LiquidBronze"},{"floor":31,"key":"Swift Potion"}],"is_trial":false,"path_per_floor":["M","?","M","M","M","E","R","E","T","R","M","R","M","M","R","B",null,"M","?","?","M","$","E","R","?","T","M","$","?","$","M","R","B"],"character_chosen":"THE_SILENT","items_purchased":["Mummified Hand","Backflip","Shovel","Deflect"],"campfire_rested":5,"item_purchase_floors":[22,22,28,30],"current_hp_per_floor":[70,53,53,53,53,7,28,10,10,31,30,51,51,39,60,10,70,70,70,70,66,66,40,40,40,40,40,40,24,24,12,33,0,0],"gold":24,"neow_bonus":"THREE_ENEMY_KILL","is_daily":false,"chose_seed":false,"campfire_upgraded":0,"win_rate":0.0,"timestamp":1613045024,"path_taken":["M","?","M","M","M","E","R","E","T","R","M","R","M","M","R","BOSS","M","?","?","M","$","E","R","?","T","M","$","?","$","M","R","BOSS"],"items_purchased_type":["Relic","Card","Relic","Card"],"build_version":"2020-12-22","purchased_purges":0,"victory":false,"max_hp_per_floor":[70,70,70,70,70,70,70,70,70,70,70,70,70,70,70,70,70,70,70,70,70,70,70,70,70,70,70,70,70,70,70,70,70,70],"card_choices":[{"not_picked":["PiercingWail","Sucker Punch"],"picked":"Cloak And Dagger","floor":1},{"not_picked":["Prepared","Concentrate"],"picked":"Blur","floor":3},{"not_picked":["Acrobatics","Sucker Punch"],"picked":"Quick Slash","floor":4},{"not_picked":["Outmaneuver","Quick Slash"],"picked":"Dagger Spray","floor":5},{"not_picked":["Footwork","Blur"],"picked":"Deflect","floor":6},{"not_picked":["A Thousand Cuts","Slice"],"picked":"Flying Knee","floor":8},{"not_picked":["Cloak And Dagger","Expertise"],"picked":"Dagger Throw","floor":11},{"not_picked":["Endless Agony","Expertise"],"picked":"Dagger Spray","floor":13},{"not_picked":["Prepared","Bane"],"picked":"All Out Attack","floor":14},{"not_picked":["Adrenaline","Envenom"],"picked":"Corpse Explosion","floor":16},{"not_picked":[],"picked":"Deadly Poison","floor":18},{"not_picked":["Dagger Spray"],"picked":"SKIP","floor":21},{"not_picked":[],"picked":"Dagger Throw","floor":23},{"not_picked":[],"picked":"Dodge and Roll","floor":27},{"not_picked":[],"picked":"Acrobatics","floor":31}],"player_experience":382157,"relics_obtained":[{"floor":6,"key":"Whetstone"},{"floor":8,"key":"Nunchaku"},{"floor":9,"key":"Potion Belt"},{"floor":23,"key":"Orichalcum"},{"floor":26,"key":"Molten Egg 2"},{"floor":29,"key":"Nilry\u0027s Codex"}],"event_choices":[{"damage_healed":0,"gold_gain":0,"player_choice":"Take Damage","damage_taken":17,"relics_obtained":["Golden Idol"],"max_hp_gain":0,"max_hp_loss":0,"event_name":"Golden Idol","floor":2,"gold_loss":0},{"damage_healed":0,"gold_gain":0,"cards_transformed":["Strike_G","Strike_G"],"player_choice":"Became Test Subject","damage_taken":0,"max_hp_gain":0,"max_hp_loss":0,"event_name":"Drug Dealer","floor":19,"gold_loss":0,"cards_obtained":["Grand Finale","Corpse Explosion"]},{"damage_healed":0,"gold_gain":0,"player_choice":"Opened","damage_taken":0,"relics_obtained":["Happy Flower"],"max_hp_gain":0,"max_hp_loss":0,"event_name":"The Mausoleum","floor":20,"gold_loss":0},{"damage_healed":0,"gold_gain":0,"player_choice":"Ignored","damage_taken":0,"max_hp_gain":0,"max_hp_loss":0,"event_name":"Beggar","floor":25,"gold_loss":0},{"damage_healed":0,"gold_gain":0,"player_choice":"Obtained Book","damage_taken":16,"max_hp_gain":0,"max_hp_loss":0,"event_name":"Cursed Tome","floor":29,"gold_loss":0}],"is_beta":false,"boss_relics":[{"not_picked":["WristBlade","HoveringKite"],"picked":"Busted Crown"}],"items_purged_floors":[],"is_endless":false,"potions_floor_spawned":[3,4,6,11,23,27,31],"killed_by":"Collector","ascension_level":0}}