{"host":"phniwng9zo19jwdb","time":1613065199,"event":{"mods":["AchievementEnabler","BaseMod","Colored Powertips","Dark Map","Faster Ascension Climbing","GifTheSpireLib","Minty Spire (QoL Compilation)","Permanent Neow","Rare Cards Sparkle","Relic Filter Mod","StSLib","Weighted Paths"],"gold_per_floor":[20,30,30,56,76,76,109,109,109,120,150,150,150,150],"floor_reached":13,"language":"ENG","playtime":393,"items_purged":[],"score":186,"play_id":"c971c730-cfef-4496-8e1a-dc6b0661b158","local_time":"20210211183959","is_ascension_mode":true,"campfire_choices":[{"data":"Neutralize","floor":6,"key":"SMITH"},{"data":"Cloak And Dagger","floor":8,"key":"SMITH"},{"floor":12,"key":"REST"}],"circlet_count":0,"master_deck":["AscendersBane","Strike_G","Strike_G","Strike_G","Strike_G","Strike_G","Defend_G","Defend_G","Defend_G","Defend_G","Defend_G","Survivor","Neutralize+1","Envenom+1","Noxious Fumes","Storm of Steel","Cloak And Dagger+1","Footwork","Cloak And Dagger"],"relics":["Ring of the Snake","Calipers","Unceasing Top","Anchor"],"acts_visited":["Exordium"],"potions_floor_usage":[7,11,13],"damage_taken":[{"damage":0,"enemies":"2 Louse","floor":1,"turns":4},{"damage":2,"enemies":"Jaw Worm","floor":2,"turns":5},{"damage":0,"enemies":"Cultist","floor":5,"turns":4},{"damage":30,"enemies":"Gremlin Nob","floor":7,"turns":4},{"damage":11,"enemies":"Red Slaver","floor":10,"turns":7},{"damage":8,"enemies":"Lagavulin","floor":11,"turns":8},{"damage":40,"enemies":"Gremlin Nob","floor":13,"turns":4}],"seed_played":"4998875529124571235","potions_obtained":[{"floor":1,"key":"BlessingOfTheForge"},{"floor":7,"key":"Ancient Potion"},{"floor":11,"key":"BlessingOfTheForge"}],"is_trial":false,"path_per_floor":["M","M","?","T","M","R","E","R","T","M","E","R","E"],"character_chosen":"THE_SILENT","items_purchased":[],"campfire_rested":1,"item_purchase_floors":[],"current_hp_per_floor":[59,57,57,57,57,57,27,27,27,16,8,27,0,0],"gold":150,"neow_bonus":"THREE_RARE_CARDS","is_daily":false,"chose_seed":false,"campfire_upgraded":2,"win_rate":0.0,"timestamp":1613065199,"path_taken":["M","M","?","?","?","R","E","R","T","M","E","R","E"],"items_purchased_type":[],"build_version":"2020-12-22","purchased_purges":0,"victory":false,"max_hp_per_floor":[66,66,66,66,66,66,66,66,66,66,66,66,66,66],"card_choices":[{"not_picked":["Night Terror","Glass Knife"],"picked":"Envenom","floor":0},{"not_picked":["Underhanded Strike","PiercingWail"],"picked":"Noxious Fumes","floor":1},{"not_picked":["Deadly Poison","Acrobatics","Deflect"],"picked":"SKIP","floor":2},{"not_picked":["Dagger Spray","Calculated Gamble"],"picked":"Storm of Steel","floor":5},{"not_picked":["Tactician","Finisher"],"picked":"Cloak And Dagger","floor":7},{"not_picked":["Concentrate","Choke"],"picked":"Footwork","floor":10},{"not_picked":["Deflect","Flying Knee"],"picked":"Cloak And Dagger","floor":11}],"player_experience":117546,"relics_obtained":[{"floor":7,"key":"Calipers"},{"floor":9,"key":"Unceasing Top"},{"floor":11,"key":"Anchor"}],"event_choices":[{"damage_healed":0,"gold_gain":0,"player_choice":"Grow","damage_taken":0,"max_hp_gain":0,"max_hp_loss":0,"event_name":"Living Wall","floor":3,"gold_loss":0,"cards_upgraded":["Envenom"]}],"is_beta":false,"boss_relics":[],"items_purged_floors":[],"is_endless":false,"potions_floor_spawned":[1,7,11],"killed_by":"Gremlin Nob","ascension_level":20}}