{"host":"9v3x998ddbx8o276","time":1613037789,"event":{"mods":["AchievementEnabler","BaseMod","Colored Map","Colored Powertips","Highlight Path","Minty Spire (QoL Compilation)","Quick Restart","Rare Cards Sparkle"],"gold_per_floor":[112,130,147,163,6,6,40,40,40,74,74,94,108,140,140,212,212,229,209,222,235,249,249,88,122,192,192,192,206,18,38,38,38,38],"floor_reached":33,"language":"ENG","playtime":1009,"items_purged":["Strike_B"],"score":578,"play_id":"b110c0fd-eaba-44cb-b55a-b6ddfc37570f","local_time":"20210211203309","is_ascension_mode":true,"campfire_choices":[{"data":"Static Discharge","floor":6,"key":"SMITH"},{"floor":8,"key":"REST"},{"data":"Defragment","floor":11,"key":"SMITH"},{"floor":15,"key":"REST"},{"floor":23,"key":"REST"},{"floor":27,"key":"REST"},{"floor":32,"key":"REST"}],"circlet_count":0,"master_deck":["AscendersBane","Strike_B","Strike_B","Strike_B","Defend_B","Defend_B","Defend_B","Defend_B","Zap","Dualcast","Ball Lightning","Doom and Gloom","Static Discharge+1","Beam Cell","Defragment+1","Reinforced Body","Ball Lightning","Undo","Static Discharge","Core Surge","Rip and Tear","Chill","Consume","Capacitor","Reinforced Body","Turbo","BootSequence"],"relics":["Cracked Core","NeowsBlessing","Regal Pillow","Pantograph","Shuriken","Bag of Marbles","Vajra","Cursed Key","InkBottle","Cables","Toolbox"],"acts_visited":["Exordium","TheCity"],"potions_floor_usage":[14,18,21,25,25,25,33,33],"damage_taken":[{"damage":0,"enemies":"Cultist","floor":1,"turns":1},{"damage":0,"enemies":"2 Louse","floor":2,"turns":1},{"damage":0,"enemies":"Small Slimes","floor":3,"turns":1},{"damage":9,"enemies":"Red Slaver","floor":4,"turns":4},{"damage":20,"enemies":"Lagavulin","floor":7,"turns":4},{"damage":30,"enemies":"3 Sentries","floor":10,"turns":4},{"damage":18,"enemies":"Lots of Slimes","floor":12,"turns":4},{"damage":8,"enemies":"Blue Slaver","floor":13,"turns":3},{"damage":8,"enemies":"Gremlin Nob","floor":14,"turns":3},{"damage":7,"enemies":"The Guardian","floor":16,"turns":7},{"damage":18,"enemies":"3 Byrds","floor":18,"turns":2},{"damage":2,"enemies":"Chosen","floor":20,"turns":4},{"damage":23,"enemies":"Shelled Parasite and Fungi","floor":21,"turns":4},{"damage":10,"enemies":"Sentry and Sphere","floor":22,"turns":4},{"damage":29,"enemies":"Gremlin Leader","floor":25,"turns":4},{"damage":33,"enemies":"Centurion and Healer","floor":29,"turns":5},{"damage":18,"enemies":"Snecko","floor":31,"turns":3},{"damage":69,"enemies":"Automaton","floor":33,"turns":8}],"seed_played":"7911934840414732202","potions_obtained":[{"floor":4,"key":"LiquidBronze"},{"floor":7,"key":"Weak Potion"},{"floor":16,"key":"EssenceOfSteel"},{"floor":19,"key":"SteroidPotion"},{"floor":21,"key":"EntropicBrew"},{"floor":22,"key":"ColorlessPotion"},{"floor":29,"key":"AttackPotion"}],"is_trial":false,"path_per_floor":["M","M","M","M","$","R","E","R","T","E","R","M","M","E","R","B",null,"M","?","M","M","M","R","$","E","T","R","?","M","$","M","R","B"],"character_chosen":"DEFECT","items_purchased":["Regal Pillow","Capacitor","Toolbox","Turbo"],"campfire_rested":5,"item_purchase_floors":[5,24,30,30],"current_hp_per_floor":[64,64,64,55,55,55,35,71,71,41,41,23,15,7,43,61,69,51,51,49,26,16,52,52,23,23,59,59,26,26,8,44,0,0],"gold":38,"neow_bonus":"THREE_ENEMY_KILL","is_daily":false,"chose_seed":false,"campfire_upgraded":2,"win_rate":0.0,"timestamp":1613037789,"path_taken":["M","M","?","M","$","R","E","R","T","E","R","M","?","E","R","BOSS","M","?","?","M","?","R","$","E","T","R","?","?","?","M","R","BOSS"],"items_purchased_type":["Relic","Card","Relic","Card"],"build_version":"2020-12-22","purchased_purges":1,"victory":false,"max_hp_per_floor":[71,71,71,71,71,71,71,71,71,71,71,71,71,71,71,71,71,71,71,71,71,71,71,71,71,71,71,71,71,71,71,71,71,71],"card_choices":[{"not_picked":["Beam Cell","Streamline"],"picked":"Ball Lightning","floor":1},{"not_picked":["Coolheaded","Redo"],"picked":"Doom and Gloom","floor":2},{"not_picked":["Tempest","FTL"],"picked":"Static Discharge","floor":3},{"not_picked":["Recycle","Scrape"],"picked":"Beam Cell","floor":4},{"not_picked":["Biased Cognition","Seek"],"picked":"Defragment","floor":7},{"not_picked":["Rip and Tear","Reboot"],"picked":"Reinforced Body","floor":10},{"not_picked":["Storm","Redo"],"picked":"Ball Lightning","floor":12},{"not_picked":["Steam","Storm"],"picked":"Undo","floor":13},{"not_picked":["Melter","Steam"],"picked":"Static Discharge","floor":14},{"not_picked":["Machine Learning","All For One"],"picked":"Core Surge","floor":16},{"not_picked":["Go for the Eyes","Reprogram+1"],"picked":"Rip and Tear","floor":18},{"not_picked":["Rip and Tear","Self Repair"],"picked":"Chill","floor":20},{"not_picked":["Blizzard","Lockon+1"],"picked":"Consume","floor":21},{"not_picked":["Streamline","Aggregate","Darkness"],"picked":"SKIP","floor":22},{"not_picked":["Streamline","Aggregate","Darkness"],"picked":"SKIP","floor":22},{"not_picked":["Reprogram","Streamline"],"picked":"Reinforced Body","floor":25},{"not_picked":["Recycle","Reinforced Body","Rebound"],"picked":"SKIP","floor":29},{"not_picked":["Force Field","Compile Driver"],"picked":"BootSequence","floor":31}],"player_experience":2238169,"relics_obtained":[{"floor":7,"key":"Pantograph"},{"floor":9,"key":"Shuriken"},{"floor":10,"key":"Bag of Marbles"},{"floor":14,"key":"Vajra"},{"floor":25,"key":"InkBottle"},{"floor":26,"key":"Cables"}],"event_choices":[{"damage_healed":0,"gold_gain":0,"player_choice":"Bought 1 Potion","damage_taken":0,"max_hp_gain":0,"max_hp_loss":0,"event_name":"The Woman in Blue","floor":19,"gold_loss":0},{"cards_removed":["Pain"],"damage_healed":0,"gold_gain":0,"player_choice":"Removed Curses","damage_taken":0,"max_hp_gain":0,"max_hp_loss":0,"event_name":"Fountain of Cleansing","floor":28,"gold_loss":0}],"is_beta":false,"boss_relics":[{"not_picked":["Runic Dome","SacredBark"],"picked":"Cursed Key"}],"items_purged_floors":[24],"is_endless":false,"potions_floor_spawned":[4,7,10,13,16,21,22,29],"killed_by":"Automaton","ascension_level":20}}