{"host":"j5j96s76v36ug78u","time":1613046129,"event":{"mods":["BaseMod","Better Third Choice","Downfall","Highlight Path","Minty Spire (QoL Compilation)","Reliquary","StSLib"],"gold_per_floor":[99,110,120,120,140,140,140,140,25,44,69,69,69,169,181,280,280,280,292,306,306,5,5,5,5,5,25,42,42,62,88,104,209,209,109,128,178,178,453,471,471,487,515,370,170,205,205,159,175,175,175,175],"floor_reached":50,"language":"ENG","playtime":4612,"items_purged":["Slimebound:Strike_Slimebound","downfall:Haunted"],"score":645,"play_id":"e04c6b54-1b46-4aca-886d-a2eaafa5c4a9","local_time":"20210211092209","is_ascension_mode":false,"campfire_choices":[{"data":"Slimebound:CorrosiveSpit","floor":1,"key":"SMITH"},{"data":"Slimebound:GoopSpray","floor":6,"key":"SMITH"},{"data":"1","floor":8,"key":"LIFT"},{"data":"2","floor":12,"key":"LIFT"},{"data":"3","floor":18,"key":"LIFT"},{"data":"expansioncontent:QuickStudy","floor":23,"key":"SMITH"},{"data":"Slimebound:OozeBath","floor":29,"key":"SMITH"},{"floor":35,"key":"RECALL"},{"data":"expansioncontent:StudyTheSpire","floor":45,"key":"SMITH"},{"data":"Slimebound:SelfFormingGoo","floor":47,"key":"SMITH"}],"circlet_count":0,"master_deck":["Slimebound:Strike_Slimebound","Slimebound:Defend_Slimebound","Slimebound:Defend_Slimebound","Slimebound:Defend_Slimebound","Slimebound:Split","Slimebound:CorrosiveSpit+1","Slimebound:GoopSpray+1","Slimebound:AcidTongue+1","Slimebound:GoopSpray","Slimebound:SelfFormingGoo+1","Slimebound:SamplingLick","Slimebound:HauntingLick","Slimebound:SplitMire","Slimebound:Split","Slimebound:SlimeSpikes","Slimebound:RainOfGoop","Slimebound:LeechLife","Dark Shackles","Slimebound:SplitAcid","Slimebound:Nibble","Slimebound:OozeBath+1","Slimebound:DisruptingSlam+1","Slimebound:LeechEnergy+1","Slimebound:RollThrough+1","Slimebound:SplitMire","Slimebound:ViciousTackle+1","Slimebound:SplitAcid+1","expansioncontent:QuickStudy+1","Slimebound:HauntingLick+1","Slimebound:LeechingTouch","Slimebound:MegaLick","Slimebound:SplitLeeching","Slimebound:SplitLeeching+1","Slimebound:OozeBath","Slimebound:HauntingLick","Slimebound:Equalize+1","expansioncontent:InvincibleStrength","expansioncontent:Hexaburn","expansioncontent:AwakenDeath","Regret","Parasite","Slimebound:Nibble+1","Slimebound:SlimeBarrage+1","expansioncontent:StudyTheSpire+1","expansioncontent:QuickStudy+1","expansioncontent:DashGenerateEvil"],"relics":["Slimebound:AbsorbEndCombat","Girya","Darkstone Periapt","downfall:GremlinSack","Astrolabe","downfall:RedIOU","Gremlin Horn","The Courier","SacredBark","downfall:HeartBlessingGreen","Dead Branch","reliquary:Boomerang","downfall:HeartBlessingRed","downfall:HeartBlessingBlue","reliquary:Sideboard","Nunchaku"],"acts_visited":["Exordium","TheCity","TheBeyond"],"potions_floor_usage":[11,14,14,43,50,50],"damage_taken":[{"damage":4,"enemies":"Cultist","floor":2,"turns":4},{"damage":3,"enemies":"2 Louse","floor":3,"turns":2},{"damage":5,"enemies":"Small Slimes","floor":5,"turns":3},{"damage":0,"enemies":"downfall:FleeingMerchant","floor":9,"turns":4},{"damage":14,"enemies":"3 Louse","floor":10,"turns":5},{"damage":11,"enemies":"3 Sentries","floor":11,"turns":10},{"damage":22,"enemies":"3 Sentries","floor":14,"turns":4},{"damage":5,"enemies":"Gremlin Gang","floor":15,"turns":5},{"damage":35,"enemies":"DF_ARCHETYPE_STREAMLINE","floor":16,"turns":9},{"damage":18,"enemies":"Shell Parasite","floor":19,"turns":4},{"damage":0,"enemies":"Spheric Guardian","floor":20,"turns":3},{"damage":0,"enemies":"downfall:FleeingMerchant","floor":22,"turns":4},{"damage":10,"enemies":"Centurion and Healer","floor":27,"turns":4},{"damage":18,"enemies":"Snake Plant","floor":28,"turns":3},{"damage":6,"enemies":"Cultist and Chosen","floor":30,"turns":4},{"damage":28,"enemies":"Book of Stabbing","floor":31,"turns":5},{"damage":11,"enemies":"Shelled Parasite and Fungi","floor":32,"turns":3},{"damage":4,"enemies":"WA_ARCHETYPE_CALM","floor":33,"turns":8},{"damage":10,"enemies":"3 Darklings","floor":36,"turns":3},{"damage":0,"enemies":"3 Darklings","floor":37,"turns":7},{"damage":7,"enemies":"Orb Walker","floor":40,"turns":2},{"damage":19,"enemies":"Writhing Mass","floor":42,"turns":4},{"damage":43,"enemies":"Giant Head","floor":43,"turns":7},{"damage":0,"enemies":"downfall:FleeingMerchant","floor":44,"turns":4},{"damage":15,"enemies":"Nemesis","floor":46,"turns":5},{"damage":0,"enemies":"downfall:FleeingMerchant","floor":48,"turns":2},{"damage":23,"enemies":"3 Darklings","floor":49,"turns":4},{"damage":168,"enemies":"IC_BLOCK_ARCHETYPE","floor":50,"turns":11}],"seed_played":"-569523650450257843","potions_obtained":[{"floor":3,"key":"Weak Potion"},{"floor":10,"key":"Explosive Potion"},{"floor":11,"key":"FearPotion"},{"floor":19,"key":"PowerPotion"},{"floor":28,"key":"Strength Potion"},{"floor":31,"key":"GamblersBrew"},{"floor":36,"key":"champ:CounterPotion"},{"floor":40,"key":"Dexterity Potion"},{"floor":43,"key":"bronze:BurnAndBuffPotion"}],"is_trial":false,"path_per_floor":["R","M","M","?","M","R","T","R","$","M","E","R","?","?","M","B",null,"R","M","M","?","$","R","T","?","?","M","M","R","M","E","M","B",null,"R","M","?","?","?","M","T","M","E","$","R","E","R","$","M","B"],"character_chosen":"SLIMEBOUND","items_purchased":["Slimebound:SamplingLick","expansioncontent:QuickStudy","expansioncontent:StudyTheSpire","expansioncontent:QuickStudy+1","expansioncontent:DashGenerateEvil","Nunchaku"],"campfire_rested":0,"item_purchase_floors":[9,22,44,48,48,48],"current_hp_per_floor":[71,69,70,70,67,67,67,67,71,63,60,60,57,51,50,75,77,77,76,77,77,77,77,77,77,77,77,77,77,77,55,71,77,77,77,75,77,67,73,78,78,73,44,64,74,67,67,69,82,0,0,0],"gold":175,"neow_bonus":"TEN_PERCENT_HP_BONUS","is_daily":false,"chose_seed":false,"campfire_upgraded":6,"win_rate":0.0,"timestamp":1613046129,"path_taken":["R","M","?","?","M","R","T","R","$","?","E","R","?","?","M","BOSS","R","M","?","?","$","R","T","?","?","M","M","R","M","E","M","BOSS","R","M","?","?","?","M","T","?","E","$","R","E","R","?","M","BOSS"],"items_purchased_type":["Card","Card","Card","Card","Card","Relic"],"build_version":"2020-12-22","purchased_purges":2,"victory":false,"max_hp_per_floor":[71,71,71,71,71,71,71,71,71,71,71,71,71,77,77,77,77,77,77,77,77,77,77,77,77,77,77,77,77,77,77,77,77,77,77,77,77,77,83,83,83,89,89,89,99,99,99,99,99,99,99,99],"card_choices":[{"not_picked":["Slimebound:PressTheAttack","Slimebound:Schlurp"],"picked":"Slimebound:GoopSpray","floor":2},{"not_picked":["Slimebound:Schlurp","Slimebound:SplitBruiser"],"picked":"Slimebound:AcidTongue","floor":3},{"not_picked":["Slimebound:SlimeSpikes","Slimebound:SplitBruiser"],"picked":"Slimebound:GoopSpray","floor":5},{"not_picked":["Slimebound:SplitMire","Slimebound:FinishingTackle"],"picked":"Slimebound:SelfFormingGoo","floor":9},{"not_picked":["Slimebound:GoopTackle","Slimebound:PressTheAttack"],"picked":"Slimebound:HauntingLick","floor":10},{"not_picked":["Slimebound:LeechEnergy","Slimebound:Prepare"],"picked":"Slimebound:SplitMire","floor":11},{"not_picked":["Slimebound:SlimeBarrage","Slimebound:LivingWall"],"picked":"Slimebound:SplitAcid","floor":14},{"not_picked":["Slimebound:WasteNot","Slimebound:Schlurp"],"picked":"Slimebound:Nibble","floor":15},{"not_picked":["Slimebound:MassFeed","Slimebound:DuplicatedForm"],"picked":"Slimebound:OozeBath","floor":16},{"not_picked":["Slimebound:LevelUp","Slimebound:FinishingTackle"],"picked":"Slimebound:SplitMire","floor":19},{"not_picked":["Slimebound:LeechingTouch","Slimebound:RollThrough"],"picked":"Slimebound:ViciousTackle+1","floor":20},{"not_picked":["Slimebound:HauntingLick","Slimebound:SlimeSlap"],"picked":"Slimebound:SplitAcid+1","floor":22},{"not_picked":["Slimebound:SplitMire","Slimebound:SplitBruiser"],"picked":"Slimebound:HauntingLick+1","floor":27},{"not_picked":["Slimebound:SplitAcid","Slimebound:Grow"],"picked":"Slimebound:LeechingTouch","floor":28},{"not_picked":["Slimebound:ProtectTheBoss","Slimebound:RollThrough"],"picked":"Slimebound:MegaLick","floor":30},{"not_picked":["Slimebound:BestDefense","Slimebound:Chomp"],"picked":"Slimebound:SplitLeeching","floor":31},{"not_picked":["Slimebound:GoopTackle+1","Slimebound:SplitBruiser"],"picked":"Slimebound:SplitLeeching+1","floor":32},{"not_picked":["Slimebound:DouseInSlime","Slimebound:MinionMaster"],"picked":"Slimebound:OozeBath","floor":33},{"not_picked":["Slimebound:ComboTackle+1","Slimebound:SpikyOuterGoop"],"picked":"Slimebound:HauntingLick","floor":36},{"not_picked":["Slimebound:LeechingTouch","Slimebound:ForwardTackle+1"],"picked":"Slimebound:Equalize+1","floor":37},{"not_picked":["expansioncontent:PolyBeam","expansioncontent:LastStand"],"picked":"expansioncontent:InvincibleStrength","floor":38},{"not_picked":["expansioncontent:InvincibleStrength","expansioncontent:HyperBeam"],"picked":"expansioncontent:Hexaburn","floor":38},{"not_picked":["expansioncontent:Chronoboost","expansioncontent:Hexaburn"],"picked":"expansioncontent:AwakenDeath","floor":38},{"not_picked":["Slimebound:SlimeSpikes+1","Slimebound:LeechingTouch+1","Slimebound:RainOfGoop"],"picked":"SKIP","floor":40},{"not_picked":["Slimebound:TongueLash","Slimebound:Chomp+1"],"picked":"Slimebound:Nibble+1","floor":42},{"not_picked":["Slimebound:SplitBruiser","Slimebound:SelfFormingGoo","Slimebound:GrowthPunch+1"],"picked":"SKIP","floor":43},{"not_picked":["Slimebound:SlimeSpikes+1","Slimebound:FinishingTackle+1"],"picked":"Slimebound:SlimeBarrage+1","floor":44},{"not_picked":["Slimebound:LeechEnergy","Slimebound:RollThrough"],"picked":"Slimebound:SlimeSpikes+1","floor":46},{"not_picked":["Slimebound:SplitLeeching+1","Slimebound:RollThrough"],"picked":"Slimebound:SlimeBrawl+1","floor":48},{"not_picked":["Slimebound:Equalize+1","Slimebound:DouseInSlime"],"picked":"Slimebound:Schlurp+1","floor":49}],"player_experience":160218,"relics_obtained":[{"floor":7,"key":"Girya"},{"floor":11,"key":"Blood Vial"},{"floor":14,"key":"downfall:GremlinSack"},{"floor":24,"key":"Gremlin Horn"},{"floor":31,"key":"The Courier"},{"floor":37,"key":"Dead Branch"},{"floor":43,"key":"reliquary:Boomerang"},{"floor":46,"key":"reliquary:Sideboard"}],"event_choices":[{"damage_healed":0,"gold_gain":0,"player_choice":"Forge","damage_taken":0,"max_hp_gain":0,"max_hp_loss":0,"event_name":"Accursed Blacksmith","floor":4,"gold_loss":0,"cards_upgraded":["Slimebound:AcidTongue"]},{"damage_healed":0,"gold_gain":0,"player_choice":"Success","damage_taken":3,"relics_obtained":["Darkstone Periapt"],"max_hp_gain":0,"max_hp_loss":0,"event_name":"Scrap Ooze","floor":13,"gold_loss":0}],"is_beta":false,"boss_relics":[{"not_picked":["Tiny House","reliquary:WritOfMandamus"],"picked":"Astrolabe"},{"not_picked":["reliquary:Ember","bronze:MakeshiftBattery"],"picked":"SacredBark"}],"items_purged_floors":[9,22],"is_endless":false,"potions_floor_spawned":[3,10,11,19,28,31,36,40,43,46,49],"killed_by":"IC_BLOCK_ARCHETYPE","ascension_level":0}}