{"host":"p7cjtxxrilhp4dw7","time":1613071858,"event":{"mods":["BaseMod","Block Reminder","Colored Map","Curses Come First","Highlight Path","Minty Spire (QoL Compilation)","Replay The Spire","StSLib"],"gold_per_floor":[119,136,152,152,167,192,208,208,232,232,257,289,301,313,325,337,337],"floor_reached":16,"language":"ENG","playtime":3059,"items_purged":[],"score":190,"play_id":"1617a3ac-d0d7-43b6-8d14-86989db4a95d","local_time":"20210211123058","is_ascension_mode":true,"campfire_choices":[{"floor":8,"key":"REST"},{"floor":10,"key":"REST"},{"floor":15,"key":"DIG"}],"circlet_count":0,"master_deck":["AscendersBane","Strike_B","Strike_B","Strike_B","Strike_B","Defend_B","Defend_B","Defend_B","Defend_B","Zap","Dualcast","Steam","Ball Lightning","Conserve Battery","Gash","Scrape"],"relics":["Cracked Core","Replay:Mystery Machine","Nunchaku","Blood Vial","Juzu Bracelet","MawBank","Potion Belt"],"acts_visited":["Exordium"],"potions_floor_usage":[6,6,16],"damage_taken":[{"damage":1,"enemies":"Cultist","floor":1,"turns":4},{"damage":0,"enemies":"2 Louse","floor":2,"turns":3},{"damage":0,"enemies":"Small Slimes","floor":3,"turns":3},{"damage":2,"enemies":"Blue Slaver","floor":5,"turns":3},{"damage":20,"enemies":"3 Sentries","floor":6,"turns":6},{"damage":13,"enemies":"Exordium Thugs","floor":7,"turns":5},{"damage":17,"enemies":"Lagavulin","floor":11,"turns":7},{"damage":3,"enemies":"3 Louse","floor":12,"turns":3},{"damage":61,"enemies":"Slime Boss","floor":16,"turns":11}],"seed_played":"8404821732894500440","potions_obtained":[{"floor":1,"key":"Explosive Potion"},{"floor":3,"key":"Adrenaline Potion"},{"floor":11,"key":"Block Potion"}],"is_trial":false,"path_per_floor":["M","M","M","?","M","E","M","R","T","R","E","M","$","?","R_BF","B"],"character_chosen":"DEFECT","items_purchased":[],"campfire_rested":2,"item_purchase_floors":[],"current_hp_per_floor":[63,63,63,56,54,34,23,44,44,65,50,49,49,49,49,0,0],"gold":337,"neow_bonus":"RANDOM_COMMON_RELIC","is_daily":false,"chose_seed":false,"campfire_upgraded":0,"win_rate":0.0,"timestamp":1613071858,"path_taken":["M","M","?","?","M","E","M","R","T","R","E","M","$","?","R_BF","BOSS"],"items_purchased_type":[],"build_version":"2020-12-22","purchased_purges":0,"victory":false,"max_hp_per_floor":[71,71,71,71,71,71,71,71,71,71,71,71,71,71,71,71,71],"card_choices":[{"not_picked":["Heatsinks","Recycle"],"picked":"Steam","floor":1},{"not_picked":["Force Field","Reinforced Body"],"picked":"Ball Lightning","floor":2},{"not_picked":["Reinforced Body","Undo","Skim"],"picked":"SKIP","floor":3},{"not_picked":["Compile Driver","Aggregate","Barrage"],"picked":"SKIP","floor":5},{"not_picked":["Rebound","Panic Button"],"picked":"Conserve Battery","floor":6},{"not_picked":["Stack","Buffer"],"picked":"Gash","floor":7},{"not_picked":["Storm","Recycle","Leap"],"picked":"SKIP","floor":11},{"not_picked":["Steam","Hologram"],"picked":"Scrape","floor":12}],"player_experience":624853,"relics_obtained":[{"floor":6,"key":"Blood Vial"},{"floor":9,"key":"Juzu Bracelet"},{"floor":11,"key":"MawBank"},{"floor":15,"key":"Potion Belt"}],"event_choices":[{"damage_healed":0,"gold_gain":0,"player_choice":"Success","damage_taken":7,"relics_obtained":["Nunchaku"],"max_hp_gain":0,"max_hp_loss":0,"event_name":"Scrap Ooze","floor":4,"gold_loss":0},{"damage_healed":0,"gold_gain":0,"player_choice":"Ignored","damage_taken":0,"max_hp_gain":0,"max_hp_loss":0,"event_name":"Golden Wing","floor":14,"gold_loss":0}],"is_beta":false,"boss_relics":[],"items_purged_floors":[],"is_endless":false,"potions_floor_spawned":[1,3,5,11],"killed_by":"Slime Boss","ascension_level":14}}