{"host":"kh6fvhxn285ncg0o","time":1613059091,"event":{"mods":["Act Like it!","BaseMod","Colored Map","Friendly Minions","Keyboard Shortcuts","Minty Spire (QoL Compilation)","Quick Restart","Relic Stats","StSLib","SuperFastMode","UnlockEverythingMod"],"gold_per_floor":[117,117,117,128,203,203,233,233,233,233,254,268,268,299,299,299,299],"floor_reached":16,"language":"KOR","playtime":1329,"items_purged":[],"score":266,"play_id":"7bdeff07-3185-4a9b-88c9-d9cecba3306e","local_time":"20210212005811","is_ascension_mode":true,"campfire_choices":[{"data":"Sever Soul","floor":6,"key":"SMITH"},{"data":"Hemokinesis","floor":8,"key":"SMITH"},{"data":"Inflame","floor":15,"key":"SMITH"}],"circlet_count":0,"master_deck":["AscendersBane","Strike_R","Strike_R","Strike_R+1","Strike_R","Defend_R","Defend_R","Defend_R+1","Defend_R","Bash","Metallicize","Sever Soul+1","Hemokinesis+1","Dark Embrace","Feel No Pain","Inflame+1"],"relics":["Burning Blood","Happy Flower","Blue Candle","Prayer Wheel","Golden Idol","PreservedInsect"],"acts_visited":["Exordium"],"potions_floor_usage":[14,14],"damage_taken":[{"damage":8.0,"enemies":"Small Slimes","floor":1.0,"turns":3.0},{"damage":1.0,"enemies":"Jaw Worm","floor":4.0,"turns":4.0},{"damage":29,"enemies":"Lagavulin","floor":7,"turns":6},{"damage":2,"enemies":"2 Louse","floor":11,"turns":4},{"damage":3,"enemies":"Exordium Wildlife","floor":12,"turns":4},{"damage":4,"enemies":"3 Sentries","floor":14,"turns":8},{"damage":44,"enemies":"Hexaghost","floor":16,"turns":9}],"seed_played":"-2455465802490537745","potions_obtained":[{"floor":7,"key":"Ancient Potion"},{"floor":11,"key":"DistilledChaos"},{"floor":12,"key":"Block Potion"}],"is_trial":false,"path_per_floor":["M","?","?","M","?","R","E","R","T","?","M","M","?","E","R","B"],"character_chosen":"IRONCLAD","items_purchased":[],"campfire_rested":0,"item_purchase_floors":[],"current_hp_per_floor":[66,43,68,73,62,62,39,39,39,39,43,46,39,41,41,0,0],"gold":299,"neow_bonus":"RANDOM_COMMON_RELIC","is_daily":false,"chose_seed":false,"campfire_upgraded":3,"win_rate":0.0,"timestamp":1613059091,"path_taken":["M","?","?","M","?","R","E","R","T","?","M","?","?","E","R","BOSS"],"items_purchased_type":[],"build_version":"2020-12-22","purchased_purges":0,"victory":false,"max_hp_per_floor":[75,75,75,75,75,75,75,75,75,68,68,68,68,68,68,68,68],"relic_stats":{"Happy Flower":[12],"counters":[7,38],"Golden Idol":13,"Blue Candle":[0],"Prayer Wheel":2,"PreservedInsect":0,"obtain_stats":[{"Happy Flower":0,"Golden Idol":10,"Blue Candle":7,"Prayer Wheel":9,"PreservedInsect":14,"Burning Blood":0},{"Happy Flower":0,"Golden Idol":3,"Blue Candle":3,"Prayer Wheel":3,"PreservedInsect":6,"Burning Blood":0},{"Happy Flower":0,"Golden Idol":13,"Blue Candle":13,"Prayer Wheel":13,"PreservedInsect":29,"Burning Blood":0}],"Burning Blood":36},"card_choices":[{"not_picked":["True Grit","Twin Strike"],"picked":"Metallicize","floor":1.0},{"not_picked":["Pommel Strike","Shrug It Off"],"picked":"Sever Soul","floor":4},{"not_picked":["Headbutt","Flex"],"picked":"Hemokinesis","floor":7},{"not_picked":["Cleave","Reaper"],"picked":"Dark Embrace","floor":11},{"not_picked":["Thunderclap","Warcry","Wild Strike"],"picked":"SKIP","floor":11},{"not_picked":["Reckless Charge","Dropkick"],"picked":"Feel No Pain","floor":12},{"not_picked":["Clash","Headbutt","True Grit"],"picked":"SKIP","floor":12},{"not_picked":["Intimidate","Sword Boomerang"],"picked":"Inflame","floor":14}],"player_experience":1372516,"relics_obtained":[{"floor":7,"key":"Blue Candle"},{"floor":9,"key":"Prayer Wheel"},{"floor":14,"key":"PreservedInsect"}],"event_choices":[{"damage_healed":0.0,"max_hp_gain":0.0,"max_hp_loss":0.0,"gold_gain":0.0,"event_name":"Shining Light","player_choice":"Entered Light","floor":2.0,"gold_loss":0.0,"damage_taken":23.0,"cards_upgraded":["Defend_R","Strike_R"]},{"damage_healed":25.0,"max_hp_gain":0.0,"max_hp_loss":0.0,"gold_gain":0.0,"event_name":"Big Fish","player_choice":"Banana","floor":3.0,"gold_loss":0.0,"damage_taken":0.0},{"damage_healed":0,"gold_gain":75,"player_choice":"Gather Gold","damage_taken":11,"max_hp_gain":0,"max_hp_loss":0,"event_name":"World of Goop","floor":5,"gold_loss":0},{"damage_healed":0,"gold_gain":0,"player_choice":"Lose Max HP","damage_taken":0,"relics_obtained":["Golden Idol"],"max_hp_gain":0,"max_hp_loss":7,"event_name":"Golden Idol","floor":10,"gold_loss":0},{"cards_removed":["Strike_R"],"damage_healed":0,"gold_gain":0,"player_choice":"Card Removal","damage_taken":7,"max_hp_gain":0,"max_hp_loss":0,"event_name":"Golden Wing","floor":13,"gold_loss":0}],"is_beta":false,"boss_relics":[],"items_purged_floors":[],"is_endless":false,"potions_floor_spawned":[7,11,12],"killed_by":"Hexaghost","ascension_level":20}}