{"host":"l017gercouzhorma","time":1613024579,"event":{"mods":["AchievementEnabler","Aspiration","BaseMod","Challenge The Spire","Conspire","Downfall","Halation","Hermit","Hubris","Infinite Spire","Jorbs\u0027s Wanderer Trilogy","Mad Scientist","Marisa????????","Mimic Mod","Minty Spire (QoL Compilation)","Random Character Button","Rare Cards Sparkle","Relic Stats","Replay The Spire","Shade Mod","StSLib","The Cursed","The Disciple","The Hierophant","The Jungle","The Runesmith","The Servant 0.9.4"],"gold_per_floor":[115,126,7,19,33,66,66,86,133,143,143,143],"floor_reached":11,"language":"ENG","playtime":617,"items_purged":[],"score":81,"play_id":"232297f3-c682-4fc8-a9d9-bb9d9c806fea","local_time":"20210210232259","is_ascension_mode":true,"campfire_choices":[{"data":"TheCursedMod:HellfireBreathing","floor":7,"key":"SMITH"}],"circlet_count":0,"master_deck":["TheCursedMod:Strike_TheCursed","TheCursedMod:Strike_TheCursed","TheCursedMod:Strike_TheCursed","TheCursedMod:Strike_TheCursed","TheCursedMod:Defend_TheCursed","TheCursedMod:Defend_TheCursed","TheCursedMod:Defend_TheCursed","TheCursedMod:Defend_TheCursed","TheCursedMod:CursedWand","TheCursedMod:CleanUpWorkshop","TheCursedMod:Dregs","TheCursedMod:HellfireBreathing+1","TheCursedMod:Wield","TheCursedMod:CursedBlade","TheCursedMod:EmpowerCircles","TheCursedMod:CursedBlade","TheCursedMod:CursedAmulet","TheCursedMod:CircleOfWindfury","TheCursedMod:CircleOfBlood","TheCursedMod:CircleOfCorruption"],"relics":["TheCursedMod:BlackMagic101","infinitespire:FocusingShard","Akabeko"],"acts_visited":["Exordium"],"potions_floor_usage":[6,10,11],"damage_taken":[{"damage":3,"enemies":"Jaw Worm","floor":1,"turns":4},{"damage":1,"enemies":"conspire:RoseBush","floor":2,"turns":4},{"damage":0,"enemies":"2 Louse","floor":4,"turns":2},{"damage":19,"enemies":"2 Fungi Beasts","floor":5,"turns":4},{"damage":17,"enemies":"Gremlin Nob","floor":6,"turns":5},{"damage":17,"enemies":"Blue Slaver","floor":8,"turns":4},{"damage":1,"enemies":"conspire:2 RoseBushes","floor":10,"turns":2},{"damage":15,"enemies":"Lagavulin","floor":11,"turns":3}],"seed_played":"-5268995402597417796","potions_obtained":[{"floor":4,"key":"Adrenaline Potion"},{"floor":6,"key":"Toxic Potion"},{"floor":10,"key":"sneckomod:MuddlingPotion"}],"is_trial":false,"path_per_floor":["M","M","$","M","M","E","R","M","T","M","E"],"character_chosen":"THE_CURSED","items_purchased":["TheCursedMod:EmpowerCircles","TheCursedMod:CursedBlade"],"campfire_rested":0,"item_purchase_floors":[3,3],"current_hp_per_floor":[72,71,71,71,52,35,35,18,18,17,4,4],"gold":143,"neow_bonus":"THREE_CARDS","is_daily":false,"chose_seed":false,"campfire_upgraded":1,"win_rate":0.0,"timestamp":1613024579,"path_taken":["M","M","$","M","M","E","R","M","T","M","E"],"items_purchased_type":["Card","Card"],"build_version":"2020-12-22","purchased_purges":0,"victory":false,"max_hp_per_floor":[75,75,75,75,75,75,75,75,75,75,75,75],"relic_stats":{"counters":[8,24],"obtain_stats":[{"TheCursedMod:BlackMagic101":0,"infinitespire:FocusingShard":6,"Akabeko":9},{"TheCursedMod:BlackMagic101":0,"infinitespire:FocusingShard":5,"Akabeko":6},{"TheCursedMod:BlackMagic101":0,"infinitespire:FocusingShard":16,"Akabeko":19}]},"card_choices":[{"not_picked":["TheCursedMod:Wield","TheCursedMod:ReleasedStrength"],"picked":"TheCursedMod:HellfireBreathing","floor":0},{"not_picked":["TheCursedMod:CircleOfCorruption","TheCursedMod:RapidMovement"],"picked":"TheCursedMod:Wield","floor":1},{"not_picked":["TheCursedMod:SpitefulStrike","TheCursedMod:AbyssShockwave"],"picked":"TheCursedMod:CursedBlade","floor":2},{"not_picked":["TheCursedMod:FuryStrike","TheCursedMod:Stigma","TheCursedMod:RapidMovement"],"picked":"SKIP","floor":4},{"not_picked":["TheCursedMod:CursedBlade","TheCursedMod:CircleOfCorruption"],"picked":"TheCursedMod:CursedAmulet","floor":5},{"not_picked":["TheCursedMod:Mangle","TheCursedMod:DemonicPact"],"picked":"TheCursedMod:CircleOfWindfury","floor":6},{"not_picked":["TheCursedMod:EmpowerCircles","TheCursedMod:FuryStrike"],"picked":"TheCursedMod:CircleOfBlood","floor":8},{"not_picked":["TheCursedMod:Stretching","TheCursedMod:RapidMovement"],"picked":"TheCursedMod:CircleOfCorruption","floor":10}],"player_experience":838011,"relics_obtained":[{"floor":6,"key":"infinitespire:FocusingShard"},{"floor":9,"key":"Akabeko"}],"event_choices":[],"is_beta":false,"boss_relics":[],"items_purged_floors":[],"is_endless":false,"potions_floor_spawned":[4,6,10],"killed_by":"Lagavulin","ascension_level":1}}