{"host":"zsnmfqgcm92hlreo","time":1613013576,"event":{"mods":["AchievementEnabler","BaseMod","Bestiary","Block Reminder","Colored Map","Colored Powertips","Filter the Spire","Minty Spire (QoL Compilation)","Permanent Neow","Quick Restart","Relic Stats","StSLib","Weighted Paths"],"gold_per_floor":[109,125,125,135,145,175,195,195,220,250,262,262,296,313,313,389,389,404,415,431,447,240,240,272,272,298,323,323,323,323,354,354,428,428,447,447,244,256,270,270,220,255,335,335,364,376,425,445,445,445,445,445,445,86,116,116,116],"floor_reached":56,"language":"ENG","playtime":2085,"items_purged":["Strike_R","Strike_R","Strike_R","Strike_R"],"score":2049,"play_id":"d8871b15-80e4-4336-815c-faad019000fd","local_time":"20210210211936","is_ascension_mode":true,"campfire_choices":[{"floor":8.0,"key":"REST"},{"data":"Pommel Strike","floor":12.0,"key":"SMITH"},{"data":"Carnage","floor":15.0,"key":"SMITH"},{"floor":23.0,"key":"REST"},{"floor":25.0,"key":"REST"},{"data":"Heavy Blade","floor":30.0,"key":"SMITH"},{"data":"Heavy Blade","floor":32.0,"key":"SMITH"},{"floor":40.0,"key":"RECALL"},{"data":"Dual Wield","floor":49,"key":"SMITH"},{"data":"Heavy Blade","floor":53,"key":"SMITH"}],"circlet_count":0,"master_deck":["AscendersBane","Strike_R","Defend_R","Defend_R","Defend_R","Defend_R","Bash+1","Heavy Blade+1","Carnage+1","Exhume","Feel No Pain","Pommel Strike+1","Body Slam","Bludgeon","Battle Trance","Dual Wield+1","Heavy Blade+1","Limit Break","Twin Strike","Whirlwind","Reaper","Reaper","Heavy Blade+1","Heavy Blade","Mayhem","Heavy Blade+1","Shrug It Off+1","Dark Embrace"],"relics":["Snecko Eye","Toy Ornithopter","Anchor","Smiling Mask","Orichalcum","Sozu","Brimstone","Centennial Puzzle","Nunchaku","StrikeDummy","Ornamental Fan","Philosopher\u0027s Stone","Blood Vial","Pantograph","FossilizedHelix","Pear","Letter Opener"],"acts_visited":["Exordium","TheCity","TheBeyond","TheEnding"],"potions_floor_usage":[],"damage_taken":[{"damage":3.0,"enemies":"2 Louse","floor":1.0,"turns":3.0},{"damage":0.0,"enemies":"Cultist","floor":2.0,"turns":2.0},{"damage":0.0,"enemies":"Small Slimes","floor":4.0,"turns":2.0},{"damage":6.0,"enemies":"3 Louse","floor":5.0,"turns":2.0},{"damage":8.0,"enemies":"Gremlin Nob","floor":6.0,"turns":3.0},{"damage":16.0,"enemies":"Blue Slaver","floor":7.0,"turns":4.0},{"damage":15.0,"enemies":"3 Sentries","floor":10.0,"turns":8.0},{"damage":9.0,"enemies":"Lots of Slimes","floor":11.0,"turns":4.0},{"damage":6.0,"enemies":"Gremlin Nob","floor":13.0,"turns":3.0},{"damage":3.0,"enemies":"3 Louse","floor":14.0,"turns":4.0},{"damage":54.0,"enemies":"Slime Boss","floor":16.0,"turns":8.0},{"damage":0.0,"enemies":"Spheric Guardian","floor":18.0,"turns":2.0},{"damage":7.0,"enemies":"2 Thieves","floor":19.0,"turns":3.0},{"damage":6.0,"enemies":"Cultist and Chosen","floor":20.0,"turns":3.0},{"damage":10.0,"enemies":"Centurion and Healer","floor":21.0,"turns":4.0},{"damage":19.0,"enemies":"Book of Stabbing","floor":24.0,"turns":3.0},{"damage":0.0,"enemies":"Gremlin Leader","floor":27.0,"turns":3.0},{"damage":7.0,"enemies":"Slavers","floor":31.0,"turns":2.0},{"damage":19.0,"enemies":"Champ","floor":33.0,"turns":4.0},{"damage":24.0,"enemies":"3 Darklings","floor":35.0,"turns":4.0},{"damage":3.0,"enemies":"Orb Walker","floor":38.0,"turns":2.0},{"damage":0.0,"enemies":"Transient","floor":39.0,"turns":6.0},{"damage":45.0,"enemies":"Reptomancer","floor":42.0,"turns":3.0},{"damage":21,"enemies":"Nemesis","floor":45,"turns":3},{"damage":3,"enemies":"3 Darklings","floor":46,"turns":2},{"damage":0,"enemies":"2 Orb Walkers","floor":47,"turns":2},{"damage":11,"enemies":"4 Shapes","floor":48,"turns":4},{"damage":49,"enemies":"Donu and Deca","floor":50,"turns":5},{"damage":32,"enemies":"Time Eater","floor":51,"turns":4},{"damage":32,"enemies":"Shield and Spear","floor":55,"turns":4},{"damage":88,"enemies":"The Heart","floor":56,"turns":3}],"seed_played":"1721653723595996125","potions_obtained":[{"floor":2.0,"key":"Fire Potion"},{"floor":4.0,"key":"SkillPotion"},{"floor":5.0,"key":"SteroidPotion"},{"floor":7.0,"key":"Regen Potion"},{"floor":13.0,"key":"EntropicBrew"},{"floor":14.0,"key":"BloodPotion"}],"is_trial":false,"path_per_floor":["M","M","?","M","M","E","M","R","T","E","M","R","E","M","R","B",null,"M","M","M","M","$","R","E","R","T","E","?","?","R","E","R","B",null,"M","?","$","M","M","R","$","E","T","?","E","M","?","M","R","B","B",null,"R","$","E","B"],"character_chosen":"IRONCLAD","items_purchased":["Brimstone","Reaper","Pear","Dark Embrace"],"campfire_rested":3,"item_purchase_floors":[22,37,54,54],"current_hp_per_floor":[65,65,65,65,59,51,35,57,57,66,57,57,56,53,53,22,62,62,55,49,39,39,61,42,64,64,64,64,64,64,57,57,38,66,54,54,54,51,75,75,75,70,70,65,52,75,75,75,75,75,43,67,67,77,56,0,0],"gold":116,"neow_bonus":"BOSS_RELIC","is_daily":false,"chose_seed":false,"campfire_upgraded":6,"win_rate":0.0,"timestamp":1613013576,"path_taken":["M","M","?","M","M","E","M","R","T","E","M","R","E","?","R","BOSS","M","M","M","M","$","R","E","R","T","E","?","?","R","E","R","BOSS","M","?","$","?","M","R","$","E","T","?","E","M","?","M","R","BOSS","BOSS","R","$","E","BOSS"],"items_purchased_type":["Relic","Card","Relic","Card"],"build_version":"2020-12-22","purchased_purges":4,"victory":false,"max_hp_per_floor":[75,75,75,75,75,75,75,75,75,75,75,75,75,75,75,75,75,75,75,75,75,75,75,75,75,75,75,75,75,75,75,75,75,75,75,75,75,75,75,75,75,75,75,75,75,75,75,75,75,75,75,75,75,85,85,85,85],"relic_stats":{"counters":[31,109],"Letter Opener":[0],"Orichalcum":[60],"Smiling Mask":250,"Sozu":6,"Blood Vial":8,"Centennial Puzzle":[36],"Nunchaku":[15],"Ornamental Fan":[116],"Pantograph":25,"Snecko Eye":[192,194,182,217],"obtain_stats":[{"Pear":54,"Letter Opener":55,"Orichalcum":13,"Smiling Mask":10,"Burning Blood":0,"Sozu":17,"Blood Vial":42,"Anchor":9,"Centennial Puzzle":24,"Nunchaku":26,"Brimstone":22,"Ornamental Fan":31,"Pantograph":45,"Snecko Eye":0,"Philosopher\u0027s Stone":34,"StrikeDummy":27,"Toy Ornithopter":6,"FossilizedHelix":47},{"Pear":29,"Letter Opener":30,"Orichalcum":9,"Smiling Mask":7,"Burning Blood":0,"Sozu":11,"Blood Vial":23,"Anchor":6,"Centennial Puzzle":16,"Nunchaku":16,"Brimstone":15,"Ornamental Fan":18,"Pantograph":24,"Snecko Eye":0,"Philosopher\u0027s Stone":19,"StrikeDummy":17,"Toy Ornithopter":5,"FossilizedHelix":26},{"Pear":102,"Letter Opener":106,"Orichalcum":31,"Smiling Mask":24,"Burning Blood":0,"Sozu":43,"Blood Vial":82,"Anchor":16,"Centennial Puzzle":58,"Nunchaku":58,"Brimstone":55,"Ornamental Fan":63,"Pantograph":85,"Snecko Eye":0,"Philosopher\u0027s Stone":67,"StrikeDummy":61,"Toy Ornithopter":12,"FossilizedHelix":89}],"Toy Ornithopter":15},"card_choices":[{"not_picked":["Pummel","Havoc"],"picked":"Heavy Blade","floor":1.0},{"not_picked":["Flex","Shrug It Off"],"picked":"Carnage","floor":2.0},{"not_picked":["Thunderclap","Perfected Strike"],"picked":"Exhume","floor":4.0},{"not_picked":["Clash","True Grit","Second Wind"],"picked":"SKIP","floor":5.0},{"not_picked":["Flex","Evolve","Berserk"],"picked":"SKIP","floor":6.0},{"not_picked":["Ghostly Armor","Sword Boomerang"],"picked":"Feel No Pain","floor":7.0},{"not_picked":["Armaments","Combust","Brutality"],"picked":"SKIP","floor":10.0},{"not_picked":["Anger","Body Slam"],"picked":"Pommel Strike","floor":11.0},{"not_picked":["Armaments","Infernal Blade"],"picked":"Body Slam","floor":13.0},{"not_picked":["Clash","Berserk","True Grit"],"picked":"SKIP","floor":14.0},{"not_picked":["Fiend Fire","Juggernaut"],"picked":"Bludgeon","floor":16.0},{"not_picked":["Battle Trance","Headbutt","Havoc"],"picked":"SKIP","floor":18.0},{"not_picked":["Headbutt","Havoc"],"picked":"Battle Trance","floor":18.0},{"not_picked":["Iron Wave","Body Slam"],"picked":"Dual Wield","floor":19.0},{"not_picked":["Burning Pact","Pommel Strike"],"picked":"Heavy Blade","floor":20.0},{"not_picked":["Body Slam","Sword Boomerang"],"picked":"Limit Break","floor":21.0},{"not_picked":["Blood for Blood","Wild Strike"],"picked":"Twin Strike","floor":24.0},{"not_picked":["Rupture","Cleave"],"picked":"Whirlwind","floor":27.0},{"not_picked":["Shrug It Off","Sever Soul","Headbutt"],"picked":"SKIP","floor":31.0},{"not_picked":["Bludgeon","Limit Break"],"picked":"Reaper","floor":33.0},{"not_picked":["Pommel Strike","Headbutt","Wild Strike"],"picked":"SKIP","floor":35.0},{"not_picked":["Searing Blow","Pommel Strike"],"picked":"Heavy Blade+1","floor":38.0},{"not_picked":["Seeing Red","Clash+1","Anger"],"picked":"SKIP","floor":39.0},{"not_picked":["Rage","Thunderclap"],"picked":"Heavy Blade","floor":42.0},{"not_picked":["Flash of Steel","Dramatic Entrance"],"picked":"Mayhem","floor":44},{"not_picked":["Fire Breathing+1","Clothesline"],"picked":"Heavy Blade","floor":45},{"not_picked":["Anger","Inflame"],"picked":"Shrug It Off+1","floor":46},{"not_picked":["Warcry","Havoc","Cleave"],"picked":"SKIP","floor":48},{"not_picked":["Entrench","Anger+1","Thunderclap"],"picked":"SKIP","floor":55}],"player_experience":1078247,"relics_obtained":[{"floor":6.0,"key":"Toy Ornithopter"},{"floor":9.0,"key":"Anchor"},{"floor":10.0,"key":"Smiling Mask"},{"floor":13.0,"key":"Orichalcum"},{"floor":24.0,"key":"Centennial Puzzle"},{"floor":26.0,"key":"Nunchaku"},{"floor":27.0,"key":"StrikeDummy"},{"floor":31.0,"key":"Ornamental Fan"},{"floor":42.0,"key":"Blood Vial"},{"floor":45,"key":"Pantograph"},{"floor":47,"key":"FossilizedHelix"},{"floor":55,"key":"Letter Opener"}],"event_choices":[{"damage_healed":0.0,"max_hp_gain":0.0,"max_hp_loss":0.0,"gold_gain":0.0,"event_name":"Upgrade Shrine","player_choice":"Upgraded","floor":3.0,"gold_loss":0.0,"damage_taken":0.0,"cards_upgraded":["Bash"]},{"damage_healed":0.0,"max_hp_gain":0.0,"max_hp_loss":0.0,"gold_gain":0.0,"event_name":"Forgotten Altar","player_choice":"Smashed Altar","floor":28.0,"gold_loss":0.0,"damage_taken":0.0,"cards_obtained":["Decay"]},{"damage_healed":0.0,"max_hp_gain":0.0,"max_hp_loss":0.0,"gold_gain":0.0,"event_name":"Ghosts","player_choice":"Ignored","floor":29.0,"gold_loss":0.0,"damage_taken":0.0},{"cards_removed":["Decay"],"damage_healed":0.0,"max_hp_gain":0.0,"max_hp_loss":0.0,"gold_gain":0.0,"event_name":"Fountain of Cleansing","player_choice":"Removed Curses","floor":36.0,"gold_loss":0.0,"damage_taken":0.0},{"damage_healed":0,"gold_gain":0,"player_choice":"Memory 2","damage_taken":5,"max_hp_gain":0,"max_hp_loss":0,"event_name":"SensoryStone","floor":44,"gold_loss":0},{"damage_healed":0,"gold_gain":0,"player_choice":"Fight","damage_taken":0,"max_hp_gain":0,"max_hp_loss":0,"event_name":"Mysterious Sphere","floor":47,"gold_loss":0}],"is_beta":false,"boss_relics":[{"not_picked":["SacredBark","Coffee Dripper"],"picked":"Sozu"},{"not_picked":["Empty Cage","Astrolabe"],"picked":"Philosopher\u0027s Stone"}],"items_purged_floors":[22,37,41,54],"is_endless":false,"potions_floor_spawned":[2,4,5,7,13,14,19,20,27,33,35,42],"killed_by":"The Heart","ascension_level":20}}