{"host":"89iuq2p5kwriuwfq","time":1613069096,"event":{"mods":["BaseMod","Curses Come First","Minty Spire (QoL Compilation)","Permanent Neow","StSLib"],"gold_per_floor":[111,124,142,92,104,104,136,136,136,163,176,241,270,270,270,365,365,383,383,399,412,135,135,167,167,167,181,211,228,153,165,165,266,266,278,278,278,289,308,333,333,365,392,392,427,427,446,13,13,13],"floor_reached":51,"language":"ENG","playtime":3174,"items_purged":["Defend_B","Zap"],"score":1371,"play_id":"623faf01-0cd8-4533-b806-407ffcfcfab2","local_time":"20210211184456","is_ascension_mode":true,"campfire_choices":[{"data":"Defragment","floor":6.0,"key":"SMITH"},{"data":"FTL","floor":8.0,"key":"SMITH"},{"data":"FTL","floor":15.0,"key":"SMITH"},{"data":"Fission","floor":23.0,"key":"SMITH"},{"data":"Defend_B","floor":32.0,"key":"PURGE"},{"data":"Strike_B","floor":41.0,"key":"PURGE"},{"data":"Dualcast","floor":44.0,"key":"PURGE"},{"floor":49,"key":"REST"}],"circlet_count":0,"master_deck":["AscendersBane","FTL+1","Defragment+1","FTL+1","Ball Lightning","Cold Snap","Glacier","All For One","Go for the Eyes","All For One","Aggregate","Fission+1","CurseOfTheBell","Capacitor+1","Gash","Beam Cell+1","Buffer","Gash","Gash","Glacier","Loop","Hologram+1","Beam Cell+1","All For One","Hologram","Madness","Madness","Mind Blast","Hologram+1","Defragment+1","Self Repair","All For One","Hologram+1","Ball Lightning","Coolheaded"],"relics":["Cracked Core","DataDisk","Blue Candle","Peace Pipe","Strawberry","Mummified Hand","Calling Bell","Ancient Tea Set","Sundial","Emotion Chip","Nunchaku","Bronze Scales","Meat on the Bone","Omamori","Fusion Hammer","The Courier","MealTicket","Art of War","Bird Faced Urn","Lantern","OrangePellets"],"acts_visited":["Exordium","TheCity","TheBeyond"],"potions_floor_usage":[50,50],"damage_taken":[{"damage":0.0,"enemies":"Small Slimes","floor":1.0,"turns":3.0},{"damage":2.0,"enemies":"Jaw Worm","floor":2.0,"turns":3.0},{"damage":3.0,"enemies":"2 Louse","floor":3.0,"turns":2.0},{"damage":0.0,"enemies":"Large Slime","floor":5.0,"turns":3.0},{"damage":0.0,"enemies":"3 Sentries","floor":7.0,"turns":6.0},{"damage":1.0,"enemies":"Gremlin Nob","floor":10.0,"turns":4.0},{"damage":0.0,"enemies":"Exordium Thugs","floor":11.0,"turns":3.0},{"damage":15.0,"enemies":"Lagavulin Event","floor":12.0,"turns":4.0},{"damage":15.0,"enemies":"Lagavulin","floor":13.0,"turns":4.0},{"damage":15.0,"enemies":"The Guardian","floor":16.0,"turns":10.0},{"damage":3.0,"enemies":"3 Byrds","floor":18.0,"turns":4.0},{"damage":2.0,"enemies":"Shell Parasite","floor":20.0,"turns":5.0},{"damage":4.0,"enemies":"3 Cultists","floor":21.0,"turns":5.0},{"damage":25.0,"enemies":"Slavers","floor":24.0,"turns":6.0},{"damage":12.0,"enemies":"Chosen and Byrds","floor":27.0,"turns":4.0},{"damage":21.0,"enemies":"Gremlin Leader","floor":28.0,"turns":5.0},{"damage":3.0,"enemies":"Snake Plant","floor":29.0,"turns":4.0},{"damage":0.0,"enemies":"3 Cultists","floor":31.0,"turns":4.0},{"damage":27.0,"enemies":"Champ","floor":33.0,"turns":5.0},{"damage":16.0,"enemies":"Orb Walker","floor":35.0,"turns":2.0},{"damage":5.0,"enemies":"3 Darklings","floor":38.0,"turns":4.0},{"damage":11.0,"enemies":"Sphere and 2 Shapes","floor":39.0,"turns":3.0},{"damage":0.0,"enemies":"Reptomancer","floor":40.0,"turns":4.0},{"damage":14.0,"enemies":"Giant Head","floor":42.0,"turns":5.0},{"damage":15.0,"enemies":"Nemesis","floor":45.0,"turns":5.0},{"damage":24,"enemies":"Writhing Mass","floor":47,"turns":3},{"damage":16,"enemies":"Time Eater","floor":50,"turns":10}],"seed_played":"-7835690235150737955","potions_obtained":[{"floor":2.0,"key":"EssenceOfDarkness"},{"floor":3.0,"key":"Explosive Potion"},{"floor":10.0,"key":"BlessingOfTheForge"},{"floor":12.0,"key":"EssenceOfSteel"},{"floor":20.0,"key":"BlessingOfTheForge"},{"floor":28.0,"key":"GamblersBrew"},{"floor":29.0,"key":"PotionOfCapacity"},{"floor":39.0,"key":"AttackPotion"},{"floor":42.0,"key":"Block Potion"}],"is_trial":false,"path_per_floor":["M","M","M","?","M","R","E","R","T","E","M","?","E","?","R","B",null,"M","?","M","M","$","R","E","?","T","M","E","M","?","M","R","B",null,"M","?","?","M","M","E","R","E","T","R","E","?","M","$","R","B",null],"character_chosen":"DEFECT","items_purchased":["Gash","Nunchaku","Ball Lightning","Coolheaded","PowerPotion","Lantern","OrangePellets"],"campfire_rested":1,"item_purchase_floors":[22,22,48,48,48,48,48],"current_hp_per_floor":[68,66,63,63,63,63,63,63,63,62,62,54,39,39,39,24,62,59,59,57,53,53,53,28,28,28,28,19,28,28,40,40,25,63,47,38,38,45,46,46,46,44,44,44,41,41,46,61,75,75],"gold":13,"neow_bonus":"TRANSFORM_TWO_CARDS","is_daily":false,"chose_seed":false,"campfire_upgraded":4,"win_rate":0.0,"timestamp":1613069096,"path_taken":["M","M","M","?","M","R","E","R","T","E","M","?","E","?","R","BOSS","M","?","M","M","$","R","E","?","T","M","E","M","?","M","R","BOSS","M","?","?","M","M","E","R","E","T","R","E","?","?","$","R","BOSS"],"items_purchased_type":["Card","Relic","Card","Card","Potion","Relic","Relic"],"build_version":"2020-12-22","purchased_purges":2,"victory":true,"max_hp_per_floor":[68,68,68,68,68,68,68,68,68,68,68,75,75,75,75,75,75,75,75,75,75,75,75,75,75,75,75,75,75,75,75,75,75,75,75,75,75,75,75,75,75,75,75,75,75,75,75,75,75,75],"card_choices":[{"not_picked":["Rebound","Sweeping Beam"],"picked":"FTL","floor":1.0},{"not_picked":["Doom and Gloom","Gash"],"picked":"Ball Lightning","floor":2.0},{"not_picked":["Streamline","Turbo"],"picked":"Cold Snap","floor":3.0},{"not_picked":["Scrape","Static Discharge"],"picked":"Glacier","floor":5.0},{"not_picked":["Melter","Multi-Cast"],"picked":"All For One","floor":7.0},{"not_picked":["Compile Driver","Rebound","Steam"],"picked":"SKIP","floor":10.0},{"not_picked":["Compile Driver","Reinforced Body","Tempest"],"picked":"SKIP","floor":11.0},{"not_picked":["Turbo","Compile Driver"],"picked":"Go for the Eyes","floor":12.0},{"not_picked":["Self Repair","Undo"],"picked":"All For One","floor":13.0},{"not_picked":["Meteor Strike","Amplify"],"picked":"Fission","floor":16.0},{"not_picked":["Conserve Battery","Reinforced Body"],"picked":"Capacitor+1","floor":18.0},{"not_picked":["Ball Lightning","FTL"],"picked":"Beam Cell+1","floor":20.0},{"not_picked":["Cold Snap","Lockon+1"],"picked":"Buffer","floor":21.0},{"not_picked":["Force Field","Turbo"],"picked":"Gash","floor":24.0},{"not_picked":["Rip and Tear","Recycle+1"],"picked":"Glacier","floor":27.0},{"not_picked":["Sunder","Streamline"],"picked":"Loop","floor":28.0},{"not_picked":["Go for the Eyes","Barrage"],"picked":"Hologram+1","floor":29.0},{"not_picked":["Sweeping Beam+1","Conserve Battery+1"],"picked":"Beam Cell+1","floor":31.0},{"not_picked":["Reboot","Meteor Strike"],"picked":"All For One","floor":33.0},{"not_picked":["Redo+1","Coolheaded+1"],"picked":"Hologram","floor":35.0},{"not_picked":["Purity","Dramatic Entrance"],"picked":"Mind Blast","floor":37.0},{"not_picked":["Consume+1","Streamline","Steam+1"],"picked":"SKIP","floor":38.0},{"not_picked":["Leap+1","Barrage","Conserve Battery+1"],"picked":"SKIP","floor":39.0},{"not_picked":["Go for the Eyes+1","Rebound"],"picked":"Hologram+1","floor":40.0},{"not_picked":["Undo+1","Ball Lightning"],"picked":"Defragment+1","floor":42.0},{"not_picked":["Rebound+1","Sweeping Beam+1"],"picked":"Self Repair","floor":45.0},{"not_picked":["Thunder Strike","Go for the Eyes"],"picked":"Hologram+1","floor":47}],"player_experience":656535,"relics_obtained":[{"floor":7.0,"key":"DataDisk"},{"floor":9.0,"key":"Blue Candle"},{"floor":10.0,"key":"Peace Pipe"},{"floor":13.0,"key":"Mummified Hand"},{"floor":17.0,"key":"Ancient Tea Set"},{"floor":17.0,"key":"Sundial"},{"floor":17.0,"key":"Emotion Chip"},{"floor":24.0,"key":"Bronze Scales"},{"floor":26.0,"key":"Meat on the Bone"},{"floor":28.0,"key":"Omamori"},{"floor":40.0,"key":"The Courier"},{"floor":42.0,"key":"MealTicket"},{"floor":43.0,"key":"Art of War"},{"floor":45.0,"key":"Bird Faced Urn"}],"event_choices":[{"cards_removed":["Defend_B"],"damage_healed":0.0,"max_hp_gain":0.0,"max_hp_loss":0.0,"gold_gain":0.0,"event_name":"The Cleric","player_choice":"Card Removal","floor":4.0,"gold_loss":50.0,"damage_taken":0.0},{"damage_healed":0.0,"max_hp_gain":0.0,"max_hp_loss":0.0,"gold_gain":0.0,"event_name":"Dead Adventurer","player_choice":"Searched \u00273\u0027 times","floor":12.0,"gold_loss":0.0,"damage_taken":0.0,"relics_obtained":["Strawberry"]},{"damage_healed":0.0,"max_hp_gain":0.0,"max_hp_loss":0.0,"gold_gain":0.0,"cards_transformed":["Strike_B"],"event_name":"Living Wall","player_choice":"Change","floor":14.0,"gold_loss":0.0,"damage_taken":0.0,"cards_obtained":["Aggregate"]},{"damage_healed":0.0,"max_hp_gain":0.0,"max_hp_loss":0.0,"gold_gain":0.0,"event_name":"The Library","player_choice":"Read","floor":19.0,"gold_loss":0.0,"damage_taken":0.0,"cards_obtained":["Gash"]},{"damage_healed":0.0,"max_hp_gain":0.0,"max_hp_loss":0.0,"gold_gain":0.0,"event_name":"Ghosts","player_choice":"Ignored","floor":25.0,"gold_loss":0.0,"damage_taken":0.0},{"cards_removed":["Strike_B"],"damage_healed":0.0,"max_hp_gain":0.0,"max_hp_loss":0.0,"gold_gain":0.0,"event_name":"Beggar","player_choice":"Gave Gold","floor":30.0,"gold_loss":75.0,"damage_taken":0.0},{"damage_healed":0.0,"max_hp_gain":0.0,"max_hp_loss":0.0,"gold_gain":0.0,"event_name":"Winding Halls","player_choice":"Embrace Madness","floor":36.0,"gold_loss":0.0,"damage_taken":9.0,"cards_obtained":["Madness","Madness"]},{"damage_healed":0.0,"max_hp_gain":0.0,"max_hp_loss":0.0,"gold_gain":0.0,"event_name":"SensoryStone","player_choice":"Memory 1","floor":37.0,"gold_loss":0.0,"damage_taken":0.0},{"damage_healed":0.0,"max_hp_gain":0.0,"max_hp_loss":0.0,"gold_gain":0.0,"event_name":"Duplicator","player_choice":"Copied","floor":46.0,"gold_loss":0.0,"damage_taken":0.0,"cards_obtained":["All For One"]}],"is_beta":false,"boss_relics":[{"not_picked":["Ectoplasm","SacredBark"],"picked":"Calling Bell"},{"not_picked":["FrozenCore","Astrolabe"],"picked":"Fusion Hammer"}],"items_purged_floors":[22,48],"is_endless":false,"potions_floor_spawned":[2,3,10,12,20,21,24,28,29,39,42,45,47],"ascension_level":11}}