{"host":"1bzbl1adcbkdzqlf","time":1613019232,"event":{"mods":["BaseMod","Minty Spire (QoL Compilation)","Slay the Relics Exporter"],"gold_per_floor":[116,131,143,162,162,188,0,25,103,121,141,173,173,29,29,133,133,145,145,145,24,34,69,69,94,117,143,143,16,16,87,87,187,187,200,215,69,69,119,119,147,166,166,166,198,243,268,268,268,268,268,268,7,38,38],"floor_reached":56,"language":"ENG","playtime":4497,"items_purged":["Strike_R","Strike_R","Strike_R","Parasite"],"score":2000,"play_id":"a2780157-34b0-45d5-ba98-0c5fdea26fe1","local_time":"20210210225352","is_ascension_mode":true,"campfire_choices":[{"data":"Flame Barrier","floor":15,"key":"SMITH"},{"data":"Limit Break","floor":24,"key":"SMITH"},{"floor":28,"key":"REST"},{"floor":32,"key":"REST"},{"data":"Barricade","floor":40,"key":"SMITH"},{"data":"True Grit","floor":44,"key":"SMITH"},{"floor":49,"key":"RECALL"},{"data":"Shockwave","floor":52,"key":"SMITH"}],"circlet_count":0,"master_deck":["AscendersBane","Strike_R+1","Defend_R","Defend_R","Defend_R","Defend_R","Bash","Spot Weakness","Pommel Strike+1","Shrug It Off","Reaper","Flex","Sword Boomerang","Flame Barrier+1","Limit Break+1","True Grit+1","Necronomicurse","Thunderclap+1","Spot Weakness","Iron Wave+1","Barricade+1","Heavy Blade+1","Iron Wave+1","Pummel+1","Heavy Blade+1","Shockwave+1","Body Slam+1","Inflame+1","Heavy Blade+1","Intimidate+1","Entrench"],"relics":["Burning Blood","Lizard Tail","Dream Catcher","Membership Card","Smiling Mask","InkBottle","Art of War","Turnip","Runic Pyramid","Necronomicon","Oddly Smooth Stone","Shuriken","Incense Burner","Bag of Preparation","Potion Belt","Happy Flower","Whetstone","Molten Egg 2","Velvet Choker","Red Skull","Pocketwatch","Anchor","Blood Vial","Magic Flower","Centennial Puzzle","Orichalcum","Strange Spoon","Letter Opener"],"acts_visited":["Exordium","TheCity","TheBeyond","TheEnding"],"potions_floor_usage":[6,6,16,23,27,33,50,50,50,55,55,55,55],"damage_taken":[{"damage":6,"enemies":"Jaw Worm","floor":1,"turns":5},{"damage":4,"enemies":"Cultist","floor":2,"turns":5},{"damage":0,"enemies":"2 Louse","floor":3,"turns":4},{"damage":6,"enemies":"Blue Slaver","floor":4,"turns":4},{"damage":16,"enemies":"Gremlin Nob","floor":6,"turns":3},{"damage":9,"enemies":"Exordium Wildlife","floor":10,"turns":4},{"damage":3,"enemies":"Looter","floor":11,"turns":4},{"damage":30,"enemies":"3 Sentries","floor":12,"turns":7},{"damage":53,"enemies":"Hexaghost","floor":16,"turns":11},{"damage":24,"enemies":"2 Thieves","floor":18,"turns":4},{"damage":4,"enemies":"Spheric Guardian","floor":22,"turns":5},{"damage":11,"enemies":"Book of Stabbing","floor":23,"turns":4},{"damage":42,"enemies":"Gremlin Leader","floor":25,"turns":6},{"damage":73,"enemies":"Slavers","floor":27,"turns":6},{"damage":31,"enemies":"Collector","floor":33,"turns":7},{"damage":14,"enemies":"Orb Walker","floor":35,"turns":4},{"damage":44,"enemies":"3 Darklings","floor":36,"turns":5},{"damage":7,"enemies":"Mind Bloom Boss Battle","floor":39,"turns":4},{"damage":0,"enemies":"Nemesis","floor":41,"turns":5},{"damage":0,"enemies":"Writhing Mass","floor":42,"turns":3},{"damage":0,"enemies":"Giant Head","floor":45,"turns":5},{"damage":4,"enemies":"2 Orb Walkers","floor":46,"turns":3},{"damage":26,"enemies":"Nemesis","floor":47,"turns":3},{"damage":21,"enemies":"Awakened One","floor":50,"turns":5},{"damage":41,"enemies":"Shield and Spear","floor":54,"turns":5},{"damage":100,"enemies":"The Heart","floor":55,"turns":8}],"seed_played":"-1398744304634998789","potions_obtained":[{"floor":2,"key":"DuplicationPotion"},{"floor":3,"key":"Strength Potion"},{"floor":12,"key":"SpeedPotion"},{"floor":16,"key":"Ancient Potion"},{"floor":22,"key":"LiquidMemories"},{"floor":27,"key":"CultistPotion"},{"floor":35,"key":"BlessingOfTheForge"},{"floor":36,"key":"SmokeBomb"},{"floor":41,"key":"EssenceOfSteel"},{"floor":42,"key":"DuplicationPotion"},{"floor":47,"key":"SpeedPotion"},{"floor":54,"key":"Regen Potion"}],"is_trial":false,"path_per_floor":["M","M","M","M","?","E","$","T","T","M","M","E","?","$","R","B",null,"M","?","?","$","M","E","R","E","T","E","R","$","?","T","R","B",null,"M","M","$","?","?","R","E","M","T","R","E","?","E","?","R","B",null,"R","$","E","B",null],"character_chosen":"IRONCLAD","items_purchased":["Membership Card","Turnip","Shuriken","Whetstone","Red Skull","Pummel+1","Orichalcum","Strength Potion","Strange Spoon","ElixirPotion"],"campfire_rested":2,"item_purchase_floors":[7,14,21,29,37,37,53,53,53,53],"current_hp_per_floor":[51,53,59,59,59,49,49,49,49,60,63,56,56,56,56,27,67,63,47,47,47,61,80,80,44,44,13,37,37,22,22,47,85,85,85,58,58,58,85,85,85,85,85,85,85,85,68,68,68,73,82,82,82,82,58],"gold":38,"neow_bonus":"ONE_RARE_RELIC","is_daily":false,"chose_seed":false,"campfire_upgraded":5,"win_rate":0.0,"timestamp":1613019232,"path_taken":["M","M","M","M","?","E","$","?","T","M","M","E","?","$","R","BOSS","M","?","?","$","M","E","R","E","T","E","R","?","?","?","R","BOSS","M","M","$","?","?","R","E","M","T","R","E","?","E","?","R","BOSS","R","$","E","BOSS"],"items_purchased_type":["Relic","Relic","Relic","Relic","Relic","Card","Relic","Potion","Relic","Potion"],"build_version":"2020-12-22","purchased_purges":4,"victory":true,"max_hp_per_floor":[80,80,80,80,80,80,80,80,80,80,80,80,80,80,80,80,80,80,80,80,80,80,80,80,80,80,80,80,80,85,85,85,85,85,85,85,85,85,85,85,85,85,85,85,85,85,85,85,85,85,85,85,82,82,82],"card_choices":[{"not_picked":["True Grit","Sever Soul"],"picked":"Shrug It Off","floor":1},{"not_picked":["Metallicize","Armaments"],"picked":"Spot Weakness","floor":2},{"not_picked":["Ghostly Armor","Flex"],"picked":"Pommel Strike","floor":3},{"not_picked":["Perfected Strike","Wild Strike"],"picked":"Shrug It Off","floor":4},{"not_picked":["Thunderclap","Headbutt"],"picked":"Reaper","floor":6},{"not_picked":["Pummel","Searing Blow"],"picked":"Flex","floor":10},{"not_picked":["Spot Weakness","Reckless Charge"],"picked":"Sword Boomerang","floor":11},{"not_picked":["Whirlwind","True Grit"],"picked":"Flame Barrier","floor":12},{"not_picked":["Barricade","Feed"],"picked":"Limit Break","floor":16},{"not_picked":["Body Slam","Armaments"],"picked":"True Grit","floor":18},{"not_picked":["Clothesline","Dropkick","Anger"],"picked":"SKIP","floor":22},{"not_picked":["Wild Strike","Disarm"],"picked":"Thunderclap+1","floor":23},{"not_picked":["Clash","Burning Pact"],"picked":"Spot Weakness","floor":25},{"not_picked":["Bloodletting","Hemokinesis","Spot Weakness"],"picked":"SKIP","floor":27},{"not_picked":["Evolve+1","Second Wind"],"picked":"Iron Wave+1","floor":32},{"not_picked":["Fiend Fire+1","Exhume"],"picked":"Barricade","floor":33},{"not_picked":["Twin Strike+1","Rage+1"],"picked":"Heavy Blade+1","floor":35},{"not_picked":["Bloodletting","Armaments"],"picked":"Iron Wave+1","floor":36},{"not_picked":["Offering","Reckless Charge+1"],"picked":"Heavy Blade+1","floor":39},{"not_picked":["Headbutt+1","Havoc"],"picked":"Shockwave","floor":41},{"not_picked":["Twin Strike+1","Seeing Red"],"picked":"Body Slam+1","floor":42},{"not_picked":["Cleave+1","Battle Trance+1"],"picked":"Inflame+1","floor":45},{"not_picked":["Disarm","Twin Strike+1"],"picked":"Heavy Blade+1","floor":46},{"not_picked":["Metallicize","Body Slam+1"],"picked":"Intimidate+1","floor":47},{"not_picked":["Blood for Blood+1","Metallicize"],"picked":"Entrench","floor":54}],"player_experience":432296,"relics_obtained":[{"floor":6,"key":"Dream Catcher"},{"floor":8,"key":"Smiling Mask"},{"floor":9,"key":"InkBottle"},{"floor":12,"key":"Art of War"},{"floor":19,"key":"Necronomicon"},{"floor":23,"key":"Incense Burner"},{"floor":25,"key":"Bag of Preparation"},{"floor":26,"key":"Potion Belt"},{"floor":27,"key":"Happy Flower"},{"floor":31,"key":"Molten Egg 2"},{"floor":39,"key":"Pocketwatch"},{"floor":41,"key":"Anchor"},{"floor":45,"key":"Blood Vial"},{"floor":46,"key":"Magic Flower"},{"floor":47,"key":"Centennial Puzzle"},{"floor":54,"key":"Letter Opener"}],"event_choices":[{"cards_removed":["Strike_R"],"damage_healed":0,"gold_gain":0,"player_choice":"Purged","damage_taken":0,"max_hp_gain":0,"max_hp_loss":0,"event_name":"Purifier","floor":5,"gold_loss":0},{"damage_healed":0,"gold_gain":0,"player_choice":"Leave","damage_taken":0,"max_hp_gain":0,"max_hp_loss":0,"event_name":"The Cleric","floor":13,"gold_loss":0},{"damage_healed":0,"gold_gain":0,"player_choice":"Obtained Book","damage_taken":16,"max_hp_gain":0,"max_hp_loss":0,"event_name":"Cursed Tome","floor":19,"gold_loss":0},{"damage_healed":0,"gold_gain":0,"player_choice":"Opened","damage_taken":0,"relics_obtained":["Oddly Smooth Stone"],"max_hp_gain":0,"max_hp_loss":0,"event_name":"The Mausoleum","floor":20,"gold_loss":0},{"damage_healed":0,"gold_gain":0,"player_choice":"Shed Blood","damage_taken":20,"max_hp_gain":5,"max_hp_loss":0,"event_name":"Forgotten Altar","floor":30,"gold_loss":0},{"cards_removed":["Shrug It Off"],"damage_healed":0,"gold_gain":0,"player_choice":"Removed Skill","damage_taken":0,"max_hp_gain":0,"max_hp_loss":0,"event_name":"Falling","floor":38,"gold_loss":0},{"damage_healed":0,"gold_gain":0,"player_choice":"Fight","damage_taken":0,"max_hp_gain":0,"max_hp_loss":0,"event_name":"MindBloom","floor":39,"gold_loss":0},{"damage_healed":0,"gold_gain":0,"player_choice":"Fight","damage_taken":0,"max_hp_gain":0,"max_hp_loss":0,"event_name":"Mysterious Sphere","floor":46,"gold_loss":0},{"damage_healed":0,"gold_gain":0,"player_choice":"Ignored","damage_taken":0,"max_hp_gain":0,"max_hp_loss":0,"event_name":"Tomb of Lord Red Mask","floor":48,"gold_loss":0}],"is_beta":false,"boss_relics":[{"not_picked":["Coffee Dripper","SacredBark"],"picked":"Runic Pyramid"},{"not_picked":["Runic Cube","Astrolabe"],"picked":"Velvet Choker"}],"items_purged_floors":[7,29,37,53],"is_endless":false,"potions_floor_spawned":[2,3,12,16,22,27,35,36,41,42,47,54],"ascension_level":12}}