{"host":"1vy6j31128f61x2z","time":1613077023,"event":{"mods":["AchievementEnabler","BaseMod","Colored Powertips","Minty Spire (QoL Compilation)","Permanent Neow"],"gold_per_floor":[113,129,129,143,143,176,176,176,230,256,269,47,62,95,107,215,227,255,286,298,330,202,202,218,218,242,277,277,297,311,345,345,440,440,454,95,109,123,142,142,142,176,199,233,251,262,262,275,275,275],"floor_reached":51,"language":"ENG","playtime":3327,"items_purged":[],"score":879,"play_id":"74710a86-ba08-43db-bc30-f195d8a749de","local_time":"20210211155703","is_ascension_mode":true,"campfire_choices":[{"data":"Tempest","floor":7.0,"key":"SMITH"},{"data":"Coolheaded","floor":15.0,"key":"SMITH"},{"data":"Darkness","floor":23.0,"key":"SMITH"},{"data":"Loop","floor":25.0,"key":"SMITH"},{"data":"Self Repair","floor":28.0,"key":"SMITH"},{"data":"Tempest","floor":32,"key":"SMITH"},{"floor":40,"key":"REST"},{"data":"Scrape","floor":47,"key":"SMITH"},{"data":"Amplify","floor":49,"key":"SMITH"}],"circlet_count":0,"master_deck":["Strike_B","Strike_B+1","Strike_B+1","Strike_B","Defend_B+1","Defend_B+1","Defend_B","Defend_B","Zap","Dualcast","Doom and Gloom","Self Repair+1","Glacier+1","Tempest+1","Turbo","Loop+1","Storm","Coolheaded+1","Echo Form","Fusion+1","Static Discharge","Darkness+1","Storm","Redo","Reinforced Body","Tempest+1","Heatsinks","Rainbow","Coolheaded","Static Discharge","Scrape+1","Turbo+1","Amplify+1","Darkness+1","Capacitor+1"],"relics":["Cracked Core","Orichalcum","Ancient Tea Set","Anchor","Bronze Scales","Omamori","MawBank","Snecko Eye","Art of War","Centennial Puzzle","HornCleat","Cursed Key","InkBottle","Toy Ornithopter","Whetstone","Strawberry"],"acts_visited":["Exordium","TheCity","TheBeyond"],"potions_floor_usage":[50,50,50],"damage_taken":[{"damage":3.0,"enemies":"Jaw Worm","floor":1.0,"turns":4.0},{"damage":0.0,"enemies":"2 Louse","floor":2.0,"turns":1.0},{"damage":0.0,"enemies":"Cultist","floor":4.0,"turns":3.0},{"damage":12.0,"enemies":"Gremlin Nob","floor":6.0,"turns":5.0},{"damage":14.0,"enemies":"3 Sentries","floor":10.0,"turns":4.0},{"damage":0.0,"enemies":"Lots of Slimes","floor":11.0,"turns":3.0},{"damage":0.0,"enemies":"3 Louse","floor":13.0,"turns":2.0},{"damage":2.0,"enemies":"Lagavulin","floor":14.0,"turns":6.0},{"damage":35.0,"enemies":"Hexaghost","floor":16.0,"turns":9.0},{"damage":34.0,"enemies":"2 Thieves","floor":18.0,"turns":4.0},{"damage":0.0,"enemies":"Shell Parasite","floor":19.0,"turns":4.0},{"damage":2.0,"enemies":"3 Cultists","floor":21.0,"turns":4.0},{"damage":2.0,"enemies":"Centurion and Healer","floor":24.0,"turns":7.0},{"damage":5.0,"enemies":"Book of Stabbing","floor":27.0,"turns":4.0},{"damage":0.0,"enemies":"Shelled Parasite and Fungi","floor":29.0,"turns":4.0},{"damage":12.0,"enemies":"Snecko","floor":30.0,"turns":4.0},{"damage":14.0,"enemies":"Gremlin Leader","floor":31.0,"turns":7.0},{"damage":34,"enemies":"Champ","floor":33,"turns":9},{"damage":26,"enemies":"3 Darklings","floor":35,"turns":3},{"damage":0,"enemies":"Orb Walker","floor":37,"turns":3},{"damage":14,"enemies":"Sphere and 2 Shapes","floor":38,"turns":3},{"damage":28,"enemies":"Jaw Worm Horde","floor":39,"turns":4},{"damage":22,"enemies":"Reptomancer","floor":42,"turns":6},{"damage":37,"enemies":"Nemesis","floor":44,"turns":5},{"damage":4,"enemies":"4 Shapes","floor":45,"turns":3},{"damage":3,"enemies":"Maw","floor":46,"turns":6},{"damage":0,"enemies":"Jaw Worm Horde","floor":48,"turns":4},{"damage":67,"enemies":"Awakened One","floor":50,"turns":10}],"seed_played":"7770560645976167901","potions_obtained":[{"floor":2.0,"key":"Strength Potion"},{"floor":6.0,"key":"AttackPotion"},{"floor":10.0,"key":"Regen Potion"},{"floor":16.0,"key":"Regen Potion"},{"floor":20.0,"key":"Swift Potion"},{"floor":35,"key":"AttackPotion"},{"floor":37,"key":"Regen Potion"}],"is_trial":false,"path_per_floor":["M","M","?","M","?","E","R","?","T","E","M","$","M","E","R","B",null,"M","M","?","M","$","R","M","R","T","E","R","M","M","E","R","B",null,"M","$","M","M","M","R","?","E","T","E","M","M","R","M","R","B",null],"character_chosen":"DEFECT","items_purchased":["Loop","Omamori","Darkness","Storm","Static Discharge","InkBottle","Scrape"],"campfire_rested":1,"item_purchase_floors":[12,12,22,22,36,36,36],"current_hp_per_floor":[72,72,77,80,64,59,59,59,59,52,59,59,66,71,71,43,80,60,67,67,72,72,72,80,80,80,80,80,80,80,76,76,52,80,54,54,54,40,22,46,80,68,68,48,44,51,51,61,61,81],"gold":275,"neow_bonus":"RANDOM_COMMON_RELIC","is_daily":false,"chose_seed":false,"campfire_upgraded":8,"win_rate":0.0,"timestamp":1613077023,"path_taken":["M","M","?","M","?","E","R","?","T","E","M","?","M","E","R","BOSS","M","M","?","?","$","R","M","R","T","E","R","M","M","E","R","BOSS","M","$","M","M","M","R","?","E","T","E","M","M","R","M","R","BOSS"],"items_purchased_type":["Card","Relic","Card","Card","Card","Relic","Card"],"build_version":"2020-12-22","purchased_purges":0,"victory":true,"max_hp_per_floor":[75,75,80,80,80,80,80,80,80,80,80,80,80,80,80,80,80,80,80,80,80,80,80,80,80,80,80,80,80,80,80,80,80,80,80,80,80,80,80,80,80,80,80,87,87,87,87,87,87,87],"card_choices":[{"not_picked":["Sweeping Beam","Conserve Battery"],"picked":"Doom and Gloom","floor":1.0},{"not_picked":["Compile Driver","Ball Lightning"],"picked":"Self Repair","floor":2.0},{"not_picked":["Beam Cell","Hologram"],"picked":"Glacier","floor":4.0},{"not_picked":["Rip and Tear","Cold Snap"],"picked":"Tempest","floor":6.0},{"not_picked":["Barrage","Gash"],"picked":"Turbo","floor":10.0},{"not_picked":["Streamline","Meteor Strike","Rebound"],"picked":"SKIP","floor":11.0},{"not_picked":["Turbo","Stack"],"picked":"Storm","floor":13.0},{"not_picked":["Gash","Hello World"],"picked":"Coolheaded","floor":14.0},{"not_picked":["Core Surge","Thunder Strike"],"picked":"Echo Form","floor":16.0},{"not_picked":["Double Energy","Streamline"],"picked":"Fusion+1","floor":18.0},{"not_picked":["Steam+1","Hello World","Streamline"],"picked":"SKIP","floor":19.0},{"not_picked":["Consume","Redo"],"picked":"Static Discharge","floor":21.0},{"not_picked":["Cold Snap","Leap","Auto Shields"],"picked":"SKIP","floor":24.0},{"not_picked":["Gash","Streamline"],"picked":"Redo","floor":27.0},{"not_picked":["Hello World","Compile Driver"],"picked":"Reinforced Body","floor":29.0},{"not_picked":["Turbo","Leap"],"picked":"Tempest","floor":30.0},{"not_picked":["Conserve Battery","Melter"],"picked":"Heatsinks","floor":31.0},{"not_picked":["Biased Cognition","Hyperbeam"],"picked":"Rainbow","floor":33},{"not_picked":["Go for the Eyes","Conserve Battery"],"picked":"Coolheaded","floor":35},{"not_picked":["Tempest+1","Melter","Genetic Algorithm+1"],"picked":"SKIP","floor":37},{"not_picked":["Beam Cell+1","Conserve Battery","Lockon+1"],"picked":"SKIP","floor":38},{"not_picked":["Steam","Darkness"],"picked":"Turbo+1","floor":39},{"not_picked":["Go for the Eyes","FTL+1","Barrage"],"picked":"SKIP","floor":42},{"not_picked":["Melter","Ball Lightning+1","Lockon+1"],"picked":"SKIP","floor":44},{"not_picked":["Doom and Gloom+1","Compile Driver+1"],"picked":"Amplify","floor":45},{"not_picked":["Self Repair+1","Redo"],"picked":"Darkness+1","floor":46},{"not_picked":["Streamline+1","Compile Driver"],"picked":"Capacitor+1","floor":48}],"player_experience":55847,"relics_obtained":[{"floor":6.0,"key":"Ancient Tea Set"},{"floor":9.0,"key":"Anchor"},{"floor":10.0,"key":"Bronze Scales"},{"floor":14.0,"key":"MawBank"},{"floor":26.0,"key":"Art of War"},{"floor":27.0,"key":"Centennial Puzzle"},{"floor":31.0,"key":"HornCleat"},{"floor":42,"key":"Toy Ornithopter"},{"floor":43,"key":"Whetstone"},{"floor":44,"key":"Strawberry"}],"event_choices":[{"damage_healed":0.0,"max_hp_gain":5.0,"max_hp_loss":0.0,"gold_gain":0.0,"event_name":"Big Fish","player_choice":"Donut","floor":3.0,"gold_loss":0.0,"damage_taken":0.0},{"damage_healed":0.0,"max_hp_gain":0.0,"max_hp_loss":0.0,"gold_gain":0.0,"event_name":"Shining Light","player_choice":"Entered Light","floor":5.0,"gold_loss":0.0,"damage_taken":16.0,"cards_upgraded":["Defend_B","Defend_B"]},{"damage_healed":0.0,"max_hp_gain":0.0,"max_hp_loss":0.0,"gold_gain":0.0,"event_name":"Living Wall","player_choice":"Grow","floor":8.0,"gold_loss":0.0,"damage_taken":0.0,"cards_upgraded":["Glacier"]},{"damage_healed":0.0,"max_hp_gain":0.0,"max_hp_loss":0.0,"gold_gain":0.0,"event_name":"Lab","player_choice":"Got Potions","floor":20.0,"gold_loss":0.0,"damage_taken":0.0},{"damage_healed":34,"gold_gain":0,"player_choice":"Heal","damage_taken":0,"max_hp_gain":0,"max_hp_loss":0,"event_name":"MindBloom","floor":41,"gold_loss":0,"cards_obtained":["Doubt"]}],"is_beta":false,"boss_relics":[{"not_picked":["Runic Pyramid","Tiny House"],"picked":"Snecko Eye"},{"not_picked":["Velvet Choker","Astrolabe"],"picked":"Cursed Key"}],"items_purged_floors":[],"is_endless":false,"potions_floor_spawned":[2,6,10,11,16,21,27,30,35,37,39,44],"ascension_level":3}}