{"host":"awrw1gk2acwismlg","time":1613048779,"event":{"mods":["ATMod(°¢èªMod)","Aspiration","BaseMod","Bestiary","Challenge The Spire","Conspire","Downfall","Energized Spire","Hermit","Jedi Mod","Marked Mod","Minty Spire (QoL Compilation)","Morshu Shopkeeper","Morshu Shopkeeper - ENHANCED","Quarter Circle Forward PUNCH!","Reliquary","Remilia_Scarlet Moed£¨ÀÙÃ×ÀòÑÇ¡¤Ë¹¿¨À×ÌØ£©3.3.5","Replay The Spire","SIMod","Shop Mod","Small Relic Pack","StSLib","The Bug Knight","The Cursed","Warlord Emblem","Wide Potions","Yakumo Yukari mod","¡¾ÒÅÎï¿¨ÅÆ¡¿REMEMod","óô»ðÖ¸ÄÏ"],"gold_per_floor":[116,116,140,150,164,199,199,224,224,149,162,178,209,109,109,209,209,225,243,263,278,278,278,312,332,332,379,379,391,426,437,437,533,533,544,562,579,597,308,339,339,353,353,381,41,41,41,141,141,275,275,275,100,130,230],"floor_reached":56,"language":"ZHS","playtime":6729,"items_purged":["Defend_B","Defend_B","Defend_B","Defend_B","Parasite"],"score":1613,"play_id":"7790c499-9c35-403b-acaf-e2ca2f525030","local_time":"20210211210619","is_ascension_mode":true,"campfire_choices":[{"data":"AT_FamilyPortrait","floor":7,"key":"SMITH"},{"floor":15,"key":"REST"},{"data":"Mirror Shield","floor":23,"key":"SMITH"},{"data":"Turbo","floor":28,"key":"SMITH"},{"floor":32,"key":"REST"},{"floor":41,"key":"REST"},{"floor":49,"key":"RECALL"},{"data":"Defragment","floor":52,"key":"SMITH"}],"circlet_count":0,"master_deck":["Strike_B","Strike_B","Strike_B","Strike_B","Zap","Dualcast","AT_FamilyPortrait+1","Auto Shields","ReplayTheSpireMod:Splinters","Defragment+1","Conserve Battery","Conserve Battery","Mirror Shield+1","BasicCrystalCard+1","Turbo+1","Aggregate+1","Mirror Shield+1","ReplayRNGCard","Turbo+1","ReplayTheSpireMod:Dual Polarity+1","FIFO Queue+1","Seek","Sunder+1","Conserve Battery+1","Magnetism+1","Self Repair+1","AT_StudyProgram+1","REME_WheelOfFate","Double Energy+1"],"relics":["Cracked Core","REME_ComplimentaryCards","AT_ATBox","TungstenRod","qcfpunch:Black_Training_Shirt","aspiration:HummingbirdHeart","Unceasing Top","conspire:RoyalGoblet","relicPack:OneForAll","Frozen Egg 2","reliquary:IridiumChain","conspire:TopHat","AT_Manta","energizedSpire:OgreHead","Mummified Hand","REME_ArchaeologicalTools","Mummified Hand","reliquary:ExpiredCoupon","AT_MibuBalloonWealth"],"acts_visited":["Exordium","TheCity","TheBeyond","TheEnding"],"potions_floor_usage":[6,19,29,30,30,33,40],"damage_taken":[{"damage":2,"enemies":"Small Slimes","floor":1,"turns":3},{"damage":0,"enemies":"Jaw Worm","floor":4,"turns":5},{"damage":0,"enemies":"Cultist","floor":5,"turns":4},{"damage":14,"enemies":"Lagavulin","floor":6,"turns":5},{"damage":30,"enemies":"Gremlin Nob","floor":8,"turns":5},{"damage":5,"enemies":"Blue Slaver","floor":11,"turns":3},{"damage":4,"enemies":"Looter","floor":12,"turns":3},{"damage":3,"enemies":"3 Sentries","floor":13,"turns":5},{"damage":27,"enemies":"Hexaghost","floor":16,"turns":15},{"damage":9,"enemies":"Spheric Guardian","floor":18,"turns":6},{"damage":0,"enemies":"Snecko","floor":19,"turns":7},{"damage":23,"enemies":"Shelled Parasite and Fungi","floor":20,"turns":10},{"damage":0,"enemies":"3 Cultists","floor":21,"turns":5},{"damage":8,"enemies":"HollowMod:Nosk","floor":24,"turns":9},{"damage":15,"enemies":"Cultist and Chosen","floor":25,"turns":6},{"damage":14,"enemies":"conspire:HollyBat","floor":29,"turns":9},{"damage":3,"enemies":"conspire:SneckoGhost","floor":30,"turns":8},{"damage":2,"enemies":"Centurion and Healer","floor":31,"turns":5},{"damage":5,"enemies":"Automaton","floor":33,"turns":6},{"damage":0,"enemies":"3 Darklings","floor":35,"turns":6},{"damage":5,"enemies":"Orb Walker","floor":36,"turns":4},{"damage":46,"enemies":"4 Shapes","floor":37,"turns":6},{"damage":0,"enemies":"3 Darklings","floor":38,"turns":2},{"damage":16,"enemies":"Nemesis","floor":40,"turns":9},{"damage":0,"enemies":"Writhing Mass","floor":42,"turns":6},{"damage":52,"enemies":"Reptomancer","floor":44,"turns":8},{"damage":2,"enemies":"R_Hoarder","floor":48,"turns":5},{"damage":12,"enemies":"Awakened One","floor":50,"turns":6},{"damage":5,"enemies":"Shield and Spear","floor":54,"turns":2},{"damage":49,"enemies":"The Heart","floor":55,"turns":6}],"seed_played":"-1402692021220986736","potions_obtained":[{"floor":1,"key":"ColorlessPotion"},{"floor":11,"key":"PotionOfCapacity"},{"floor":13,"key":"Block Potion"},{"floor":19,"key":"LiquidMemories"},{"floor":20,"key":"Block Potion"},{"floor":25,"key":"Block Potion"},{"floor":31,"key":"Explosive Potion"},{"floor":33,"key":"Regen Potion"},{"floor":36,"key":"Languid Potion"},{"floor":42,"key":"SpeedPotion"},{"floor":48,"key":"Elixir"}],"is_trial":false,"path_per_floor":["M","?","?","M","M","E","R","E","T","$","M","M","E","$","R","B",null,"M","M","M","M","?","R","E","M","T","T","R","M","E","M","R","B",null,"M","M","M","M","$","E","R","M","T","E","$","?","$","E","R","B",null,"R","$","E","B",null],"character_chosen":"DEFECT","items_purchased":["Magnetism+1","REME_WheelOfFate"],"campfire_rested":3,"item_purchase_floors":[39,45],"current_hp_per_floor":[80,80,80,80,80,66,66,36,36,36,31,27,24,24,48,21,82,73,73,55,55,55,55,47,32,32,32,32,18,20,18,42,37,82,82,77,31,31,31,24,48,78,78,26,26,26,26,54,54,82,82,82,79,74,34],"gold":230,"neow_bonus":"TEN_PERCENT_HP_BONUS","is_daily":false,"chose_seed":false,"campfire_upgraded":4,"win_rate":0.0,"timestamp":1613048779,"path_taken":["M","?","?","M","M","E","R","E","T","$","M","M","E","$","R","BOSS","M","M","M","M","?","R","E","M","T","?","R","?","E","M","R","BOSS","M","?","M","M","$","E","R","M","T","E","$","?","$","E","R","BOSS","R","$","E","BOSS"],"items_purchased_type":["Card","Card"],"build_version":"2020-12-22","purchased_purges":5,"victory":true,"max_hp_per_floor":[82,82,82,82,82,82,82,82,82,82,82,82,82,82,82,82,82,82,82,82,82,82,82,82,82,82,82,82,82,82,82,82,82,82,82,82,82,82,82,82,82,82,82,82,82,82,82,82,82,82,82,82,79,79,79],"card_choices":[{"not_picked":["ReplayTheSpireMod:Repulse","Sweeping Beam"],"picked":"Auto Shields","floor":1},{"not_picked":["jedi:spotbugs","Hologram"],"picked":"Defragment","floor":3},{"not_picked":["AT_HeatAcrobatics","Gash"],"picked":"Conserve Battery","floor":4},{"not_picked":["Redo","AT_ThunderBolt","Gash"],"picked":"SKIP","floor":5},{"not_picked":["Turbo","Stack","Darkness"],"picked":"SKIP","floor":6},{"not_picked":["aspiration:Polymerization","Gash","jedi:BurstLightning"],"picked":"SKIP","floor":8},{"not_picked":["Coolheaded","Static Discharge","Gash"],"picked":"SKIP","floor":11},{"not_picked":["Rebound","REME_Whirling"],"picked":"Conserve Battery","floor":12},{"not_picked":["Sunder","Ball Lightning"],"picked":"Mirror Shield","floor":13},{"not_picked":["Consume+1","jedi:spotbugs","Darkness"],"picked":"SKIP","floor":18},{"not_picked":["Stack+1","Leap"],"picked":"BasicCrystalCard+1","floor":19},{"not_picked":["jedi:spotbugs","REME_Compress+1"],"picked":"Turbo+1","floor":20},{"not_picked":["Conserve Battery","Turbo"],"picked":"Aggregate+1","floor":21},{"not_picked":["jedi:overflow","jedi:BurstFrost"],"picked":"ReplayRNGCard","floor":24},{"not_picked":["jedi:overflow","Stack+1"],"picked":"Turbo","floor":25},{"not_picked":["Storm+1","Streamline"],"picked":"ReplayTheSpireMod:Dual Polarity+1","floor":29},{"not_picked":["jedi:locknload","jedi:blockon+1","Doom and Gloom"],"picked":"SKIP","floor":30},{"not_picked":["Compile Driver+1","Rip and Tear"],"picked":"FIFO Queue+1","floor":31},{"not_picked":["REME_Shoggoth","REME_ForAll"],"picked":"Seek","floor":33},{"not_picked":["REME_DataAnalysis","Rebound+1","Sweeping Beam"],"picked":"SKIP","floor":35},{"not_picked":["ReplayTheSpireMod:Repulse","jedi:blockon"],"picked":"Sunder+1","floor":36},{"not_picked":["Sweeping Beam","BasicCrystalCard+1"],"picked":"Conserve Battery+1","floor":37},{"not_picked":["Reinforced Body+1","Cold Snap","AT_RobotInSpace"],"picked":"SKIP","floor":38},{"not_picked":["Panic Button+1","Ball Lightning"],"picked":"Self Repair+1","floor":40},{"not_picked":["ReplaySolidLightProjector","Beam Cell+1"],"picked":"AT_StudyProgram+1","floor":42},{"not_picked":["Ball Lightning","Creative AI+1","Beam Cell"],"picked":"SKIP","floor":44},{"not_picked":["jedi:blockon+1","AT_ThreeBodyProblem+1","jedi:readyaimfire"],"picked":"SKIP","floor":48},{"not_picked":["REME_Compress+1","Go for the Eyes"],"picked":"Double Energy+1","floor":54}],"player_experience":107109,"relics_obtained":[{"floor":3,"key":"TungstenRod"},{"floor":6,"key":"qcfpunch:Black_Training_Shirt"},{"floor":8,"key":"aspiration:HummingbirdHeart"},{"floor":13,"key":"Unceasing Top"},{"floor":24,"key":"Frozen Egg 2"},{"floor":26,"key":"reliquary:IridiumChain"},{"floor":27,"key":"conspire:TopHat"},{"floor":30,"key":"AT_Manta"},{"floor":40,"key":"Mummified Hand"},{"floor":44,"key":"REME_ArchaeologicalTools"},{"floor":48,"key":"reliquary:SculptingSteel"},{"floor":54,"key":"AT_MibuBalloonWealth"}],"event_choices":[{"damage_healed":0,"gold_gain":0,"player_choice":"Leave","damage_taken":0,"max_hp_gain":0,"max_hp_loss":0,"event_name":"conspire:Investor","floor":2,"gold_loss":0}],"is_beta":false,"boss_relics":[{"not_picked":["ChewingGum","Sozu"],"picked":"conspire:RoyalGoblet"},{"not_picked":["Replay:Drink Me","REME_DemonsWealth"],"picked":"energizedSpire:OgreHead"}],"items_purged_floors":[10,14,39,45,53],"is_endless":false,"potions_floor_spawned":[1,11,13,19,20,25,31,33,36,42,44,48,54],"ascension_level":1}}