{"host":"sav7uxregyirlf69","time":1613023144,"event":{"mods":["AchievementEnabler","BaseMod","Colored Map","DeckTracker","Keyboard Shortcuts","Minty Spire (QoL Compilation)","READ ME - Guardian Mod","StSLib","SuperFastMode"],"gold_per_floor":[118,137,137,137,137,171,188,188,188,188,208,208,233,183,183,183,183],"floor_reached":16,"language":"KOR","playtime":240,"items_purged":["Defend_G+1"],"score":216,"play_id":"e35b92b1-f69d-4e9b-a21e-802e0fd3771a","local_time":"20210211145904","is_ascension_mode":true,"campfire_choices":[{"floor":8,"key":"REST"},{"data":"Neutralize","floor":10,"key":"SMITH"},{"data":"Blade Dance","floor":12,"key":"SMITH"},{"data":"Phantasmal Killer","floor":15,"key":"SMITH"}],"circlet_count":0,"master_deck":["AscendersBane","Strike_G","Strike_G","Strike_G","Strike_G","Defend_G","Defend_G","Defend_G","Defend_G","Survivor","Neutralize+1","Dagger Throw","Noxious Fumes+1","Flechettes","Backflip","Blade Dance+1","Phantasmal Killer+1"],"relics":["Ring of the Snake","Incense Burner","Mummified Hand","Question Card","Smiling Mask"],"acts_visited":["Exordium"],"potions_floor_usage":[13,16],"damage_taken":[{"damage":0,"enemies":"2 Louse","floor":1,"turns":4},{"damage":1,"enemies":"Jaw Worm","floor":2,"turns":3},{"damage":13,"enemies":"Lagavulin","floor":6,"turns":8},{"damage":0,"enemies":"Cultist","floor":7,"turns":4},{"damage":0,"enemies":"Looter","floor":11,"turns":4},{"damage":18,"enemies":"Gremlin Nob","floor":13,"turns":4},{"damage":19,"enemies":"Slime Boss","floor":16,"turns":6}],"seed_played":"-7420355050569635583","potions_obtained":[{"floor":1,"key":"Swift Potion"},{"floor":6,"key":"LiquidBronze"},{"floor":13,"key":"GamblersBrew"}],"is_trial":false,"path_per_floor":["M","M","?","?","?","E","M","R","T","R","M","R","E","$","R","B"],"character_chosen":"THE_SILENT","items_purchased":[],"campfire_rested":1,"item_purchase_floors":[],"current_hp_per_floor":[44,43,48,27,27,14,14,35,35,35,35,35,17,17,17,0,0],"gold":183,"neow_bonus":"ONE_RARE_RELIC","is_daily":false,"chose_seed":false,"campfire_upgraded":3,"win_rate":0.0,"timestamp":1613023144,"path_taken":["M","M","?","?","?","E","?","R","T","R","M","R","E","?","R","BOSS"],"items_purchased_type":[],"build_version":"2020-12-22","purchased_purges":1,"victory":false,"max_hp_per_floor":[66,66,71,71,71,71,71,71,71,71,71,71,71,71,71,71,71],"card_choices":[{"not_picked":["All Out Attack","Setup"],"picked":"Dagger Throw","floor":1},{"not_picked":["Accuracy","Dagger Spray"],"picked":"Noxious Fumes","floor":2},{"not_picked":["Riddle With Holes","Flechettes"],"picked":"Backflip","floor":6},{"not_picked":["Prepared","Quick Slash","Slice"],"picked":"SKIP","floor":7},{"not_picked":["Underhanded Strike","Deflect","Quick Slash"],"picked":"Blade Dance","floor":11},{"not_picked":["Sucker Punch","Dodge and Roll","Slice"],"picked":"Phantasmal Killer","floor":13}],"player_experience":1556333,"relics_obtained":[{"floor":6,"key":"Mummified Hand"},{"floor":9,"key":"Question Card"},{"floor":13,"key":"Smiling Mask"}],"event_choices":[{"damage_healed":0,"gold_gain":0,"player_choice":"Donut","damage_taken":0,"max_hp_gain":5,"max_hp_loss":0,"event_name":"Big Fish","floor":3,"gold_loss":0},{"damage_healed":0,"gold_gain":0,"player_choice":"Entered Light","damage_taken":21,"max_hp_gain":0,"max_hp_loss":0,"event_name":"Shining Light","floor":4,"gold_loss":0,"cards_upgraded":["Noxious Fumes","Defend_G"]},{"damage_healed":0,"gold_gain":0,"cards_transformed":["Strike_G"],"player_choice":"Change","damage_taken":0,"max_hp_gain":0,"max_hp_loss":0,"event_name":"Living Wall","floor":5,"gold_loss":0,"cards_obtained":["Flechettes"]}],"is_beta":false,"boss_relics":[],"items_purged_floors":[14],"is_endless":false,"potions_floor_spawned":[1,6,13],"killed_by":"Slime Boss","ascension_level":20}}