{"host":"mwb0clku6crgv6yl","time":1613037963,"event":{"mods":["AchievementEnabler","BaseMod","Highlight Path","Koishi","Minty Spire (QoL Compilation)","Replay The Spire","StSLib","The Construct","The Cursed","The Gatherer","The Hierophant"],"gold_per_floor":[116,116,128,76,76,105,71,84,84,84,95,108,121,154,154,256,256,272,291,291,308,388,420,420,453,507,517,517,530,546,579,579,677,677,688,688,688,702,365,365,391,2,72,107,124,136,136,204,204,204],"floor_reached":51,"language":"ZHS","playtime":3351,"items_purged":["TheCursedMod:Strike_TheCursed"],"score":1005,"play_id":"c6632954-6413-44e6-adb3-1986bf0d6bbe","local_time":"20210211180603","is_ascension_mode":true,"campfire_choices":[{"floor":10.0,"key":"REST"},{"data":"TheCursedMod:CollectTribute","floor":15.0,"key":"SMITH"},{"floor":24.0,"key":"REST"},{"data":"TheCursedMod:OutForBlood","floor":32.0,"key":"SMITH"},{"data":"TheCursedMod:NeowsMight","floor":40,"key":"SMITH"},{"floor":49,"key":"REST"}],"circlet_count":0,"master_deck":["TheCursedMod:Strike_TheCursed","TheCursedMod:Defend_TheCursed","TheCursedMod:Defend_TheCursed+1","TheCursedMod:Defend_TheCursed","TheCursedMod:Defend_TheCursed","TheCursedMod:CursedWand","TheCursedMod:CleanUpWorkshop","TheCursedMod:RapidMovement","TheCursedMod:SpitefulStrike","TheCursedMod:Hemoplague+1","TheCursedMod:Obscuration","TheCursedMod:CursedBlade","TheCursedMod:SoulReap","TheCursedMod:NeowsMight+1","TheCursedMod:SaltUponWound","TheCursedMod:CircleOfFlame+1","TheCursedMod:TroublousMinions","TheCursedMod:CollectTribute+1","TheCursedMod:DemonSword","TheCursedMod:CursedBoomerang","TheCursedMod:SpitefulStrike","TheCursedMod:SpitefulStrike+1","TheCursedMod:WearCloak","TheCursedMod:Stigma+1","TheCursedMod:SpitefulStrike+1","TheCursedMod:CircleOfFlame+1","TheCursedMod:CursedBlade","TheCursedMod:Mangle","TheCursedMod:OutForBlood+1","TheCursedMod:OutForBlood+1","TheCursedMod:AshesToAshes+1","TheCursedMod:CircleOfCorruption+1","TheCursedMod:WearCloak","TheCursedMod:SpitefulPray","Decay","TheCursedMod:WearCloak+1","Parasite","Voices","Hallucinations"],"relics":["TheCursedMod:BlackMagic101","Prayer Wheel","Ornamental Fan","Bottled Tornado","Divine Protection","Happy Flower","Replay:Drink Me","Singing Bowl","War Paint","HornCleat","ReplayTheSpireMod:Lightbulb","Akabeko","Replay:Grab Bag","Sozu","Cursed Key","Black Star","TheCursedMod:BloodyHarpoon","Replay:Rubber Ducky","Replay:Mystery Machine","Mummified Hand","Frozen Eye","Pear","Bird Faced Urn","Dream Catcher","Replay:Bottled Steam","TheCursedMod:DemonicMark"],"acts_visited":["TheCity","TheBeyond"],"potions_floor_usage":[],"damage_taken":[{"damage":0.0,"enemies":"2 Louse","floor":1.0,"turns":3.0},{"damage":0.0,"enemies":"Cultist","floor":3.0,"turns":4.0},{"damage":11.0,"enemies":"3 Sentries","floor":6.0,"turns":5.0},{"damage":0.0,"enemies":"Small Slimes","floor":8.0,"turns":3.0},{"damage":0.0,"enemies":"Looter","floor":11.0,"turns":3.0},{"damage":0.0,"enemies":"Gremlin Gang","floor":12.0,"turns":5.0},{"damage":9.0,"enemies":"Exordium Thugs","floor":13.0,"turns":5.0},{"damage":5.0,"enemies":"Lagavulin","floor":14.0,"turns":6.0},{"damage":56.0,"enemies":"Slime Boss","floor":16.0,"turns":14.0},{"damage":0.0,"enemies":"Shell Parasite","floor":18.0,"turns":4.0},{"damage":0.0,"enemies":"Chosen","floor":19.0,"turns":4.0},{"damage":0.0,"enemies":"Centurion and Healer","floor":21.0,"turns":4.0},{"damage":47.0,"enemies":"Gremlin Leader","floor":23.0,"turns":4.0},{"damage":0.0,"enemies":"Book of Stabbing","floor":25.0,"turns":4.0},{"damage":0.0,"enemies":"Snecko","floor":27.0,"turns":3.0},{"damage":0.0,"enemies":"Shelled Parasite and Fungi","floor":29.0,"turns":3.0},{"damage":0.0,"enemies":"3 Cultists","floor":30.0,"turns":2.0},{"damage":0.0,"enemies":"Gremlin Leader","floor":31.0,"turns":3.0},{"damage":20.0,"enemies":"Automaton","floor":33.0,"turns":6.0},{"damage":0,"enemies":"3 Darklings","floor":35,"turns":2},{"damage":0,"enemies":"3 Shapes","floor":38,"turns":2},{"damage":0,"enemies":"Giant Head","floor":41,"turns":5},{"damage":0,"enemies":"Nemesis","floor":44,"turns":3},{"damage":0,"enemies":"Jaw Worm Horde","floor":45,"turns":4},{"damage":0,"enemies":"Writhing Mass","floor":46,"turns":3},{"damage":0,"enemies":"Replay:Hell Engine","floor":50,"turns":8}],"seed_played":"-3012312182747838023","potions_obtained":[{"floor":3.0,"key":"Explosive Potion"},{"floor":12.0,"key":"TheCursedMod:DregsPotion"},{"floor":13.0,"key":"construct:ShiftPotion"},{"floor":18.0,"key":"PowerPotion"},{"floor":21.0,"key":"DistilledChaos"},{"floor":23.0,"key":"Dexterity Potion"},{"floor":30.0,"key":"EntropicBrew"},{"floor":31.0,"key":"Energy Potion"},{"floor":33.0,"key":"SteroidPotion"}],"is_trial":false,"path_per_floor":["M","?","M","$","?","E","$","M","T","R","M","M","M","E","R","B",null,"M","M","?","M","T","E","R","E","T","M","?","M","M","E","R","B",null,"M","?","?","M","$","R","E","$","T","E","M","M","T","T","R","B",null],"character_chosen":"THE_CURSED","items_purchased":["TheCursedMod:CursedBlade","TheCursedMod:SoulReap","TheCursedMod:BloodyHarpoon","Mummified Hand","Frozen Eye"],"campfire_rested":3,"item_purchase_floors":[4,7,39,42,42],"current_hp_per_floor":[50,50,50,50,50,39,39,44,44,66,66,68,64,63,63,12,46,52,57,57,57,57,10,27,32,32,39,39,44,51,60,60,43,58,65,65,65,65,65,65,65,65,75,77,79,83,83,83,85,85],"gold":204,"neow_bonus":"ONE_RARE_RELIC","is_daily":false,"chose_seed":false,"campfire_upgraded":3,"win_rate":0.0,"timestamp":1613037963,"path_taken":["M","?","M","$","?","E","$","M","T","R","M","?","?","E","R","BOSS","M","M","?","?","?","E","R","E","T","M","?","M","M","E","R","BOSS","M","?","?","M","$","R","E","$","T","E","?","M","?","?","R","BOSS"],"items_purchased_type":["Card","Card","Relic","Relic","Relic"],"build_version":"2020-12-22","purchased_purges":1,"victory":true,"max_hp_per_floor":[75,75,75,75,75,75,75,75,75,75,75,75,75,75,75,75,57,57,57,57,57,57,57,57,57,57,59,59,59,61,63,63,63,63,65,65,65,65,65,65,65,65,75,77,79,83,83,83,85,85],"card_choices":[{"not_picked":["TheCursedMod:ManaBullet","TheCursedMod:Torture"],"picked":"TheCursedMod:RapidMovement","floor":1.0},{"not_picked":["TheCursedMod:TacticalStrike","TheCursedMod:Mangle"],"picked":"TheCursedMod:SpitefulStrike","floor":1.0},{"not_picked":["TheCursedMod:Stretching","TheCursedMod:CursedAmulet"],"picked":"TheCursedMod:Hemoplague","floor":3.0},{"not_picked":["TheCursedMod:FleshFromBone","TheCursedMod:PrepareRite"],"picked":"TheCursedMod:Obscuration","floor":3.0},{"not_picked":["TheCursedMod:FleshFromBone","TheCursedMod:SmokeScreen","TheCursedMod:RavingStaff"],"picked":"SKIP","floor":6.0},{"not_picked":["TheCursedMod:Stretching","TheCursedMod:CursedAmulet"],"picked":"TheCursedMod:NeowsMight","floor":8.0},{"not_picked":["TheCursedMod:Grudge","TheCursedMod:Wield"],"picked":"TheCursedMod:SaltUponWound","floor":8.0},{"not_picked":["TheCursedMod:Obscuration","TheCursedMod:SpitefulPlan"],"picked":"TheCursedMod:CircleOfFlame","floor":11.0},{"not_picked":["TheCursedMod:CursedBoomerang","TheCursedMod:RavingStaff","TheCursedMod:ReleasedKnowledge"],"picked":"SKIP","floor":11.0},{"not_picked":["TheCursedMod:CursedAmulet","TheCursedMod:BloodBarrier","TheCursedMod:FleshFromBone"],"picked":"SKIP","floor":12.0},{"not_picked":["TheCursedMod:Grudge","TheCursedMod:CircleOfFocus","TheCursedMod:CursedAmulet"],"picked":"SKIP","floor":12.0},{"not_picked":["TheCursedMod:Obscuration","TheCursedMod:Torture"],"picked":"TheCursedMod:TroublousMinions","floor":13.0},{"not_picked":["TheCursedMod:BlessingInDisguise","TheCursedMod:FleshFromBone","TheCursedMod:SoulCrush"],"picked":"SKIP","floor":13.0},{"not_picked":["TheCursedMod:AbyssShockwave","TheCursedMod:CursedBlade"],"picked":"TheCursedMod:CollectTribute","floor":14.0},{"not_picked":["TheCursedMod:CollectTribute","TheCursedMod:StunningStrike"],"picked":"TheCursedMod:DemonSword","floor":16.0},{"not_picked":["TheCursedMod:LuckyCharm","TheCursedMod:CircleOfFocus"],"picked":"TheCursedMod:CursedBoomerang","floor":18.0},{"not_picked":["TheCursedMod:FleshFromBone","TheCursedMod:CursedArmor+1","TheCursedMod:SoulCrush+1"],"picked":"SKIP","floor":18.0},{"not_picked":["TheCursedMod:CursedMace","TheCursedMod:SurpriseAttack"],"picked":"TheCursedMod:SpitefulStrike","floor":19.0},{"not_picked":["TheCursedMod:RapidMovement","TheCursedMod:SoulCrush","TheCursedMod:Torture"],"picked":"SKIP","floor":19.0},{"not_picked":["TheCursedMod:SmokeScreen+1","TheCursedMod:Grudge"],"picked":"TheCursedMod:SpitefulStrike+1","floor":21.0},{"not_picked":["TheCursedMod:StingEye","TheCursedMod:TacticalStrike+1"],"picked":"TheCursedMod:WearCloak","floor":21.0},{"not_picked":["TheCursedMod:RapidMovement","TheCursedMod:ParallelWorld"],"picked":"TheCursedMod:Stigma+1","floor":23.0},{"not_picked":["TheCursedMod:Wield","TheCursedMod:SoulCrush"],"picked":"TheCursedMod:SpitefulStrike+1","floor":25.0},{"not_picked":["TheCursedMod:CursedBlade","TheCursedMod:Wield"],"picked":"TheCursedMod:CircleOfFlame+1","floor":27.0},{"not_picked":["TheCursedMod:HellfireBreathing","TheCursedMod:SurpriseAttack","TheCursedMod:FleshFromBone"],"picked":"Singing Bowl","floor":27.0},{"not_picked":["TheCursedMod:CursedMace","TheCursedMod:CursedSpellbook"],"picked":"TheCursedMod:CursedBlade","floor":29.0},{"not_picked":["TheCursedMod:SpitefulPlan","TheCursedMod:Hemoplague"],"picked":"TheCursedMod:Mangle","floor":29.0},{"not_picked":["TheCursedMod:CursedAmulet+1","TheCursedMod:RavingStaff","TheCursedMod:Stretching"],"picked":"Singing Bowl","floor":30.0},{"not_picked":["TheCursedMod:CursedShiv+1","TheCursedMod:CursedAmulet"],"picked":"TheCursedMod:OutForBlood","floor":30.0},{"not_picked":["TheCursedMod:SpitefulPlan","TheCursedMod:CursedShiv","TheCursedMod:FleshFromBone"],"picked":"Singing Bowl","floor":31.0},{"not_picked":["TheCursedMod:StunningStrike","TheCursedMod:UltimatePain"],"picked":"TheCursedMod:OutForBlood","floor":33.0},{"not_picked":["TheCursedMod:CursedMace+1","TheCursedMod:SpreadPlague","TheCursedMod:AshesToAshes"],"picked":"Singing Bowl","floor":35},{"not_picked":["TheCursedMod:CursedMace+1","TheCursedMod:CircleOfFocus"],"picked":"TheCursedMod:AshesToAshes+1","floor":35},{"not_picked":["TheCursedMod:SpreadPlague","TheCursedMod:RapidMovement"],"picked":"TheCursedMod:CircleOfCorruption+1","floor":38},{"not_picked":["TheCursedMod:SpitefulStrike+1","TheCursedMod:DoubleShield"],"picked":"TheCursedMod:WearCloak","floor":38},{"not_picked":["TheCursedMod:CursedBlade+1","TheCursedMod:CircleOfWindfury+1"],"picked":"TheCursedMod:SpitefulPray","floor":41},{"not_picked":["TheCursedMod:RapidMovement+1","TheCursedMod:Stigma+1","TheCursedMod:Stretching+1"],"picked":"Singing Bowl","floor":44},{"not_picked":["TheCursedMod:RapidMovement+1","TheCursedMod:Wield"],"picked":"TheCursedMod:WearCloak+1","floor":45},{"not_picked":["TheCursedMod:FleshFromBone","TheCursedMod:Stigma+1","TheCursedMod:RapidMovement"],"picked":"Singing Bowl","floor":45},{"not_picked":["TheCursedMod:CircleOfWindfury+1","TheCursedMod:AbyssShockwave+1","TheCursedMod:ForbiddenAlchemy"],"picked":"Singing Bowl","floor":46},{"not_picked":["TheCursedMod:CircleOfFlame","TheCursedMod:CursedAmulet","TheCursedMod:Obscuration+1"],"picked":"Singing Bowl","floor":46},{"not_picked":["TheCursedMod:Wield","TheCursedMod:Stigma+1","TheCursedMod:SoulReap+1"],"picked":"Singing Bowl","floor":49}],"player_experience":287934,"relics_obtained":[{"floor":6.0,"key":"Bottled Tornado"},{"floor":9.0,"key":"Divine Protection"},{"floor":14.0,"key":"Happy Flower"},{"floor":22.0,"key":"Singing Bowl"},{"floor":23.0,"key":"War Paint"},{"floor":25.0,"key":"HornCleat"},{"floor":26.0,"key":"ReplayTheSpireMod:Lightbulb"},{"floor":31.0,"key":"Akabeko"},{"floor":41,"key":"Replay:Rubber Ducky"},{"floor":41,"key":"Replay:Mystery Machine"},{"floor":43,"key":"Pear"},{"floor":44,"key":"Bird Faced Urn"},{"floor":44,"key":"Dream Catcher"},{"floor":47,"key":"Replay:Bottled Steam"},{"floor":48,"key":"TheCursedMod:DemonicMark"}],"event_choices":[{"damage_healed":0.0,"max_hp_gain":0.0,"max_hp_loss":0.0,"gold_gain":0.0,"event_name":"Big Fish","player_choice":"Box","floor":2.0,"gold_loss":0.0,"damage_taken":0.0,"relics_obtained":["Ornamental Fan"],"cards_obtained":["Regret"]},{"damage_healed":0.0,"max_hp_gain":0.0,"max_hp_loss":0.0,"gold_gain":0.0,"event_name":"Upgrade Shrine","player_choice":"Upgraded","floor":5.0,"gold_loss":0.0,"damage_taken":0.0,"cards_upgraded":["TheCursedMod:Hemoplague"]},{"cards_removed":["TheCursedMod:Strike_TheCursed"],"damage_healed":0.0,"max_hp_gain":0.0,"max_hp_loss":0.0,"gold_gain":0.0,"event_name":"Purifier","player_choice":"Purged","floor":20.0,"gold_loss":0.0,"damage_taken":0.0},{"damage_healed":0.0,"max_hp_gain":0.0,"max_hp_loss":0.0,"gold_gain":0.0,"event_name":"Vampires","player_choice":"Ignored","floor":28.0,"gold_loss":0.0,"damage_taken":0.0},{"damage_healed":0,"gold_gain":0,"player_choice":"Ignored","damage_taken":0,"max_hp_gain":0,"max_hp_loss":0,"event_name":"Tomb of Lord Red Mask","floor":36,"gold_loss":0},{"damage_healed":0,"gold_gain":0,"player_choice":"Upgraded","damage_taken":0,"max_hp_gain":0,"max_hp_loss":0,"event_name":"Upgrade Shrine","floor":37,"gold_loss":0,"cards_upgraded":["TheCursedMod:OutForBlood"]}],"is_beta":false,"boss_relics":[{"not_picked":["Empty Cage","Busted Crown"],"picked":"Replay:Drink Me"},{"not_picked":["Kintsugi","Runic Pyramid"],"picked":"Replay:Grab Bag"},{"not_picked":["Philosopher\u0027s Stone","Runic Dome"],"picked":"Sozu"},{"not_picked":["SlaversCollar","Velvet Choker"],"picked":"Cursed Key"},{"not_picked":["Snecko Eye","Ring of Chaos"],"picked":"Black Star"}],"items_purged_floors":[39],"is_endless":false,"potions_floor_spawned":[3,12,13,18,21,23,30,31,33,44,45,46],"ascension_level":6}}