{"host":"wrdw6zkxuilnr6rg","time":1612663379,"event":{"mods":["Act Like it!","BaseMod","Bestiary","Colored Powertips","Hallownest","Hermit","Highlight Path","Minty Spire (QoL Compilation)","Quick Restart","Relic Stats","StSLib","The Bug Knight"],"gold_per_floor":[110,122,52,70,70,70,86,86,111,111,111,130,185,56,56,151,151,161,86,106,26,26,55,55,76,76,76,86,86,86,103,103,203,203,217,217,42,58,77,77,94,94,94,129,187,222,234,265,277,289],"floor_reached":51,"language":"ENG","playtime":996,"items_purged":["Defend_R","Strike_R"],"score":840,"play_id":"f7f0fad0-5655-426b-abc9-ad1a918237ad","local_time":"20210207050259","is_ascension_mode":false,"campfire_choices":[{"data":"Searing Blow","floor":6,"key":"SMITH"},{"data":"Searing Blow+1","floor":8,"key":"SMITH"},{"data":"Searing Blow+3","floor":11,"key":"SMITH"},{"data":"Searing Blow+4","floor":15,"key":"SMITH"},{"data":"Searing Blow+6","floor":24,"key":"SMITH"},{"data":"Searing Blow+7","floor":27,"key":"SMITH"},{"data":"Searing Blow+8","floor":30,"key":"SMITH"},{"data":"Searing Blow+9","floor":32,"key":"SMITH"},{"data":"Searing Blow+10","floor":40,"key":"SMITH"},{"data":"Searing Blow+11","floor":42,"key":"SMITH"},{"data":"Searing Blow+12","floor":47,"key":"SMITH"},{"data":"Searing Blow+13","floor":49,"key":"SMITH"}],"circlet_count":0,"master_deck":["Strike_R","Strike_R","Defend_R","Defend_R","Bash","Searing Blow+14","True Grit","Shrug It Off","Offering+1","Headbutt","Combust+1","True Grit+1","Headbutt+1","Hallownest:skillCityofTearsMap","Thunderclap","Bloodletting+1","Exhume","CurseOfTheBell"],"relics":["Burning Blood","NeowsBlessing","Hallownest:StagBellRelic1","Hallownest:DreamNailRelic","Bag of Marbles","Oddly Smooth Stone","Astrolabe","Tiny Chest","War Paint","Calling Bell","Blood Vial","Meat on the Bone","Ice Cream","HollowMod:PaleOreRelic","Ancient Tea Set","Unceasing Top","MawBank"],"acts_visited":["Exordium","Hallownest:Greenpath","Hallownest:CityofTears"],"potions_floor_usage":[7,16,20,33,44,50,50],"damage_taken":[{"damage":0,"enemies":"Hallownest:monsterHuskWarrior","floor":1,"turns":1},{"damage":0,"enemies":"Hallownest:2_MossCreeps","floor":2,"turns":1},{"damage":0,"enemies":"Hallownest:monsterHuskGuard","floor":4,"turns":1},{"damage":7,"enemies":"Hallownest:Guard_and_Warrior","floor":7,"turns":4},{"damage":3,"enemies":"Hallownest:MossCreep_and_Mosskin","floor":12,"turns":4},{"damage":40,"enemies":"Hallownest:BossHornet","floor":16,"turns":7},{"damage":20,"enemies":"Hallownest:3_Youths","floor":18,"turns":4},{"damage":5,"enemies":"Hallownest:2_Mistakes","floor":20,"turns":3},{"damage":11,"enemies":"Hallownest:Nosk","floor":23,"turns":4},{"damage":5,"enemies":"Hallownest:Glutton_and_Coward","floor":25,"turns":3},{"damage":9,"enemies":"Hallownest:Warrior_and_Youth","floor":28,"turns":1},{"damage":0,"enemies":"Hallownest:monsterShrumalOgre","floor":31,"turns":1},{"damage":30,"enemies":"Hallownest:BossGrimm","floor":33,"turns":4},{"damage":18,"enemies":"Hallownest:3_Siblings","floor":35,"turns":4},{"damage":12,"enemies":"Hallownest:Shield_Heavy","floor":38,"turns":1},{"damage":16,"enemies":"Hallownest:Xero_Hu_Marmu","floor":39,"turns":3},{"damage":9,"enemies":"Hallownest:2_Great","floor":41,"turns":3},{"damage":16,"enemies":"Hallownest:StalkingDevout","floor":44,"turns":2},{"damage":12,"enemies":"Hallownest:2_Primals","floor":45,"turns":1},{"damage":3,"enemies":"Hallownest:eliteHiveKnight","floor":46,"turns":1},{"damage":0,"enemies":"Hallownest:Shield_Sturdy","floor":48,"turns":2},{"damage":18,"enemies":"Hallownest:BossHollowKnight","floor":50,"turns":1}],"seed_played":"5140184656572116662","potions_obtained":[{"floor":1,"key":"BlessingOfTheForge"},{"floor":2,"key":"AttackPotion"},{"floor":4,"key":"LiquidBronze"},{"floor":16,"key":"Ancient Potion"},{"floor":18,"key":"DistilledChaos"},{"floor":20,"key":"Strength Potion"},{"floor":33,"key":"AttackPotion"},{"floor":35,"key":"LiquidMemories"},{"floor":38,"key":"BloodPotion"}],"is_trial":false,"path_per_floor":["M","M","?","M","?","R","M","R","T","?","R","M","T","$","R","B",null,"M","$","M","?","?","E","R","M","T","R","M","?","R","M","R","B",null,"M","?","$","M","M","R","M","R","T","E","?","E","R","M","R","B",null],"character_chosen":"IRONCLAD","items_purchased":["Offering","Headbutt","LiquidMemories"],"campfire_rested":0,"item_purchase_floors":[14,14,37],"current_hp_per_floor":[80,80,80,80,80,80,79,79,79,79,79,80,80,80,80,46,80,66,66,67,67,67,62,62,63,63,63,60,60,60,66,66,42,80,68,68,68,64,56,56,55,55,55,62,58,63,63,71,71,61],"gold":301,"neow_bonus":"THREE_ENEMY_KILL","is_daily":false,"chose_seed":false,"campfire_upgraded":12,"win_rate":0.0,"timestamp":1612663379,"path_taken":["M","M","?","M","?","R","?","R","T","?","R","?","?","$","R","BOSS","M","$","M","?","?","E","R","M","T","R","M","?","R","M","R","BOSS","M","?","$","M","M","R","M","R","T","E","?","E","R","M","R","BOSS"],"items_purchased_type":["Card","Card","Potion"],"build_version":"2020-12-22","purchased_purges":2,"victory":true,"max_hp_per_floor":[80,80,80,80,80,80,80,80,80,80,80,80,80,80,80,80,80,80,80,80,80,80,80,80,80,80,80,80,80,80,80,80,80,80,80,75,75,75,75,75,75,75,75,75,75,75,75,75,75,75],"relic_stats":{"Blood Vial":16,"counters":[22,56],"Astrolabe":["Combust","True Grit","Headbutt"],"Tiny Chest":0,"War Paint":["Offering","Bloodletting"],"MawBank":60,"obtain_stats":[{"Ice Cream":34,"Hallownest:StagBellRelic1":3,"NeowsBlessing":0,"Astrolabe":17,"Oddly Smooth Stone":13,"Hallownest:DreamNailRelic":5,"War Paint":26,"Ancient Tea Set":44,"MawBank":46,"Burning Blood":0,"Calling Bell":34,"Blood Vial":34,"Tiny Chest":23,"Bag of Marbles":9,"HollowMod:PaleOreRelic":43,"Unceasing Top":45,"Meat on the Bone":34},{"Ice Cream":13,"Hallownest:StagBellRelic1":2,"NeowsBlessing":0,"Astrolabe":6,"Oddly Smooth Stone":5,"Hallownest:DreamNailRelic":3,"War Paint":10,"Ancient Tea Set":18,"MawBank":20,"Burning Blood":0,"Calling Bell":13,"Blood Vial":13,"Tiny Chest":9,"Bag of Marbles":4,"HollowMod:PaleOreRelic":17,"Unceasing Top":19,"Meat on the Bone":13},{"Ice Cream":38,"Hallownest:StagBellRelic1":2,"NeowsBlessing":0,"Astrolabe":18,"Oddly Smooth Stone":11,"Hallownest:DreamNailRelic":3,"War Paint":32,"Ancient Tea Set":51,"MawBank":53,"Burning Blood":0,"Calling Bell":38,"Blood Vial":38,"Tiny Chest":29,"Bag of Marbles":7,"HollowMod:PaleOreRelic":49,"Unceasing Top":52,"Meat on the Bone":38}],"Burning Blood":112,"Unceasing Top":[0],"Meat on the Bone":0},"card_choices":[{"not_picked":["Pummel","Warcry"],"picked":"Searing Blow","floor":1},{"not_picked":["Rage","Iron Wave"],"picked":"True Grit","floor":2},{"not_picked":["Dropkick","Clash"],"picked":"Shrug It Off","floor":4},{"not_picked":["Second Wind","Pummel","Anger"],"picked":"SKIP","floor":12},{"not_picked":["Twin Strike+1","Clash"],"picked":"Thunderclap","floor":23},{"not_picked":["Clash","Disarm+1"],"picked":"Bloodletting","floor":25},{"not_picked":["Thunderclap","Twin Strike+1"],"picked":"Exhume","floor":28},{"not_picked":["Warcry+1","Blood for Blood+1","Headbutt"],"picked":"SKIP","floor":41},{"not_picked":["Intimidate+1","Pommel Strike+1","Clash+1"],"picked":"SKIP","floor":44},{"not_picked":["Clothesline+1","Feel No Pain","Wild Strike+1"],"picked":"SKIP","floor":46}],"player_experience":1672210,"relics_obtained":[{"floor":9,"key":"Bag of Marbles"},{"floor":13,"key":"Oddly Smooth Stone"},{"floor":23,"key":"Tiny Chest"},{"floor":26,"key":"War Paint"},{"floor":34,"key":"Blood Vial"},{"floor":34,"key":"Meat on the Bone"},{"floor":34,"key":"Ice Cream"},{"floor":43,"key":"HollowMod:PaleOreRelic"},{"floor":44,"key":"Ancient Tea Set"},{"floor":45,"key":"Unceasing Top"},{"floor":46,"key":"MawBank"}],"event_choices":[],"is_beta":false,"boss_relics":[{"not_picked":["Coffee Dripper","Runic Cube"],"picked":"Astrolabe"},{"not_picked":["Runic Dome","SacredBark"],"picked":"Calling Bell"}],"items_purged_floors":[19,37],"is_endless":false,"potions_floor_spawned":[1,2,4,16,18,20,25,33,35,38,41],"ascension_level":0}}