{"host":"aapp7ew3jk5k1bvd","time":1613053253,"event":{"mods":["AchievementEnabler","BaseMod","Colored Map","Custom Start","Keyboard Shortcuts","Minty Spire (QoL Compilation)","Permanent Neow","Quick Restart","StSLib","SuperFastMode"],"gold_per_floor":[113,38,38,55,65,65,83,83,134,150,150,177,177,192,192,296,296,311,330,230,230,230,230,240,240,240],"floor_reached":25,"language":"KOR","playtime":651,"items_purged":["Strike_P","Defend_P"],"score":389,"play_id":"5baee49a-d8dc-4da4-ad3b-fcd748840de8","local_time":"20210211232053","is_ascension_mode":true,"campfire_choices":[{"floor":6.0,"key":"REST"},{"data":"FearNoEvil","floor":11.0,"key":"SMITH"},{"data":"Vigilance","floor":15.0,"key":"SMITH"},{"floor":23,"key":"REST"}],"circlet_count":0,"master_deck":["Strike_P","Strike_P","Defend_P+1","Defend_P","Eruption+1","Vigilance+1","FearNoEvil+1"],"relics":["PureWater","Potion Belt","MealTicket","Empty Cage"],"acts_visited":["Exordium","TheCity"],"potions_floor_usage":[16,18,25],"damage_taken":[{"damage":4.0,"enemies":"Jaw Worm","floor":1.0,"turns":4.0},{"damage":0.0,"enemies":"Cultist","floor":4.0,"turns":2.0},{"damage":12.0,"enemies":"Small Slimes","floor":5.0,"turns":3.0},{"damage":4.0,"enemies":"3 Louse","floor":7.0,"turns":5.0},{"damage":0.0,"enemies":"Large Slime","floor":10.0,"turns":6.0},{"damage":0.0,"enemies":"Gremlin Nob","floor":12.0,"turns":2.0},{"damage":7.0,"enemies":"Exordium Thugs","floor":14.0,"turns":5.0},{"damage":0,"enemies":"Slime Boss","floor":16,"turns":6},{"damage":26,"enemies":"2 Thieves","floor":18,"turns":4},{"damage":30,"enemies":"Spheric Guardian","floor":19,"turns":10},{"damage":34,"enemies":"Snecko","floor":24,"turns":6},{"damage":39,"enemies":"Slavers","floor":25,"turns":5}],"seed_played":"-6829820268383783837","potions_obtained":[{"floor":1.0,"key":"Strength Potion"},{"floor":4.0,"key":"SteroidPotion"},{"floor":16,"key":"Swift Potion"},{"floor":19,"key":"FairyPotion"},{"floor":24,"key":"LiquidMemories"}],"is_trial":false,"path_per_floor":["M","$","?","M","M","R","M","$","T","M","R","E","?","M","R","B",null,"M","M","$","?","?","R","M","E"],"character_chosen":"WATCHER","items_purchased":[],"campfire_rested":2,"item_purchase_floors":[],"current_hp_per_floor":[61,61,61,61,49,70,66,66,66,66,66,66,71,64,64,64,74,48,18,33,33,33,56,22,10,10],"gold":240,"neow_bonus":"UPGRADE_CARD","is_daily":false,"chose_seed":false,"campfire_upgraded":2,"win_rate":0.0,"timestamp":1613053253,"path_taken":["M","$","?","M","?","R","M","$","T","M","R","E","?","M","R","BOSS","M","M","$","?","?","R","M","E"],"items_purchased_type":[],"build_version":"2020-12-22","purchased_purges":2,"victory":false,"max_hp_per_floor":[72,72,72,72,72,72,72,72,72,72,72,72,77,77,77,77,77,77,77,77,77,77,77,77,77,77],"card_choices":[{"not_picked":["Conclude","PathToVictory","CrushJoints"],"picked":"SKIP","floor":1.0},{"not_picked":["ThirdEye","Meditate"],"picked":"FearNoEvil","floor":4.0},{"not_picked":["WheelKick","SashWhip","Pray"],"picked":"SKIP","floor":5.0},{"not_picked":["Study","JustLucky","CrushJoints"],"picked":"SKIP","floor":7.0},{"not_picked":["ClearTheMind","ThirdEye","Halt"],"picked":"SKIP","floor":10.0},{"not_picked":["Prostrate","Wallop","Ragnarok"],"picked":"SKIP","floor":12.0},{"not_picked":["BowlingBash","CutThroughFate","EmptyFist"],"picked":"SKIP","floor":14.0},{"not_picked":["Nirvana","FearNoEvil+1","SashWhip"],"picked":"SKIP","floor":18},{"not_picked":["Crescendo","CarveReality","Weave"],"picked":"SKIP","floor":19},{"not_picked":["Collect","Prostrate","Swivel+1"],"picked":"SKIP","floor":24}],"player_experience":1354489,"relics_obtained":[{"floor":9.0,"key":"Potion Belt"},{"floor":12.0,"key":"MealTicket"}],"event_choices":[{"damage_healed":0.0,"max_hp_gain":0.0,"max_hp_loss":0.0,"gold_gain":0.0,"event_name":"Match and Keep!","player_choice":"0 cards matched","floor":3.0,"gold_loss":0.0,"damage_taken":0.0,"cards_obtained":[]},{"damage_healed":0.0,"max_hp_gain":5.0,"max_hp_loss":0.0,"gold_gain":0.0,"event_name":"Big Fish","player_choice":"Donut","floor":13.0,"gold_loss":0.0,"damage_taken":0.0},{"damage_healed":0,"gold_gain":0,"player_choice":"Ignored","damage_taken":0,"max_hp_gain":0,"max_hp_loss":0,"event_name":"Ghosts","floor":21,"gold_loss":0},{"damage_healed":0,"gold_gain":0,"player_choice":"Upgraded","damage_taken":0,"max_hp_gain":0,"max_hp_loss":0,"event_name":"Upgrade Shrine","floor":22,"gold_loss":0,"cards_upgraded":["Defend_P"]}],"is_beta":false,"boss_relics":[{"not_picked":["Fusion Hammer","Ectoplasm"],"picked":"Empty Cage"}],"items_purged_floors":[2,20],"is_endless":false,"potions_floor_spawned":[1,4,16,19,24],"killed_by":"Slavers","ascension_level":8}}