{"host":"c3lc60y5x60jlt1y","time":1613058100,"event":{"mods":["AchievementEnabler","BaseMod","Bestiary","Colored Map","Minty Spire (QoL Compilation)","Quick Restart","StSLib","ojb\u0027s Info Mod"],"gold_per_floor":[119,135,135,135,149,149,175,175,202,202,218,252,275,319,319,415,415,435,435,435,451,465,506,506,537,537,537,102,102,102,122,122,122,122],"floor_reached":33,"language":"ENG","playtime":3096,"items_purged":["Defend_P"],"score":656,"play_id":"37c79adb-0eb8-46f3-9921-fd82b8dceaa5","local_time":"20210211174140","is_ascension_mode":true,"campfire_choices":[{"data":"Eruption","floor":6.0,"key":"SMITH"},{"data":"SashWhip","floor":8.0,"key":"SMITH"},{"data":"Omniscience","floor":15.0,"key":"SMITH"},{"data":"Ragnarok","floor":24.0,"key":"SMITH"},{"floor":30.0,"key":"REST"},{"floor":32.0,"key":"REST"}],"circlet_count":0,"master_deck":["AscendersBane","Eruption+1","Vigilance","FlurryOfBlows","FearNoEvil","CarveReality","Consecrate","SashWhip+1","Worship","Omniscience+1","DeceiveReality","FlurryOfBlows","Ragnarok+1","Swivel+1","BattleHymn+1","EmptyFist+1","Worship","RitualDagger","FlurryOfBlows+1","EmptyBody","Ragnarok","TalkToTheHand","EmptyBody+1","WindmillStrike","Evaluate+1"],"relics":["PureWater","Pen Nib","Lantern","Golden Idol","Eternal Feather","Bag of Preparation","Astrolabe","Question Card","Nunchaku","Blue Candle","Nilry\u0027s Codex","Toxic Egg 2"],"acts_visited":["Exordium","TheCity"],"potions_floor_usage":[],"damage_taken":[{"damage":0.0,"enemies":"Cultist","floor":1.0,"turns":3.0},{"damage":0.0,"enemies":"Small Slimes","floor":2.0,"turns":2.0},{"damage":0.0,"enemies":"2 Louse","floor":5.0,"turns":3.0},{"damage":0.0,"enemies":"Gremlin Nob","floor":7.0,"turns":2.0},{"damage":0.0,"enemies":"Looter","floor":11.0,"turns":2.0},{"damage":2.0,"enemies":"Lagavulin","floor":12.0,"turns":5.0},{"damage":0.0,"enemies":"Large Slime","floor":13.0,"turns":3.0},{"damage":21.0,"enemies":"3 Sentries","floor":14.0,"turns":6.0},{"damage":19.0,"enemies":"The Guardian","floor":16.0,"turns":10.0},{"damage":0.0,"enemies":"Chosen","floor":18.0,"turns":2.0},{"damage":0.0,"enemies":"Spheric Guardian","floor":21.0,"turns":2.0},{"damage":0.0,"enemies":"Cultist and Chosen","floor":22.0,"turns":2.0},{"damage":28.0,"enemies":"Gremlin Leader","floor":23.0,"turns":4.0},{"damage":8.0,"enemies":"Slavers","floor":25.0,"turns":2.0},{"damage":21.0,"enemies":"Shelled Parasite and Fungi","floor":31.0,"turns":4.0},{"damage":82,"enemies":"Automaton","floor":33,"turns":6}],"seed_played":"4997303198579066576","potions_obtained":[{"floor":2.0,"key":"Block Potion"},{"floor":7.0,"key":"DistilledChaos"},{"floor":11.0,"key":"StancePotion"},{"floor":18.0,"key":"LiquidBronze"},{"floor":25.0,"key":"SteroidPotion"}],"is_trial":false,"path_per_floor":["M","M","?","?","M","R","E","R","T","?","M","E","M","E","R","B",null,"M","?","?","M","M","E","R","E","T","?","$","?","R","M","R","B"],"character_chosen":"WATCHER","items_purchased":["Toxic Egg 2","TalkToTheHand"],"campfire_rested":2,"item_purchase_floors":[28,28],"current_hp_per_floor":[43,43,48,48,48,48,48,48,48,48,48,46,46,25,34,15,53,53,47,47,47,47,19,31,23,23,2,2,2,33,12,46,0,0],"gold":122,"neow_bonus":"TRANSFORM_TWO_CARDS","is_daily":false,"chose_seed":false,"campfire_upgraded":4,"win_rate":0.0,"timestamp":1613058100,"path_taken":["M","M","?","?","M","R","E","R","T","?","M","E","M","E","R","BOSS","M","?","?","M","M","E","R","E","T","?","$","?","R","M","R","BOSS"],"items_purchased_type":["Relic","Card"],"build_version":"2020-12-22","purchased_purges":1,"victory":false,"max_hp_per_floor":[68,68,73,73,73,73,73,73,73,66,66,66,66,66,66,66,66,66,66,66,66,66,66,66,66,66,66,66,66,66,66,66,66,66],"card_choices":[{"not_picked":["ClearTheMind","SandsOfTime"],"picked":"BattleHymn","floor":1.0},{"not_picked":["Prostrate","Pray"],"picked":"CarveReality","floor":2.0},{"not_picked":["Halt","Swivel"],"picked":"Consecrate","floor":5.0},{"not_picked":["FlurryOfBlows","FollowUp"],"picked":"SashWhip","floor":7.0},{"not_picked":["Consecrate","EmptyFist"],"picked":"Worship","floor":11.0},{"not_picked":["FlurryOfBlows","Protect"],"picked":"Omniscience","floor":12.0},{"not_picked":["ThirdEye","Consecrate"],"picked":"DeceiveReality","floor":13.0},{"not_picked":["BowlingBash","CutThroughFate"],"picked":"FlurryOfBlows","floor":14.0},{"not_picked":["Wish","Alpha"],"picked":"Ragnarok","floor":16.0},{"not_picked":["Consecrate","BowlingBash"],"picked":"Worship","floor":18.0},{"not_picked":["JustLucky","Consecrate","PathToVictory"],"picked":"SKIP","floor":21.0},{"not_picked":["EmptyFist","JustLucky"],"picked":"FlurryOfBlows+1","floor":22.0},{"not_picked":["PathToVictory","CutThroughFate"],"picked":"EmptyBody","floor":23.0},{"not_picked":["Collect","SignatureMove","Study"],"picked":"Ragnarok","floor":25.0},{"not_picked":["Prostrate+1","EmptyFist","SashWhip"],"picked":"Evaluate+1","floor":31.0}],"player_experience":9201295,"relics_obtained":[{"floor":7.0,"key":"Pen Nib"},{"floor":9.0,"key":"Lantern"},{"floor":12.0,"key":"Eternal Feather"},{"floor":14.0,"key":"Bag of Preparation"},{"floor":23.0,"key":"Question Card"},{"floor":25.0,"key":"Nunchaku"},{"floor":26.0,"key":"Blue Candle"},{"floor":27.0,"key":"Nilry\u0027s Codex"}],"event_choices":[{"damage_healed":0.0,"max_hp_gain":5.0,"max_hp_loss":0.0,"gold_gain":0.0,"event_name":"Big Fish","player_choice":"Donut","floor":3.0,"gold_loss":0.0,"damage_taken":0.0},{"damage_healed":0.0,"max_hp_gain":0.0,"max_hp_loss":0.0,"gold_gain":0.0,"event_name":"Liars Game","player_choice":"Ignored","floor":4.0,"gold_loss":0.0,"damage_taken":0.0},{"damage_healed":0.0,"max_hp_gain":0.0,"max_hp_loss":7.0,"gold_gain":0.0,"event_name":"Golden Idol","player_choice":"Lose Max HP","floor":10.0,"gold_loss":0.0,"damage_taken":0.0,"relics_obtained":["Golden Idol"]},{"damage_healed":0.0,"max_hp_gain":0.0,"max_hp_loss":0.0,"gold_gain":0.0,"event_name":"Nest","player_choice":"Joined the Cult","floor":19.0,"gold_loss":0.0,"damage_taken":6.0,"cards_obtained":["RitualDagger"]},{"cards_removed":["Strike_P"],"damage_healed":0.0,"max_hp_gain":0.0,"max_hp_loss":0.0,"gold_gain":0.0,"event_name":"Back to Basics","player_choice":"Elegance","floor":20.0,"gold_loss":0.0,"damage_taken":0.0},{"damage_healed":0.0,"max_hp_gain":0.0,"max_hp_loss":0.0,"gold_gain":0.0,"event_name":"Cursed Tome","player_choice":"Obtained Book","floor":27.0,"gold_loss":0.0,"damage_taken":21.0},{"damage_healed":0.0,"max_hp_gain":0.0,"max_hp_loss":0.0,"gold_gain":0.0,"cards_transformed":["Strike_P","BattleHymn"],"event_name":"Drug Dealer","player_choice":"Became Test Subject","floor":29.0,"gold_loss":0.0,"damage_taken":0.0,"cards_obtained":["EmptyBody","WindmillStrike"]}],"is_beta":false,"boss_relics":[{"not_picked":["Busted Crown","Black Star"],"picked":"Astrolabe"}],"items_purged_floors":[28],"is_endless":false,"potions_floor_spawned":[2,7,11,13,18,25],"killed_by":"Automaton","ascension_level":20}}