{"host":"vx9o61wf7wop5y3g","time":1613020951,"event":{"mods":["BaseMod","Colored Map","Colored Powertips","Googly Eyes","Minty Spire (QoL Compilation)","Shop Mod","StSLib"],"gold_per_floor":[144,319,319,394,44,134,134,224,224,269,314,279,369,369,369,669,669,714,714,759,804,849,849,939,984,1034,617,662,707,707,752,752,1052,1052,1097,1057,1102,1102,703,703,793,838,863,863,863,1004,1049,1094,1094,1094],"floor_reached":51,"language":"ENG","playtime":6811,"items_purged":["Backflip","BattleHymn"],"score":792,"play_id":"f764a1ac-8a4b-4b36-a5a9-2fd33b2d8bd7","local_time":"20210210232231","daily_mods":["SealedDeck","Purple Cards","Midas"],"is_ascension_mode":false,"campfire_choices":[{"floor":7.0,"key":"REST"},{"floor":15.0,"key":"REST"},{"floor":23.0,"key":"REST"},{"floor":32.0,"key":"REST"},{"floor":40.0,"key":"REST"},{"floor":44.0,"key":"REST"},{"data":"Dodge and Roll","floor":49,"key":"PURGE"}],"circlet_count":0,"master_deck":["CrushJoints","Blade Dance","CrushJoints","Backflip","PiercingWail","Cloak And Dagger","Infinite Blades","FollowUp","Envenom+1","SpiritShield","Noxious Fumes+1","Cloak And Dagger+1","PiercingWail","Deflect+1","WaveOfTheHand+1","Judgement","Concentrate","DeusExMachina","Leg Sweep+1","Master of Strategy","Jack Of All Trades","Consecrate","Catalyst+1","Backstab"],"relics":["Ring of the Snake","Unceasing Top","Snake Skull","Vajra","Centennial Puzzle","PreservedInsect","Eternal Feather","WristBlade","Prayer Wheel","MawBank","Membership Card","Orichalcum","Sundial","Runic Pyramid","Pen Nib","Potion Belt","Shuriken","Bag of Preparation","Peace Pipe"],"acts_visited":["Exordium","TheCity","TheBeyond"],"potions_floor_usage":[50,50,50],"damage_taken":[{"damage":0.0,"enemies":"Jaw Worm","floor":1.0,"turns":3.0},{"damage":2.0,"enemies":"Gremlin Nob","floor":6.0,"turns":3.0},{"damage":13.0,"enemies":"Lagavulin","floor":8.0,"turns":5.0},{"damage":0.0,"enemies":"Small Slimes","floor":10.0,"turns":2.0},{"damage":0.0,"enemies":"Cultist","floor":11.0,"turns":2.0},{"damage":3.0,"enemies":"3 Sentries","floor":13.0,"turns":5.0},{"damage":0.0,"enemies":"Slime Boss","floor":16.0,"turns":5.0},{"damage":8.0,"enemies":"3 Byrds","floor":18.0,"turns":4.0},{"damage":2.0,"enemies":"2 Thieves","floor":20.0,"turns":4.0},{"damage":13.0,"enemies":"Snake Plant","floor":21.0,"turns":4.0},{"damage":0.0,"enemies":"Chosen and Byrds","floor":22.0,"turns":3.0},{"damage":2.0,"enemies":"Slavers","floor":24.0,"turns":3.0},{"damage":4.0,"enemies":"Shelled Parasite and Fungi","floor":25.0,"turns":3.0},{"damage":1.0,"enemies":"Centurion and Healer","floor":28.0,"turns":3.0},{"damage":6.0,"enemies":"3 Cultists","floor":29.0,"turns":3.0},{"damage":1.0,"enemies":"Snecko","floor":31.0,"turns":3.0},{"damage":16.0,"enemies":"Collector","floor":33.0,"turns":7.0},{"damage":0.0,"enemies":"3 Shapes","floor":35.0,"turns":3.0},{"damage":3.0,"enemies":"Orb Walker","floor":37.0,"turns":3.0},{"damage":4.0,"enemies":"Nemesis","floor":41.0,"turns":5.0},{"damage":8.0,"enemies":"Maw","floor":42.0,"turns":5.0},{"damage":3,"enemies":"2 Orb Walkers","floor":46,"turns":4},{"damage":4,"enemies":"Sphere and 2 Shapes","floor":47,"turns":2},{"damage":0,"enemies":"4 Shapes","floor":48,"turns":2},{"damage":23,"enemies":"Awakened One","floor":50,"turns":8}],"seed_played":"-5810517303651203205","potions_obtained":[{"floor":1.0,"key":"PowerPotion"},{"floor":10.0,"key":"Strength Potion"},{"floor":16.0,"key":"Ancient Potion"},{"floor":18.0,"key":"Swift Potion"},{"floor":22.0,"key":"Fire Potion"},{"floor":29.0,"key":"Dexterity Potion"},{"floor":33.0,"key":"GamblersBrew"}],"is_trial":false,"path_per_floor":["M","?","?","?","$","E","R","E","T","M","M","?","E","?","R","B",null,"M","?","M","M","M","R","E","M","T","$","M","M","?","M","R","B",null,"M","?","M","?","$","R","E","M","T","R","?","?","M","M","R","B",null],"character_chosen":"THE_SILENT","items_purchased":["Unceasing Top","PowerPotion","Membership Card","Orichalcum","Sundial","Judgement","Pen Nib","Potion Belt","CunningPotion","Master of Strategy","Jack Of All Trades","Dexterity Potion"],"campfire_rested":6,"item_purchase_floors":[5,5,27,27,27,27,39,39,39,39,39,39],"current_hp_per_floor":[70,70,63,56,56,54,70,57,57,57,57,70,67,60,70,70,70,62,62,60,47,47,70,68,64,64,64,63,57,57,56,70,54,70,70,70,67,67,67,70,66,58,58,70,66,63,59,59,66,43],"gold":1094,"neow_bonus":"","is_daily":true,"chose_seed":false,"campfire_upgraded":0,"win_rate":0.0,"timestamp":1613020951,"path_taken":["M","?","?","?","$","E","R","E","T","?","M","?","E","?","R","BOSS","M","?","?","M","M","R","E","M","T","$","M","M","?","M","R","BOSS","M","?","?","?","$","R","E","M","T","R","?","?","M","M","R","BOSS"],"items_purchased_type":["Relic","Potion","Relic","Relic","Relic","Card","Relic","Relic","Potion","Card","Card","Potion"],"build_version":"2020-12-22","purchased_purges":2,"victory":true,"max_hp_per_floor":[70,70,70,70,70,70,70,70,70,70,70,70,70,70,70,70,70,70,70,70,70,70,70,70,70,70,70,70,70,70,70,70,70,70,70,70,70,70,70,70,70,70,70,70,66,66,66,66,66,66],"card_choices":[{"not_picked":["EmptyBody","Dagger Throw"],"picked":"FollowUp","floor":1.0},{"not_picked":["Deflect","Poisoned Stab","Alpha"],"picked":"SKIP","floor":6.0},{"not_picked":["CarveReality","Pray","Evaluate"],"picked":"SKIP","floor":8.0},{"not_picked":["FlyingSleeves","Wallop","Dagger Throw"],"picked":"SKIP","floor":10.0},{"not_picked":["EmptyBody","LikeWater","Underhanded Strike"],"picked":"SKIP","floor":11.0},{"not_picked":["Protect","Acrobatics","Riddle With Holes"],"picked":"SKIP","floor":13.0},{"not_picked":["Ragnarok","Adrenaline"],"picked":"Envenom","floor":16.0},{"not_picked":["EmptyMind","WindmillStrike","FlyingSleeves"],"picked":"SKIP","floor":18.0},{"not_picked":["Reflex","FlurryOfBlows"],"picked":"Noxious Fumes+1","floor":20.0},{"not_picked":["SandsOfTime+1","BowlingBash"],"picked":"Cloak And Dagger+1","floor":21.0},{"not_picked":["Endless Agony+1","Blade Dance"],"picked":"PiercingWail","floor":22.0},{"not_picked":["Prostrate","Deadly Poison","Poisoned Stab"],"picked":"SKIP","floor":24.0},{"not_picked":["Bane","Noxious Fumes+1"],"picked":"Deflect+1","floor":25.0},{"not_picked":["Flying Knee","CutThroughFate"],"picked":"WaveOfTheHand","floor":25.0},{"not_picked":["Establishment","MentalFortress"],"picked":"Concentrate","floor":28.0},{"not_picked":["WindmillStrike","Protect","Flying Knee"],"picked":"SKIP","floor":28.0},{"not_picked":["Dagger Spray","Bane","Poisoned Stab+1"],"picked":"SKIP","floor":29.0},{"not_picked":["Outmaneuver","CrushJoints","Corpse Explosion"],"picked":"SKIP","floor":29.0},{"not_picked":["Consecrate+1","Cloak And Dagger"],"picked":"Dodge and Roll","floor":31.0},{"not_picked":["Cloak And Dagger","Protect","BattleHymn+1"],"picked":"SKIP","floor":31.0},{"not_picked":["Glass Knife","Scrawl"],"picked":"DeusExMachina","floor":33.0},{"not_picked":["Sucker Punch","SignatureMove"],"picked":"Leg Sweep+1","floor":35.0},{"not_picked":["FlyingSleeves","Protect+1","EmptyBody"],"picked":"SKIP","floor":35.0},{"not_picked":["Noxious Fumes","Cloak And Dagger","Quick Slash"],"picked":"SKIP","floor":37.0},{"not_picked":["Crescendo","FlyingSleeves","Prostrate"],"picked":"SKIP","floor":37.0},{"not_picked":["JustLucky","EmptyFist","Well Laid Plans"],"picked":"SKIP","floor":41.0},{"not_picked":["PathToVictory+1","Vault"],"picked":"Consecrate","floor":42.0},{"not_picked":["Worship+1","Weave","Dash"],"picked":"SKIP","floor":42.0},{"not_picked":["BowlingBash+1","Well Laid Plans"],"picked":"Catalyst+1","floor":46},{"not_picked":["Worship","WindmillStrike"],"picked":"Backstab","floor":47},{"not_picked":["InnerPeace","Crescendo+1","Poisoned Stab+1"],"picked":"SKIP","floor":47},{"not_picked":["Blur+1","Backflip+1","Choke"],"picked":"SKIP","floor":48},{"not_picked":["Leg Sweep","Weave+1","CutThroughFate"],"picked":"SKIP","floor":48}],"player_experience":609847,"relics_obtained":[{"floor":6.0,"key":"Snake Skull"},{"floor":8.0,"key":"Vajra"},{"floor":9.0,"key":"Centennial Puzzle"},{"floor":13.0,"key":"PreservedInsect"},{"floor":24.0,"key":"Prayer Wheel"},{"floor":26.0,"key":"MawBank"},{"floor":41.0,"key":"Shuriken"},{"floor":43.0,"key":"Bag of Preparation"},{"floor":46,"key":"Peace Pipe"}],"event_choices":[{"damage_healed":0.0,"max_hp_gain":0.0,"max_hp_loss":0.0,"gold_gain":175.0,"event_name":"Liars Game","player_choice":"AGREE","floor":2.0,"gold_loss":0.0,"damage_taken":0.0,"cards_obtained":["Doubt"]},{"cards_removed":["Doubt"],"damage_healed":0.0,"max_hp_gain":0.0,"max_hp_loss":0.0,"gold_gain":0.0,"event_name":"Golden Wing","player_choice":"Card Removal","floor":3.0,"gold_loss":0.0,"damage_taken":7.0},{"damage_healed":0.0,"max_hp_gain":0.0,"max_hp_loss":0.0,"gold_gain":75.0,"event_name":"FaceTrader","player_choice":"Touch","floor":4.0,"gold_loss":0.0,"damage_taken":7.0},{"damage_healed":17.0,"max_hp_gain":0.0,"max_hp_loss":0.0,"gold_gain":0.0,"event_name":"The Cleric","player_choice":"Healed","floor":12.0,"gold_loss":35.0,"damage_taken":0.0},{"damage_healed":0.0,"max_hp_gain":0.0,"max_hp_loss":0.0,"gold_gain":0.0,"event_name":"Scrap Ooze","player_choice":"Success","floor":14.0,"gold_loss":0.0,"damage_taken":7.0,"relics_obtained":["Eternal Feather"]},{"damage_healed":0.0,"max_hp_gain":0.0,"max_hp_loss":0.0,"gold_gain":0.0,"cards_transformed":["Protect"],"event_name":"Transmorgrifier","player_choice":"Transformed","floor":19.0,"gold_loss":0.0,"damage_taken":0.0,"cards_obtained":["SpiritShield"]},{"damage_healed":0.0,"max_hp_gain":0.0,"max_hp_loss":0.0,"gold_gain":0.0,"event_name":"Upgrade Shrine","player_choice":"Upgraded","floor":30.0,"gold_loss":0.0,"damage_taken":0.0,"cards_upgraded":["Envenom"]},{"damage_healed":0.0,"max_hp_gain":0.0,"max_hp_loss":0.0,"gold_gain":0.0,"event_name":"Designer","player_choice":"Upgrade","floor":36.0,"gold_loss":40.0,"damage_taken":0.0,"cards_upgraded":["WaveOfTheHand"]},{"damage_healed":0.0,"max_hp_gain":0.0,"max_hp_loss":0.0,"gold_gain":0.0,"event_name":"Tomb of Lord Red Mask","player_choice":"Ignored","floor":38.0,"gold_loss":0.0,"damage_taken":0.0},{"damage_healed":0.0,"max_hp_gain":0.0,"max_hp_loss":4.0,"gold_gain":0.0,"event_name":"Winding Halls","player_choice":"Max HP","floor":45.0,"gold_loss":0.0,"damage_taken":0.0},{"damage_healed":0,"gold_gain":0,"player_choice":"Fight","damage_taken":0,"max_hp_gain":0,"max_hp_loss":0,"event_name":"Mysterious Sphere","floor":46,"gold_loss":0}],"is_beta":false,"boss_relics":[{"not_picked":["Ring of the Serpent","Philosopher\u0027s Stone"],"picked":"WristBlade"},{"not_picked":["Runic Dome","Snecko Eye"],"picked":"Runic Pyramid"}],"items_purged_floors":[27,39],"is_endless":false,"potions_floor_spawned":[1,10,16,18,22,29,33,46,48],"ascension_level":0}}