{"host":"bg0cyinkrjnqf173","time":1613018822,"event":{"mods":["Aspiration","BaseMod","Beaked The Cultist","Better Third Choice","BetterRewards","Colored Map","Conspire","Custom Start","Defuse TimeMaze Blight","Displayed Cursed Tome","Googly Eyes","Halation","Hermit","Hubris","Infinite Spire","Jedi Mod","Minty Spire (QoL Compilation)","Permanent Neow","Quick Restart","Rare Cards Sparkle","Relic Sorter","Reliquary","Replay The Spire","Shop Mod","Spicy Shops","Spikes Relics","StSLib","The Bladedancer","The Construct","The Valiant","Uncapped"],"gold_per_floor":[117,117,117,127,127,157,76,76,76,86,93,93,103,132,132,132,132],"floor_reached":16,"language":"ENG","playtime":937,"items_purged":[],"score":166,"play_id":"877f3069-2b7e-46cd-bdcf-2164de3f71e6","local_time":"20210210234702","is_ascension_mode":true,"campfire_choices":[{"data":"Alpha","floor":8,"key":"SMITH"},{"floor":12,"key":"REST"},{"floor":15,"key":"REST"}],"circlet_count":0,"master_deck":["Strike_P","Strike_P","Strike_P","Defend_P","Defend_P","Defend_P","Defend_P","Eruption","Vigilance","DeusExMachina","EmptyBody","Crescendo+1","Alpha+1","Replay:BluntJabs","ReplayTheSpireMod:IOU","Pray","EmptyFist"],"relics":["PureWater","infinitespire:Golems Mask","reliquary:BrokenClock","Frozen Eye","Mercury Hourglass","Iron Hammer","reliquary:PorcupineQuills","halation:LostSnail","conspire:DecoderRing","ReplayTheSpireMod:CursedCoin","hubris:OldNail","infinitespire:Lucky Rock"],"acts_visited":["Exordium"],"potions_floor_usage":[],"damage_taken":[{"damage":0,"enemies":"Jaw Worm","floor":1,"turns":2},{"damage":4,"enemies":"conspire:RoseBush","floor":4,"turns":2},{"damage":13,"enemies":"3 Sentries","floor":6,"turns":7},{"damage":0,"enemies":"2 Louse","floor":10,"turns":2},{"damage":12,"enemies":"Looter","floor":13,"turns":3},{"damage":36,"enemies":"Replay:BlueRogue","floor":14,"turns":4},{"damage":27,"enemies":"Slime Boss","floor":16,"turns":7}],"seed_played":"-867309154000148143","potions_obtained":[{"floor":6,"key":"FearPotion"},{"floor":14,"key":"SmokeBomb"}],"is_trial":false,"path_per_floor":["M","$","?","M","?","E","$","R","T","M","$","R","M","E","R","B"],"character_chosen":"WATCHER","items_purchased":["DeusExMachina","infinitespire:Golems Mask","reliquary:BrokenClock","Frozen Eye","halation:LostSnail","ReplayTheSpireMod:CursedCoin","hubris:OldNail"],"campfire_rested":2,"item_purchase_floors":[0,0,0,0,7,11,11],"current_hp_per_floor":[64,64,64,60,60,47,47,47,47,47,47,68,56,20,41,14,14],"gold":132,"neow_bonus":"","is_daily":false,"chose_seed":false,"campfire_upgraded":1,"win_rate":0.0,"timestamp":1613018822,"path_taken":["M","$","?","M","?","E","?","R","T","?","$","R","M","E","R","BOSS"],"items_purchased_type":["Card","Relic","Relic","Relic","Relic","Relic","Relic"],"build_version":"2020-12-22","purchased_purges":0,"victory":false,"max_hp_per_floor":[72,72,72,72,72,72,72,72,72,72,72,72,72,72,72,72,72],"card_choices":[{"not_picked":["FlurryOfBlows","CutThroughFate"],"picked":"EmptyBody","floor":1},{"not_picked":["PathToVictory","Replay:DivineShield"],"picked":"Crescendo","floor":4},{"not_picked":["Protect","InnerPeace"],"picked":"Alpha","floor":6},{"not_picked":["Replay:ManipulateFuture","JustLucky"],"picked":"Replay:BluntJabs","floor":10},{"not_picked":["EmptyFist","Halt"],"picked":"Pray","floor":13},{"not_picked":["Conclude","Collect"],"picked":"EmptyFist","floor":14}],"player_experience":867538,"relics_obtained":[{"floor":6,"key":"reliquary:PorcupineQuills"},{"floor":9,"key":"conspire:DecoderRing"},{"floor":14,"key":"infinitespire:Lucky Rock"}],"event_choices":[{"damage_healed":0,"gold_gain":0,"player_choice":"Disagree","damage_taken":0,"max_hp_gain":0,"max_hp_loss":0,"event_name":"conspire:LoneGhost","floor":3,"gold_loss":0}],"is_beta":false,"boss_relics":[],"items_purged_floors":[],"is_endless":false,"potions_floor_spawned":[6,14],"killed_by":"Slime Boss","ascension_level":1}}