{"host":"56xwnffi6e9z5l58","time":1613026392,"event":{"mods":["Aspiration","BaseMod","Better Match","Better Note","Better Sensory Stone","BetterRewards","Colored Map","Colored Powertips","Conspire","Downfall","GifTheSpireLib","Hermit","Highlight Path","Hubris","Infinite Spire","Key Reminder","Minty Spire (QoL Compilation)","Permanent Neow","Quick Restart","Rare Cards Sparkle","Replay The Spire","StSLib","Stuff the Spire","SuperFastMode","Unceasing Turn Reminder"],"gold_per_floor":[99,115,115,134,134,134,157,191,341,274,317,337,337,358,383,383,383,383],"floor_reached":16,"language":"ENG","playtime":576,"items_purged":[],"score":110,"play_id":"009024a7-cd68-4b8d-8f69-4a7a236d8561","local_time":"20210211145312","is_ascension_mode":false,"campfire_choices":[{"data":"hexamod:Defend","floor":1,"key":"PURGE"},{"data":"hexamod:Sear","floor":6,"key":"SMITH"},{"floor":13,"key":"REST"}],"circlet_count":0,"master_deck":["hexamod:Strike","hexamod:Strike","hexamod:Strike","hexamod:Strike","hexamod:Defend","hexamod:Defend","hexamod:Defend","hexamod:Sear+1","hexamod:Float","hexamod:ParanormalForm","hexamod:HauntingEcho","hexamod:NightmareGuise","hexamod:GhostOfSpirePast","hexamod:SearingWound","hexamod:SecondSeal","hexamod:NightmareStrike","hexamod:PowerFromBeyond","hexamod:PhantomFireball"],"relics":["hexamod:SpiritBrand","aspiration:BabyByrd","aspiration:HiddenCompartment","StuffTheSpire:Wildfire"],"acts_visited":["Exordium"],"potions_floor_usage":[8,16,16],"damage_taken":[{"damage":0,"enemies":"Cultist","floor":2,"turns":4},{"damage":5,"enemies":"conspire:RoseBush","floor":4,"turns":4},{"damage":9,"enemies":"Replay:BlueRogue","floor":8,"turns":5},{"damage":5,"enemies":"downfall:FleeingMerchant","floor":10,"turns":4},{"damage":41,"enemies":"3 Sentries","floor":11,"turns":12},{"damage":2,"enemies":"2 Louse","floor":12,"turns":3},{"damage":5,"enemies":"Exordium Thugs","floor":14,"turns":4},{"damage":18,"enemies":"Exordium Wildlife","floor":15,"turns":3},{"damage":18,"enemies":"WA_ARCHETYPE_RETAIN","floor":16,"turns":4}],"seed_played":"7680432119913162948","potions_obtained":[{"floor":2,"key":"Venom Potion"},{"floor":11,"key":"Toxic Potion"},{"floor":14,"key":"SpeedPotion"},{"floor":15,"key":"Dexterity Potion"}],"is_trial":false,"path_per_floor":["R_BF","M","?","M","?","R","T","E","?","$","E","M","R","M","M","B"],"character_chosen":"THE_SPIRIT","items_purchased":["hexamod:SecondSeal"],"campfire_rested":1,"item_purchase_floors":[10],"current_hp_per_floor":[70,70,75,70,70,70,70,61,61,56,15,13,35,30,12,0,0,0],"gold":383,"neow_bonus":"ONE_RANDOM_RARE_CARD","is_daily":false,"chose_seed":false,"campfire_upgraded":1,"win_rate":0.0,"timestamp":1613026392,"path_taken":["R_BF","M","?","M","?","R","T","E","?","$","E","M","R","?","M","BOSS"],"items_purchased_type":["Card"],"build_version":"2020-12-22","purchased_purges":0,"victory":false,"max_hp_per_floor":[70,70,75,75,75,75,75,75,75,75,75,75,75,75,75,75,75,75],"card_choices":[{"not_picked":["hexamod:SwordOfDarkness","hexamod:HeatMetal"],"picked":"hexamod:HauntingEcho","floor":2},{"not_picked":["hexamod:SwordOfDarkness","hexamod:Haunt"],"picked":"hexamod:NightmareGuise","floor":4},{"not_picked":["hexamod:GhostShield","hexamod:BacktrackSmack"],"picked":"hexamod:GhostOfSpirePast","floor":8},{"not_picked":["hexamod:InspiringFlames","hexamod:DynamicBlow"],"picked":"hexamod:SearingWound","floor":10},{"not_picked":["hexamod:Hexaguard","hexamod:Firestarter"],"picked":"hexamod:NightmareStrike","floor":11},{"not_picked":["hexamod:BacktrackSmack","hexamod:GhostShield","hexamod:HeatMetal"],"picked":"SKIP","floor":12},{"not_picked":["hexamod:Again","hexamod:GhostLash"],"picked":"hexamod:PowerFromBeyond","floor":14},{"not_picked":["hexamod:GhostLash","hexamod:Firestarter"],"picked":"hexamod:PhantomFireball","floor":15}],"player_experience":1025524,"relics_obtained":[{"floor":7,"key":"aspiration:ChemicalBlood"},{"floor":8,"key":"aspiration:HiddenCompartment"},{"floor":11,"key":"StuffTheSpire:Wildfire"}],"event_choices":[{"damage_healed":0,"gold_gain":0,"player_choice":"Donut","damage_taken":0,"max_hp_gain":5,"max_hp_loss":0,"event_name":"Big Fish","floor":3,"gold_loss":0}],"is_beta":false,"boss_relics":[],"items_purged_floors":[],"is_endless":false,"potions_floor_spawned":[2,11,14,15],"killed_by":"WA_ARCHETYPE_RETAIN","ascension_level":0}}