{"host":"f7jml7vkwn3tj7tu","time":1613074727,"event":{"mods":["BaseMod","Block Reminder","Minty Spire (QoL Compilation)","Relic Stats","Slay-I"],"gold_per_floor":[17,17,17,30,49,49,73,73,127,147,182,194,227,255,267,407,419,452,464,476,488,488],"floor_reached":21,"language":"ENG","playtime":864,"items_purged":[],"score":199,"play_id":"405ac885-90ea-4297-95a0-84a4c263e255","local_time":"20210211151847","is_ascension_mode":true,"campfire_choices":[{"data":"FearNoEvil","floor":6,"key":"SMITH"},{"floor":15,"key":"REST"}],"circlet_count":0,"master_deck":["Strike_P","Strike_P","Defend_P","Defend_P","Defend_P","Eruption","Vigilance","DeusExMachina","Consecrate","DeusExMachina","EmptyBody+1","FearNoEvil+1","FlurryOfBlows+1","TalkToTheHand","Omniscience","JustLucky+1","Devotion+1","JustLucky+1","Worship+1","RitualDagger"],"relics":["PureWater","Bloody Idol","Pen Nib","MawBank","Astrolabe"],"acts_visited":["Exordium","TheCity"],"potions_floor_usage":[16],"damage_taken":[{"damage":7,"enemies":"Cultist","floor":1,"turns":3},{"damage":7,"enemies":"Small Slimes","floor":4,"turns":3},{"damage":0,"enemies":"2 Louse","floor":5,"turns":3},{"damage":0,"enemies":"Exordium Wildlife","floor":7,"turns":4},{"damage":0,"enemies":"2 Fungi Beasts","floor":10,"turns":3},{"damage":4,"enemies":"Lagavulin","floor":11,"turns":8},{"damage":2,"enemies":"3 Louse","floor":13,"turns":3},{"damage":0,"enemies":"Blue Slaver","floor":14,"turns":2},{"damage":34,"enemies":"Hexaghost","floor":16,"turns":10},{"damage":20,"enemies":"Spheric Guardian","floor":18,"turns":4},{"damage":71,"enemies":"Masked Bandits","floor":21,"turns":3}],"seed_played":"6976673501290014224","potions_obtained":[{"floor":4,"key":"GamblersBrew"},{"floor":11,"key":"Regen Potion"},{"floor":13,"key":"FearPotion"}],"is_trial":false,"path_per_floor":["M","?","?","M","M","R","M","?","T","M","E","$","M","M","R","B",null,"M","?","?","?"],"character_chosen":"WATCHER","items_purchased":[],"campfire_rested":1,"item_purchase_floors":[],"current_hp_per_floor":[65,47,47,40,40,40,40,26,26,26,22,22,20,20,41,22,72,52,52,51,0,0],"gold":488,"neow_bonus":"THREE_RARE_CARDS","is_daily":false,"chose_seed":false,"campfire_upgraded":1,"win_rate":0.0,"timestamp":1613074727,"path_taken":["M","?","?","M","M","R","M","?","T","M","E","$","M","M","R","BOSS","M","?","?","?"],"items_purchased_type":[],"build_version":"2020-12-22","purchased_purges":0,"victory":false,"max_hp_per_floor":[72,72,72,72,72,72,72,72,72,72,72,72,72,72,72,72,72,72,72,72,72,72],"relic_stats":{"counters":[11,46],"Bloody Idol":10,"Astrolabe":["JustLucky","Devotion","JustLucky"],"Pen Nib":[7],"MawBank":120,"obtain_stats":[{"Golden Idol":2,"Astrolabe":17,"Bloody Idol":19,"Pen Nib":9,"PureWater":0,"MawBank":11},{"Golden Idol":1,"Astrolabe":9,"Bloody Idol":10,"Pen Nib":4,"PureWater":0,"MawBank":6},{"Golden Idol":3,"Astrolabe":39,"Bloody Idol":43,"Pen Nib":13,"PureWater":0,"MawBank":24}]},"card_choices":[{"not_picked":["Establishment","Scrawl"],"picked":"DeusExMachina","floor":0},{"not_picked":["Prostrate","JustLucky"],"picked":"Consecrate","floor":1},{"not_picked":["EmptyFist","FollowUp"],"picked":"EmptyBody","floor":4},{"not_picked":["Prostrate","Meditate"],"picked":"FearNoEvil","floor":5},{"not_picked":["SignatureMove","WaveOfTheHand"],"picked":"FlurryOfBlows","floor":7},{"not_picked":["Consecrate","JustLucky"],"picked":"TalkToTheHand","floor":10},{"not_picked":["Pray","ThirdEye"],"picked":"Judgement","floor":11},{"not_picked":["Prostrate","EmptyFist","PathToVictory"],"picked":"SKIP","floor":13},{"not_picked":["WreathOfFlame","FlyingSleeves","Protect"],"picked":"SKIP","floor":14},{"not_picked":["SpiritShield","MasterReality"],"picked":"Omniscience","floor":16},{"not_picked":["BowlingBash","JustLucky"],"picked":"Worship+1","floor":18}],"player_experience":608143,"relics_obtained":[{"floor":9,"key":"Pen Nib"},{"floor":11,"key":"MawBank"}],"event_choices":[{"damage_healed":0,"gold_gain":0,"player_choice":"Take Damage","damage_taken":18,"relics_obtained":["Golden Idol"],"max_hp_gain":0,"max_hp_loss":0,"event_name":"Golden Idol","floor":2,"gold_loss":0},{"damage_healed":0,"gold_gain":0,"cards_transformed":["Strike_P"],"player_choice":"Change","damage_taken":0,"max_hp_gain":0,"max_hp_loss":0,"event_name":"Living Wall","floor":3,"gold_loss":0,"cards_obtained":["DeusExMachina"]},{"damage_healed":0,"gold_gain":0,"player_choice":"Entered Light","damage_taken":14,"max_hp_gain":0,"max_hp_loss":0,"event_name":"Shining Light","floor":8,"gold_loss":0,"cards_upgraded":["EmptyBody","FlurryOfBlows"]},{"damage_healed":0,"gold_gain":0,"player_choice":"Gave Idol","damage_taken":0,"relics_obtained":["Bloody Idol"],"max_hp_gain":0,"max_hp_loss":0,"event_name":"Forgotten Altar","floor":19,"relics_lost":["Golden Idol"],"gold_loss":0},{"damage_healed":0,"gold_gain":0,"player_choice":"Joined the Cult","damage_taken":6,"max_hp_gain":0,"max_hp_loss":0,"event_name":"Nest","floor":20,"gold_loss":0,"cards_obtained":["RitualDagger"]},{"damage_healed":0,"gold_gain":0,"player_choice":"Fought Bandits","damage_taken":0,"max_hp_gain":0,"max_hp_loss":0,"event_name":"Masked Bandits","floor":21,"gold_loss":0}],"is_beta":false,"boss_relics":[{"not_picked":["Sozu","Snecko Eye"],"picked":"Astrolabe"}],"items_purged_floors":[],"is_endless":false,"potions_floor_spawned":[4,11,13,14],"killed_by":"Masked Bandits","ascension_level":2}}