{"host":"yhhyog5h1q67ienp","time":1613017291,"event":{"mods":["AchievementEnabler","BaseMod","Block Reminder","Colored Map","Colored Powertips","Minty Spire (QoL Compilation)","Quick Restart","Relic Stats","StSLib","ojb\u0027s Better Paths Mod","ojb\u0027s Info Mod"],"gold_per_floor":[366,366,50,64,84,84,111,111,111,125,153,56,72,86,86,164,164,179,129,142,155,37,37,37,37],"floor_reached":24,"language":"ENG","playtime":2539,"items_purged":["Strike_G"],"score":416,"play_id":"30170c66-d101-4961-b896-0209783150fe","local_time":"20210211012131","is_ascension_mode":true,"campfire_choices":[{"data":"Well Laid Plans","floor":6.0,"key":"SMITH"},{"data":"Cloak And Dagger","floor":8.0,"key":"SMITH"},{"data":"Cloak And Dagger","floor":15.0,"key":"SMITH"},{"data":"Noxious Fumes","floor":23,"key":"SMITH"}],"circlet_count":0,"master_deck":["AscendersBane","Strike_G","Strike_G","Defend_G","Defend_G","Defend_G","Defend_G","Defend_G","Survivor","Neutralize","Dagger Throw","Well Laid Plans+1","Cloak And Dagger+1","Dagger Throw","Blade Dance","Venomology","PiercingWail","Cloak And Dagger+1","Dark Shackles","Blade Dance","Dash","Die Die Die","Blur","Acrobatics+1","Noxious Fumes+1"],"relics":["Ring of the Snake","Sling","StrikeDummy","Art of War","Vajra","Empty Cage"],"acts_visited":["TheCity"],"potions_floor_usage":[20,21,24,24],"damage_taken":[{"damage":0.0,"enemies":"2 Louse","floor":1.0,"turns":3.0},{"damage":0.0,"enemies":"Cultist","floor":4.0,"turns":3.0},{"damage":0.0,"enemies":"Jaw Worm","floor":5.0,"turns":3.0},{"damage":9.0,"enemies":"Gremlin Nob","floor":7.0,"turns":4.0},{"damage":0.0,"enemies":"Exordium Thugs","floor":10.0,"turns":2.0},{"damage":19.0,"enemies":"3 Sentries","floor":11.0,"turns":9.0},{"damage":2.0,"enemies":"Lots of Slimes","floor":13.0,"turns":5.0},{"damage":2.0,"enemies":"3 Louse","floor":14.0,"turns":4.0},{"damage":3.0,"enemies":"The Guardian","floor":16.0,"turns":13.0},{"damage":3,"enemies":"Chosen","floor":18,"turns":7},{"damage":8,"enemies":"2 Thieves","floor":20,"turns":4},{"damage":20,"enemies":"Snecko","floor":21,"turns":7},{"damage":28,"enemies":"Slavers","floor":24,"turns":4}],"seed_played":"166741674343520562","potions_obtained":[{"floor":1.0,"key":"Energy Potion"},{"floor":5.0,"key":"GhostInAJar"},{"floor":10.0,"key":"DuplicationPotion"},{"floor":14.0,"key":"BlessingOfTheForge"},{"floor":20,"key":"PowerPotion"},{"floor":21,"key":"Swift Potion"}],"is_trial":false,"path_per_floor":["M","?","$","M","M","R","E","R","T","M","E","$","M","M","R","B",null,"M","?","M","M","$","R","E"],"character_chosen":"THE_SILENT","items_purchased":["Sling","Well Laid Plans","Cloak And Dagger","Dagger Throw","Dark Shackles","Noxious Fumes"],"campfire_rested":0,"item_purchase_floors":[3,3,3,3,12,22],"current_hp_per_floor":[59,59,59,59,59,59,50,50,50,50,31,31,29,27,27,24,56,53,53,45,25,25,25,0,0],"gold":37,"neow_bonus":"TWO_FIFTY_GOLD","is_daily":false,"chose_seed":false,"campfire_upgraded":4,"win_rate":0.0,"timestamp":1613017291,"path_taken":["M","?","$","M","M","R","E","R","T","M","E","$","M","?","R","BOSS","M","?","?","M","$","R","E"],"items_purchased_type":["Relic","Card","Card","Card","Card","Card"],"build_version":"2020-12-22","purchased_purges":1,"victory":false,"max_hp_per_floor":[66,66,66,66,66,66,66,66,66,66,66,66,66,66,66,66,66,66,66,66,66,66,66,66,66],"relic_stats":{"counters":[13,68],"Art of War":[6],"obtain_stats":[{"Vajra":11,"Art of War":9,"Sling":3,"StrikeDummy":7,"Empty Cage":17,"Ring of the Snake":0},{"Vajra":6,"Art of War":4,"Sling":1,"StrikeDummy":4,"Empty Cage":9,"Ring of the Snake":0},{"Vajra":24,"Art of War":13,"Sling":3,"StrikeDummy":13,"Empty Cage":46,"Ring of the Snake":0}],"Ring of the Snake":[26]},"card_choices":[{"not_picked":["Eviscerate","Choke"],"picked":"Dagger Throw","floor":1.0},{"not_picked":["Bane","Dagger Throw"],"picked":"Blade Dance","floor":4.0},{"not_picked":["Poisoned Stab","Choke"],"picked":"Venomology","floor":5.0},{"not_picked":["Distraction","Prepared","Outmaneuver"],"picked":"SKIP","floor":7.0},{"not_picked":["Flechettes","Dodge and Roll"],"picked":"PiercingWail","floor":10.0},{"not_picked":["Finisher","Riddle With Holes"],"picked":"Cloak And Dagger","floor":11.0},{"not_picked":["Dagger Spray","Calculated Gamble"],"picked":"Blade Dance","floor":13.0},{"not_picked":["Deflect","PiercingWail"],"picked":"Dash","floor":14.0},{"not_picked":["Envenom","A Thousand Cuts"],"picked":"Die Die Die","floor":16.0},{"not_picked":["Reflex","Deadly Poison","Bane"],"picked":"SKIP","floor":18},{"not_picked":["Distraction","Deadly Poison"],"picked":"Blur","floor":20},{"not_picked":["Dash+1","Deadly Poison"],"picked":"Acrobatics+1","floor":21}],"player_experience":1445698,"relics_obtained":[{"floor":7.0,"key":"StrikeDummy"},{"floor":9.0,"key":"Art of War"},{"floor":11.0,"key":"Vajra"}],"event_choices":[{"cards_removed":["Clumsy"],"damage_healed":0.0,"max_hp_gain":0.0,"max_hp_loss":0.0,"gold_gain":0.0,"event_name":"Purifier","player_choice":"Purged","floor":2.0,"gold_loss":0.0,"damage_taken":0.0},{"damage_healed":0,"gold_gain":0,"player_choice":"Bet on Murderer","damage_taken":0,"max_hp_gain":0,"max_hp_loss":0,"event_name":"The Joust","floor":19,"gold_loss":50}],"is_beta":false,"boss_relics":[{"not_picked":["Ring of the Serpent","Tiny House"],"picked":"Empty Cage"}],"items_purged_floors":[22],"is_endless":false,"potions_floor_spawned":[1,5,10,14,20,21],"killed_by":"Slavers","ascension_level":20}}