{"host":"w5o3iglp98qr199u","time":1613077758,"event":{"mods":["AchievementEnabler","BaseMod","Bestiary","Colored Map","Colored Powertips","Highlight Path","Minty Spire (QoL Compilation)","Relic Stats","StSLib","SuperFastMode"],"gold_per_floor":[114,131,147,97,116,116,148,148,148,110,120,140,140,160,160,260,260,278,66,86,86,102,102,102],"floor_reached":23,"language":"ENG","playtime":1436,"items_purged":["Heel Hook"],"score":234,"play_id":"8232e2cb-601c-4295-836f-fe4beb685102","local_time":"20210211220918","is_ascension_mode":true,"campfire_choices":[{"data":"Venomology","floor":6,"key":"SMITH"},{"floor":13,"key":"REST"},{"floor":15,"key":"REST"}],"circlet_count":0,"master_deck":["Survivor","Neutralize","Decay","Metamorphosis","Cloak And Dagger","Blade Dance","Venomology+1","Blade Dance","Cloak And Dagger","Footwork","Wraith Form v2","PiercingWail","PiercingWail","Bullet Time","Heel Hook","Slice","Escape Plan","Poisoned Stab","Endless Agony","Poisoned Stab","Bane","Tools of the Trade","Backflip","PanicButton","Dodge and Roll"],"relics":["Ring of the Snake","Bird Faced Urn","Peace Pipe","Pandora\u0027s Box"],"acts_visited":["Exordium","TheCity"],"potions_floor_usage":[7,11,12,12,16,16,20,22,23,23],"damage_taken":[{"damage":2,"enemies":"2 Louse","floor":1,"turns":3},{"damage":1,"enemies":"Jaw Worm","floor":2,"turns":4},{"damage":4,"enemies":"Cultist","floor":3,"turns":4},{"damage":13,"enemies":"Exordium Wildlife","floor":5,"turns":4},{"damage":49,"enemies":"Gremlin Nob","floor":7,"turns":6},{"damage":0,"enemies":"Blue Slaver","floor":11,"turns":3},{"damage":2,"enemies":"Lots of Slimes","floor":12,"turns":5},{"damage":4,"enemies":"Exordium Thugs","floor":14,"turns":5},{"damage":7,"enemies":"Hexaghost","floor":16,"turns":9},{"damage":30,"enemies":"Shell Parasite","floor":18,"turns":6},{"damage":15,"enemies":"2 Thieves","floor":20,"turns":3},{"damage":10,"enemies":"Snecko","floor":22,"turns":6},{"damage":40,"enemies":"Slavers","floor":23,"turns":6}],"seed_played":"3362690282145072237","potions_obtained":[{"floor":2,"key":"Swift Potion"},{"floor":3,"key":"LiquidBronze"},{"floor":7,"key":"DistilledChaos"},{"floor":14,"key":"BlessingOfTheForge"},{"floor":22,"key":"ColorlessPotion"}],"is_trial":false,"path_per_floor":["M","M","M","?","M","R","E","?","T","$","M","M","R","M","R","B",null,"M","$","M","?","M","E"],"character_chosen":"THE_SILENT","items_purchased":["Footwork","Backflip","PanicButton"],"campfire_rested":2,"item_purchase_floors":[10,19,19],"current_hp_per_floor":[68,67,63,63,50,50,1,1,1,1,3,3,24,22,43,38,70,44,44,31,31,25,0,0],"gold":102,"neow_bonus":"RANDOM_COLORLESS_2","is_daily":false,"chose_seed":false,"campfire_upgraded":1,"win_rate":0.0,"timestamp":1613077758,"path_taken":["M","M","M","?","M","R","E","?","T","$","M","M","R","M","R","BOSS","M","$","M","?","M","E"],"items_purchased_type":["Card","Card","Card"],"build_version":"2020-12-22","purchased_purges":1,"victory":false,"max_hp_per_floor":[70,70,70,70,70,70,70,70,70,70,70,70,70,70,70,70,70,70,70,70,70,70,70,70],"relic_stats":{"Peace Pipe":0,"counters":[13,64],"Bird Faced Urn":[26],"Pandora\u0027s Box":["Heel Hook","Slice","Escape Plan","Poisoned Stab","Endless Agony","Heel Hook","Poisoned Stab","Bane","Tools of the Trade"],"obtain_stats":[{"Peace Pipe":9,"Bird Faced Urn":7,"Pandora\u0027s Box":17,"Ring of the Snake":0},{"Peace Pipe":5,"Bird Faced Urn":5,"Pandora\u0027s Box":9,"Ring of the Snake":0},{"Peace Pipe":21,"Bird Faced Urn":21,"Pandora\u0027s Box":43,"Ring of the Snake":0}],"Ring of the Snake":[26]},"card_choices":[{"not_picked":["Panache","Chrysalis"],"picked":"Metamorphosis","floor":0},{"not_picked":["Leg Sweep","PiercingWail"],"picked":"Cloak And Dagger","floor":1},{"not_picked":["Poisoned Stab","Backflip"],"picked":"Blade Dance","floor":2},{"not_picked":["Caltrops","Deadly Poison"],"picked":"Venomology","floor":3},{"not_picked":["Choke","Well Laid Plans"],"picked":"Blade Dance","floor":5},{"not_picked":["Sucker Punch","Poisoned Stab"],"picked":"Cloak And Dagger","floor":7},{"not_picked":["Slice","Bane"],"picked":"Wraith Form v2","floor":11},{"not_picked":["Tactician","Flechettes"],"picked":"PiercingWail","floor":12},{"not_picked":["Blade Dance","Prepared"],"picked":"PiercingWail","floor":14},{"not_picked":["Malaise","Corpse Explosion"],"picked":"Bullet Time","floor":16},{"not_picked":["Outmaneuver","Choke+1","Dagger Throw+1"],"picked":"SKIP","floor":18},{"not_picked":["Deadly Poison","Flying Knee+1"],"picked":"Dodge and Roll","floor":20},{"not_picked":["Expertise","Slice","Distraction"],"picked":"SKIP","floor":22}],"player_experience":93505,"relics_obtained":[{"floor":7,"key":"Bird Faced Urn"},{"floor":9,"key":"Peace Pipe"}],"event_choices":[{"cards_removed":["Strike_G"],"damage_healed":0,"gold_gain":0,"player_choice":"Card Removal","damage_taken":0,"max_hp_gain":0,"max_hp_loss":0,"event_name":"The Cleric","floor":4,"gold_loss":50},{"damage_healed":0,"gold_gain":0,"player_choice":"Fled","damage_taken":0,"max_hp_gain":0,"max_hp_loss":0,"event_name":"Scrap Ooze","floor":8,"gold_loss":0},{"damage_healed":0,"gold_gain":0,"player_choice":"Ignored","damage_taken":0,"max_hp_gain":0,"max_hp_loss":0,"event_name":"Vampires","floor":21,"gold_loss":0}],"is_beta":false,"boss_relics":[{"not_picked":["Ring of the Serpent","Velvet Choker"],"picked":"Pandora\u0027s Box"}],"items_purged_floors":[19],"is_endless":false,"potions_floor_spawned":[2,3,7,14,22],"killed_by":"Slavers","ascension_level":4}}