{"host":"a1eatafr7pisesky","time":1613035661,"event":{"mods":["AchievementEnabler","BaseMod","Colored Map","Keyboard Shortcuts","Minty Spire (QoL Compilation)","Say the Spire","StSLib","SuperFastMode","everything is the same but u backflip on backflip"],"gold_per_floor":[112,37,37,37,54,83,83,114,114,146,146,166,166,3,3,80,80,94,94,144,144,156,156,156,156],"floor_reached":24,"language":"KOR","playtime":373,"items_purged":["Strike_R"],"score":458,"play_id":"376d5731-9f2a-4521-b0f8-8c6b0ddbe396","local_time":"20210211182741","is_ascension_mode":true,"campfire_choices":[{"data":"Rampage","floor":7.0,"key":"SMITH"},{"floor":11.0,"key":"REST"},{"data":"Intimidate","floor":13.0,"key":"SMITH"},{"floor":15.0,"key":"REST"},{"data":"Barricade","floor":23,"key":"SMITH"}],"circlet_count":0,"master_deck":["AscendersBane","Strike_R","Strike_R","Strike_R","Defend_R","Defend_R","Defend_R","Defend_R","Bash+1","Rampage+1","Feel No Pain","Intimidate+1","Shrug It Off+1","Shrug It Off+1","Thunderclap+1","Fire Breathing","Barricade+1","Fiend Fire+1","Body Slam+1","Warcry+1"],"relics":["Burning Blood","NeowsBlessing","Prayer Wheel","Toxic Egg 2","Molten Egg 2","Pen Nib","Mark of Pain"],"acts_visited":["Exordium","TheCity"],"potions_floor_usage":[16,23],"damage_taken":[{"damage":0.0,"enemies":"Cultist","floor":1.0,"turns":1.0},{"damage":0.0,"enemies":"Jaw Worm","floor":5.0,"turns":1.0},{"damage":0.0,"enemies":"Lagavulin","floor":6.0,"turns":1.0},{"damage":36.0,"enemies":"Gremlin Nob","floor":8.0,"turns":4.0},{"damage":25.0,"enemies":"Lagavulin","floor":10.0,"turns":5.0},{"damage":0.0,"enemies":"Small Slimes","floor":12.0,"turns":4.0},{"damage":9,"enemies":"Slime Boss","floor":16,"turns":11},{"damage":19,"enemies":"2 Thieves","floor":18,"turns":5},{"damage":21,"enemies":"Spheric Guardian","floor":22,"turns":8},{"damage":30,"enemies":"Gremlin Leader","floor":24,"turns":4}],"seed_played":"-2353335347437590781","potions_obtained":[{"floor":1.0,"key":"ColorlessPotion"},{"floor":8.0,"key":"SpeedPotion"},{"floor":18,"key":"Fruit Juice"}],"is_trial":false,"path_per_floor":["M","$","?","?","M","E","R","E","T","E","R","M","R","$","R","B",null,"M","?","?","?","M","R","E"],"character_chosen":"IRONCLAD","items_purchased":["Barricade"],"campfire_rested":2,"item_purchase_floors":[14],"current_hp_per_floor":[74,74,51,44,50,56,56,26,26,7,29,35,35,35,57,54,70,57,36,36,36,21,26,0,0],"gold":156,"neow_bonus":"THREE_ENEMY_KILL","is_daily":false,"chose_seed":false,"campfire_upgraded":3,"win_rate":0.0,"timestamp":1613035661,"path_taken":["M","?","?","?","M","E","R","E","T","E","R","M","R","$","R","BOSS","M","?","?","?","M","R","E"],"items_purchased_type":["Card"],"build_version":"2020-12-22","purchased_purges":1,"victory":false,"max_hp_per_floor":[75,75,75,75,75,75,75,75,75,75,75,75,75,75,75,75,75,75,80,80,80,80,85,85,85],"card_choices":[{"not_picked":["Clash","Combust"],"picked":"Rampage","floor":1.0},{"not_picked":["Heavy Blade","Body Slam"],"picked":"Feel No Pain","floor":5.0},{"not_picked":["True Grit","Flex"],"picked":"Intimidate","floor":6.0},{"not_picked":["Warcry+1","Brutality"],"picked":"Shrug It Off+1","floor":8.0},{"not_picked":["Cleave+1","Warcry+1"],"picked":"Shrug It Off+1","floor":10.0},{"not_picked":["Body Slam+1","Pummel+1"],"picked":"Thunderclap+1","floor":12.0},{"not_picked":["Rampage+1","Headbutt+1"],"picked":"Fire Breathing","floor":12.0},{"not_picked":["Juggernaut","Reaper+1"],"picked":"Fiend Fire+1","floor":16},{"not_picked":["Havoc+1","Carnage+1"],"picked":"Body Slam+1","floor":18},{"not_picked":["Clash+1","Spot Weakness+1","Headbutt+1"],"picked":"SKIP","floor":18},{"not_picked":["Pommel Strike+1","Iron Wave+1"],"picked":"Warcry+1","floor":22},{"not_picked":["Anger+1","Iron Wave+1","Rupture"],"picked":"SKIP","floor":22}],"player_experience":443283,"relics_obtained":[{"floor":6.0,"key":"Prayer Wheel"},{"floor":8.0,"key":"Toxic Egg 2"},{"floor":9.0,"key":"Molten Egg 2"},{"floor":10.0,"key":"Pen Nib"}],"event_choices":[{"damage_healed":0.0,"max_hp_gain":0.0,"max_hp_loss":0.0,"gold_gain":0.0,"event_name":"Shining Light","player_choice":"Entered Light","floor":3.0,"gold_loss":0.0,"damage_taken":23.0,"cards_upgraded":["Strike_R","Bash"]},{"cards_removed":["Strike_R"],"damage_healed":0.0,"max_hp_gain":0.0,"max_hp_loss":0.0,"gold_gain":0.0,"event_name":"Golden Wing","player_choice":"Card Removal","floor":4.0,"gold_loss":0.0,"damage_taken":7.0},{"damage_healed":0,"gold_gain":0,"player_choice":"Shed Blood","damage_taken":26,"max_hp_gain":5,"max_hp_loss":0,"event_name":"Forgotten Altar","floor":19,"gold_loss":0},{"damage_healed":0,"gold_gain":50,"player_choice":"Stole From Cult","damage_taken":0,"max_hp_gain":0,"max_hp_loss":0,"event_name":"Nest","floor":20,"gold_loss":0},{"damage_healed":0,"gold_gain":0,"player_choice":"Ignored","damage_taken":0,"max_hp_gain":0,"max_hp_loss":0,"event_name":"Vampires","floor":21,"gold_loss":0}],"is_beta":false,"boss_relics":[{"not_picked":["Ectoplasm","SacredBark"],"picked":"Mark of Pain"}],"items_purged_floors":[2],"is_endless":false,"potions_floor_spawned":[1,8,18],"killed_by":"Gremlin Leader","ascension_level":19}}