{"host":"7fyy23rucerupe6i","time":1613034809,"event":{"mods":["BaseMod","Minty Spire (QoL Compilation)","StSLib","The Animator"],"gold_per_floor":[117,147,181,33,55,55,108,108,155,155,182,212,212,212,212,359,359,381,416,248,248,272,272,312,312,339,364,397,397,424,424,424,598,598,631,964,982,518,518,518,543,543,568,588,612,652,652,675,675,687],"floor_reached":51,"language":"ZHS","playtime":4925,"items_purged":["animator:Strike","Injury"],"score":646,"play_id":"0561e3d3-d2fb-424c-8846-ac85f83fbc40","local_time":"20210211171329","is_ascension_mode":false,"campfire_choices":[{"data":"animator:Chris","floor":6.0,"key":"SMITH"},{"data":"animator:Greed","floor":8.0,"key":"SMITH"},{"floor":10.0,"key":"REST"},{"data":"animator:Tatsumaki","floor":15.0,"key":"SMITH"},{"data":"animator:Hitei","floor":23.0,"key":"SMITH"},{"data":"animator:Sora","floor":25.0,"key":"SMITH"},{"data":"animator:Hans","floor":29,"key":"SMITH"},{"data":"animator:Hitei","floor":32,"key":"SMITH"},{"data":"animator:Emilia","floor":40,"key":"SMITH"},{"data":"animator:Biyorigo","floor":42,"key":"SMITH"},{"data":"animator:ElricAlphonse","floor":47,"key":"SMITH"},{"data":"animator:Aqua","floor":49,"key":"SMITH"}],"circlet_count":0,"master_deck":["animator:Strike_Konosuba","animator:Defend_Konosuba","animator:Strike","animator:Defend","animator:Kazuma","animator:Aqua+1","animator:Geryuganshoop","animator:Chris+1","animator:Hitei+1","animator:Greed+1","animator:ZankiKiguchi","animator:Tatsumaki+1","animator:Sora+1","animator:DolaCouronne","animator:Hitei+1","animator:MadokaKaname","animator:DwarfShaman","animator:FielNirvalen+1","Shame","animator:Hans+1","Shame","animator:Biyorigo+1","animator:Emilia+1","Iron Wave","Writhe","animator:MumenRider+1","Parasite","animator:ElricAlphonse+1"],"relics":["animator:TheMissingPiece","Cursed Key","Centennial Puzzle","PreservedInsect","animator:CursedBlade","Ancient Tea Set","Nunchaku","Bag of Preparation","Sozu","Ice Cream","Orichalcum"],"acts_visited":["Exordium","TheCity","TheBeyond"],"potions_floor_usage":[33,33,33],"damage_taken":[{"damage":0.0,"enemies":"2 Louse","floor":1.0,"turns":5.0},{"damage":0.0,"enemies":"Small Slimes","floor":2.0,"turns":4.0},{"damage":0.0,"enemies":"Cultist","floor":3.0,"turns":4.0},{"damage":1.0,"enemies":"Blue Slaver","floor":5.0,"turns":5.0},{"damage":39.0,"enemies":"Gremlin Nob","floor":7.0,"turns":6.0},{"damage":5.0,"enemies":"3 Louse","floor":11.0,"turns":6.0},{"damage":18.0,"enemies":"Slime Boss","floor":16.0,"turns":7.0},{"damage":5.0,"enemies":"3 Byrds","floor":18.0,"turns":4.0},{"damage":0.0,"enemies":"Spheric Guardian","floor":19.0,"turns":9.0},{"damage":16.0,"enemies":"Snake Plant","floor":22.0,"turns":5.0},{"damage":4.0,"enemies":"animator:HornedBat","floor":24.0,"turns":3.0},{"damage":1.0,"enemies":"Cultist and Chosen","floor":27.0,"turns":4.0},{"damage":14,"enemies":"Centurion and Healer","floor":28,"turns":8},{"damage":10,"enemies":"Sentry and Sphere","floor":30,"turns":7},{"damage":24,"enemies":"Automaton","floor":33,"turns":9},{"damage":1,"enemies":"Orb Walker","floor":35,"turns":5},{"damage":6,"enemies":"3 Darklings","floor":37,"turns":5},{"damage":1,"enemies":"Maw","floor":41,"turns":7},{"damage":4,"enemies":"Transient","floor":44,"turns":5},{"damage":0,"enemies":"4 Shapes","floor":45,"turns":5},{"damage":1,"enemies":"Writhing Mass","floor":46,"turns":5},{"damage":2,"enemies":"Sphere and 2 Shapes","floor":48,"turns":5},{"damage":52,"enemies":"Donu and Deca","floor":50,"turns":8}],"seed_played":"-9154354328277257701","potions_obtained":[{"floor":1.0,"key":"EssenceOfSteel"},{"floor":3.0,"key":"DistilledChaos"},{"floor":5.0,"key":"SpeedPotion"},{"floor":7.0,"key":"EssenceOfSteel"},{"floor":22.0,"key":"PowerPotion"},{"floor":27,"key":"PowerPotion"},{"floor":28,"key":"PowerPotion"},{"floor":33,"key":"Strength Potion"}],"is_trial":false,"path_per_floor":["M","M","M","$","M","R","E","R","T","R","M","?","?","?","R","B",null,"M","M","$","?","M","R","E","R","T","M","M","R","M","?","R","B",null,"M","?","M","$","?","R","M","R","T","M","M","M","R","M","R","B",null],"character_chosen":"THE_ANIMATOR","items_purchased":["animator:Greed","animator:Hitei","Ice Cream","animator:Emilia"],"campfire_rested":1,"item_purchase_floors":[4,20,38,38],"current_hp_per_floor":[66,66,66,66,66,66,30,30,30,50,47,47,31,31,31,15,67,62,64,64,64,50,50,48,48,48,50,41,41,33,33,33,11,68,68,68,62,62,62,62,67,67,67,64,68,68,68,68,68,28],"gold":687,"neow_bonus":"BOSS_RELIC","is_daily":false,"chose_seed":false,"campfire_upgraded":11,"win_rate":0.0,"timestamp":1613034809,"path_taken":["M","M","M","$","M","R","E","R","T","R","M","?","?","?","R","BOSS","M","M","$","?","M","R","E","R","T","M","M","R","M","?","R","BOSS","M","?","M","$","?","R","M","R","T","M","?","M","R","?","R","BOSS"],"items_purchased_type":["Card","Card","Relic","Card"],"build_version":"2020-12-22","purchased_purges":2,"victory":true,"max_hp_per_floor":[66,66,66,66,66,66,67,67,67,67,67,67,67,67,67,67,67,67,67,67,67,67,67,67,67,67,68,68,68,68,68,68,68,68,68,68,68,68,68,68,68,68,68,68,68,68,68,68,68,68],"card_choices":[{"not_picked":["animator:MaesHughes","animator:YuiTsuruno"],"picked":"animator:Geryuganshoop","floor":1.0},{"not_picked":["animator:Azekura","animator:SuzuneAmano"],"picked":"animator:Chris","floor":2.0},{"not_picked":["animator:KyokoSakura","animator:DolaStephanie"],"picked":"animator:Hitei","floor":3.0},{"not_picked":["animator:Emonzaemon","animator:DolaRiku"],"picked":"animator:ZankiKiguchi","floor":7.0},{"not_picked":["animator:Gluttony","animator:Spearman"],"picked":"animator:Tatsumaki","floor":11.0},{"not_picked":["animator:MadokaKaname","animator:Kyubey"],"picked":"animator:Sora","floor":16.0},{"not_picked":["animator:DolaRiku","animator:Jibril+1","animator:DolaCouronne"],"picked":"SKIP","floor":18.0},{"not_picked":["animator:DolaSchwi","animator:Jibril"],"picked":"animator:DolaCouronne","floor":19.0},{"not_picked":["animator:IrohaTamaki+1","animator:GuildGirl","animator:Sonic"],"picked":"SKIP","floor":22.0},{"not_picked":["animator:Chris","animator:YachiyoNanami"],"picked":"animator:FielNirvalen+1","floor":24.0},{"not_picked":["animator:Genos","animator:Aqua+1"],"picked":"animator:Hans","floor":27},{"not_picked":["animator:Spearman","animator:Verdia","animator:SilverFang"],"picked":"SKIP","floor":30},{"not_picked":["animator:Envy","animator:Kyubey"],"picked":"animator:Biyorigo","floor":33},{"not_picked":["animator:YunYun+1","animator:DolaRiku+1","animator:Spearman+1"],"picked":"SKIP","floor":35},{"not_picked":["animator:Hitei","animator:OrikoMikuni+1","animator:KyokoSakura"],"picked":"SKIP","floor":37},{"not_picked":["animator:Tatsumaki+1","animator:RoyMustang"],"picked":"animator:MumenRider+1","floor":44},{"not_picked":["animator:LizardPriest","animator:Mitsurugi","animator:Gluttony+1"],"picked":"SKIP","floor":45},{"not_picked":["animator:Kazuma+1","animator:TsurugaMeisai"],"picked":"animator:ElricAlphonse","floor":46}],"player_experience":334924,"relics_obtained":[{"floor":7.0,"key":"Centennial Puzzle"},{"floor":9.0,"key":"PreservedInsect"},{"floor":24.0,"key":"Ancient Tea Set"},{"floor":26.0,"key":"Nunchaku"},{"floor":43,"key":"Orichalcum"}],"event_choices":[{"damage_healed":0.0,"max_hp_gain":0.0,"max_hp_loss":0.0,"gold_gain":30.0,"event_name":"Dead Adventurer","player_choice":"Searched \u00271\u0027 times","floor":12.0,"gold_loss":0.0,"damage_taken":0.0},{"damage_healed":0.0,"max_hp_gain":0.0,"max_hp_loss":0.0,"gold_gain":0.0,"event_name":"Golden Idol","player_choice":"Take Damage","floor":13.0,"gold_loss":0.0,"damage_taken":16.0,"relics_obtained":["Golden Idol"]},{"damage_healed":0.0,"max_hp_gain":0.0,"max_hp_loss":0.0,"gold_gain":0.0,"event_name":"Match and Keep!","player_choice":"0 cards matched","floor":14.0,"gold_loss":0.0,"damage_taken":0.0,"cards_obtained":[]},{"damage_healed":0.0,"max_hp_gain":0.0,"max_hp_loss":0.0,"gold_gain":0.0,"cards_transformed":["animator:Strike","animator:Defend"],"event_name":"Drug Dealer","player_choice":"Became Test Subject","floor":21.0,"gold_loss":0.0,"damage_taken":0.0,"cards_obtained":["animator:MadokaKaname","animator:DwarfShaman"]},{"damage_healed":0,"gold_gain":0,"player_choice":"Stole Relic","damage_taken":0,"relics_obtained":["Bag of Preparation"],"max_hp_gain":0,"max_hp_loss":0,"event_name":"Addict","floor":31,"gold_loss":0,"cards_obtained":["Shame"]},{"damage_healed":0,"gold_gain":333,"player_choice":"Gave Idol","damage_taken":0,"max_hp_gain":0,"max_hp_loss":0,"event_name":"The Moai Head","floor":36,"relics_lost":["Golden Idol"],"gold_loss":0},{"cards_removed":["animator:Defend"],"damage_healed":0,"gold_gain":0,"player_choice":"Took Card","damage_taken":0,"max_hp_gain":0,"max_hp_loss":0,"event_name":"NoteForYourself","floor":39,"gold_loss":0,"cards_obtained":["Iron Wave"]}],"is_beta":false,"boss_relics":[{"not_picked":["SlaversCollar","Velvet Choker"],"picked":"animator:CursedBlade"},{"not_picked":["Calling Bell","Mark of Pain"],"picked":"Sozu"}],"items_purged_floors":[4,20],"is_endless":false,"potions_floor_spawned":[1,3,5,7,11,22,27,28,30,33,44,45,46,48],"ascension_level":0}}