{"host":"jz4ul6vrcxqkcr33","time":1613085299,"event":{"mods":["BaseMod","Minty Spire (QoL Compilation)","StSLib"],"gold_per_floor":[113,113,113,133,151,151,151,181,181,181,206,227,227,256,256,368,395,419,419,419,419,442,480,480,501,501,524,544,544,544,469,469,581,581,603,629,117,144,83,83,119,119,119,128,128,128,53,89,89,89,89,89,38,79,79],"floor_reached":56,"language":"ENG","playtime":2275,"items_purged":["Doubt"],"score":1709,"play_id":"95e1af67-26f5-4f62-9676-47fed06c385a","local_time":"20210211181459","is_ascension_mode":true,"campfire_choices":[{"floor":6.0,"key":"REST"},{"floor":10.0,"key":"DIG"},{"floor":15.0,"key":"DIG"},{"floor":24.0,"key":"DIG"},{"floor":29.0,"key":"DIG"},{"floor":32.0,"key":"REST"},{"floor":40.0,"key":"DIG"},{"floor":42.0,"key":"DIG"},{"floor":49,"key":"RECALL"},{"floor":52,"key":"DIG"}],"circlet_count":0,"master_deck":["Strike_B+1","Defend_B+1","Defend_B+1","Defend_B+1","Dualcast","Sweeping Beam","Coolheaded","Force Field","Sunder","Self Repair","Static Discharge","Creative AI","Capacitor+1","Defragment+1","Hello World+1","Aggregate","Sweeping Beam+1","Turbo+1","Stack+1","Heatsinks+1","Echo Form","Go for the Eyes+1","Beam Cell+1","Go for the Eyes+1","Storm","Streamline+1","Buffer","Force Field+1"],"relics":["Philosopher\u0027s Stone","Dead Branch","Vajra","Shovel","Bag of Preparation","CeramicFish","Bag of Marbles","Thread and Needle","Astrolabe","Cables","Lantern","Akabeko","Shuriken","Bronze Scales","Nuclear Battery","Pen Nib","Symbiotic Virus","Prayer Wheel","Juzu Bracelet","Turnip","Omamori","Bottled Lightning","Ginger"],"acts_visited":["Exordium","TheCity","TheBeyond","TheEnding"],"potions_floor_usage":[50,55,55],"damage_taken":[{"damage":0.0,"enemies":"2 Louse","floor":1.0,"turns":3.0},{"damage":5.0,"enemies":"Jaw Worm","floor":4.0,"turns":4.0},{"damage":1.0,"enemies":"Cultist","floor":5.0,"turns":5.0},{"damage":33.0,"enemies":"Gremlin Nob","floor":8.0,"turns":5.0},{"damage":1.0,"enemies":"Exordium Thugs","floor":12.0,"turns":5.0},{"damage":9.0,"enemies":"Blue Slaver","floor":14.0,"turns":5.0},{"damage":19.0,"enemies":"The Guardian","floor":16.0,"turns":12.0},{"damage":0.0,"enemies":"Chosen","floor":18.0,"turns":6.0},{"damage":6.0,"enemies":"2 Thieves","floor":22.0,"turns":4.0},{"damage":33.0,"enemies":"Book of Stabbing","floor":23.0,"turns":6.0},{"damage":10.0,"enemies":"3 Cultists","floor":25.0,"turns":4.0},{"damage":0.0,"enemies":"Cultist and Chosen","floor":27.0,"turns":3.0},{"damage":0.0,"enemies":"Centurion and Healer","floor":28.0,"turns":4.0},{"damage":11.0,"enemies":"Champ","floor":33.0,"turns":10.0},{"damage":0.0,"enemies":"3 Shapes","floor":35.0,"turns":4.0},{"damage":0.0,"enemies":"3 Darklings","floor":36.0,"turns":4.0},{"damage":31.0,"enemies":"Jaw Worm Horde","floor":38.0,"turns":4.0},{"damage":20.0,"enemies":"Nemesis","floor":41.0,"turns":5.0},{"damage":10.0,"enemies":"Giant Head","floor":48.0,"turns":6.0},{"damage":0,"enemies":"Donu and Deca","floor":50,"turns":7},{"damage":46,"enemies":"Shield and Spear","floor":54,"turns":6},{"damage":11,"enemies":"The Heart","floor":55,"turns":6}],"seed_played":"-2876113723086122410","potions_obtained":[{"floor":4.0,"key":"CultistPotion"},{"floor":12.0,"key":"Dexterity Potion"},{"floor":16.0,"key":"EssenceOfSteel"},{"floor":23.0,"key":"Fire Potion"},{"floor":33.0,"key":"Fruit Juice"},{"floor":36.0,"key":"ColorlessPotion"},{"floor":41.0,"key":"Fire Potion"},{"floor":48.0,"key":"LiquidBronze"}],"is_trial":false,"path_per_floor":["M","?","?","M","M","R","?","E","T","R","T","M","?","M","R","B",null,"M","?","?","?","M","E","R","M","T","M","M","R","?","?","R","B",null,"M","M","$","M","$","R","E","R","T","?","?","?","$","E","R","B",null,"R","$","E","B",null],"character_chosen":"DEFECT","items_purchased":["Pen Nib","Symbiotic Virus","FairyPotion","Storm","Swift Potion"],"campfire_rested":2,"item_purchase_floors":[37,37,37,39,53],"current_hp_per_floor":[68,61,49,44,43,65,70,37,37,37,37,36,36,34,34,22,66,73,73,73,73,74,48,48,45,45,52,59,59,44,44,69,65,80,90,90,90,66,66,66,53,53,53,90,90,90,90,87,87,90,90,90,90,51,47],"gold":79,"neow_bonus":"BOSS_RELIC","is_daily":false,"chose_seed":false,"campfire_upgraded":0,"win_rate":0.0,"timestamp":1613085299,"path_taken":["M","?","?","M","M","R","?","E","T","R","?","?","?","?","R","BOSS","M","?","?","?","M","E","R","M","T","M","M","R","?","?","R","BOSS","M","M","$","M","$","R","E","R","T","?","?","?","$","E","R","BOSS","R","$","E","BOSS"],"items_purchased_type":["Relic","Relic","Potion","Card","Potion"],"build_version":"2020-12-13","purchased_purges":1,"victory":true,"max_hp_per_floor":[75,75,75,75,75,75,80,80,80,80,80,80,80,80,80,80,80,80,80,80,80,80,80,80,80,80,80,80,80,85,85,85,85,85,90,90,90,90,90,90,90,90,90,90,90,90,90,90,90,90,90,90,90,90,90],"card_choices":[{"not_picked":["Compile Driver","Coolheaded"],"picked":"Sweeping Beam","floor":1.0},{"not_picked":["Redo","Ball Lightning"],"picked":"Coolheaded","floor":4.0},{"not_picked":["Coolheaded","Melter"],"picked":"Force Field","floor":5.0},{"not_picked":["Compile Driver","Steam"],"picked":"Sunder","floor":8.0},{"not_picked":["Machine Learning","Gash"],"picked":"Self Repair","floor":12.0},{"not_picked":["Compile Driver","Scrape"],"picked":"Static Discharge","floor":14.0},{"not_picked":["Thunder Strike","Rainbow"],"picked":"Creative AI","floor":16.0},{"not_picked":["Streamline","Cold Snap"],"picked":"Aggregate","floor":18.0},{"not_picked":["Hologram","Darkness"],"picked":"Sweeping Beam+1","floor":22.0},{"not_picked":["Streamline+1","Darkness"],"picked":"Turbo+1","floor":23.0},{"not_picked":["Reprogram","Stack"],"picked":"Ball Lightning","floor":25.0},{"not_picked":["Compile Driver","Sweeping Beam"],"picked":"Stack+1","floor":27.0},{"not_picked":["Hologram","Stack"],"picked":"Heatsinks+1","floor":28.0},{"not_picked":["Thunder Strike","Core Surge"],"picked":"Echo Form","floor":33.0},{"not_picked":["Compile Driver","Redo+1"],"picked":"Go for the Eyes+1","floor":35.0},{"not_picked":["Blizzard+1","Scrape"],"picked":"Beam Cell+1","floor":36.0},{"not_picked":["Rip and Tear+1","Heatsinks"],"picked":"Go for the Eyes+1","floor":38.0},{"not_picked":["Turbo","Conserve Battery+1"],"picked":"Streamline+1","floor":41.0},{"not_picked":["Consume","Aggregate+1"],"picked":"Buffer","floor":48.0},{"not_picked":["Cold Snap+1","Storm"],"picked":"Force Field+1","floor":54}],"player_experience":225701,"relics_obtained":[{"floor":8.0,"key":"Vajra"},{"floor":9.0,"key":"Shovel"},{"floor":10.0,"key":"Bag of Preparation"},{"floor":11.0,"key":"CeramicFish"},{"floor":15.0,"key":"Thread and Needle"},{"floor":23.0,"key":"Lantern"},{"floor":24.0,"key":"Akabeko"},{"floor":26.0,"key":"Shuriken"},{"floor":29.0,"key":"Bronze Scales"},{"floor":40.0,"key":"Prayer Wheel"},{"floor":41.0,"key":"Juzu Bracelet"},{"floor":42.0,"key":"Turnip"},{"floor":48.0,"key":"Omamori"},{"floor":52,"key":"Bottled Lightning"},{"floor":54,"key":"Ginger"}],"event_choices":[{"cards_removed":["Strike_B"],"damage_healed":0.0,"max_hp_gain":0.0,"max_hp_loss":0.0,"gold_gain":0.0,"event_name":"Golden Wing","player_choice":"Card Removal","floor":2.0,"gold_loss":0.0,"damage_taken":7.0},{"damage_healed":0.0,"max_hp_gain":0.0,"max_hp_loss":0.0,"gold_gain":0.0,"event_name":"Scrap Ooze","player_choice":"Success","floor":3.0,"gold_loss":0.0,"damage_taken":12.0,"relics_obtained":["Dead Branch"]},{"damage_healed":0.0,"max_hp_gain":5.0,"max_hp_loss":0.0,"gold_gain":0.0,"event_name":"Big Fish","player_choice":"Donut","floor":7.0,"gold_loss":0.0,"damage_taken":0.0},{"damage_healed":0.0,"max_hp_gain":0.0,"max_hp_loss":0.0,"gold_gain":0.0,"event_name":"WeMeetAgain","player_choice":"Gave Potion","floor":13.0,"gold_loss":0.0,"damage_taken":0.0,"relics_obtained":["Bag of Marbles"]},{"damage_healed":0.0,"max_hp_gain":0.0,"max_hp_loss":0.0,"gold_gain":0.0,"event_name":"Back to Basics","player_choice":"Simplicity","floor":19.0,"gold_loss":0.0,"damage_taken":0.0,"cards_upgraded":["Strike_B","Defend_B","Defend_B","Defend_B"]},{"damage_healed":0.0,"max_hp_gain":0.0,"max_hp_loss":0.0,"gold_gain":0.0,"event_name":"Vampires","player_choice":"Ignored","floor":20.0,"gold_loss":0.0,"damage_taken":0.0},{"damage_healed":0.0,"max_hp_gain":0.0,"max_hp_loss":0.0,"gold_gain":0.0,"event_name":"The Mausoleum","player_choice":"Opened","floor":21.0,"gold_loss":0.0,"damage_taken":0.0,"relics_obtained":["Cables"]},{"damage_healed":0.0,"max_hp_gain":5.0,"max_hp_loss":0.0,"gold_gain":0.0,"event_name":"Forgotten Altar","player_choice":"Shed Blood","floor":30.0,"gold_loss":0.0,"damage_taken":20.0},{"cards_removed":["Zap"],"damage_healed":0.0,"max_hp_gain":0.0,"max_hp_loss":0.0,"gold_gain":0.0,"event_name":"Beggar","player_choice":"Gave Gold","floor":31.0,"gold_loss":75.0,"damage_taken":0.0},{"damage_healed":37.0,"max_hp_gain":0.0,"max_hp_loss":0.0,"gold_gain":0.0,"event_name":"MindBloom","player_choice":"Heal","floor":44.0,"gold_loss":0.0,"damage_taken":0.0,"cards_obtained":["Doubt"]},{"damage_healed":0.0,"max_hp_gain":0.0,"max_hp_loss":0.0,"gold_gain":0.0,"event_name":"Tomb of Lord Red Mask","player_choice":"Ignored","floor":45.0,"gold_loss":0.0,"damage_taken":0.0},{"cards_removed":["Ball Lightning"],"damage_healed":0.0,"max_hp_gain":0.0,"max_hp_loss":0.0,"gold_gain":0.0,"event_name":"Falling","player_choice":"Removed Attack","floor":46.0,"gold_loss":0.0,"damage_taken":0.0}],"is_beta":false,"boss_relics":[{"not_picked":["Velvet Choker","Busted Crown"],"picked":"Astrolabe"},{"not_picked":["Runic Pyramid","Calling Bell"],"picked":"Nuclear Battery"}],"items_purged_floors":[47],"is_endless":false,"potions_floor_spawned":[4,12,16,23,33,36,41,48],"ascension_level":8}}