{"host":"tw8l0ya62jpokcsf","time":1613008006,"event":{"mods":["2.2 Compatiblity","AchievementEnabler","Act Like it!","Aspiration","BaseMod","Clockwork Mod","Colored Map","Conspire","Elementarium","Gensokyo","GifTheSpireLib","Halation","Hubris","Infinite Spire","Minty Spire (QoL Compilation)","Pale of the Ancients","Permanent Neow","Relic Stats","Reliquary","Replay The Spire","Spikes Relics","StSLib","Stuff the Spire","The Blackbeard","The Construct","The Death Knight","The Jungle","The Marked","The Necromancer"],"gold_per_floor":[114,14,14,34,46,71,71,89,170,182,182,193,38,52,52,156,156,175,175,175,53,53,53,53,53],"floor_reached":24,"language":"ENG","playtime":1784,"items_purged":[],"score":196,"play_id":"fba0023d-cc27-4e58-8e84-9f74161c73d8","local_time":"20210211024646","is_ascension_mode":false,"campfire_choices":[{"data":"Clockwork:Tinker","floor":7,"key":"SMITH"},{"floor":11,"key":"REST"},{"floor":15,"key":"REST"},{"data":"Clockwork:KaliMa","floor":23,"key":"SMITH"}],"circlet_count":0,"master_deck":["Clockwork:Strike","Clockwork:Strike","Clockwork:Strike","Clockwork:Shield","Clockwork:Shield","Clockwork:Shield","Clockwork:Shield","Clockwork:Tinker+1","Clockwork:WarmUp","Clockwork:LogisticRegression","Clockwork:TiltAWhirl","Clockwork:CogToss","Gensokyo:LockedMedkit","Clockwork:Inspiration","Clockwork:Improve+1","Clockwork:KaliMa+1"],"relics":["Clockwork:MomentumEngine","The Courier","Happy Flower","Question Card","Clockwork:CopperScales","StuffTheSpire:Kangaroo","Strawberry","hubris:Towel","halation:StarCompass","Frozen Eye","Clockwork:QuicksilverHourglass","Clockwork:BloodPhial"],"acts_visited":["Exordium","Gensokyo:Gensokyo"],"potions_floor_usage":[8,14,16,24],"damage_taken":[{"damage":0,"enemies":"Gensokyo:Python","floor":1,"turns":6},{"damage":7,"enemies":"Gensokyo:Gryphon","floor":4,"turns":8},{"damage":3,"enemies":"Gensokyo:3_Fairies","floor":5,"turns":4},{"damage":33,"enemies":"Gensokyo:Cirno","floor":6,"turns":13},{"damage":0,"enemies":"Gensokyo:LivingMonolith","floor":8,"turns":3},{"damage":17,"enemies":"Gensokyo:Kitsune","floor":10,"turns":6},{"damage":25,"enemies":"Gensokyo:Python_and_Kodama","floor":12,"turns":7},{"damage":7,"enemies":"Gensokyo:2_Rabbits","floor":14,"turns":5},{"damage":42,"enemies":"Gensokyo:Reimu","floor":16,"turns":21},{"damage":5,"enemies":"Gensokyo:3_Dogs","floor":18,"turns":5},{"damage":95,"enemies":"Gensokyo:Koishi","floor":24,"turns":6}],"seed_played":"1617653201173688274","potions_obtained":[{"floor":1,"key":"Explosive Potion"},{"floor":4,"key":"SpeedPotion"},{"floor":5,"key":"Fire Potion"},{"floor":8,"key":"LifebloodPotion"},{"floor":10,"key":"DistilledChaos"}],"is_trial":false,"path_per_floor":["M","?","?","M","M","E","R","M","T","M","R","M","COS","M","R","B",null,"M","?","?","$","?","R","E"],"character_chosen":"CLOCKWORK","items_purchased":["Clockwork:KaliMa"],"campfire_rested":2,"item_purchase_floors":[21],"current_hp_per_floor":[85,85,85,78,75,42,42,42,42,25,50,25,25,18,43,1,85,87,87,87,87,87,87,0,0],"gold":53,"neow_bonus":"TRANSFORM_CARD","is_daily":false,"chose_seed":false,"campfire_upgraded":2,"win_rate":0.0,"timestamp":1613008006,"path_taken":["M","?","?","M","M","E","R","M","T","M","R","M","COS","?","R","BOSS","M","?","?","$","?","R","E"],"items_purchased_type":["Card"],"build_version":"2020-12-22","purchased_purges":0,"victory":false,"max_hp_per_floor":[85,85,85,85,85,85,85,85,85,85,85,85,85,85,85,85,85,92,92,92,92,92,92,92,92],"relic_stats":{"Happy Flower":[17],"counters":[11,84],"Question Card":7,"obtain_stats":[{"Clockwork:MomentumEngine":0,"Frozen Eye":24,"Happy Flower":6,"Clockwork:QuicksilverHourglass":24,"Clockwork:BloodPhial":24,"Clockwork:CopperScales":16,"Strawberry":18,"The Courier":2,"StuffTheSpire:Kangaroo":17,"hubris:Towel":19,"Question Card":9,"halation:StarCompass":20},{"Clockwork:MomentumEngine":0,"Frozen Eye":10,"Happy Flower":4,"Clockwork:QuicksilverHourglass":11,"Clockwork:BloodPhial":11,"Clockwork:CopperScales":9,"Strawberry":10,"The Courier":1,"StuffTheSpire:Kangaroo":9,"hubris:Towel":10,"Question Card":5,"halation:StarCompass":10},{"Clockwork:MomentumEngine":0,"Frozen Eye":78,"Happy Flower":31,"Clockwork:QuicksilverHourglass":79,"Clockwork:BloodPhial":83,"Clockwork:CopperScales":58,"Strawberry":75,"The Courier":6,"StuffTheSpire:Kangaroo":73,"hubris:Towel":78,"Question Card":34,"halation:StarCompass":78}]},"card_choices":[{"not_picked":["Clockwork:PerfectedStrike","Clockwork:SystemScan","Clockwork:Minimalism"],"picked":"SKIP","floor":1},{"not_picked":["Clockwork:OccamsRazor","Clockwork:SystemScan"],"picked":"Clockwork:TiltAWhirl","floor":4},{"not_picked":["Clockwork:ChargingBlade","Clockwork:UnlimitedCogworks"],"picked":"Clockwork:CogToss","floor":5},{"not_picked":["Clockwork:Roundhouse","Clockwork:RampUp","Clockwork:SystemScan"],"picked":"SKIP","floor":6},{"not_picked":["Clockwork:HoardingStrike","Clockwork:ReserveSystems","Clockwork:AdaptiveShield"],"picked":"SKIP","floor":8},{"not_picked":["Clockwork:SearingStrike","Clockwork:ForgeStrike","Clockwork:SnapKeep","Clockwork:Pluck"],"picked":"SKIP","floor":10},{"not_picked":["Clockwork:SystemHardening","Clockwork:SearchingStrike","Clockwork:AdaptiveShield"],"picked":"Clockwork:CraftCopperScales","floor":12},{"not_picked":["Clockwork:Clone","Clockwork:ForgeStrike","Clockwork:Minimalism"],"picked":"Clockwork:CraftBloodPhial","floor":14},{"not_picked":["Clockwork:TimeWalk+1","Clockwork:UnlimitedCogworks+1","Clockwork:ReactiveNanites+1"],"picked":"Clockwork:CraftQuicksilverHourglass+1","floor":16},{"not_picked":["Clockwork:Randomization","Clockwork:UnlimitedCogworks","Clockwork:SiegeStrike"],"picked":"Clockwork:Inspiration","floor":16},{"not_picked":["Clockwork:ReserveSystems","Clockwork:HoardingStrike","Clockwork:PerfectedStrike"],"picked":"Clockwork:Improve","floor":18}],"player_experience":349021,"relics_obtained":[{"floor":6,"key":"Happy Flower"},{"floor":9,"key":"Question Card"}],"event_choices":[],"is_beta":false,"boss_relics":[{"not_picked":["Painkiller Herb","aspiration:RunicSpoon"],"picked":"StuffTheSpire:Kangaroo"}],"items_purged_floors":[],"is_endless":false,"potions_floor_spawned":[1,4,5,8,10],"killed_by":"Gensokyo:Koishi","ascension_level":0}}