{"host":"vyjryxuuuxkt43k4","time":1613056860,"event":{"mods":["AchievementEnabler","BaseMod","Colored Map","DeckTracker","Keyboard Shortcuts","Minty Spire (QoL Compilation)","Permanent Neow","Quick Restart","StSLib","SuperFastMode","everything is the same but u backflip on backflip"],"gold_per_floor":[116,116,130,130,149,149,193,193,217,257,272,5,5,29,29,122,122,145,170,170,170],"floor_reached":20,"language":"KOR","playtime":739,"items_purged":[],"score":368,"play_id":"ff2f800a-71a6-45ee-8e74-d6d89b7108d6","local_time":"20210212002100","is_ascension_mode":true,"campfire_choices":[{"data":"Sunder","floor":6.0,"key":"SMITH"},{"data":"Zap","floor":8.0,"key":"SMITH"},{"data":"Coolheaded","floor":13.0,"key":"SMITH"},{"data":"Hologram","floor":15.0,"key":"SMITH"}],"circlet_count":0,"master_deck":["AscendersBane","Strike_B","Strike_B","Strike_B","Defend_B","Defend_B","Defend_B","Defend_B","Zap+1","Dualcast","BootSequence","Coolheaded+1","Streamline","Sunder+1","Gash","Self Repair","Hologram+1","Beam Cell","Electrodynamics","Compile Driver","Genetic Algorithm"],"relics":["Cracked Core","Golden Idol","Regal Pillow","Blood Vial","Bronze Scales","Pantograph","SacredBark"],"acts_visited":["Exordium","TheCity"],"potions_floor_usage":[],"damage_taken":[{"damage":2.0,"enemies":"Cultist","floor":1.0,"turns":4.0},{"damage":0.0,"enemies":"2 Louse","floor":3.0,"turns":3.0},{"damage":2.0,"enemies":"Jaw Worm","floor":5.0,"turns":3.0},{"damage":13.0,"enemies":"3 Sentries","floor":7.0,"turns":8.0},{"damage":32.0,"enemies":"Gremlin Nob","floor":10.0,"turns":4.0},{"damage":1.0,"enemies":"Looter","floor":11.0,"turns":3.0},{"damage":9.0,"enemies":"2 Fungi Beasts","floor":14.0,"turns":3.0},{"damage":51.0,"enemies":"Slime Boss","floor":16.0,"turns":7.0},{"damage":18,"enemies":"Chosen","floor":18,"turns":4},{"damage":32,"enemies":"Spheric Guardian","floor":19,"turns":5},{"damage":45,"enemies":"Cultist and Chosen","floor":20,"turns":3}],"seed_played":"-127283711932691855","potions_obtained":[{"floor":3.0,"key":"BlessingOfTheForge"},{"floor":5.0,"key":"LiquidBronze"},{"floor":7.0,"key":"PowerPotion"},{"floor":14.0,"key":"Strength Potion"}],"is_trial":false,"path_per_floor":["M","?","M","?","M","R","E","R","T","E","M","$","R","M","R","B",null,"M","M","M"],"character_chosen":"DEFECT","items_purchased":["Pantograph"],"campfire_rested":0,"item_purchase_floors":[12],"current_hp_per_floor":[62,38,38,71,69,69,56,56,56,26,27,27,27,27,27,3,54,45,22,0,0],"gold":170,"neow_bonus":"TRANSFORM_CARD","is_daily":false,"chose_seed":false,"campfire_upgraded":4,"win_rate":0.0,"timestamp":1613056860,"path_taken":["M","?","M","?","M","R","E","R","T","E","M","$","R","M","R","BOSS","M","?","M"],"items_purchased_type":["Relic"],"build_version":"2020-12-22","purchased_purges":0,"victory":false,"max_hp_per_floor":[71,71,71,71,71,71,71,71,71,71,71,71,71,71,71,71,71,71,71,71,71],"card_choices":[{"not_picked":["Sweeping Beam","Redo"],"picked":"Coolheaded","floor":1.0},{"not_picked":["Stack","Hello World"],"picked":"Streamline","floor":3.0},{"not_picked":["Conserve Battery","Compile Driver"],"picked":"Sunder","floor":5.0},{"not_picked":["Hologram","Melter"],"picked":"Gash","floor":7.0},{"not_picked":["Stack","Aggregate"],"picked":"Self Repair","floor":10.0},{"not_picked":["Rebound","Beam Cell"],"picked":"Hologram","floor":11.0},{"not_picked":["Melter","Darkness"],"picked":"Beam Cell","floor":14.0},{"not_picked":["Biased Cognition","Machine Learning"],"picked":"Electrodynamics","floor":16.0},{"not_picked":["Gash","Redo"],"picked":"Compile Driver","floor":18},{"not_picked":["Beam Cell","Sweeping Beam"],"picked":"Genetic Algorithm","floor":19}],"player_experience":951472,"relics_obtained":[{"floor":7.0,"key":"Regal Pillow"},{"floor":9.0,"key":"Blood Vial"},{"floor":10.0,"key":"Bronze Scales"}],"event_choices":[{"damage_healed":0.0,"max_hp_gain":0.0,"max_hp_loss":0.0,"gold_gain":0.0,"event_name":"Golden Idol","player_choice":"Take Damage","floor":2.0,"gold_loss":0.0,"damage_taken":24.0,"relics_obtained":["Golden Idol"]},{"damage_healed":33.0,"max_hp_gain":0.0,"max_hp_loss":0.0,"gold_gain":0.0,"event_name":"Wheel of Change","player_choice":"Full Heal","floor":4.0,"gold_loss":0.0,"damage_taken":0.0}],"is_beta":false,"boss_relics":[{"not_picked":["Runic Dome","Calling Bell"],"picked":"SacredBark"}],"items_purged_floors":[],"is_endless":false,"potions_floor_spawned":[3,5,7,14],"killed_by":"Cultist and Chosen","ascension_level":20}}