{"host":"vyjryxuuuxkt43k4","time":1613059498,"event":{"mods":["AchievementEnabler","BaseMod","Colored Map","DeckTracker","Keyboard Shortcuts","Minty Spire (QoL Compilation)","Permanent Neow","Quick Restart","StSLib","SuperFastMode","everything is the same but u backflip on backflip"],"gold_per_floor":[362,380,7,57,68,68,97,97,148,148,166,193,193,208,208,285,285,301,301,35,35,52,52,83,83,131,146,146,173,186,201,201,274,274,285,285,337,337,405,405,417,417,442,475,493,512,512,532,532,532,532,532],"floor_reached":51,"language":"KOR","playtime":2511,"items_purged":["Parasite","Strike_B"],"score":1335,"play_id":"e577a0a7-bc48-415a-9a83-1fec8cfb046e","local_time":"20210212010458","is_ascension_mode":true,"campfire_choices":[{"data":"Coolheaded","floor":6.0,"key":"SMITH"},{"data":"Zap","floor":8.0,"key":"SMITH"},{"data":"Dualcast","floor":10.0,"key":"SMITH"},{"data":"Skim","floor":13.0,"key":"SMITH"},{"data":"Buffer","floor":15.0,"key":"SMITH"},{"data":"Tempest","floor":23.0,"key":"SMITH"},{"floor":25.0,"key":"REST"},{"floor":32.0,"key":"REST"},{"data":"Biased Cognition","floor":40,"key":"SMITH"},{"floor":42,"key":"REST"},{"floor":47,"key":"RECALL"},{"floor":49,"key":"REST"}],"circlet_count":0,"master_deck":["AscendersBane","Strike_B","Defend_B","Defend_B","Defend_B","Defend_B","Zap+1","Dualcast+1","Tempest+1","Coolheaded+1","Self Repair","Doom and Gloom","Conserve Battery","Turbo","Lockon","Skim+1","Buffer+1","Electrodynamics","Turbo+1","Glacier","Barrage","Go for the Eyes","Multi-Cast","Blizzard","Capacitor","Coolheaded","Ball Lightning","Biased Cognition+1","Hologram","Sunder+1","Compile Driver","Double Energy","Beam Cell+1"],"relics":["Cracked Core","ClockworkSouvenir","Pen Nib","Toy Ornithopter","Blood Vial","Runic Pyramid","Runic Capacitor","Nilry\u0027s Codex","Girya","Ancient Tea Set","Art of War","Philosopher\u0027s Stone","Pocketwatch","Akabeko","Incense Burner"],"acts_visited":["Exordium","TheCity","TheBeyond"],"potions_floor_usage":[44,48,51],"damage_taken":[{"damage":16.0,"enemies":"Small Slimes","floor":1.0,"turns":3.0},{"damage":6.0,"enemies":"Cultist","floor":2.0,"turns":3.0},{"damage":17.0,"enemies":"Jaw Worm","floor":5.0,"turns":4.0},{"damage":15.0,"enemies":"3 Sentries","floor":7.0,"turns":6.0},{"damage":0.0,"enemies":"Large Slime","floor":11.0,"turns":4.0},{"damage":23.0,"enemies":"Gremlin Nob","floor":12.0,"turns":4.0},{"damage":9.0,"enemies":"Looter","floor":14.0,"turns":3.0},{"damage":18.0,"enemies":"Slime Boss","floor":16.0,"turns":9.0},{"damage":0.0,"enemies":"Chosen","floor":18.0,"turns":5.0},{"damage":6.0,"enemies":"Spheric Guardian","floor":22.0,"turns":6.0},{"damage":61.0,"enemies":"Book of Stabbing","floor":24.0,"turns":5.0},{"damage":0.0,"enemies":"Centurion and Healer","floor":27.0,"turns":4.0},{"damage":24.0,"enemies":"3 Cultists","floor":30.0,"turns":5.0},{"damage":0.0,"enemies":"Chosen and Byrds","floor":31.0,"turns":4.0},{"damage":23.0,"enemies":"Champ","floor":33.0,"turns":10.0},{"damage":10.0,"enemies":"Orb Walker","floor":35.0,"turns":4.0},{"damage":42.0,"enemies":"2 Orb Walkers","floor":37.0,"turns":4.0},{"damage":21,"enemies":"3 Shapes","floor":41,"turns":4},{"damage":14,"enemies":"Nemesis","floor":44,"turns":5},{"damage":0,"enemies":"Spire Growth","floor":45,"turns":5},{"damage":1,"enemies":"4 Shapes","floor":46,"turns":2},{"damage":9,"enemies":"Sphere and 2 Shapes","floor":48,"turns":4},{"damage":43,"enemies":"Time Eater","floor":50,"turns":13},{"damage":37,"enemies":"Donu and Deca","floor":51,"turns":2}],"seed_played":"3528441092632641646","potions_obtained":[{"floor":2.0,"key":"LiquidMemories"},{"floor":7.0,"key":"Strength Potion"},{"floor":11.0,"key":"EssenceOfSteel"},{"floor":12.0,"key":"EssenceOfDarkness"},{"floor":22.0,"key":"EntropicBrew"},{"floor":30.0,"key":"FearPotion"},{"floor":31.0,"key":"DuplicationPotion"},{"floor":37.0,"key":"SpeedPotion"},{"floor":45,"key":"Weak Potion"}],"is_trial":false,"path_per_floor":["M","M","$","?","M","R","E","R","T","R","M","E","R","M","R","B",null,"M","?","$","?","M","R","E","R","T","M","?","T","M","M","R","B",null,"M","?","?","?","T","R","M","R","T","E","M","M","R","M","R","B","B"],"character_chosen":"DEFECT","items_purchased":["ClockworkSouvenir","Self Repair","Doom and Gloom","Runic Capacitor"],"campfire_rested":4,"item_purchase_floors":[3,3,3,20],"current_hp_per_floor":[48,42,42,42,32,32,24,24,24,24,31,25,25,25,25,21,56,65,65,65,44,47,47,10,30,30,39,39,39,24,26,46,37,60,59,59,26,26,26,26,14,34,34,27,36,37,37,35,55,21,0,0],"gold":532,"neow_bonus":"TWO_FIFTY_GOLD","is_daily":false,"chose_seed":false,"campfire_upgraded":7,"win_rate":0.0,"timestamp":1613059498,"path_taken":["M","M","$","?","M","R","E","R","T","R","M","E","R","M","R","BOSS","M","?","$","?","M","R","E","R","T","M","?","?","M","M","R","BOSS","M","?","?","?","?","R","M","R","T","E","M","?","R","M","R","BOSS","BOSS"],"items_purchased_type":["Relic","Card","Card","Relic"],"build_version":"2020-12-22","purchased_purges":2,"victory":false,"max_hp_per_floor":[71,71,68,68,68,68,68,68,68,68,68,68,68,68,68,68,68,68,68,68,68,68,68,68,68,68,68,68,68,68,68,68,68,68,68,68,68,68,68,68,68,68,68,68,68,68,68,68,68,68,68,68],"card_choices":[{"not_picked":["Compile Driver","Double Energy"],"picked":"Tempest","floor":1.0},{"not_picked":["Scrape","Chill"],"picked":"Coolheaded","floor":2.0},{"not_picked":["Gash","Streamline"],"picked":"Conserve Battery","floor":5.0},{"not_picked":["Leap","Stack"],"picked":"Turbo","floor":7.0},{"not_picked":["Steam","Doom and Gloom"],"picked":"Lockon","floor":11.0},{"not_picked":["Stack","Beam Cell"],"picked":"Skim","floor":12.0},{"not_picked":["Leap","Loop"],"picked":"Buffer","floor":14.0},{"not_picked":["Reboot","Core Surge"],"picked":"Electrodynamics","floor":16.0},{"not_picked":["Streamline","Aggregate"],"picked":"Turbo+1","floor":18.0},{"not_picked":["Streamline","Rebound"],"picked":"Barrage","floor":22.0},{"not_picked":["Steam","Coolheaded"],"picked":"Go for the Eyes","floor":24.0},{"not_picked":["Lockon","Cold Snap"],"picked":"Multi-Cast","floor":27.0},{"not_picked":["Chaos","Turbo+1"],"picked":"Coolheaded","floor":30.0},{"not_picked":["Coolheaded","Barrage"],"picked":"Ball Lightning","floor":31.0},{"not_picked":["Machine Learning","Core Surge"],"picked":"Biased Cognition","floor":33.0},{"not_picked":["Stack","Static Discharge"],"picked":"Hologram","floor":35.0},{"not_picked":["Streamline+1","Conserve Battery"],"picked":"Sunder+1","floor":37.0},{"not_picked":["Beam Cell","Stack","Hologram"],"picked":"SKIP","floor":41},{"not_picked":["Conserve Battery","Rip and Tear"],"picked":"Compile Driver","floor":44},{"not_picked":["Redo","Rebound"],"picked":"Double Energy","floor":45},{"not_picked":["Hyperbeam","Turbo+1"],"picked":"Beam Cell+1","floor":46},{"not_picked":["Reprogram","Conserve Battery","Sweeping Beam"],"picked":"SKIP","floor":48}],"player_experience":952211,"relics_obtained":[{"floor":7.0,"key":"Pen Nib"},{"floor":9.0,"key":"Toy Ornithopter"},{"floor":12.0,"key":"Blood Vial"},{"floor":21.0,"key":"Nilry\u0027s Codex"},{"floor":24.0,"key":"Girya"},{"floor":26.0,"key":"Ancient Tea Set"},{"floor":29.0,"key":"Art of War"},{"floor":37.0,"key":"Pocketwatch"},{"floor":43,"key":"Akabeko"},{"floor":44,"key":"Incense Burner"}],"event_choices":[{"damage_healed":0.0,"max_hp_gain":0.0,"max_hp_loss":0.0,"gold_gain":50.0,"event_name":"Golden Shrine","player_choice":"Pray","floor":4.0,"gold_loss":0.0,"damage_taken":0.0},{"damage_healed":0.0,"max_hp_gain":0.0,"max_hp_loss":0.0,"gold_gain":0.0,"event_name":"The Library","player_choice":"Read","floor":19.0,"gold_loss":0.0,"damage_taken":0.0,"cards_obtained":["Glacier"]},{"damage_healed":0.0,"max_hp_gain":0.0,"max_hp_loss":0.0,"gold_gain":0.0,"event_name":"Cursed Tome","player_choice":"Obtained Book","floor":21.0,"gold_loss":0.0,"damage_taken":21.0},{"damage_healed":0.0,"max_hp_gain":0.0,"max_hp_loss":0.0,"gold_gain":0.0,"cards_transformed":["Strike_B","Strike_B"],"event_name":"Drug Dealer","player_choice":"Became Test Subject","floor":28.0,"gold_loss":0.0,"damage_taken":0.0,"cards_obtained":["Blizzard","Capacitor"]},{"damage_healed":0.0,"max_hp_gain":0.0,"max_hp_loss":0.0,"gold_gain":0.0,"event_name":"Tomb of Lord Red Mask","player_choice":"Ignored","floor":36.0,"gold_loss":0.0,"damage_taken":0.0},{"damage_healed":0.0,"max_hp_gain":0.0,"max_hp_loss":0.0,"gold_gain":0.0,"event_name":"Mysterious Sphere","player_choice":"Fight","floor":37.0,"gold_loss":0.0,"damage_taken":0.0},{"damage_healed":0,"gold_gain":0,"player_choice":"Memory 1","damage_taken":0,"max_hp_gain":0,"max_hp_loss":0,"event_name":"SensoryStone","floor":38,"gold_loss":0}],"is_beta":false,"boss_relics":[{"not_picked":["Runic Dome","Busted Crown"],"picked":"Runic Pyramid"},{"not_picked":["Sozu","Astrolabe"],"picked":"Philosopher\u0027s Stone"}],"items_purged_floors":[3,20],"is_endless":false,"potions_floor_spawned":[2,7,11,12,22,30,31,37,45],"killed_by":"Donu and Deca","ascension_level":20}}