{"host":"dmtlrev5pkc1867p","time":1613068794,"event":{"mods":["A Magickal Journey","AchievementEnabler","BaseMod","Colored Map","Colored Powertips","Downfall","Hermit","Highlight Path","Infinite Spire","Marisa¡]Ãú«B¡@Å]²z¨F¡^","Minty Spire (QoL Compilation)","Permanent Neow","Quick Restart","Rare Cards Sparkle","Relic Sorter","Relic Stats","Replay The Spire","StSLib","SuperFastMode","The Construct","The Cursed","The Disciple","The Hierophant","The Necromancer","The Runesmith","The Servant 0.9.4"],"gold_per_floor":[115,115,134,55,55,88,13,13,67,67,87,87,103,118,118,242,305,330,351,25,94,94,94,110,120,120,132,132,58,78,95,95,95,95],"floor_reached":33,"language":"ZHS","playtime":1493,"items_purged":["ReplayTheSpireMod:Splinters"],"score":324,"play_id":"554a8b27-ee4d-40ed-b5c3-25008cf38f10","local_time":"20210212023954","is_ascension_mode":true,"campfire_choices":[{"floor":8.0,"key":"REST"},{"floor":10.0,"key":"REST"},{"floor":15.0,"key":"REST"},{"floor":23,"key":"REST"},{"floor":32,"key":"REST"}],"circlet_count":0,"master_deck":["Strike_G","Strike_G","Strike_G","Strike_G","Strike_G+1","Defend_G","Defend_G","Defend_G+1","Defend_G","Defend_G","Survivor","Neutralize","Envenom","Acrobatics","All Out Attack","infinitespire:Neurotoxin","Masterful Stab","Noxious Fumes","Fluid Movement","Well Laid Plans","Leg Sweep+1","Burst","PiercingWail","Dagger Throw+1","Noxious Fumes","Catalyst+1","Blade Dance","Caltrops","ReplayTheSpireMod:Speed Training","Bane+1","Deflect+1","Corpse Explosion+1","Deflect+1","Wraith Form v2+1"],"relics":["Ring of the Snake","Bloody Idol","Simple Rune","Tiny House","Golden Egg","Iron Hammer","infinitespire:EmpoweringShard","Philosopher\u0027s Stone","Incense Burner"],"acts_visited":["Exordium","TheCity"],"potions_floor_usage":[24,25,33],"damage_taken":[{"damage":11.0,"enemies":"Small Slimes","floor":1.0,"turns":5.0},{"damage":5.0,"enemies":"Jaw Worm","floor":3.0,"turns":5.0},{"damage":38.0,"enemies":"3 Sentries","floor":6.0,"turns":10.0},{"damage":1.0,"enemies":"Cultist","floor":11.0,"turns":4.0},{"damage":0.0,"enemies":"Exordium Wildlife","floor":13.0,"turns":3.0},{"damage":1.0,"enemies":"2 Fungi Beasts","floor":14.0,"turns":3.0},{"damage":38.0,"enemies":"Hexaghost","floor":16.0,"turns":11.0},{"damage":20.0,"enemies":"Spheric Guardian","floor":18.0,"turns":9.0},{"damage":21.0,"enemies":"3 Byrds","floor":19.0,"turns":6.0},{"damage":36,"enemies":"Snecko","floor":24,"turns":4},{"damage":3,"enemies":"Snake Plant","floor":25,"turns":5},{"damage":16,"enemies":"Centurion and Healer","floor":27,"turns":7},{"damage":0,"enemies":"Snecko","floor":30,"turns":2},{"damage":6,"enemies":"3 Cultists","floor":31,"turns":3},{"damage":15,"enemies":"Champ","floor":33,"turns":3}],"seed_played":"2702377938850583685","potions_obtained":[{"floor":3.0,"key":"SkillPotion"},{"floor":6.0,"key":"GhostInAJar"},{"floor":11.0,"key":"Adrenaline Potion"},{"floor":14.0,"key":"Block Potion"},{"floor":17.0,"key":"SkillPotion"},{"floor":18.0,"key":"SmokeBomb"},{"floor":24,"key":"Cursed Concoction"}],"is_trial":false,"path_per_floor":["M","?","M","$","?","E","$","R","T","R","M","?","M","M","R","B",null,"M","M","$","?","?","R","M","M","T","M","AVR","$","M","M","R","B"],"character_chosen":"THE_SILENT","items_purchased":["infinitespire:Neurotoxin","Noxious Fumes","Golden Egg","Catalyst","Corpse Explosion"],"campfire_rested":5,"item_purchase_floors":[4,7,20,20,29],"current_hp_per_floor":[52,52,47,47,47,9,9,30,30,51,50,50,50,49,70,32,66,46,25,25,25,25,47,16,18,18,7,7,7,12,11,33,18,18],"gold":95,"neow_bonus":"THREE_RARE_CARDS","is_daily":false,"chose_seed":false,"campfire_upgraded":0,"win_rate":0.0,"timestamp":1613068794,"path_taken":["M","?","M","$","?","E","$","R","T","R","M","?","M","M","R","BOSS","M","M","$","?","?","R","?","M","T","M","AVR","?","M","M","R","BOSS"],"items_purchased_type":["Card","Card","Relic","Card","Card"],"build_version":"2020-12-22","purchased_purges":1,"victory":false,"max_hp_per_floor":[70,70,70,70,70,70,70,70,70,70,70,70,70,70,70,70,75,75,75,75,75,75,75,75,75,75,75,75,75,75,75,75,75,75],"relic_stats":{"counters":[15,80],"Bloody Idol":25,"obtain_stats":[{"Golden Egg":20,"Tiny House":17,"Golden Idol":5,"Bloody Idol":22,"Simple Rune":6,"Philosopher\u0027s Stone":28,"Iron Hammer":21,"infinitespire:EmpoweringShard":26,"Incense Burner":28,"Ring of the Snake":0},{"Golden Egg":9,"Tiny House":7,"Golden Idol":2,"Bloody Idol":9,"Simple Rune":3,"Philosopher\u0027s Stone":12,"Iron Hammer":9,"infinitespire:EmpoweringShard":11,"Incense Burner":12,"Ring of the Snake":0},{"Golden Egg":56,"Tiny House":41,"Golden Idol":10,"Bloody Idol":56,"Simple Rune":20,"Philosopher\u0027s Stone":72,"Iron Hammer":56,"infinitespire:EmpoweringShard":65,"Incense Burner":72,"Ring of the Snake":0}],"Ring of the Snake":[30]},"card_choices":[{"not_picked":["Doppelganger","Atom Bomb"],"picked":"Envenom","floor":0.0},{"not_picked":["Replay:Poison Smokescreen","Outmaneuver"],"picked":"Acrobatics","floor":1.0},{"not_picked":["Fluid Movement","Flying Knee"],"picked":"All Out Attack","floor":3.0},{"not_picked":["Hidden Blade","ReplayTheSpireMod:The Works"],"picked":"Masterful Stab","floor":6.0},{"not_picked":["Concentrate","Deadly Poison"],"picked":"Fluid Movement","floor":11.0},{"not_picked":["Slice","Dodge and Roll"],"picked":"Well Laid Plans","floor":13.0},{"not_picked":["Quick Slash","Dagger Spray"],"picked":"Leg Sweep","floor":14.0},{"not_picked":["Replay:Bag of Tricks","Storm of Steel"],"picked":"Burst","floor":16.0},{"not_picked":["Poisoned Stab","Quick Slash"],"picked":"PiercingWail","floor":17.0},{"not_picked":["Deflect","Prepared"],"picked":"Dagger Throw+1","floor":18.0},{"not_picked":["Blur+1","Cloak And Dagger"],"picked":"Noxious Fumes","floor":19.0},{"not_picked":["Expertise+1","Riddle With Holes"],"picked":"Blade Dance","floor":21},{"not_picked":["ReplayTheSpireMod:Scrap Shanks","Flying Knee+1"],"picked":"Caltrops","floor":21},{"not_picked":["Flying Knee+1","Blade Dance"],"picked":"ReplayTheSpireMod:Speed Training","floor":24},{"not_picked":["Dagger Spray+1","Finisher"],"picked":"Bane+1","floor":25},{"not_picked":["Blur","Endless Agony"],"picked":"Deflect+1","floor":27},{"not_picked":["Dodge and Roll+1","Cloak And Dagger"],"picked":"Deflect+1","floor":30},{"not_picked":["Deadly Poison","Caltrops"],"picked":"Wraith Form v2","floor":31}],"player_experience":690216,"relics_obtained":[{"floor":6.0,"key":"Simple Rune"},{"floor":21,"key":"Iron Hammer"},{"floor":26,"key":"infinitespire:EmpoweringShard"}],"event_choices":[{"damage_healed":0.0,"max_hp_gain":0.0,"max_hp_loss":0.0,"gold_gain":0.0,"event_name":"Golden Idol","player_choice":"Take Wound","floor":5.0,"gold_loss":0.0,"damage_taken":0.0,"relics_obtained":["Golden Idol"],"cards_obtained":["Injury"]},{"cards_removed":["Injury","Hallucinations"],"damage_healed":0.0,"max_hp_gain":0.0,"max_hp_loss":0.0,"gold_gain":0.0,"event_name":"Fountain of Cleansing","player_choice":"Removed Curses","floor":12.0,"gold_loss":0.0,"damage_taken":0.0},{"damage_healed":0,"gold_gain":0,"player_choice":"Gave Idol","damage_taken":0,"relics_obtained":["Bloody Idol"],"max_hp_gain":0,"max_hp_loss":0,"event_name":"Forgotten Altar","floor":22,"relics_lost":["Golden Idol"],"gold_loss":0}],"is_beta":false,"boss_relics":[{"not_picked":["ReplayTheSpireMod:DimensionalGlitch","Empty Cage"],"picked":"Tiny House"}],"items_purged_floors":[28],"is_endless":false,"potions_floor_spawned":[3,6,11,14,18,24],"killed_by":"Champ","ascension_level":6}}