{"host":"cvgfrai8nrtinf2y","time":1613073262,"event":{"mods":["A Magickal Journey","Act Like it!","BaseMod","Better Third Choice","Challenge The Spire","Colored Map","Downfall","Gensokyo","Googly Eyes","Hermit","Highlight Path","Hubris","Infinite Spire","Minty Spire (QoL Compilation)","Rare Cards Sparkle","Relic Sorter","Remilia??????","Spicy Shops","StSLib","The Disciple","The Hierophant","The Necromancer","The Runesmith"],"gold_per_floor":[99,99,374,374,86,106,106,106,116,135,147,247,31,50,67,164,164,164,176,176,176,126,139,193,193,193,220,220,237,237,237,237,237],"floor_reached":31,"language":"ENG","playtime":1063,"items_purged":[],"score":279,"play_id":"d1d05c97-c2a2-4139-a40b-37d95e201757","local_time":"20210211205422","is_ascension_mode":true,"campfire_choices":[{"data":"Slimebound:Split","floor":1,"key":"SMITH"},{"data":"Slimebound:PressTheAttack","floor":8,"key":"SMITH"},{"data":"Slimebound:MassFeed","floor":18,"key":"SMITH"},{"data":"Slimebound:SplitLeeching","floor":26,"key":"SMITH"},{"floor":30,"key":"REST"}],"circlet_count":0,"master_deck":["Slimebound:Strike_Slimebound+1","Slimebound:Strike_Slimebound","Slimebound:Tackle","Slimebound:Defend_Slimebound","Slimebound:Defend_Slimebound","Slimebound:Defend_Slimebound","Slimebound:Defend_Slimebound+1","Slimebound:Split+1","Slimebound:CorrosiveSpit+1","Slimebound:Repurpose","Regret","Slimebound:PressTheAttack+1","Slimebound:LeechingTouch","Slimebound:SplitAcid","Slimebound:ItLooksTasty","Slimebound:LevelUp","Slimebound:OozeBath","Slimebound:ProtectTheBoss","Slimebound:MassRepurpose","Slimebound:LivingWall","Slimebound:MassFeed+1","Slimebound:SlimeSpikes","infinitespire:Starlight","Slimebound:SplitLeeching+1","Slimebound:Dissolve"],"relics":["Slimebound:AbsorbEndCombat","downfall:HeartsMalice","infinitespire:BottledMercury","Singing Bowl","PreservedInsect","expansioncontent:StudyCardRelic","Gambling Chip","War Paint","Turnip"],"acts_visited":["Exordium","TheCity"],"potions_floor_usage":[15,16,31],"damage_taken":[{"damage":0,"enemies":"Small Slimes","floor":2,"turns":1},{"damage":0,"enemies":"Cultist","floor":4,"turns":1},{"damage":0,"enemies":"downfall:FleeingMerchant","floor":5,"turns":1},{"damage":2,"enemies":"Jaw Worm","floor":6,"turns":3},{"damage":15,"enemies":"Exordium Wildlife","floor":9,"turns":3},{"damage":19,"enemies":"Large Slime","floor":10,"turns":5},{"damage":15,"enemies":"Gremlin Gang","floor":11,"turns":4},{"damage":1,"enemies":"downfall:FleeingMerchant","floor":13,"turns":4},{"damage":8,"enemies":"2 Fungi Beasts","floor":14,"turns":3},{"damage":12,"enemies":"Red Slaver","floor":15,"turns":4},{"damage":15,"enemies":"DF_ARCHETYPE_STREAMLINE","floor":16,"turns":9},{"damage":13,"enemies":"Spheric Guardian","floor":19,"turns":4},{"damage":20,"enemies":"Chosen","floor":23,"turns":5},{"damage":18,"enemies":"Gremlin Leader","floor":27,"turns":4},{"damage":39,"enemies":"Snake Plant","floor":29,"turns":6},{"damage":63,"enemies":"Slavers","floor":31,"turns":3}],"seed_played":"-4931002432352830452","potions_obtained":[{"floor":6,"key":"Slimebound:SlimedPotion"},{"floor":11,"key":"Fire Potion"},{"floor":14,"key":"Regen Potion"},{"floor":19,"key":"CultistPotion"}],"is_trial":false,"path_per_floor":["R","M","?","M","$","M","T","R","M","M","M","?","$","M","M","B",null,"R","M","AVR","?","?","M","T","?","R","E","?","M","R","E"],"character_chosen":"SLIMEBOUND","items_purchased":["Slimebound:SplitAcid","infinitespire:BottledMercury","PreservedInsect","Slimebound:LivingWall"],"campfire_rested":1,"item_purchase_floors":[5,5,13,13],"current_hp_per_floor":[65,65,65,65,65,65,65,65,52,35,22,22,27,21,17,25,69,69,58,58,58,69,53,53,53,53,43,35,16,38,0,0,0],"gold":237,"neow_bonus":"THREE_ENEMY_KILL","is_daily":false,"chose_seed":false,"campfire_upgraded":4,"win_rate":0.0,"timestamp":1613073262,"path_taken":["R","M","?","M","$","M","T","R","M","?","M","?","$","M","M","BOSS","R","M","AVR","?","?","M","T","?","R","E","?","?","R","E"],"items_purchased_type":["Card","Relic","Relic","Card"],"build_version":"2020-12-22","purchased_purges":0,"victory":false,"max_hp_per_floor":[65,65,65,65,65,65,65,65,65,65,65,65,65,67,69,69,69,69,69,69,69,69,69,69,69,69,73,73,75,75,75,75,75],"card_choices":[{"not_picked":["Slimebound:GoopSpray","Slimebound:SplitMire"],"picked":"Slimebound:Repurpose","floor":2},{"not_picked":["Slimebound:TongueLash","Slimebound:LeechEnergy"],"picked":"Slimebound:PressTheAttack","floor":4},{"not_picked":["Slimebound:LeadByExample","Slimebound:ComboTackle"],"picked":"Slimebound:LeechingTouch","floor":5},{"not_picked":["Slimebound:LeechingTouch","Slimebound:ComboTackle"],"picked":"Slimebound:ItLooksTasty","floor":6},{"not_picked":["Slimebound:Replication","Slimebound:Equalize"],"picked":"Slimebound:LevelUp","floor":9},{"not_picked":["Slimebound:LeechingTouch","Slimebound:FinishingTackle"],"picked":"Slimebound:OozeBath","floor":10},{"not_picked":["Slimebound:Prepare","Slimebound:Grow"],"picked":"Slimebound:ProtectTheBoss","floor":11},{"not_picked":["Slimebound:BestDefense","Slimebound:LivingWall"],"picked":"Slimebound:MassRepurpose","floor":13},{"not_picked":["Slimebound:FormOfPuddle","Slimebound:LeechEnergy","Slimebound:GrowthPunch"],"picked":"Singing Bowl","floor":14},{"not_picked":["Slimebound:FlameTackle","Slimebound:RollThrough","Slimebound:LeechingTouch"],"picked":"Singing Bowl","floor":15},{"not_picked":["Slimebound:DouseInSlime","Slimebound:TagTeam"],"picked":"Slimebound:MassFeed","floor":16},{"not_picked":["Slimebound:ProtectTheBoss","Slimebound:Nibble"],"picked":"Slimebound:SlimeSpikes","floor":19},{"not_picked":["Slimebound:RollThrough","Slimebound:GoopTackle"],"picked":"Slimebound:SplitLeeching","floor":23},{"not_picked":["Slimebound:MassRepurpose","Slimebound:DuplicatedForm"],"picked":"Slimebound:Dissolve","floor":27},{"not_picked":["Slimebound:Prepare","Slimebound:LivingWall+1","Slimebound:MegaLick"],"picked":"Singing Bowl","floor":29}],"player_experience":1261372,"relics_obtained":[{"floor":7,"key":"Singing Bowl"},{"floor":24,"key":"War Paint"},{"floor":27,"key":"Turnip"}],"event_choices":[{"damage_healed":0,"gold_gain":0,"player_choice":"Ignored","damage_taken":0,"max_hp_gain":0,"max_hp_loss":0,"event_name":"Vampires","floor":25,"gold_loss":0}],"is_beta":false,"boss_relics":[{"not_picked":["Sozu","Runic Pyramid"],"picked":"expansioncontent:StudyCardRelic"}],"items_purged_floors":[],"is_endless":false,"potions_floor_spawned":[6,11,14,19],"killed_by":"Slavers","ascension_level":3}}