{"host":"7f01flv6y0vhl3vt","time":1613002542,"event":{"mods":["Act Like it!","BaseMod","Downfall","Minty Spire (QoL Compilation)","StSLib"],"gold_per_floor":[99,9,27,40,50,50,96,96,271,287,87,104,104,0,15,15,15,15],"floor_reached":16,"language":"ENG","playtime":2767,"items_purged":["bronze:Strike"],"score":117,"play_id":"3f0a0c6e-6e6d-4fa5-823e-6359cb6e7a20","local_time":"20210210191542","is_ascension_mode":false,"campfire_choices":[{"floor":1,"key":"RECALL"},{"data":"bronze:Return","floor":8,"key":"SMITH"},{"floor":11,"key":"REST"},{"data":"bronze:Refactor","floor":13,"key":"SMITH"}],"circlet_count":0,"master_deck":["bronze:Strike","bronze:Strike","bronze:Strike","bronze:Defend","bronze:Defend","bronze:Defend","bronze:Defend","bronze:Replicate","bronze:Goto","bronze:Return+1","bronze:Refactor+1","bronze:Branch","Doubt","bronze:ForceShield","bronze:WildBeam","bronze:Invalidate","bronze:Repair","expansioncontent:InvincibleStrength","bronze:MaxOutput"],"relics":["bronze:BronzeCore","Dream Catcher","downfall:HeartBlessingBlue","downfall:HeartBlessingRed"],"acts_visited":["Exordium"],"potions_floor_usage":[16,16,16],"damage_taken":[{"damage":0,"enemies":"downfall:FleeingMerchant","floor":2,"turns":4},{"damage":0,"enemies":"Cultist","floor":3,"turns":4},{"damage":6,"enemies":"Jaw Worm","floor":4,"turns":5},{"damage":0,"enemies":"2 Louse","floor":5,"turns":4},{"damage":36,"enemies":"Blue Slaver","floor":10,"turns":8},{"damage":3,"enemies":"3 Louse","floor":12,"turns":5},{"damage":10,"enemies":"downfall:FleeingMerchant","floor":14,"turns":4},{"damage":27,"enemies":"Lots of Slimes","floor":15,"turns":6},{"damage":58,"enemies":"IC_STATUS_ARCHETYPE","floor":16,"turns":10}],"seed_played":"1105051894927840368","potions_obtained":[{"floor":3,"key":"Block Potion"},{"floor":5,"key":"FearPotion"},{"floor":15,"key":"SkillPotion"}],"is_trial":false,"path_per_floor":["R","$","M","M","M","?","T","R","?","M","R","M","R","$","M","B"],"character_chosen":"THE_AUTOMATON","items_purchased":["expansioncontent:InvincibleStrength"],"campfire_rested":1,"item_purchase_floors":[14],"current_hp_per_floor":[70,70,70,64,64,80,80,80,80,44,81,78,78,68,48,0,0,0],"gold":15,"neow_bonus":"RANDOM_COMMON_RELIC","is_daily":false,"chose_seed":false,"campfire_upgraded":2,"win_rate":0.0,"timestamp":1613002542,"path_taken":["R","$","M","M","?","?","T","R","?","M","R","M","R","?","M","BOSS"],"items_purchased_type":["Card"],"build_version":"2020-12-22","purchased_purges":1,"victory":false,"max_hp_per_floor":[70,70,70,70,70,80,80,80,80,80,90,90,90,90,90,90,90,90],"card_choices":[{"not_picked":["bronze:Branch","bronze:ForceShield"],"picked":"bronze:Return","floor":2},{"not_picked":["bronze:Shield","bronze:BugBarrage"],"picked":"bronze:Refactor","floor":3},{"not_picked":["bronze:BuggyMess","bronze:Separator"],"picked":"bronze:Branch","floor":4},{"not_picked":["bronze:Deprecate","bronze:Shield"],"picked":"bronze:Verify","floor":5},{"not_picked":["bronze:CutThrough","bronze:WhirlingStrike"],"picked":"bronze:ForceShield","floor":10},{"not_picked":["bronze:Overheat","bronze:Shield"],"picked":"bronze:WildBeam","floor":11},{"not_picked":["bronze:WhirlingStrike","bronze:FineTuning"],"picked":"bronze:Invalidate","floor":12},{"not_picked":["bronze:DelayedSlice","bronze:CutThrough"],"picked":"bronze:Repair","floor":14},{"not_picked":["bronze:WhirlingStrike","bronze:Flail"],"picked":"bronze:MaxOutput","floor":15}],"player_experience":1718872,"relics_obtained":[],"event_choices":[],"is_beta":false,"boss_relics":[],"items_purged_floors":[2],"is_endless":false,"potions_floor_spawned":[3,5,15],"killed_by":"IC_STATUS_ARCHETYPE","ascension_level":0}}