{"host":"gjbmv0wqve0qfw94","time":1613072024,"event":{"mods":["BaseMod","Colored Map","Colored Powertips","DeckTracker","Googly Eyes","Minty Spire (QoL Compilation)","StSLib"],"gold_per_floor":[118,118,88,101,114,114,149,149,149,164,198,123,137,169,169,246,246,256,256,36,36,36,36,68,68,121,121,136,155,155,169,169,169,169],"floor_reached":33,"language":"ENG","playtime":1071,"items_purged":["Strike_R","Strike_R"],"score":616,"play_id":"8d7e36e0-7b5a-4fad-b598-520b9b920cfb","local_time":"20210211203344","is_ascension_mode":true,"campfire_choices":[{"data":"Uppercut","floor":6,"key":"SMITH"},{"data":"Cleave","floor":8,"key":"SMITH"},{"data":"Feel No Pain","floor":15,"key":"SMITH"},{"data":"Pommel Strike","floor":23,"key":"SMITH"},{"data":"Uppercut","floor":25,"key":"SMITH"},{"data":"Feed","floor":27,"key":"SMITH"},{"data":"Corruption","floor":30,"key":"SMITH"},{"data":"Anger","floor":32,"key":"SMITH"}],"circlet_count":0,"master_deck":["AscendersBane","Strike_R","Strike_R","Defend_R","Defend_R","Defend_R","Defend_R","Bash","Corruption+1","Uppercut+1","Rampage","Cleave+1","Feel No Pain+1","Anger+1","Dropkick","Feed+1","Rage","Uppercut+1","Pommel Strike+1","Shrug It Off","Rage+1"],"relics":["Burning Blood","Bottled Tornado","HornCleat","Shuriken","Omamori","SacredBark","CaptainsWheel","Centennial Puzzle"],"acts_visited":["Exordium","TheCity"],"potions_floor_usage":[7,18,24,29,31,33],"damage_taken":[{"damage":14,"enemies":"Jaw Worm","floor":1,"turns":4},{"damage":2,"enemies":"Small Slimes","floor":4,"turns":5},{"damage":1,"enemies":"Cultist","floor":5,"turns":4},{"damage":24,"enemies":"Gremlin Nob","floor":7,"turns":4},{"damage":12,"enemies":"Exordium Wildlife","floor":10,"turns":3},{"damage":8,"enemies":"3 Sentries","floor":11,"turns":7},{"damage":12,"enemies":"Blue Slaver","floor":13,"turns":4},{"damage":0,"enemies":"Lagavulin","floor":14,"turns":6},{"damage":25,"enemies":"Hexaghost","floor":16,"turns":8},{"damage":23,"enemies":"3 Byrds","floor":18,"turns":6},{"damage":38,"enemies":"Gremlin Leader","floor":24,"turns":6},{"damage":5,"enemies":"Chosen","floor":28,"turns":4},{"damage":24,"enemies":"Shelled Parasite and Fungi","floor":29,"turns":5},{"damage":22,"enemies":"3 Cultists","floor":31,"turns":6},{"damage":61,"enemies":"Automaton","floor":33,"turns":6}],"seed_played":"-606033915439299001","potions_obtained":[{"floor":3,"key":"PowerPotion"},{"floor":3,"key":"Block Potion"},{"floor":7,"key":"GamblersBrew"},{"floor":28,"key":"SpeedPotion"},{"floor":29,"key":"BloodPotion"},{"floor":31,"key":"LiquidMemories"}],"is_trial":false,"path_per_floor":["M","?","?","M","M","R","E","R","T","M","E","$","M","E","R","B",null,"M","?","$","?","?","R","E","R","T","R","M","M","R","M","R","B"],"character_chosen":"IRONCLAD","items_purchased":["Uppercut","DistilledChaos"],"campfire_rested":0,"item_purchase_floors":[20,20],"current_hp_per_floor":[60,65,65,69,74,74,56,56,56,50,48,48,42,48,48,29,67,53,53,53,53,53,53,24,24,24,24,29,15,15,36,36,0,0],"gold":169,"neow_bonus":"ONE_RANDOM_RARE_CARD","is_daily":false,"chose_seed":false,"campfire_upgraded":8,"win_rate":0.0,"timestamp":1613072024,"path_taken":["M","?","?","M","M","R","E","R","T","?","E","$","M","E","R","BOSS","M","?","$","?","?","R","E","R","T","R","M","M","R","M","R","BOSS"],"items_purchased_type":["Card","Potion"],"build_version":"2020-12-22","purchased_purges":2,"victory":false,"max_hp_per_floor":[75,80,80,80,80,80,80,80,80,80,80,80,80,80,80,80,80,83,83,83,83,83,83,86,86,86,86,90,94,94,94,94,94,94],"card_choices":[{"not_picked":["Thunderclap","Flex"],"picked":"Uppercut","floor":1},{"not_picked":["Seeing Red","Twin Strike"],"picked":"Rampage","floor":4},{"not_picked":["Warcry","Wild Strike","Body Slam"],"picked":"SKIP","floor":5},{"not_picked":["Corruption","Anger"],"picked":"Cleave","floor":7},{"not_picked":["Thunderclap","Burning Pact"],"picked":"Feel No Pain","floor":10},{"not_picked":["Infernal Blade","Power Through","Iron Wave"],"picked":"SKIP","floor":11},{"not_picked":["Heavy Blade","Havoc"],"picked":"Anger","floor":13},{"not_picked":["Thunderclap","Uppercut"],"picked":"Dropkick","floor":14},{"not_picked":["Berserk","Bludgeon"],"picked":"Feed","floor":16},{"not_picked":["Flex","Spot Weakness"],"picked":"Rage","floor":18},{"not_picked":["Body Slam","True Grit"],"picked":"Shrug It Off","floor":24},{"not_picked":["Searing Blow","Combust","Iron Wave"],"picked":"SKIP","floor":28},{"not_picked":["Berserk","Perfected Strike","True Grit"],"picked":"SKIP","floor":29},{"not_picked":["Ghostly Armor","Havoc"],"picked":"Rage+1","floor":31}],"player_experience":1227171,"relics_obtained":[{"floor":7,"key":"Bottled Tornado"},{"floor":9,"key":"HornCleat"},{"floor":11,"key":"Shuriken"},{"floor":14,"key":"Omamori"},{"floor":24,"key":"Centennial Puzzle"}],"event_choices":[{"damage_healed":0,"gold_gain":0,"player_choice":"Donut","damage_taken":0,"max_hp_gain":5,"max_hp_loss":0,"event_name":"Big Fish","floor":2,"gold_loss":0},{"damage_healed":0,"gold_gain":0,"player_choice":"Bought 2 Potions","damage_taken":0,"max_hp_gain":0,"max_hp_loss":0,"event_name":"The Woman in Blue","floor":3,"gold_loss":0},{"damage_healed":0,"gold_gain":0,"player_choice":"Opened","damage_taken":0,"relics_obtained":["CaptainsWheel"],"max_hp_gain":0,"max_hp_loss":0,"event_name":"The Mausoleum","floor":19,"gold_loss":0,"cards_obtained":["Writhe"]},{"cards_removed":["Strike_R"],"damage_healed":0,"gold_gain":0,"player_choice":"Elegance","damage_taken":0,"max_hp_gain":0,"max_hp_loss":0,"event_name":"Back to Basics","floor":21,"gold_loss":0},{"damage_healed":0,"gold_gain":0,"player_choice":"Read","damage_taken":0,"max_hp_gain":0,"max_hp_loss":0,"event_name":"The Library","floor":22,"gold_loss":0,"cards_obtained":["Pommel Strike"]}],"is_beta":false,"boss_relics":[{"not_picked":["Ectoplasm","Runic Dome"],"picked":"SacredBark"}],"items_purged_floors":[12,20],"is_endless":false,"potions_floor_spawned":[4,7,16,28,29,31],"killed_by":"Automaton","ascension_level":20}}