{"host":"ufl0k2so27eic2iy","time":1613082912,"event":{"mods":["BaseMod","Downfall","Minty Spire (QoL Compilation)","StSLib","The Animator"],"gold_per_floor":[125,125,50,60,78,78,125,125,125,25,25,63,78,90,90,162,162,180,180,194,194,194,194,221,221,221,65,65,85,118,135,135,225,225,240,185,200,217,235,274,274,314,340,363,55,55,76,108,108,112,112,112,40,67,71],"floor_reached":56,"language":"ENG","playtime":4260,"items_purged":["animator:Strike","animator:Strike","animator:Strike_DateALive","animator:YamaiSisters"],"score":1916,"play_id":"69d77c0e-f2de-4bfd-971e-45b54655c2f4","local_time":"20210211223512","is_ascension_mode":true,"campfire_choices":[{"data":"animator:ShidoItsuka","floor":6,"key":"SMITH"},{"floor":8,"key":"REST"},{"floor":15,"key":"DIG"},{"floor":23,"key":"DIG"},{"floor":25,"key":"DIG"},{"floor":28,"key":"DIG"},{"floor":32,"key":"DIG"},{"floor":41,"key":"RECALL"},{"floor":46,"key":"DIG"},{"floor":49,"key":"DIG"},{"floor":52,"key":"DIG"}],"circlet_count":0,"master_deck":["AscendersBane","animator:Defend_DateALive+1","animator:Defend+1","animator:ShidoItsuka+1","animator:TohkaYatogami","animator:MikuIzayoi+1","animator:Mitsuba","animator:YoshinoHimekawa+1","animator:Rena+1","animator:Shigure","animator:YoshinoHimekawa+1","animator:Enju+1","animator:Shinoa+1","animator:NoriSakurada+1","animator:Witch+1","animator:CowGirl+1","animator:Aisha+1","animator:Saitama+1","animator:MeguKakizaki+1","animator:Mikaela","animator:Eve","animator:Shinoa+1","animator:MetalKnight","animator:ReineMurasame+1","animator:GuildGirl","animator:Suigintou+2","animator:ReineMurasame+1","animator:OrigamiTobiichi","animator:Sonic+1","animator:FeridBathory","animator:Shinoa+1"],"relics":["animator:LivingPicture","animator:TheMissingPiece","Toxic Egg 2","Sundial","Strawberry","Pantograph","Shovel","PreservedInsect","Coffee Dripper","Shuriken","Guardian:PocketSentry","Dream Catcher","InkBottle","Tiny Chest","CloakClasp","The Courier","animator:HolyGrailRelic","Smiling Mask","War Paint","Lizard Tail","hexamod:BolsterEngine","animator:OldCoffin","Letter Opener","CaptainsWheel"],"acts_visited":["Exordium","TheCity","TheBeyond","TheEnding"],"potions_floor_usage":[7,24,30,50,55,55],"damage_taken":[{"damage":3,"enemies":"Small Slimes","floor":1,"turns":4},{"damage":5,"enemies":"Jaw Worm","floor":4,"turns":4},{"damage":0,"enemies":"Cultist","floor":5,"turns":4},{"damage":11,"enemies":"3 Sentries","floor":7,"turns":7},{"damage":10,"enemies":"Lagavulin","floor":12,"turns":8},{"damage":0,"enemies":"Large Slime","floor":13,"turns":6},{"damage":0,"enemies":"3 Louse","floor":14,"turns":5},{"damage":23,"enemies":"The Guardian","floor":16,"turns":12},{"damage":3,"enemies":"Shell Parasite","floor":18,"turns":7},{"damage":0,"enemies":"3 Byrds","floor":20,"turns":5},{"damage":1,"enemies":"Book of Stabbing","floor":24,"turns":5},{"damage":3,"enemies":"Centurion and Healer","floor":29,"turns":6},{"damage":9,"enemies":"Slavers","floor":30,"turns":6},{"damage":0,"enemies":"Sentry and Sphere","floor":31,"turns":4},{"damage":0,"enemies":"Champ","floor":33,"turns":14},{"damage":3,"enemies":"Orb Walker","floor":35,"turns":4},{"damage":0,"enemies":"3 Shapes","floor":37,"turns":9},{"damage":6,"enemies":"Writhing Mass","floor":38,"turns":8},{"damage":0,"enemies":"Sphere and 2 Shapes","floor":39,"turns":7},{"damage":2,"enemies":"Nemesis","floor":40,"turns":9},{"damage":2,"enemies":"Spire Growth","floor":42,"turns":7},{"damage":5,"enemies":"Writhing Mass","floor":47,"turns":10},{"damage":14,"enemies":"3 Darklings","floor":48,"turns":7},{"damage":37,"enemies":"Awakened One","floor":50,"turns":15},{"damage":14,"enemies":"Shield and Spear","floor":54,"turns":8},{"damage":117,"enemies":"The Heart","floor":55,"turns":13}],"seed_played":"-4660742119516437382","potions_obtained":[{"floor":4,"key":"champ:CounterPotion"},{"floor":5,"key":"Block Potion"},{"floor":13,"key":"Energy Potion"},{"floor":24,"key":"SkillPotion"},{"floor":29,"key":"DuplicationPotion"},{"floor":33,"key":"SmokeBomb"},{"floor":35,"key":"BlessingOfTheForge"},{"floor":54,"key":"EssenceOfSteel"}],"is_trial":false,"path_per_floor":["M","?","$","M","M","R","E","R","T","$","?","E","M","M","R","B",null,"M","?","M","?","?","R","E","R","T","$","R","M","E","M","R","B",null,"M","$","M","M","M","E","R","M","T","T","$","R","M","M","R","B",null,"R","$","E","B",null],"character_chosen":"THE_ANIMATOR","items_purchased":["animator:Saitama+1","animator:MetalKnight","animator:Sonic+1","Lizard Tail","animator:Shinoa+1"],"campfire_rested":1,"item_purchase_floors":[27,36,45,45,53],"current_hp_per_floor":[51,40,40,36,36,36,25,43,50,50,50,40,40,40,40,42,62,59,59,59,59,59,59,59,59,59,59,59,56,47,53,53,69,77,77,77,78,74,80,77,77,77,77,77,77,77,74,68,68,46,74,74,74,66,8],"gold":71,"neow_bonus":"REMOVE_CARD","is_daily":false,"chose_seed":true,"campfire_upgraded":1,"win_rate":0.0,"timestamp":1613082912,"path_taken":["M","?","$","M","M","R","E","R","T","$","?","E","M","M","R","BOSS","M","?","M","?","?","R","E","R","T","$","R","M","E","M","R","BOSS","M","$","?","M","M","E","R","M","T","?","$","R","M","M","R","BOSS","R","$","E","BOSS"],"items_purchased_type":["Card","Card","Card","Relic","Card"],"build_version":"2020-12-22","purchased_purges":4,"victory":true,"max_hp_per_floor":[60,60,60,61,61,61,61,61,68,68,68,68,68,68,68,68,68,68,68,68,68,68,68,69,69,69,69,69,69,69,69,69,69,77,77,77,78,80,80,77,77,79,79,79,79,79,81,83,83,83,83,83,83,80,80],"card_choices":[{"not_picked":["animator:Priestess","animator:Mitsuba"],"picked":"animator:TohkaYatogami","floor":1},{"not_picked":["animator:Ciel+1","animator:Souseiseki"],"picked":"animator:MikuIzayoi+1","floor":4},{"not_picked":["animator:Elsword","animator:NoriSakurada+1"],"picked":"animator:Mitsuba","floor":5},{"not_picked":["animator:OrigamiTobiichi","animator:YamaiSisters"],"picked":"animator:YoshinoHimekawa+1","floor":7},{"not_picked":["animator:Tatsumaki+1","animator:NagisaMomoe+1"],"picked":"animator:Rena+1","floor":12},{"not_picked":["animator:Genos","animator:Ara"],"picked":"animator:Shigure","floor":13},{"not_picked":["animator:ShidoItsuka+1","animator:Spearman"],"picked":"animator:YoshinoHimekawa+1","floor":14},{"not_picked":["animator:KotoriItsuka","animator:GoblinSlayer"],"picked":"animator:Enju","floor":16},{"not_picked":["animator:Yoichi+1","animator:HiiragiTenri"],"picked":"animator:Shinoa+1","floor":18},{"not_picked":["animator:Hinaichigo+1","animator:Ara"],"picked":"animator:NoriSakurada+1","floor":20},{"not_picked":["animator:TomoeKashiwaba","animator:Yuuichirou"],"picked":"animator:Aisha+1","floor":24},{"not_picked":["animator:Melzalgald","animator:Ciel+1"],"picked":"animator:MeguKakizaki+1","floor":29},{"not_picked":["animator:Mitsuba","animator:HiiragiShinya+1"],"picked":"animator:Mikaela","floor":30},{"not_picked":["animator:Spearman","animator:SuzuneAmano","animator:TohkaYatogami"],"picked":"SKIP","floor":31},{"not_picked":["animator:SwordMaiden+1","animator:Shinku"],"picked":"animator:Eve","floor":33},{"not_picked":["animator:Souseiseki","animator:DwarfShaman"],"picked":"animator:Shinoa+1","floor":35},{"not_picked":["animator:Chung+1","animator:Aisha+1"],"picked":"animator:ReineMurasame+1","floor":37},{"not_picked":["animator:HighElfArcher","animator:DwarfShaman"],"picked":"animator:GuildGirl","floor":38},{"not_picked":["animator:MukuroHoshimiya","animator:MeguKakizaki+1"],"picked":"animator:Suigintou+1","floor":39},{"not_picked":["animator:YachiyoNanami","animator:OrikoMikuni+1"],"picked":"animator:ReineMurasame+1","floor":40},{"not_picked":["animator:MumenRider","animator:Shigure"],"picked":"animator:OrigamiTobiichi","floor":42},{"not_picked":["animator:JunSakurada+1","animator:Witch+1"],"picked":"animator:FeridBathory","floor":48},{"not_picked":["animator:Shinoa+1","animator:Ain"],"picked":"animator:Suigintou","floor":54}],"player_experience":2810154,"relics_obtained":[{"floor":7,"key":"Sundial"},{"floor":9,"key":"Strawberry"},{"floor":12,"key":"Shovel"},{"floor":15,"key":"PreservedInsect"},{"floor":23,"key":"Shuriken"},{"floor":24,"key":"Guardian:PocketSentry"},{"floor":25,"key":"Dream Catcher"},{"floor":26,"key":"InkBottle"},{"floor":28,"key":"Tiny Chest"},{"floor":30,"key":"CloakClasp"},{"floor":32,"key":"The Courier"},{"floor":40,"key":"Smiling Mask"},{"floor":44,"key":"War Paint"},{"floor":46,"key":"hexamod:BolsterEngine"},{"floor":49,"key":"animator:OldCoffin"},{"floor":52,"key":"Letter Opener"},{"floor":54,"key":"CaptainsWheel"}],"event_choices":[{"damage_healed":0,"gold_gain":0,"player_choice":"Success","damage_taken":11,"relics_obtained":["Toxic Egg 2"],"max_hp_gain":0,"max_hp_loss":0,"event_name":"Scrap Ooze","floor":2,"gold_loss":0},{"damage_healed":0,"gold_gain":0,"player_choice":"Gave Potion","damage_taken":0,"relics_obtained":["Pantograph"],"max_hp_gain":0,"max_hp_loss":0,"event_name":"WeMeetAgain","floor":11,"gold_loss":0},{"damage_healed":0,"gold_gain":0,"cards_transformed":["animator:Defend","animator:Defend"],"player_choice":"Became Test Subject","damage_taken":0,"max_hp_gain":0,"max_hp_loss":0,"event_name":"Drug Dealer","floor":21,"gold_loss":0,"cards_obtained":["animator:Witch","animator:CowGirl"]},{"damage_healed":0,"gold_gain":0,"player_choice":"Forge","damage_taken":0,"max_hp_gain":0,"max_hp_loss":0,"event_name":"Accursed Blacksmith","floor":22,"gold_loss":0,"cards_upgraded":["animator:Enju"]}],"is_beta":false,"boss_relics":[{"not_picked":["Busted Crown","Cursed Key"],"picked":"Coffee Dripper"},{"not_picked":["SacredBark","Tiny House"],"picked":"animator:HolyGrailRelic"}],"items_purged_floors":[3,10,45,53],"is_endless":false,"potions_floor_spawned":[4,5,13,24,29,33,35,38,39,48,54],"ascension_level":15}}