{"host":"syozzdlzcqop4jia","time":1613074987,"event":{"mods":["AchievementEnabler","BaseMod","Colored Map","Colored Powertips","Minty Spire (QoL Compilation)","Quick Restart"],"gold_per_floor":[115,115,130,130,148,148,174,174,174,30,42,73,92,104,104,206,206,225,240,250,48,68,68,85,97,97,112,112,27,47,47,47,145,145,163,175,186,286,306,339,339,351,374,32,44,58,73,86,86,86,86,86,6,6,6],"floor_reached":54,"language":"ENG","playtime":3069,"items_purged":[],"score":691,"play_id":"0d60fbd2-51b3-457e-9e81-9210e8300313","local_time":"20210211212307","is_ascension_mode":false,"campfire_choices":[{"floor":6,"key":"RECALL"},{"floor":15,"key":"REST"},{"floor":23,"key":"REST"},{"floor":32,"key":"REST"},{"floor":41,"key":"REST"},{"floor":49,"key":"REST"},{"data":"Perfected Strike","floor":52,"key":"SMITH"}],"circlet_count":0,"master_deck":["Strike_R","Strike_R","Strike_R","Strike_R+1","Strike_R+1","Defend_R","Defend_R","Defend_R+1","Defend_R+1","Bash","Spot Weakness","Shrug It Off","Flex","Perfected Strike+1","Perfected Strike+1","Immolate+1","Anger+1","Demon Form+1","Carnage+1","Ghostly Armor+1","Cleave+1","Flex","Heavy Blade+1","Infernal Blade+1","Inflame+1","Reckless Charge+1","Immolate+1","Rage","Inflame+1","Sword Boomerang+1","Heavy Blade+1","Heavy Blade+1","Perfected Strike+1","Anger+1","Wild Strike+1","Seeing Red+1","Inflame+1"],"relics":["Black Blood","Frozen Egg 2","Molten Egg 2","Whetstone","Blood Vial","Lantern","Self Forming Clay","War Paint","Nilry\u0027s Codex","Velvet Choker","Ornamental Fan","Potion Belt","Lizard Tail"],"acts_visited":["Exordium","TheCity","TheBeyond","TheEnding"],"potions_floor_usage":[18,33,33,33,46,48],"damage_taken":[{"damage":1,"enemies":"Cultist","floor":1,"turns":4},{"damage":1,"enemies":"Jaw Worm","floor":3,"turns":5},{"damage":6,"enemies":"2 Louse","floor":5,"turns":3},{"damage":47,"enemies":"Lagavulin","floor":7,"turns":7},{"damage":4,"enemies":"Blue Slaver","floor":11,"turns":3},{"damage":26,"enemies":"3 Sentries","floor":12,"turns":8},{"damage":3,"enemies":"Exordium Wildlife","floor":13,"turns":3},{"damage":0,"enemies":"Large Slime","floor":14,"turns":3},{"damage":69,"enemies":"Hexaghost","floor":16,"turns":8},{"damage":0,"enemies":"Chosen","floor":18,"turns":4},{"damage":20,"enemies":"2 Thieves","floor":19,"turns":4},{"damage":35,"enemies":"Snecko","floor":20,"turns":5},{"damage":9,"enemies":"Snake Plant","floor":22,"turns":3},{"damage":18,"enemies":"Sentry and Sphere","floor":24,"turns":4},{"damage":10,"enemies":"Cultist and Chosen","floor":25,"turns":3},{"damage":26,"enemies":"Chosen and Byrds","floor":27,"turns":5},{"damage":21,"enemies":"Snake Plant","floor":30,"turns":3},{"damage":83,"enemies":"Collector","floor":33,"turns":8},{"damage":22,"enemies":"3 Darklings","floor":35,"turns":4},{"damage":9,"enemies":"3 Shapes","floor":36,"turns":2},{"damage":14,"enemies":"Sphere and 2 Shapes","floor":37,"turns":4},{"damage":15,"enemies":"4 Shapes","floor":39,"turns":2},{"damage":87,"enemies":"Reptomancer","floor":40,"turns":6},{"damage":12,"enemies":"3 Darklings","floor":42,"turns":2},{"damage":4,"enemies":"Transient","floor":45,"turns":5},{"damage":21,"enemies":"Writhing Mass","floor":46,"turns":6},{"damage":15,"enemies":"Sphere and 2 Shapes","floor":47,"turns":3},{"damage":2,"enemies":"Transient","floor":48,"turns":5},{"damage":151,"enemies":"Awakened One","floor":50,"turns":12},{"damage":93,"enemies":"Shield and Spear","floor":54,"turns":5}],"seed_played":"5680748048243331207","potions_obtained":[{"floor":3,"key":"AttackPotion"},{"floor":13,"key":"EntropicBrew"},{"floor":16,"key":"Dexterity Potion"},{"floor":25,"key":"BloodPotion"},{"floor":33,"key":"Explosive Potion"},{"floor":42,"key":"Regen Potion"},{"floor":45,"key":"SpeedPotion"},{"floor":46,"key":"FairyPotion"},{"floor":47,"key":"Strength Potion"}],"is_trial":false,"path_per_floor":["M","?","M","?","M","R","E","?","T","$","M","E","M","M","R","B",null,"M","M","M","$","M","R","M","M","T","M","?","?","M","?","R","B",null,"M","M","M","?","M","E","R","M","T","$","M","M","M","M","R","B",null,"R","$","E"],"character_chosen":"IRONCLAD","items_purchased":["Whetstone","Lantern","Flex","Lizard Tail","Perfected Strike+1","Inflame+1"],"campfire_rested":5,"item_purchase_floors":[10,21,21,44,44,53],"current_hp_per_floor":[88,88,88,93,93,93,52,49,49,49,51,31,36,44,71,10,93,93,85,64,64,69,93,87,91,91,79,79,79,72,56,83,32,93,83,88,88,88,87,14,41,43,43,43,53,51,50,62,89,26,93,93,93,0,0],"gold":6,"neow_bonus":"TEN_PERCENT_HP_BONUS","is_daily":false,"chose_seed":false,"campfire_upgraded":1,"win_rate":0.0,"timestamp":1613074987,"path_taken":["M","?","M","?","M","R","E","?","T","?","M","E","M","M","R","BOSS","M","M","M","$","M","R","M","M","T","M","?","?","M","?","R","BOSS","M","M","M","?","?","E","R","M","T","$","M","M","M","M","R","BOSS","R","$","E"],"items_purchased_type":["Relic","Relic","Card","Relic","Card","Card"],"build_version":"2020-12-22","purchased_purges":0,"victory":false,"max_hp_per_floor":[88,88,88,93,93,93,93,93,93,93,93,93,93,93,93,93,93,93,93,93,93,93,93,93,93,93,93,93,93,93,93,93,93,93,93,93,93,93,93,93,93,93,93,93,93,93,93,93,93,93,93,93,93,93,93],"card_choices":[{"not_picked":["Sword Boomerang","Warcry"],"picked":"Spot Weakness","floor":1},{"not_picked":["Armaments","Whirlwind"],"picked":"Shrug It Off","floor":3},{"not_picked":["Anger","Warcry"],"picked":"Flex","floor":5},{"not_picked":["Twin Strike","Sword Boomerang"],"picked":"Perfected Strike","floor":7},{"not_picked":["Cleave+1","Pommel Strike+1"],"picked":"Perfected Strike+1","floor":11},{"not_picked":["Blood for Blood+1","Clash+1"],"picked":"Immolate+1","floor":12},{"not_picked":["Rupture+1","True Grit"],"picked":"Anger+1","floor":13},{"not_picked":["Dark Embrace+1","Sentinel","Fire Breathing+1"],"picked":"SKIP","floor":14},{"not_picked":["Corruption+1","Fiend Fire+1"],"picked":"Demon Form+1","floor":16},{"not_picked":["Body Slam+1","Clash+1"],"picked":"Carnage+1","floor":18},{"not_picked":["Feel No Pain+1","Burning Pact"],"picked":"Ghostly Armor+1","floor":19},{"not_picked":["Clothesline+1","Warcry"],"picked":"Cleave+1","floor":20},{"not_picked":["Thunderclap+1","Armaments"],"picked":"Heavy Blade+1","floor":22},{"not_picked":["Cleave+1","Shrug It Off"],"picked":"Infernal Blade+1","floor":24},{"not_picked":["Havoc","Burning Pact","Offering"],"picked":"SKIP","floor":25},{"not_picked":["Reckless Charge+1","Metallicize+1"],"picked":"Inflame+1","floor":27},{"not_picked":["Sentinel","Clash+1"],"picked":"Reckless Charge+1","floor":30},{"not_picked":["Bludgeon+1","Barricade+1"],"picked":"Immolate+1","floor":33},{"not_picked":["True Grit","Shockwave+1"],"picked":"Rage","floor":35},{"not_picked":["True Grit","Havoc"],"picked":"Inflame+1","floor":36},{"not_picked":["True Grit","Thunderclap+1"],"picked":"Sword Boomerang+1","floor":37},{"not_picked":["Bloodletting","Sever Soul+1"],"picked":"Heavy Blade+1","floor":39},{"not_picked":["True Grit+1","Searing Blow+1","Bloodletting"],"picked":"SKIP","floor":40},{"not_picked":["Brutality+1","Searing Blow+1"],"picked":"Heavy Blade+1","floor":42},{"not_picked":["Thunderclap+1","Iron Wave+1"],"picked":"Anger+1","floor":45},{"not_picked":["Hemokinesis+1","Ghostly Armor","Armaments+1"],"picked":"SKIP","floor":46},{"not_picked":["Clothesline+1","Cleave+1"],"picked":"Wild Strike+1","floor":47},{"not_picked":["Headbutt+1","Carnage+1"],"picked":"Seeing Red+1","floor":48}],"player_experience":684190,"relics_obtained":[{"floor":7,"key":"Frozen Egg 2"},{"floor":12,"key":"Blood Vial"},{"floor":26,"key":"Self Forming Clay"},{"floor":31,"key":"Nilry\u0027s Codex"},{"floor":40,"key":"Ornamental Fan"},{"floor":43,"key":"Potion Belt"}],"event_choices":[{"damage_healed":0,"gold_gain":0,"player_choice":"Ignored","damage_taken":0,"max_hp_gain":0,"max_hp_loss":0,"event_name":"Liars Game","floor":2,"gold_loss":0},{"damage_healed":0,"gold_gain":0,"player_choice":"Donut","damage_taken":0,"max_hp_gain":5,"max_hp_loss":0,"event_name":"Big Fish","floor":4,"gold_loss":0},{"damage_healed":0,"gold_gain":0,"player_choice":"Success","damage_taken":3,"relics_obtained":["Molten Egg 2"],"max_hp_gain":0,"max_hp_loss":0,"event_name":"Scrap Ooze","floor":8,"gold_loss":0},{"damage_healed":0,"gold_gain":0,"player_choice":"Ignored","damage_taken":0,"max_hp_gain":0,"max_hp_loss":0,"event_name":"The Mausoleum","floor":28,"gold_loss":0},{"damage_healed":0,"gold_gain":0,"player_choice":"Obtained Relic","damage_taken":0,"relics_obtained":["War Paint"],"max_hp_gain":0,"max_hp_loss":0,"event_name":"Addict","floor":29,"gold_loss":85},{"damage_healed":0,"gold_gain":0,"player_choice":"Obtained Book","damage_taken":16,"max_hp_gain":0,"max_hp_loss":0,"event_name":"Cursed Tome","floor":31,"gold_loss":0},{"damage_healed":0,"gold_gain":100,"player_choice":"Pray","damage_taken":0,"max_hp_gain":0,"max_hp_loss":0,"event_name":"Golden Shrine","floor":38,"gold_loss":0}],"is_beta":false,"boss_relics":[{"not_picked":["Coffee Dripper","Tiny House"],"picked":"Black Blood"},{"not_picked":["Calling Bell","Snecko Eye"],"picked":"Velvet Choker"}],"items_purged_floors":[],"is_endless":false,"potions_floor_spawned":[3,13,16,25,33,39,42,45,46,47],"killed_by":"Shield and Spear","ascension_level":0}}