{"host":"ls51t9cob9m2p2s9","time":1613056032,"event":{"mods":["2.2 Compatiblity","AchievementEnabler","Bard","BaseMod","Beaked The Cultist","Become a monster ???","Better Third Choice","Challenge The Spire","Colored Powertips","Conspire","Downfall","Gremlin Mod","Hermit","Highlight Path","Lobotomy","Marisa????????","Mimic Mod","Minty Spire (QoL Compilation)","Quick Restart","Random Character Button","Rare Cards Sparkle","Reliquary","Replay The Spire","Shop Mod","StSLib","The Disciple","The Hierophant","TheBandit","TheHeartMod","Thieving Mod","Uncapped","Wandering Minibosses"],"gold_per_floor":[115,133,140,140,140,165,165,177,232,218,232,232,252,38,38,28,28,28],"floor_reached":16,"language":"ENG","playtime":2324,"items_purged":[],"score":109,"play_id":"1d85debd-b2c5-4c99-94c9-d6434586c260","local_time":"20210211150712","is_ascension_mode":true,"campfire_choices":[{"floor":7,"key":"REST"},{"floor":15,"key":"REST"}],"circlet_count":0,"master_deck":["sneckomod:Strike","sneckomod:Strike","sneckomod:Strike","sneckomod:Defend","sneckomod:Defend","sneckomod:Defend","sneckomod:TailWhip","sneckomod:SnekBite","sneckomod:Unknown","sneckomod:Unknown+1","VoidDream","sneckomod:ImprovisedGuard+1","Laetitia","sneckomod:SoulRoll","BlackSwan","sneckomod:UnknownClassAngela","sneckomod:UnknownBlock","FairyFestival","MHz","sneckomod:UnknownClassBLUE","Murderer","sneckomod:UnknownDexterity","sneckomod:UnknownClassBLUE","SpiderBud","sneckomod:UnlimitedRolls","sneckomod:UnendingSupply","sneckomod:UnknownClassHEXA_GHOST_PURPLE"],"relics":["sneckomod:SneckoSoul","CogitoBucket","reliquary:TridentHead","Gremlin Food","AdjustmentMirror","Golden Idol","MerchantsRug","Medical Kit"],"acts_visited":["Exordium"],"potions_floor_usage":[],"damage_taken":[{"damage":1,"enemies":"Cultist","floor":1,"turns":3},{"damage":7,"enemies":"Jaw Worm","floor":2,"turns":5},{"damage":0,"enemies":"2 Louse","floor":3,"turns":4},{"damage":42,"enemies":"Lagavulin","floor":6,"turns":11},{"damage":0,"enemies":"2 Fungi Beasts","floor":8,"turns":4},{"damage":23,"enemies":"3 Louse","floor":10,"turns":4},{"damage":32,"enemies":"Lots of Slimes","floor":11,"turns":2},{"damage":1,"enemies":"Red Slaver","floor":13,"turns":3},{"damage":58,"enemies":"Fading Forest","floor":16,"turns":6}],"seed_played":"-6363791697348339948","potions_obtained":[{"floor":1,"key":"LiquidMemories"},{"floor":8,"key":"Fire Potion"},{"floor":10,"key":"hexamod:SoulburnPotion"}],"is_trial":false,"path_per_floor":["M","M","M","?","?","E","R","M","T","M","M","?","M","$","R","B"],"character_chosen":"THE_SNECKO","items_purchased":["MerchantsRug","sneckomod:UnendingSupply","sneckomod:UnknownClassHEXA_GHOST_PURPLE"],"campfire_rested":2,"item_purchase_floors":[14,14,14],"current_hp_per_floor":[89,82,82,82,82,40,67,67,67,44,15,15,15,15,39,0,0,0],"gold":28,"neow_bonus":"","is_daily":false,"chose_seed":false,"campfire_upgraded":0,"win_rate":0.0,"timestamp":1613056032,"path_taken":["M","M","?","?","?","E","R","M","T","?","?","?","M","$","R","BOSS"],"items_purchased_type":["Relic","Card","Card"],"build_version":"2020-12-22","purchased_purges":0,"victory":false,"max_hp_per_floor":[90,90,90,90,90,90,90,90,90,90,90,83,83,83,83,83,83,83],"card_choices":[{"not_picked":["RedShoes","LittleHelper"],"picked":"VoidDream","floor":1},{"not_picked":["sneckomod:Unknown2Cost","sneckomod:UnknownUncommonSkill"],"picked":"sneckomod:ImprovisedGuard","floor":1},{"not_picked":["Wellcheers","ShyLook"],"picked":"Laetitia","floor":2},{"not_picked":["sneckomod:DefensiveFlair","sneckomod:UnknownClassLobotomy"],"picked":"sneckomod:SoulRoll","floor":2},{"not_picked":["GalaxyChild","Murderer"],"picked":"BlackSwan","floor":3},{"not_picked":["sneckomod:DefensiveFlair","sneckomod:Rotation"],"picked":"sneckomod:UnknownClassAngela","floor":3},{"not_picked":["sneckomod:UnknownDraw","sneckomod:UnknownVulnerable"],"picked":"sneckomod:UnknownBlock","floor":6},{"not_picked":["OldLady","ShyLook"],"picked":"FairyFestival","floor":6},{"not_picked":["LongBird","Funeral"],"picked":"MHz","floor":8},{"not_picked":["sneckomod:QuickMove","sneckomod:UnknownUncommonAttack"],"picked":"sneckomod:UnknownClassBLUE","floor":8},{"not_picked":["PunishingBird","SingingMachine"],"picked":"Murderer","floor":10},{"not_picked":["sneckomod:Unknown1Cost","sneckomod:UnknownClassRED"],"picked":"sneckomod:UnknownDexterity","floor":10},{"not_picked":["sneckomod:UnknownClassGUARDIAN","sneckomod:UnknownClassHIEROPHANT_GOLD_COLOR"],"picked":"sneckomod:UnknownClassBLUE","floor":11},{"not_picked":["ShyLook","OSAHOGD"],"picked":"SpiderBud","floor":13},{"not_picked":["sneckomod:UnknownClassLobotomy","sneckomod:DiceBoulder"],"picked":"sneckomod:UnlimitedRolls","floor":13}],"player_experience":431502,"relics_obtained":[{"floor":6,"key":"reliquary:TridentHead"},{"floor":9,"key":"Gremlin Food"}],"event_choices":[{"damage_healed":0,"gold_gain":0,"player_choice":"Bought 0 Potions","damage_taken":0,"max_hp_gain":0,"max_hp_loss":0,"event_name":"The Woman in Blue","floor":5,"gold_loss":0},{"damage_healed":0,"gold_gain":0,"player_choice":"Lose Max HP","damage_taken":0,"relics_obtained":["Golden Idol"],"max_hp_gain":0,"max_hp_loss":7,"event_name":"Golden Idol","floor":12,"gold_loss":0}],"is_beta":false,"boss_relics":[],"items_purged_floors":[],"is_endless":false,"potions_floor_spawned":[1,8,10,13],"killed_by":"Fading Forest","ascension_level":1}}