{"host":"nsc6ozq3atyrdr3m","time":1613066524,"event":{"mods":["BaseMod","Colored Map","Minty Spire (QoL Compilation)"],"gold_per_floor":[109,58,74,74,86,86,96,96,96,113,113,141,52,63,63,135,135,146,71,89,103,119,119,144,144,191,191,191],"floor_reached":27,"language":"FRA","playtime":626,"items_purged":["Strike_R"],"score":470,"play_id":"a222a25f-803f-48e5-962c-03e2bd52ff70","local_time":"20210211190204","is_ascension_mode":true,"campfire_choices":[{"data":"Flex","floor":6,"key":"SMITH"},{"data":"Bash","floor":8,"key":"SMITH"},{"floor":15,"key":"REST"},{"floor":23,"key":"REST"}],"circlet_count":0,"master_deck":["AscendersBane","Strike_R","Strike_R","Defend_R","Defend_R","Defend_R","Bash+1","Pummel","Flex+1","Hemokinesis+1","Limit Break","Demon Form","Shrug It Off","Carnage+1","Shockwave+1","Feel No Pain+1","Battle Trance"],"relics":["Busted Crown","Pantograph","Sundial","Astrolabe","Omamori","Toy Ornithopter"],"acts_visited":["Exordium","TheCity"],"potions_floor_usage":[20,24,24,27],"damage_taken":[{"damage":2,"enemies":"Jaw Worm","floor":1,"turns":3},{"damage":0,"enemies":"Cultist","floor":3,"turns":2},{"damage":2,"enemies":"2 Louse","floor":5,"turns":2},{"damage":1,"enemies":"Looter","floor":7,"turns":2},{"damage":10,"enemies":"Red Slaver","floor":10,"turns":4},{"damage":17,"enemies":"3 Sentries","floor":12,"turns":9},{"damage":24,"enemies":"3 Louse","floor":14,"turns":4},{"damage":37,"enemies":"Hexaghost","floor":16,"turns":6},{"damage":2,"enemies":"Spheric Guardian","floor":18,"turns":3},{"damage":11,"enemies":"Chosen","floor":20,"turns":4},{"damage":11,"enemies":"Centurion and Healer","floor":21,"turns":4},{"damage":15,"enemies":"Snecko","floor":22,"turns":5},{"damage":55,"enemies":"Slavers","floor":24,"turns":6},{"damage":39,"enemies":"Sentry and Sphere","floor":27,"turns":4}],"seed_played":"-980294303186303472","potions_obtained":[{"floor":1,"key":"BloodPotion"},{"floor":10,"key":"Regen Potion"},{"floor":20,"key":"LiquidMemories"},{"floor":24,"key":"PowerPotion"}],"is_trial":false,"path_per_floor":["M","$","M","?","M","R","M","R","T","M","?","E","$","M","R","B",null,"M","$","M","M","M","R","E","T","T","M"],"character_chosen":"IRONCLAD","items_purchased":["Flex","Demon Form"],"campfire_rested":2,"item_purchase_floors":[2,13],"current_hp_per_floor":[66,66,66,71,69,69,68,68,68,58,58,41,41,17,41,29,67,65,65,70,59,44,68,28,28,28,0,0],"gold":191,"neow_bonus":"BOSS_RELIC","is_daily":false,"chose_seed":false,"campfire_upgraded":2,"win_rate":0.0,"timestamp":1613066524,"path_taken":["M","$","M","?","M","R","M","R","T","M","?","E","$","M","R","BOSS","M","$","?","M","M","R","E","?","T","M"],"items_purchased_type":["Card","Card"],"build_version":"2020-12-22","purchased_purges":1,"victory":false,"max_hp_per_floor":[75,75,75,80,80,80,80,80,80,80,80,80,80,80,80,80,80,80,80,80,80,80,80,80,80,80,80,80],"card_choices":[{"not_picked":[],"picked":"Pummel","floor":1},{"not_picked":["Warcry"],"picked":"SKIP","floor":3},{"not_picked":["Body Slam"],"picked":"SKIP","floor":5},{"not_picked":[],"picked":"Hemokinesis","floor":7},{"not_picked":["Wild Strike"],"picked":"SKIP","floor":10},{"not_picked":[],"picked":"Limit Break","floor":12},{"not_picked":[],"picked":"Shrug It Off","floor":14},{"not_picked":["Warcry+1"],"picked":"SKIP","floor":18},{"not_picked":["Infernal Blade+1"],"picked":"SKIP","floor":20},{"not_picked":[],"picked":"Battle Trance","floor":21},{"not_picked":["Clash"],"picked":"SKIP","floor":22},{"not_picked":["Sever Soul+1"],"picked":"SKIP","floor":24}],"player_experience":391282,"relics_obtained":[{"floor":9,"key":"Pantograph"},{"floor":12,"key":"Sundial"},{"floor":24,"key":"Omamori"},{"floor":26,"key":"Toy Ornithopter"}],"event_choices":[{"damage_healed":0,"gold_gain":0,"player_choice":"Donut","damage_taken":0,"max_hp_gain":5,"max_hp_loss":0,"event_name":"Big Fish","floor":4,"gold_loss":0},{"damage_healed":0,"gold_gain":0,"player_choice":"Forge","damage_taken":0,"max_hp_gain":0,"max_hp_loss":0,"event_name":"Accursed Blacksmith","floor":11,"gold_loss":0,"cards_upgraded":["Hemokinesis"]}],"is_beta":false,"boss_relics":[{"not_picked":["Ectoplasm","Tiny House"],"picked":"Astrolabe"}],"items_purged_floors":[19],"is_endless":false,"potions_floor_spawned":[1,10,14,16,20,24],"killed_by":"Sentry and Sphere","ascension_level":20}}