{"host":"4w0ph6h4vm9bom6o","time":1613046596,"event":{"mods":["BaseMod","Minty Spire (QoL Compilation)","Relic Stats","ojb\u0027s Better Paths Mod","ojb\u0027s Info Mod"],"gold_per_floor":[114,189,189,114,134,165,180,197,265,283,311,330,159,172,172,270,270,290,46,66,66,66,66,100,100,123,141,141,156,168,198,198,295,295,314,327,327,327,347,376,391,391,460,487,487,505,523,523,523,523],"floor_reached":51,"language":"ENG","playtime":6796,"items_purged":["Strike_G","Strike_G","Strike_G"],"score":741,"play_id":"fd184eeb-e8f2-42bf-ab27-93743a9c1136","local_time":"20210211142956","is_ascension_mode":false,"campfire_choices":[{"data":"Neutralize","floor":15,"key":"SMITH"},{"data":"Calculated Gamble","floor":23,"key":"SMITH"},{"floor":25,"key":"REST"},{"data":"After Image","floor":28,"key":"SMITH"},{"data":"Blade Dance","floor":32,"key":"SMITH"},{"data":"Noxious Fumes","floor":42,"key":"SMITH"},{"data":"Bouncing Flask","floor":45,"key":"SMITH"},{"floor":49,"key":"REST"}],"circlet_count":0,"master_deck":["Strike_G+1","Defend_G+1","Defend_G+1","Defend_G+1","Defend_G+1","Defend_G+1","Survivor+1","Neutralize+1","All Out Attack+1","Underhanded Strike+1","Predator+1","Dash+1","Blade Dance+1","Reflex+1","Calculated Gamble+1","Quick Slash+1","After Image+1","Prepared+1","Noxious Fumes+1","Crippling Poison+1","Blade Dance+1","Blade Dance+1","Leg Sweep+1","Dagger Throw+1","Acrobatics+1","Deflect+1","Envenom+1","Bouncing Flask+1","Blur+1","Finesse+1","Reflex+1","Heel Hook+1","Prepared+1","Deflect+1","Sucker Punch+1","Venomology+1"],"relics":["Ring of the Snake","StoneCalendar","Paper Crane","Strawberry","WristBlade","Ornamental Fan","Happy Flower","Red Mask","HoveringKite","HornCleat","Sundial","Blood Vial","Mark of the Bloom"],"acts_visited":["Exordium","TheCity","TheBeyond"],"potions_floor_usage":[6,16,18,31,33,50,50,50,50],"damage_taken":[{"damage":1,"enemies":"Cultist","floor":1,"turns":4},{"damage":0,"enemies":"2 Louse","floor":5,"turns":3},{"damage":16,"enemies":"Gremlin Nob","floor":6,"turns":4},{"damage":1,"enemies":"Jaw Worm","floor":7,"turns":3},{"damage":0,"enemies":"Lots of Slimes","floor":8,"turns":2},{"damage":0,"enemies":"Looter","floor":10,"turns":2},{"damage":14,"enemies":"Lagavulin","floor":11,"turns":7},{"damage":0,"enemies":"Gremlin Gang","floor":12,"turns":3},{"damage":6,"enemies":"Large Slime","floor":14,"turns":6},{"damage":9,"enemies":"Hexaghost","floor":16,"turns":12},{"damage":7,"enemies":"3 Byrds","floor":18,"turns":3},{"damage":14,"enemies":"2 Thieves","floor":20,"turns":4},{"damage":15,"enemies":"Gremlin Leader","floor":24,"turns":7},{"damage":0,"enemies":"Centurion and Healer","floor":27,"turns":3},{"damage":8,"enemies":"Snake Plant","floor":29,"turns":6},{"damage":1,"enemies":"Snecko","floor":30,"turns":4},{"damage":0,"enemies":"Masked Bandits","floor":31,"turns":3},{"damage":8,"enemies":"Automaton","floor":33,"turns":9},{"damage":0,"enemies":"3 Darklings","floor":35,"turns":4},{"damage":0,"enemies":"Orb Walker","floor":36,"turns":2},{"damage":0,"enemies":"Jaw Worm Horde","floor":39,"turns":4},{"damage":14,"enemies":"Giant Head","floor":40,"turns":7},{"damage":11,"enemies":"3 Darklings","floor":41,"turns":7},{"damage":1,"enemies":"Reptomancer","floor":44,"turns":6},{"damage":0,"enemies":"Maw","floor":46,"turns":6},{"damage":0,"enemies":"Writhing Mass","floor":47,"turns":9},{"damage":12,"enemies":"Time Eater","floor":50,"turns":14}],"seed_played":"6494104473271982074","potions_obtained":[{"floor":1,"key":"SteroidPotion"},{"floor":8,"key":"Energy Potion"},{"floor":11,"key":"GhostInAJar"},{"floor":14,"key":"SpeedPotion"},{"floor":16,"key":"ColorlessPotion"},{"floor":18,"key":"Dexterity Potion"},{"floor":27,"key":"Strength Potion"},{"floor":39,"key":"Ancient Potion"},{"floor":41,"key":"Explosive Potion"},{"floor":44,"key":"ColorlessPotion"}],"is_trial":false,"path_per_floor":["M","?","?","$","M","E","M","M","T","M","E","M","$","M","R","B",null,"M","$","M","?","?","R","E","R","T","M","R","M","M","?","R","B",null,"M","M","?","?","M","E","M","R","T","E","R","M","M","?","R","B",null],"character_chosen":"THE_SILENT","items_purchased":["Calculated Gamble","Noxious Fumes","Crippling Poison"],"campfire_rested":2,"item_purchase_floors":[13,19,19],"current_hp_per_floor":[76,65,65,65,65,49,48,48,48,48,41,41,41,35,35,26,84,77,77,63,47,47,47,32,58,58,58,58,50,49,49,49,41,89,89,89,89,79,79,65,54,54,54,53,53,55,57,57,57,45],"gold":523,"neow_bonus":"TEN_PERCENT_HP_BONUS","is_daily":false,"chose_seed":false,"campfire_upgraded":6,"win_rate":0.0,"timestamp":1613046596,"path_taken":["M","?","?","?","?","E","M","M","T","M","E","?","$","M","R","BOSS","M","$","M","?","?","R","E","R","T","M","R","M","?","?","R","BOSS","M","M","?","?","M","E","M","R","T","E","R","M","M","?","R","BOSS"],"items_purchased_type":["Card","Card","Card"],"build_version":"2020-12-22","purchased_purges":3,"victory":true,"max_hp_per_floor":[77,77,77,77,77,77,77,77,77,77,84,84,84,84,84,84,84,84,84,84,89,89,89,89,89,89,89,89,89,89,89,89,89,89,89,89,89,89,89,89,89,89,89,89,89,89,89,89,89,89],"relic_stats":{"Blood Vial":4,"Mark of the Bloom":28,"Happy Flower":[28],"counters":[27,144],"Ornamental Fan":[284],"Sundial":[6],"HoveringKite":[36],"StoneCalendar":[353],"obtain_stats":[{"Mark of the Bloom":48,"Happy Flower":26,"HoveringKite":34,"StoneCalendar":6,"Paper Crane":9,"Blood Vial":44,"HornCleat":40,"WristBlade":17,"Ornamental Fan":24,"Sundial":43,"Strawberry":11,"Red Mask":31,"Ring of the Snake":0},{"Mark of the Bloom":26,"Happy Flower":13,"HoveringKite":18,"StoneCalendar":3,"Paper Crane":5,"Blood Vial":24,"HornCleat":22,"WristBlade":10,"Ornamental Fan":13,"Sundial":23,"Strawberry":7,"Red Mask":17,"Ring of the Snake":0},{"Mark of the Bloom":130,"Happy Flower":60,"HoveringKite":85,"StoneCalendar":11,"Paper Crane":16,"Blood Vial":115,"HornCleat":102,"WristBlade":46,"Ornamental Fan":60,"Sundial":109,"Strawberry":25,"Red Mask":76,"Ring of the Snake":0}],"Ring of the Snake":[54]},"card_choices":[{"not_picked":["Flying Knee","Masterful Stab"],"picked":"All Out Attack","floor":1},{"not_picked":["Slice","Dagger Spray"],"picked":"Underhanded Strike","floor":5},{"not_picked":["PiercingWail","Venomology"],"picked":"Predator","floor":6},{"not_picked":["Escape Plan","Flying Knee"],"picked":"Dash","floor":7},{"not_picked":["Outmaneuver","Deflect","Predator"],"picked":"SKIP","floor":8},{"not_picked":["Skewer","Dodge and Roll","Heel Hook"],"picked":"SKIP","floor":10},{"not_picked":["Acrobatics","Quick Slash"],"picked":"Blade Dance","floor":11},{"not_picked":["Terror","Tactician"],"picked":"Reflex","floor":12},{"not_picked":["Slice","Underhanded Strike"],"picked":"Quick Slash","floor":14},{"not_picked":["Bullet Time","Die Die Die"],"picked":"After Image","floor":16},{"not_picked":["Dagger Spray","Backflip"],"picked":"Prepared","floor":18},{"not_picked":["Dagger Throw","Flying Knee"],"picked":"Blade Dance","floor":20},{"not_picked":["Dagger Spray","Deflect"],"picked":"Blade Dance+1","floor":24},{"not_picked":["Deadly Poison","Distraction+1"],"picked":"Leg Sweep","floor":27},{"not_picked":["Distraction","Venomology"],"picked":"Dagger Throw","floor":29},{"not_picked":["PiercingWail","Underhanded Strike"],"picked":"Acrobatics","floor":30},{"not_picked":["Deadly Poison+1","Underhanded Strike"],"picked":"Deflect","floor":31},{"not_picked":["Night Terror","Doppelganger"],"picked":"Envenom","floor":33},{"not_picked":["Dagger Spray+1","Deflect+1"],"picked":"Bouncing Flask","floor":35},{"not_picked":["Sucker Punch","Slice+1","Blur+1"],"picked":"SKIP","floor":36},{"not_picked":["Sucker Punch","Slice+1"],"picked":"Blur+1","floor":36},{"not_picked":["Deep Breath","Forethought"],"picked":"Finesse","floor":38},{"not_picked":["Dagger Spray+1","Dodge and Roll+1"],"picked":"Reflex+1","floor":39},{"not_picked":["Backflip","Slice+1"],"picked":"Heel Hook+1","floor":40},{"not_picked":["Outmaneuver+1","Blade Dance"],"picked":"Prepared","floor":41},{"not_picked":["Heel Hook","Masterful Stab"],"picked":"Deflect+1","floor":44},{"not_picked":["Dagger Throw","Blur"],"picked":"Sucker Punch","floor":46},{"not_picked":["Infinite Blades+1","Dagger Spray+1"],"picked":"Venomology","floor":47}],"player_experience":14445,"relics_obtained":[{"floor":6,"key":"StoneCalendar"},{"floor":9,"key":"Paper Crane"},{"floor":11,"key":"Strawberry"},{"floor":24,"key":"Ornamental Fan"},{"floor":26,"key":"Happy Flower"},{"floor":31,"key":"Red Mask"},{"floor":40,"key":"HornCleat"},{"floor":43,"key":"Sundial"},{"floor":44,"key":"Blood Vial"}],"event_choices":[{"damage_healed":0,"gold_gain":75,"player_choice":"Gather Gold","damage_taken":11,"max_hp_gain":0,"max_hp_loss":0,"event_name":"World of Goop","floor":2,"gold_loss":0},{"damage_healed":0,"gold_gain":0,"player_choice":"Ignored","damage_taken":0,"max_hp_gain":0,"max_hp_loss":0,"event_name":"Liars Game","floor":3,"gold_loss":0},{"damage_healed":0,"gold_gain":0,"player_choice":"Shed Blood","damage_taken":21,"max_hp_gain":5,"max_hp_loss":0,"event_name":"Forgotten Altar","floor":21,"gold_loss":0},{"damage_healed":0,"gold_gain":0,"player_choice":"Upgraded","damage_taken":0,"max_hp_gain":0,"max_hp_loss":0,"event_name":"Upgrade Shrine","floor":22,"gold_loss":0,"cards_upgraded":["Blade Dance"]},{"damage_healed":0,"gold_gain":0,"player_choice":"Fought Bandits","damage_taken":0,"max_hp_gain":0,"max_hp_loss":0,"event_name":"Masked Bandits","floor":31,"gold_loss":0},{"cards_removed":["Strike_G"],"damage_healed":0,"gold_gain":0,"player_choice":"Removed Attack","damage_taken":0,"max_hp_gain":0,"max_hp_loss":0,"event_name":"Falling","floor":37,"gold_loss":0},{"damage_healed":0,"gold_gain":0,"player_choice":"Memory 3","damage_taken":10,"max_hp_gain":0,"max_hp_loss":0,"event_name":"SensoryStone","floor":38,"gold_loss":0},{"damage_healed":0,"gold_gain":0,"player_choice":"Upgrade","damage_taken":0,"relics_obtained":["Mark of the Bloom"],"max_hp_gain":0,"max_hp_loss":0,"event_name":"MindBloom","floor":48,"gold_loss":0,"cards_upgraded":["Strike_G","Defend_G","Defend_G","Defend_G","Defend_G","Defend_G","Survivor","All Out Attack","Underhanded Strike","Predator","Dash","Reflex","Quick Slash","Prepared","Crippling Poison","Leg Sweep","Dagger Throw","Acrobatics","Deflect","Envenom","Finesse","Prepared","Sucker Punch","Venomology"]}],"is_beta":false,"boss_relics":[{"not_picked":["Velvet Choker","SacredBark"],"picked":"WristBlade"},{"not_picked":["Sozu","Black Star"],"picked":"HoveringKite"}],"items_purged_floors":[4,13,19],"is_endless":false,"potions_floor_spawned":[1,8,11,14,16,18,27,39,41,44,46,47],"ascension_level":0}}