{"host":"a5csdf9n4csbv6sp","time":1613030743,"event":{"mods":["BaseMod","Minty Spire (QoL Compilation)","Permanent Neow","Relic Stats"],"gold_per_floor":[118,129,146,146,159,159,172,204,204,129,129,140,173,138,138,211,211,184,3,3,17,17,17,43,53,53,53,153,178,189,189,189,265,265,280,293,312,137,137,172,185,185,185,185,195,227,243,258,258,258,258],"floor_reached":50,"language":"ENG","playtime":2634,"items_purged":["Strike_G"],"score":1158,"play_id":"3a30e9a4-a517-4a5f-b018-8bd880e6e985","local_time":"20210211150543","is_ascension_mode":true,"campfire_choices":[{"data":"Die Die Die","floor":6.0,"key":"SMITH"},{"floor":11.0,"key":"REST"},{"data":"Footwork","floor":15.0,"key":"SMITH"},{"floor":23,"key":"REST"},{"data":"Parasite","floor":27,"key":"PURGE"},{"data":"Injury","floor":32,"key":"PURGE"},{"data":"Corpse Explosion","floor":42,"key":"SMITH"},{"data":"Malaise","floor":44,"key":"SMITH"},{"floor":49,"key":"RECALL"}],"circlet_count":0,"master_deck":["AscendersBane","Strike_G+1","Strike_G+1","Defend_G+1","Defend_G+1","Defend_G+1","Defend_G+1","Defend_G+1","Survivor","Neutralize","Noxious Fumes+1","Dagger Throw","Die Die Die+1","Leg Sweep","Dagger Spray","Calculated Gamble","Footwork+1","Malaise+1","Die Die Die+1","Footwork","Corpse Explosion+1","Backflip+1","Crippling Poison+1","Backflip","Prepared+1","Footwork","Dodge and Roll","Escape Plan","Caltrops+1","Blur","Blur"],"relics":["Cursed Key","Peace Pipe","The Courier","Empty Cage","Bronze Scales","Matryoshka","Paper Crane","HornCleat","Pocketwatch","Eternal Feather","Ancient Tea Set","Art of War","Runic Pyramid","ClockworkSouvenir","White Beast Statue","Ice Cream"],"acts_visited":["Exordium","TheCity","TheBeyond"],"potions_floor_usage":[19,28,28,33],"damage_taken":[{"damage":1.0,"enemies":"Cultist","floor":1.0,"turns":5.0},{"damage":7.0,"enemies":"Jaw Worm","floor":2.0,"turns":4.0},{"damage":0.0,"enemies":"2 Louse","floor":3.0,"turns":3.0},{"damage":9.0,"enemies":"Red Slaver","floor":5.0,"turns":3.0},{"damage":0.0,"enemies":"3 Louse","floor":7.0,"turns":1.0},{"damage":30.0,"enemies":"Gremlin Nob","floor":8.0,"turns":4.0},{"damage":3.0,"enemies":"Blue Slaver","floor":12.0,"turns":4.0},{"damage":1.0,"enemies":"3 Sentries","floor":13.0,"turns":7.0},{"damage":21,"enemies":"The Guardian","floor":16,"turns":15},{"damage":22,"enemies":"2 Thieves","floor":18,"turns":4},{"damage":10,"enemies":"Spheric Guardian","floor":21,"turns":7},{"damage":10,"enemies":"Book of Stabbing","floor":24,"turns":6},{"damage":11,"enemies":"Chosen and Byrds","floor":25,"turns":6},{"damage":0,"enemies":"Colosseum Slavers","floor":28,"turns":2},{"damage":2,"enemies":"Colosseum Nobs","floor":28,"turns":3},{"damage":18,"enemies":"Slavers","floor":29,"turns":2},{"damage":0,"enemies":"3 Cultists","floor":30,"turns":3},{"damage":14,"enemies":"Collector","floor":33,"turns":11},{"damage":4,"enemies":"3 Darklings","floor":35,"turns":4},{"damage":0,"enemies":"Orb Walker","floor":36,"turns":5},{"damage":5,"enemies":"Writhing Mass","floor":37,"turns":8},{"damage":6,"enemies":"Giant Head","floor":40,"turns":15},{"damage":0,"enemies":"3 Darklings","floor":41,"turns":3},{"damage":0,"enemies":"4 Shapes","floor":45,"turns":4},{"damage":0,"enemies":"Nemesis","floor":46,"turns":9},{"damage":0,"enemies":"Writhing Mass","floor":47,"turns":7},{"damage":0,"enemies":"Spire Growth","floor":48,"turns":7},{"damage":0,"enemies":"Time Eater","floor":50,"turns":3}],"seed_played":"-5100665239667823133","potions_obtained":[{"floor":3.0,"key":"PowerPotion"},{"floor":7.0,"key":"AttackPotion"},{"floor":8.0,"key":"Dexterity Potion"},{"floor":16,"key":"FearPotion"},{"floor":18,"key":"Fruit Juice"},{"floor":21,"key":"SkillPotion"},{"floor":29,"key":"DuplicationPotion"},{"floor":30,"key":"SteroidPotion"},{"floor":35,"key":"Weak Potion"},{"floor":41,"key":"GhostInAJar"},{"floor":45,"key":"DuplicationPotion"}],"is_trial":false,"path_per_floor":["M","M","M","?","M","R","M","E","T","$","R","M","E","?","R","B",null,"M","$","?","M","?","R","E","M","T","R","?","E","M","T","R","B",null,"M","M","M","$","?","E","M","R","T","R","M","E","M","M","R","B"],"character_chosen":"THE_SILENT","items_purchased":["Bronze Scales","Fire Potion","Dodge and Roll","ClockworkSouvenir"],"campfire_rested":2,"item_purchase_floors":[19,19,38,38],"current_hp_per_floor":[58,51,51,51,42,42,42,12,12,12,31,28,27,43,43,22,55,33,38,38,28,28,49,39,28,28,28,26,8,8,8,23,9,53,49,49,44,44,44,38,38,53,53,68,68,68,68,68,68,68,68],"gold":258,"neow_bonus":"BOSS_RELIC","is_daily":false,"chose_seed":false,"campfire_upgraded":4,"win_rate":0.0,"timestamp":1613030743,"path_taken":["M","?","M","?","M","R","M","E","T","$","R","M","E","?","R","BOSS","M","$","?","?","?","R","E","M","T","R","?","E","M","?","R","BOSS","M","M","M","$","?","E","?","R","T","R","M","E","M","M","R","BOSS"],"items_purchased_type":["Relic","Potion","Card","Relic"],"build_version":"2020-12-22","purchased_purges":1,"victory":false,"max_hp_per_floor":[66,66,66,66,66,66,66,66,66,66,66,66,66,66,66,66,66,66,71,71,71,71,71,71,71,71,68,68,68,68,68,68,68,68,68,68,68,68,68,68,68,68,68,68,68,68,68,68,68,68,68],"relic_stats":{"Peace Pipe":4,"counters":[28,155],"Bronze Scales":[332],"Eternal Feather":45,"Art of War":[31],"Cursed Key":2,"obtain_stats":[{"Ice Cream":46,"Eternal Feather":28,"The Courier":13,"Paper Crane":26,"Cursed Key":0,"Empty Cage":17,"Ancient Tea Set":29,"White Beast Statue":40,"ClockworkSouvenir":38,"Peace Pipe":8,"Matryoshka":24,"HornCleat":26,"Bronze Scales":19,"Art of War":31,"Ring of the Snake":0,"Pocketwatch":28,"Runic Pyramid":34},{"Ice Cream":25,"Eternal Feather":15,"The Courier":8,"Paper Crane":13,"Cursed Key":0,"Empty Cage":9,"Ancient Tea Set":16,"White Beast Statue":22,"ClockworkSouvenir":21,"Peace Pipe":6,"Matryoshka":12,"HornCleat":13,"Bronze Scales":10,"Art of War":17,"Ring of the Snake":0,"Pocketwatch":15,"Runic Pyramid":18},{"Ice Cream":138,"Eternal Feather":74,"The Courier":31,"Paper Crane":69,"Cursed Key":0,"Empty Cage":46,"Ancient Tea Set":76,"White Beast Statue":122,"ClockworkSouvenir":107,"Peace Pipe":20,"Matryoshka":63,"HornCleat":69,"Bronze Scales":50,"Art of War":79,"Ring of the Snake":0,"Pocketwatch":74,"Runic Pyramid":90}],"Pocketwatch":[37]},"card_choices":[{"not_picked":["Quick Slash","Tactician"],"picked":"Noxious Fumes","floor":1.0},{"not_picked":["Finisher","Sucker Punch"],"picked":"Dagger Throw","floor":2.0},{"not_picked":["Dagger Throw","Riddle With Holes"],"picked":"Die Die Die","floor":3.0},{"not_picked":["Skewer","Accuracy"],"picked":"Leg Sweep","floor":5.0},{"not_picked":["Dagger Spray","Outmaneuver","Acrobatics"],"picked":"SKIP","floor":7.0},{"not_picked":["Blur","Bane"],"picked":"Dagger Spray","floor":8.0},{"not_picked":["Distraction","Slice"],"picked":"Calculated Gamble","floor":12.0},{"not_picked":["Accuracy","Underhanded Strike"],"picked":"Footwork","floor":13.0},{"not_picked":["Adrenaline","Tools of the Trade"],"picked":"Malaise","floor":16},{"not_picked":["Dagger Spray","Cloak And Dagger","Flying Knee"],"picked":"SKIP","floor":18},{"not_picked":["Dagger Spray","Predator"],"picked":"Footwork","floor":21},{"not_picked":["Flying Knee","Endless Agony"],"picked":"Corpse Explosion","floor":24},{"not_picked":["Accuracy","Reflex+1"],"picked":"Backflip+1","floor":25},{"not_picked":["Dodge and Roll","Blur"],"picked":"Crippling Poison","floor":29},{"not_picked":["Dagger Spray","Quick Slash"],"picked":"Backflip","floor":30},{"not_picked":["Cloak And Dagger","Dagger Spray"],"picked":"Prepared+1","floor":35},{"not_picked":["Dash","Dagger Spray","Predator"],"picked":"SKIP","floor":36},{"not_picked":["Slice","Quick Slash"],"picked":"Footwork","floor":37},{"not_picked":["Tools of the Trade","Glass Knife","Outmaneuver"],"picked":"SKIP","floor":40},{"not_picked":["Acrobatics","Heel Hook"],"picked":"Escape Plan","floor":41},{"not_picked":["Riddle With Holes+1","Dagger Spray"],"picked":"Caltrops+1","floor":45},{"not_picked":["Quick Slash+1","Sucker Punch"],"picked":"Blur","floor":46},{"not_picked":["All Out Attack","Bane","Acrobatics"],"picked":"SKIP","floor":47},{"not_picked":["Leg Sweep","Dash"],"picked":"Blur","floor":48}],"player_experience":1870349,"relics_obtained":[{"floor":8.0,"key":"Peace Pipe"},{"floor":13.0,"key":"The Courier"},{"floor":24,"key":"Matryoshka"},{"floor":26,"key":"Paper Crane"},{"floor":26,"key":"HornCleat"},{"floor":28,"key":"Pocketwatch"},{"floor":28,"key":"Eternal Feather"},{"floor":29,"key":"Ancient Tea Set"},{"floor":31,"key":"Art of War"},{"floor":40,"key":"White Beast Statue"},{"floor":46,"key":"Ice Cream"}],"event_choices":[{"damage_healed":0.0,"max_hp_gain":0.0,"max_hp_loss":0.0,"gold_gain":0.0,"event_name":"Living Wall","player_choice":"Grow","floor":4.0,"gold_loss":0.0,"damage_taken":0.0,"cards_upgraded":["Noxious Fumes"]},{"damage_healed":16.0,"max_hp_gain":0.0,"max_hp_loss":0.0,"gold_gain":0.0,"event_name":"The Cleric","player_choice":"Healed","floor":14.0,"gold_loss":35.0,"damage_taken":0.0},{"damage_healed":0,"gold_gain":0,"player_choice":"Copied","damage_taken":0,"max_hp_gain":0,"max_hp_loss":0,"event_name":"Duplicator","floor":20,"gold_loss":0,"cards_obtained":["Die Die Die"]},{"damage_healed":0,"gold_gain":0,"player_choice":"Simplicity","damage_taken":0,"max_hp_gain":0,"max_hp_loss":0,"event_name":"Back to Basics","floor":22,"gold_loss":0,"cards_upgraded":["Strike_G","Strike_G","Defend_G","Defend_G","Defend_G","Defend_G","Defend_G"]},{"damage_healed":0,"gold_gain":0,"player_choice":"Fight","damage_taken":0,"max_hp_gain":0,"max_hp_loss":0,"event_name":"Colosseum","floor":28,"gold_loss":0},{"damage_healed":0,"gold_gain":0,"player_choice":"Fought Nobs","damage_taken":0,"max_hp_gain":0,"max_hp_loss":0,"event_name":"Colosseum","floor":28,"gold_loss":0},{"damage_healed":0,"gold_gain":0,"player_choice":"Forge","damage_taken":0,"max_hp_gain":0,"max_hp_loss":0,"event_name":"Accursed Blacksmith","floor":39,"gold_loss":0,"cards_upgraded":["Crippling Poison"]}],"is_beta":false,"boss_relics":[{"not_picked":["Tiny House","Sozu"],"picked":"Empty Cage"},{"not_picked":["Astrolabe","Philosopher\u0027s Stone"],"picked":"Runic Pyramid"}],"items_purged_floors":[10],"is_endless":false,"potions_floor_spawned":[3,7,8,16,18,21,24,29,30,35,37,41,45,46,47,48],"killed_by":"Time Eater","ascension_level":20}}