{"host":"BK","time":1613032150,"event":{"mods":["BaseMod","Highlight Path","Minty Spire (QoL Compilation)","StSLib"],"gold_per_floor":[116,134,27,39,4,39,39,70,95,95,95,20,47,62,62,134,134,154,154,154,164,214,246,263,263,290,290,315,315,326,336,336,336,336],"floor_reached":33,"language":"ENG","playtime":1541,"items_purged":["Strike_G"],"score":606,"play_id":"fe97d80b-5393-4af3-a1c5-84c8ef69b831","local_time":"20210211012910","is_ascension_mode":true,"campfire_choices":[{"floor":7.0,"key":"REST"},{"floor":10.0,"key":"REST"},{"floor":15.0,"key":"REST"},{"floor":25.0,"key":"REST"},{"data":"Noxious Fumes","floor":27.0,"key":"SMITH"},{"floor":29,"key":"REST"},{"data":"Dash","floor":32,"key":"SMITH"}],"circlet_count":0,"master_deck":["AscendersBane","Strike_G","Strike_G+1","Strike_G","Strike_G","Defend_G","Defend_G+1","Defend_G+1","Defend_G","Defend_G","Survivor+1","Neutralize","Dash+1","Poisoned Stab","Dagger Spray","Malaise","Noxious Fumes+1","Acrobatics","PiercingWail"],"relics":["Ring of the Snake","Boot","Bag of Preparation","Regal Pillow","Orichalcum","War Paint","Velvet Choker","Nilry\u0027s Codex","Bottled Tornado","Smiling Mask","FossilizedHelix"],"acts_visited":["Exordium","TheCity"],"potions_floor_usage":[28,28,33],"damage_taken":[{"damage":7.0,"enemies":"Jaw Worm","floor":1.0,"turns":7.0},{"damage":0.0,"enemies":"2 Louse","floor":2.0,"turns":3.0},{"damage":3.0,"enemies":"Small Slimes","floor":4.0,"turns":3.0},{"damage":31.0,"enemies":"Gremlin Nob","floor":6.0,"turns":5.0},{"damage":23.0,"enemies":"Lagavulin","floor":8.0,"turns":10.0},{"damage":20.0,"enemies":"Gremlin Nob","floor":13.0,"turns":6.0},{"damage":6.0,"enemies":"Exordium Thugs","floor":14.0,"turns":4.0},{"damage":33.0,"enemies":"The Guardian","floor":16.0,"turns":21.0},{"damage":2.0,"enemies":"Shell Parasite","floor":18.0,"turns":8.0},{"damage":10.0,"enemies":"2 Thieves","floor":21.0,"turns":4.0},{"damage":12.0,"enemies":"Gremlin Leader","floor":23.0,"turns":7.0},{"damage":0.0,"enemies":"Snake Plant","floor":24.0,"turns":6.0},{"damage":33,"enemies":"Slavers","floor":28,"turns":5},{"damage":3,"enemies":"Sentry and Sphere","floor":30,"turns":7},{"damage":1,"enemies":"Centurion and Healer","floor":31,"turns":8},{"damage":49,"enemies":"Automaton","floor":33,"turns":8}],"seed_played":"-308420328379199797","potions_obtained":[{"floor":1.0,"key":"LiquidBronze"},{"floor":2.0,"key":"Weak Potion"},{"floor":23.0,"key":"BlessingOfTheForge"},{"floor":30,"key":"Swift Potion"}],"is_trial":false,"path_per_floor":["M","M","$","M","?","E","R","E","T","R","?","$","E","M","R","B",null,"M","?","?","M","?","E","M","R","T","R","E","R","M","M","R","B"],"character_chosen":"THE_SILENT","items_purchased":["Poisoned Stab","Dagger Spray"],"campfire_rested":5,"item_purchase_floors":[3,3],"current_hp_per_floor":[52,52,52,49,65,34,53,30,30,64,44,44,24,18,52,19,54,52,52,31,21,21,9,9,43,43,43,10,44,41,40,40,0,0],"gold":336,"neow_bonus":"RANDOM_COMMON_RELIC","is_daily":false,"chose_seed":false,"campfire_upgraded":2,"win_rate":0.0,"timestamp":1613032150,"path_taken":["M","M","$","M","?","E","R","E","T","R","?","$","E","M","R","BOSS","M","?","?","M","?","E","M","R","T","R","E","R","M","?","R","BOSS"],"items_purchased_type":["Card","Card"],"build_version":"2020-12-18","purchased_purges":1,"victory":false,"max_hp_per_floor":[66,66,66,66,66,66,66,66,66,66,66,66,66,66,66,66,66,66,66,66,66,66,66,66,66,66,66,66,66,66,66,66,66,66],"card_choices":[{"not_picked":["Distraction","Acrobatics","Concentrate"],"picked":"SKIP","floor":1.0},{"not_picked":["Outmaneuver","Blur"],"picked":"Dash","floor":2.0},{"not_picked":["Caltrops","Endless Agony","Underhanded Strike"],"picked":"SKIP","floor":4.0},{"not_picked":["Quick Slash","Blade Dance"],"picked":"Malaise","floor":6.0},{"not_picked":["Prepared","Dodge and Roll","Flechettes"],"picked":"SKIP","floor":8.0},{"not_picked":["Deflect","Distraction","Night Terror"],"picked":"SKIP","floor":13.0},{"not_picked":["Expertise","Bane","Finisher"],"picked":"SKIP","floor":14.0},{"not_picked":["Dodge and Roll","Escape Plan+1","Masterful Stab"],"picked":"SKIP","floor":18.0},{"not_picked":["Dodge and Roll+1","Terror"],"picked":"Noxious Fumes","floor":21.0},{"not_picked":["Cloak And Dagger+1","Dagger Spray"],"picked":"Acrobatics","floor":23.0},{"not_picked":["Dodge and Roll","Reflex","Acrobatics"],"picked":"SKIP","floor":24.0},{"not_picked":["Bane","Prepared+1","Endless Agony"],"picked":"SKIP","floor":28},{"not_picked":["Bane","Dagger Spray"],"picked":"PiercingWail","floor":30},{"not_picked":["Endless Agony+1","Envenom","Backstab"],"picked":"SKIP","floor":31}],"player_experience":2557181,"relics_obtained":[{"floor":6.0,"key":"Bag of Preparation"},{"floor":8.0,"key":"Regal Pillow"},{"floor":9.0,"key":"Orichalcum"},{"floor":13.0,"key":"War Paint"},{"floor":20.0,"key":"Nilry\u0027s Codex"},{"floor":23.0,"key":"Bottled Tornado"},{"floor":26.0,"key":"Smiling Mask"},{"floor":28,"key":"FossilizedHelix"}],"event_choices":[{"damage_healed":16.0,"max_hp_gain":0.0,"max_hp_loss":0.0,"gold_gain":0.0,"event_name":"The Cleric","player_choice":"Healed","floor":5.0,"gold_loss":35.0,"damage_taken":0.0},{"damage_healed":0.0,"max_hp_gain":0.0,"max_hp_loss":0.0,"gold_gain":0.0,"event_name":"Shining Light","player_choice":"Entered Light","floor":11.0,"gold_loss":0.0,"damage_taken":20.0,"cards_upgraded":["Strike_G","Survivor"]},{"damage_healed":0.0,"max_hp_gain":0.0,"max_hp_loss":0.0,"gold_gain":0.0,"event_name":"The Mausoleum","player_choice":"Ignored","floor":19.0,"gold_loss":0.0,"damage_taken":0.0},{"damage_healed":0.0,"max_hp_gain":0.0,"max_hp_loss":0.0,"gold_gain":0.0,"event_name":"Cursed Tome","player_choice":"Obtained Book","floor":20.0,"gold_loss":0.0,"damage_taken":21.0},{"damage_healed":0.0,"max_hp_gain":0.0,"max_hp_loss":0.0,"gold_gain":50.0,"event_name":"Golden Shrine","player_choice":"Pray","floor":22.0,"gold_loss":0.0,"damage_taken":0.0}],"is_beta":true,"boss_relics":[{"not_picked":["Ring of the Serpent","Ectoplasm"],"picked":"Velvet Choker"}],"items_purged_floors":[12],"is_endless":false,"potions_floor_spawned":[1,2,8,14,23,30],"killed_by":"Automaton","ascension_level":20}}