{"host":"y36bp6mnm73x3iob","time":1613032075,"event":{"mods":["2.2 Compatiblity","Aspiration","BaseMod","Bossed Relics","Downfall","GifTheSpireLib","Hermit","Minty Spire (QoL Compilation)","Reliquary","Retaliation","StSLib"],"gold_per_floor":[99,112,26,44,29,41,41,41,491,508,608,608,625,636,646,749,749,749,749,749,749],"floor_reached":19,"language":"ENG","playtime":961,"items_purged":[],"score":159,"play_id":"5487fb5b-3ec1-4f18-bfa5-2e5f6680b708","local_time":"20210211102755","is_ascension_mode":false,"campfire_choices":[{"data":"champ:Taunt","floor":1,"key":"SMITH"},{"data":"champ:FanOfKnives","floor":8,"key":"SMITH"},{"data":"champ:Duel","floor":12,"key":"SMITH"},{"data":"champ:AdrenalArmor","floor":18,"key":"SMITH"}],"circlet_count":0,"master_deck":["champ:Strike","champ:Strike","champ:Strike","champ:Strike","champ:Defend","champ:Defend","champ:Defend","champ:Defend","champ:Execute","champ:Taunt+1","Shame","Master of Strategy","champ:Duel+1","champ:BerserkersShout","champ:FanOfKnives+1","champ:BerserkersShout","champ:BringItOn","champ:Haymaker","champ:HeartStrike","downfall:Icky","downfall:Icky","downfall:Icky","champ:DeathBlow","champ:AdrenalArmor+1","champ:ShieldThrow"],"relics":["champ:ChampionCrownUpgraded","Pantograph"],"acts_visited":["Exordium","TheCity"],"potions_floor_usage":[16,16],"damage_taken":[{"damage":10,"enemies":"Small Slimes","floor":2,"turns":4},{"damage":10,"enemies":"downfall:FleeingMerchant","floor":3,"turns":4},{"damage":21,"enemies":"Jaw Worm","floor":4,"turns":3},{"damage":35,"enemies":"downfall:FleeingMerchant","floor":5,"turns":4},{"damage":30,"enemies":"2 Louse","floor":6,"turns":3},{"damage":26,"enemies":"2 Fungi Beasts","floor":10,"turns":3},{"damage":16,"enemies":"Exordium Wildlife","floor":13,"turns":3},{"damage":5,"enemies":"Red Slaver","floor":14,"turns":2},{"damage":35,"enemies":"Large Slime","floor":15,"turns":5},{"damage":76,"enemies":"WA_ARCHETYPE_RETAIN","floor":16,"turns":5},{"damage":106,"enemies":"Shell Parasite","floor":19,"turns":7}],"seed_played":"-7706937282031640988","potions_obtained":[{"floor":10,"key":"sneckomod:MuddlingPotion"},{"floor":14,"key":"Ancient Potion"},{"floor":15,"key":"Energy Potion"},{"floor":16,"key":"LiquidMemories"}],"is_trial":false,"path_per_floor":["R","M","$","M","$","M","T","R","?","M","?","R","M","M","M","B",null,"R","M"],"character_chosen":"THE_CHAMP","items_purchased":["champ:FanOfKnives","champ:BerserkersShout"],"campfire_rested":0,"item_purchase_floors":[3,3],"current_hp_per_floor":[90,90,90,84,84,84,84,84,84,78,78,78,77,77,77,64,90,90,0,0,0],"gold":749,"neow_bonus":"RANDOM_COLORLESS_2","is_daily":false,"chose_seed":false,"campfire_upgraded":4,"win_rate":0.0,"timestamp":1613032075,"path_taken":["R","M","$","M","$","M","T","R","?","M","?","R","M","M","M","BOSS","R","M"],"items_purchased_type":["Card","Card"],"build_version":"2020-12-22","purchased_purges":0,"victory":false,"max_hp_per_floor":[90,90,90,90,90,90,90,90,90,90,90,90,90,90,90,90,90,90,90,90,90],"card_choices":[{"not_picked":["Secret Weapon","Secret Technique"],"picked":"Master of Strategy","floor":0},{"not_picked":["champ:GladiatorStyle","champ:Haymaker"],"picked":"champ:Duel","floor":2},{"not_picked":["champ:Endure","champ:AdrenalArmor"],"picked":"champ:BerserkersShout","floor":3},{"not_picked":["champ:SkillfulDodge","champ:EnGarde"],"picked":"champ:BringItOn","floor":4},{"not_picked":["champ:EnGarde","champ:ArenaPreparation"],"picked":"champ:Haymaker","floor":5},{"not_picked":["champ:IronFortress","champ:Encircle"],"picked":"champ:HeartStrike","floor":6},{"not_picked":["champ:GladiatorStyle","champ:ArenaPreparation","champ:PreciseThrust"],"picked":"SKIP","floor":10},{"not_picked":["champ:GutPunch","champ:Backstep"],"picked":"champ:DeathBlow","floor":13},{"not_picked":["champ:BerserkersShout","champ:Haymaker"],"picked":"champ:AdrenalArmor","floor":14},{"not_picked":["champ:CrownThrow","champ:AdrenalArmor","champ:FlashCut"],"picked":"SKIP","floor":15},{"not_picked":["champ:IgnorePain","champ:CheapShot"],"picked":"champ:ShieldThrow","floor":16}],"player_experience":555821,"relics_obtained":[{"floor":7,"key":"Pantograph"}],"event_choices":[],"is_beta":false,"boss_relics":[{"not_picked":["SlaversCollar","aspiration:DefectSkillbook"],"picked":"champ:ChampionCrownUpgraded"}],"items_purged_floors":[],"is_endless":false,"potions_floor_spawned":[10,14,15,16],"killed_by":"Shell Parasite","ascension_level":0}}