{"host":"c3lc60y5x60jlt1y","time":1613042274,"event":{"mods":["AchievementEnabler","BaseMod","Bestiary","Colored Map","Minty Spire (QoL Compilation)","Quick Restart","StSLib","ojb\u0027s Info Mod"],"gold_per_floor":[117,117,117,132,57,87,87,101,124,159,171,197,227,164,176,259,271,293,319,65,80,5,5,37,37,37,64,77,77,94,126,126,203,203,216,216,228,246,261,261,286,304,304,331,356,356,140,0,0,0,0,0],"floor_reached":51,"language":"ENG","playtime":7156,"items_purged":["Defend_P","Strike_P","Strike_P"],"score":1700,"play_id":"577df791-7d48-4128-84d6-6abc788eb07d","local_time":"20210211131754","is_ascension_mode":true,"campfire_choices":[{"data":"Eruption","floor":7.0,"key":"SMITH"},{"data":"Conclude","floor":11.0,"key":"SMITH"},{"data":"Protect","floor":15.0,"key":"SMITH"},{"data":"Ragnarok","floor":23.0,"key":"SMITH"},{"data":"Scrawl","floor":25.0,"key":"SMITH"},{"floor":32.0,"key":"REST"},{"data":"Ragnarok","floor":40.0,"key":"SMITH"},{"floor":46.0,"key":"REST"},{"floor":49.0,"key":"RECALL"}],"circlet_count":0,"master_deck":["AscendersBane","Defend_P","Eruption+1","Vigilance","Conclude+1","Scrawl+1","Protect+1","CrushJoints+1","Sanctity","Crescendo","InnerPeace","Ragnarok+1","FlyingSleeves+1","Tantrum","Indignation","EmptyMind","Devotion","Adaptation","Swivel","CutThroughFate","Ragnarok+1","DevaForm","MentalFortress","FlyingSleeves","Swivel+1","WheelKick+1","Discovery"],"relics":["PureWater","NeowsBlessing","Oddly Smooth Stone","Boot","MawBank","Velvet Choker","Bag of Preparation","Anchor","TeardropLocket","Whetstone","Gambling Chip","Snecko Eye","Blue Candle","Question Card","Centennial Puzzle","Red Mask"],"acts_visited":["Exordium","TheCity","TheBeyond"],"potions_floor_usage":[50,50],"damage_taken":[{"damage":0.0,"enemies":"2 Louse","floor":1.0,"turns":1.0},{"damage":0.0,"enemies":"Jaw Worm","floor":4.0,"turns":1.0},{"damage":0.0,"enemies":"Lagavulin","floor":6.0,"turns":1.0},{"damage":0.0,"enemies":"Cultist","floor":8.0,"turns":3.0},{"damage":0.0,"enemies":"Gremlin Nob","floor":10.0,"turns":2.0},{"damage":6.0,"enemies":"Exordium Thugs","floor":12.0,"turns":4.0},{"damage":8.0,"enemies":"Exordium Wildlife","floor":13.0,"turns":3.0},{"damage":3.0,"enemies":"The Guardian","floor":16.0,"turns":11.0},{"damage":0.0,"enemies":"Spheric Guardian","floor":18.0,"turns":1.0},{"damage":8.0,"enemies":"3 Byrds","floor":19.0,"turns":4.0},{"damage":0.0,"enemies":"Cultist and Chosen","floor":21.0,"turns":2.0},{"damage":0.0,"enemies":"Gremlin Leader","floor":24.0,"turns":2.0},{"damage":27.0,"enemies":"Slavers","floor":27.0,"turns":4.0},{"damage":0.0,"enemies":"Centurion and Healer","floor":28.0,"turns":2.0},{"damage":0.0,"enemies":"Snake Plant","floor":30.0,"turns":1.0},{"damage":12.0,"enemies":"Book of Stabbing","floor":31.0,"turns":3.0},{"damage":11.0,"enemies":"Collector","floor":33.0,"turns":6.0},{"damage":0.0,"enemies":"3 Darklings","floor":35.0,"turns":1.0},{"damage":0.0,"enemies":"Orb Walker","floor":37.0,"turns":1.0},{"damage":7.0,"enemies":"Writhing Mass","floor":38.0,"turns":3.0},{"damage":0.0,"enemies":"3 Darklings","floor":39.0,"turns":2.0},{"damage":11.0,"enemies":"Nemesis","floor":41.0,"turns":3.0},{"damage":19.0,"enemies":"Transient","floor":42.0,"turns":6.0},{"damage":0.0,"enemies":"Reptomancer","floor":44.0,"turns":3.0},{"damage":36,"enemies":"Awakened One","floor":50,"turns":6},{"damage":13,"enemies":"Donu and Deca","floor":51,"turns":2}],"seed_played":"7170440974439311925","potions_obtained":[{"floor":1.0,"key":"Ancient Potion"},{"floor":8.0,"key":"Fire Potion"},{"floor":12.0,"key":"SteroidPotion"},{"floor":16.0,"key":"PowerPotion"},{"floor":37.0,"key":"EssenceOfSteel"},{"floor":41.0,"key":"Dexterity Potion"},{"floor":44.0,"key":"DuplicationPotion"}],"is_trial":false,"path_per_floor":["M","?","?","M","$","E","R","M","T","E","R","M","M","?","R","B",null,"M","M","$","M","?","R","E","R","T","E","M","?","M","E","R","B",null,"M","?","M","M","M","R","E","M","T","E","T","R","$","?","R","B","B"],"character_chosen":"WATCHER","items_purchased":["Bag of Preparation","Discovery"],"campfire_rested":2,"item_purchase_floors":[20,47],"current_hp_per_floor":[61,61,54,54,54,54,54,54,54,54,54,48,40,40,40,37,60,60,52,52,52,52,52,52,52,52,25,25,25,25,13,33,22,57,57,57,57,50,50,50,39,20,20,20,20,40,40,40,40,4,0,0],"gold":0,"neow_bonus":"THREE_ENEMY_KILL","is_daily":false,"chose_seed":false,"campfire_upgraded":6,"win_rate":0.0,"timestamp":1613042274,"path_taken":["M","?","?","M","$","E","R","M","T","E","R","M","M","?","R","BOSS","M","M","$","M","?","R","E","R","T","E","M","?","M","E","R","BOSS","M","?","?","M","M","R","E","M","T","E","?","R","$","?","R","BOSS","BOSS"],"items_purchased_type":["Relic","Card"],"build_version":"2020-12-22","purchased_purges":3,"victory":false,"max_hp_per_floor":[68,68,68,68,68,68,68,68,68,68,68,68,68,68,68,68,68,68,68,68,68,68,68,68,68,68,68,68,68,68,68,68,68,68,68,68,68,68,68,68,68,68,68,68,68,68,68,68,68,68,68,68],"card_choices":[{"not_picked":["InnerPeace","FlyingSleeves"],"picked":"Conclude","floor":1.0},{"not_picked":["Prostrate","Study"],"picked":"Protect","floor":4.0},{"not_picked":["Conclude","Collect"],"picked":"CrushJoints","floor":6.0},{"not_picked":["FlyingSleeves","FollowUp"],"picked":"Sanctity","floor":8.0},{"not_picked":["Wireheading","SashWhip"],"picked":"Crescendo","floor":10.0},{"not_picked":["Evaluate","WindmillStrike"],"picked":"InnerPeace","floor":12.0},{"not_picked":["Consecrate","WreathOfFlame","CrushJoints"],"picked":"SKIP","floor":13.0},{"not_picked":["SpiritShield","Brilliance"],"picked":"Ragnarok","floor":16.0},{"not_picked":["EmptyBody","BowlingBash"],"picked":"FlyingSleeves","floor":18.0},{"not_picked":["ThirdEye","Protect"],"picked":"Tantrum","floor":19.0},{"not_picked":["ClearTheMind+1","Crescendo"],"picked":"Indignation","floor":21.0},{"not_picked":["Conclude","Halt"],"picked":"EmptyMind","floor":24.0},{"not_picked":["FollowUp","Blasphemy"],"picked":"Devotion","floor":27.0},{"not_picked":["Prostrate","CrushJoints"],"picked":"Adaptation","floor":28.0},{"not_picked":["LikeWater","WindmillStrike"],"picked":"Swivel","floor":30.0},{"not_picked":["ClearTheMind","WindmillStrike"],"picked":"CutThroughFate","floor":31.0},{"not_picked":["MasterReality","Devotion"],"picked":"Ragnarok","floor":33.0},{"not_picked":["Evaluate+1","Halt","Crescendo"],"picked":"SKIP","floor":35.0},{"not_picked":["JustLucky","BattleHymn","Consecrate+1"],"picked":"SKIP","floor":37.0},{"not_picked":["Evaluate","CarveReality","FollowUp"],"picked":"SKIP","floor":38.0},{"not_picked":["BowlingBash","Prostrate"],"picked":"Swivel+1","floor":39.0},{"not_picked":["Devotion","BowlingBash"],"picked":"WheelKick+1","floor":41.0},{"not_picked":["EmptyFist","BowlingBash","JustLucky"],"picked":"SKIP","floor":42.0},{"not_picked":["Swivel+1","CutThroughFate+1","Vengeance"],"picked":"SKIP","floor":44.0}],"player_experience":9201295,"relics_obtained":[{"floor":6.0,"key":"Oddly Smooth Stone"},{"floor":9.0,"key":"Boot"},{"floor":10.0,"key":"MawBank"},{"floor":24.0,"key":"Anchor"},{"floor":26.0,"key":"TeardropLocket"},{"floor":27.0,"key":"Whetstone"},{"floor":31.0,"key":"Gambling Chip"},{"floor":41.0,"key":"Blue Candle"},{"floor":44.0,"key":"Question Card"},{"floor":45.0,"key":"Centennial Puzzle"}],"event_choices":[{"damage_healed":0.0,"max_hp_gain":0.0,"max_hp_loss":0.0,"gold_gain":0.0,"cards_transformed":["Defend_P"],"event_name":"Living Wall","player_choice":"Change","floor":2.0,"gold_loss":0.0,"damage_taken":0.0,"cards_obtained":["Scrawl"]},{"cards_removed":["Strike_P"],"damage_healed":0.0,"max_hp_gain":0.0,"max_hp_loss":0.0,"gold_gain":0.0,"event_name":"Golden Wing","player_choice":"Card Removal","floor":3.0,"gold_loss":0.0,"damage_taken":7.0},{"cards_removed":["Strike_P"],"damage_healed":0.0,"max_hp_gain":0.0,"max_hp_loss":0.0,"gold_gain":0.0,"event_name":"The Cleric","player_choice":"Card Removal","floor":14.0,"gold_loss":75.0,"damage_taken":0.0},{"cards_removed":["Defend_P"],"damage_healed":0.0,"max_hp_gain":0.0,"max_hp_loss":0.0,"gold_gain":0.0,"event_name":"Beggar","player_choice":"Gave Gold","floor":22.0,"gold_loss":75.0,"damage_taken":0.0},{"damage_healed":0.0,"max_hp_gain":0.0,"max_hp_loss":0.0,"gold_gain":0.0,"event_name":"Match and Keep!","player_choice":"3 cards matched","floor":36.0,"gold_loss":0.0,"damage_taken":0.0,"cards_obtained":["DevaForm","MentalFortress","FlyingSleeves"]},{"damage_healed":0.0,"max_hp_gain":0.0,"max_hp_loss":0.0,"gold_gain":0.0,"event_name":"Tomb of Lord Red Mask","player_choice":"Paid","floor":48.0,"gold_loss":140.0,"damage_taken":0.0,"relics_obtained":["Red Mask"]}],"is_beta":false,"boss_relics":[{"not_picked":["SlaversCollar","SacredBark"],"picked":"Velvet Choker"},{"not_picked":["Empty Cage","Runic Dome"],"picked":"Snecko Eye"}],"items_purged_floors":[5,20,47],"is_endless":false,"potions_floor_spawned":[1,8,12,16,19,28,37,41,44],"killed_by":"Donu and Deca","ascension_level":20}}