{"host":"c97twqu0op5dg8i4","time":1613008689,"event":{"mods":["AchievementEnabler","BaseMod","Colored Map","Minty Spire (QoL Compilation)","Permanent Neow"],"gold_per_floor":[112,40,40,40,60,85,85,112,112,137,137,156,172,228,228,323,323,338,338],"floor_reached":18,"language":"ENG","playtime":608,"items_purged":[],"score":279,"play_id":"471d7b12-70a3-4858-8b9c-4a02fdba434c","local_time":"20210210205809","is_ascension_mode":true,"campfire_choices":[{"data":"True Grit","floor":7,"key":"SMITH"},{"data":"Dropkick","floor":11,"key":"SMITH"},{"data":"Uppercut","floor":15,"key":"SMITH"}],"circlet_count":0,"master_deck":["AscendersBane","Strike_R","Strike_R","Strike_R","Defend_R","Defend_R","Defend_R","Defend_R","Bash","Clumsy","Dropkick+1","Anger","True Grit+1","Uppercut+1","Shrug It Off","Bloodletting","Uppercut+1","Disarm","Uppercut","Bludgeon","CurseOfTheBell"],"relics":["Burning Blood","Ornamental Fan","Ancient Tea Set","Vajra","Bag of Preparation","Letter Opener","Calling Bell","Centennial Puzzle","Matryoshka","CaptainsWheel"],"acts_visited":["Exordium","TheCity"],"potions_floor_usage":[10,14,16],"damage_taken":[{"damage":1,"enemies":"Jaw Worm","floor":1,"turns":4},{"damage":0,"enemies":"2 Louse","floor":5,"turns":4},{"damage":24,"enemies":"Gremlin Nob","floor":6,"turns":4},{"damage":44,"enemies":"3 Sentries","floor":8,"turns":11},{"damage":6,"enemies":"Gremlin Nob","floor":10,"turns":4},{"damage":1,"enemies":"Small Slimes","floor":12,"turns":3},{"damage":0,"enemies":"2 Fungi Beasts","floor":13,"turns":4},{"damage":23,"enemies":"Lagavulin Event","floor":14,"turns":4},{"damage":7,"enemies":"Slime Boss","floor":16,"turns":9},{"damage":14,"enemies":"Spheric Guardian","floor":18,"turns":4}],"seed_played":"562527874948932435","potions_obtained":[{"floor":6,"key":"HeartOfIron"},{"floor":8,"key":"EssenceOfSteel"},{"floor":13,"key":"Regen Potion"},{"floor":14,"key":"LiquidMemories"}],"is_trial":false,"path_per_floor":["M","$","?","$","M","E","R","E","T","E","R","M","M","?","R","B",null,"M"],"character_chosen":"IRONCLAD","items_purchased":["Uppercut"],"campfire_rested":0,"item_purchase_floors":[2],"current_hp_per_floor":[77,77,77,77,80,62,62,24,24,24,24,29,35,27,27,26,67,59,59],"gold":338,"neow_bonus":"TRANSFORM_TWO_CARDS","is_daily":false,"chose_seed":false,"campfire_upgraded":3,"win_rate":0.0,"timestamp":1613008689,"path_taken":["M","$","?","$","M","E","R","E","T","E","R","M","M","?","R","BOSS","M"],"items_purchased_type":["Card"],"build_version":"2020-12-22","purchased_purges":0,"victory":false,"max_hp_per_floor":[80,80,80,80,80,80,80,80,80,80,80,80,80,80,80,80,80,80,80],"card_choices":[{"not_picked":["Havoc","Clothesline"],"picked":"True Grit","floor":1},{"not_picked":["Twin Strike","True Grit"],"picked":"Shrug It Off","floor":5},{"not_picked":["Clash","Demon Form"],"picked":"Bloodletting","floor":6},{"not_picked":["Berserk","Thunderclap"],"picked":"Uppercut","floor":8},{"not_picked":["Warcry","Wild Strike","Limit Break"],"picked":"SKIP","floor":10},{"not_picked":["Anger","Headbutt"],"picked":"Disarm","floor":12},{"not_picked":["Sever Soul","Pommel Strike"],"picked":"Uppercut","floor":13},{"not_picked":["Reaper","Juggernaut"],"picked":"Bludgeon","floor":16}],"player_experience":376410,"relics_obtained":[{"floor":6,"key":"Ornamental Fan"},{"floor":8,"key":"Ancient Tea Set"},{"floor":9,"key":"Vajra"},{"floor":10,"key":"Bag of Preparation"},{"floor":14,"key":"Letter Opener"},{"floor":17,"key":"Centennial Puzzle"},{"floor":17,"key":"Matryoshka"},{"floor":17,"key":"CaptainsWheel"}],"event_choices":[{"damage_healed":0,"gold_gain":0,"player_choice":"Grow","damage_taken":0,"max_hp_gain":0,"max_hp_loss":0,"event_name":"Living Wall","floor":3,"gold_loss":0,"cards_upgraded":["Uppercut"]},{"damage_healed":0,"gold_gain":30,"player_choice":"Searched \u00272\u0027 times","damage_taken":0,"max_hp_gain":0,"max_hp_loss":0,"event_name":"Dead Adventurer","floor":14,"gold_loss":0}],"is_beta":false,"boss_relics":[{"not_picked":["SacredBark","Busted Crown"],"picked":"Calling Bell"}],"items_purged_floors":[],"is_endless":false,"potions_floor_spawned":[6,8,13,14],"killed_by":"Spheric Guardian","ascension_level":11}}