{"host":"29uuqgkzqd703i93","time":1613071809,"event":{"mods":["BaseMod","Minty Spire (QoL Compilation)"],"gold_per_floor":[114,114,129,148,148,178,178,189,269,281,246,246,246,271,271,376,376,388,303,34,61,85,85,98,98,146,146,146,21,21,41,41,140,140,177,177,231,0,15,15,15,28,28,28,28,28],"floor_reached":45,"language":"ENG","playtime":2267,"items_purged":["Wraith Form v2","Pain"],"score":492,"play_id":"a6d33a34-b260-4028-9c2f-7619f8d615bd","local_time":"20210211203009","is_ascension_mode":false,"campfire_choices":[{"data":"Neutralize","floor":13.0,"key":"SMITH"},{"floor":15.0,"key":"REST"},{"floor":23.0,"key":"REST"},{"data":"Noxious Fumes","floor":25.0,"key":"SMITH"},{"floor":27.0,"key":"REST"},{"data":"Setup","floor":30.0,"key":"SMITH"},{"data":"Bane","floor":32.0,"key":"SMITH"},{"floor":41.0,"key":"REST"},{"data":"Blur","floor":44.0,"key":"SMITH"}],"circlet_count":0,"master_deck":["Defend_G","Defend_G","Defend_G","Defend_G","Defend_G","Survivor","Neutralize+1","Deadly Poison","Quick Slash","Finisher","Terror","PiercingWail","Deadly Poison","Die Die Die","Venomology","Setup+1","HandOfGreed","Bane+1","Deflect","Sucker Punch+1","Noxious Fumes+1","Bite","Bite","Bite","Bite","Bite","Cloak And Dagger","Night Terror","Poisoned Stab+1","Trip","Enlightenment","Good Instincts","Blur+1","Blind","Deadly Poison","Parasite","Noxious Fumes+1"],"relics":["Ring of the Snake","NeowsBlessing","Bird Faced Urn","WarpedTongs","HornCleat","Bronze Scales","SacredBark","Lantern","Red Mask","Pen Nib","Vajra","HoveringKite","Regal Pillow","Kunai"],"acts_visited":["Exordium","TheCity","TheBeyond"],"potions_floor_usage":[45],"damage_taken":[{"damage":0.0,"enemies":"2 Louse","floor":1.0,"turns":1.0},{"damage":0.0,"enemies":"Cultist","floor":3.0,"turns":1.0},{"damage":0.0,"enemies":"Small Slimes","floor":4.0,"turns":1.0},{"damage":33.0,"enemies":"Lagavulin","floor":6.0,"turns":9.0},{"damage":8.0,"enemies":"Looter","floor":8.0,"turns":3.0},{"damage":21.0,"enemies":"Lots of Slimes","floor":10.0,"turns":5.0},{"damage":29.0,"enemies":"3 Sentries","floor":14.0,"turns":9.0},{"damage":11.0,"enemies":"Hexaghost","floor":16.0,"turns":9.0},{"damage":12.0,"enemies":"Shell Parasite","floor":18.0,"turns":5.0},{"damage":24.0,"enemies":"Masked Bandits","floor":21.0,"turns":5.0},{"damage":9.0,"enemies":"2 Thieves","floor":24.0,"turns":3.0},{"damage":3.0,"enemies":"Snake Plant","floor":31.0,"turns":4.0},{"damage":25.0,"enemies":"Collector","floor":33.0,"turns":8.0},{"damage":1.0,"enemies":"3 Shapes","floor":35.0,"turns":4.0},{"damage":25.0,"enemies":"3 Darklings","floor":39.0,"turns":5.0},{"damage":17.0,"enemies":"Writhing Mass","floor":42.0,"turns":4.0},{"damage":75,"enemies":"Giant Head","floor":45,"turns":7}],"seed_played":"569485473854517318","potions_obtained":[{"floor":4.0,"key":"AttackPotion"},{"floor":8.0,"key":"Poison Potion"},{"floor":10.0,"key":"Block Potion"},{"floor":16.0,"key":"Energy Potion"},{"floor":18.0,"key":"Ancient Potion"},{"floor":33.0,"key":"FearPotion"},{"floor":35.0,"key":"AttackPotion"},{"floor":42.0,"key":"BlessingOfTheForge"}],"is_trial":false,"path_per_floor":["M","?","M","M","?","E","?","M","T","M","?","?","R","E","R","B",null,"M","?","$","?","T","R","M","R","T","R","?","$","R","M","R","B",null,"M","?","T","$","M","$","R","M","T","R","E"],"character_chosen":"THE_SILENT","items_purchased":["HandOfGreed","Bane","Deflect","ColorlessPotion","Blur","Blind"],"campfire_rested":4,"item_purchase_floors":[20,20,20,29,38,38],"current_hp_per_floor":[70,70,70,70,70,37,37,29,29,8,25,48,48,21,42,31,70,58,58,58,34,34,55,46,46,46,67,49,49,49,48,48,39,49,49,39,39,39,27,27,49,32,32,32,0,0],"gold":28,"neow_bonus":"THREE_ENEMY_KILL","is_daily":false,"chose_seed":false,"campfire_upgraded":5,"win_rate":0.0,"timestamp":1613071809,"path_taken":["M","?","?","M","?","E","?","?","T","M","?","?","R","E","R","BOSS","M","?","$","?","?","R","?","R","T","R","?","$","R","M","R","BOSS","M","?","?","$","M","?","R","?","T","R","E"],"items_purchased_type":["Card","Card","Card","Potion","Card","Card"],"build_version":"2020-12-22","purchased_purges":2,"victory":false,"max_hp_per_floor":[70,70,70,70,70,70,70,70,70,70,70,70,70,70,70,70,70,70,70,70,70,70,70,70,70,70,70,49,49,49,49,49,49,49,49,49,49,49,49,49,49,49,49,49,49,49],"card_choices":[{"not_picked":["Bane","Terror"],"picked":"Deadly Poison","floor":1.0},{"not_picked":["Blade Dance","Eviscerate"],"picked":"Quick Slash","floor":3.0},{"not_picked":["Reflex","Skewer"],"picked":"Finisher","floor":4.0},{"not_picked":["Accuracy","Sucker Punch"],"picked":"Terror","floor":6.0},{"not_picked":["Flechettes","Terror"],"picked":"PiercingWail","floor":8.0},{"not_picked":["PiercingWail","Bane"],"picked":"Deadly Poison","floor":10.0},{"not_picked":["Slice","Choke"],"picked":"Die Die Die","floor":14.0},{"not_picked":["Grand Finale","Bullet Time"],"picked":"Venomology","floor":16.0},{"not_picked":["Masterful Stab+1","Acrobatics+1"],"picked":"Setup","floor":18.0},{"not_picked":["Dagger Spray","Outmaneuver"],"picked":"Sucker Punch+1","floor":21.0},{"not_picked":["Well Laid Plans","Calculated Gamble"],"picked":"Noxious Fumes","floor":24.0},{"not_picked":["Terror","Storm of Steel"],"picked":"Cloak And Dagger","floor":31.0},{"not_picked":["Doppelganger","Tools of the Trade"],"picked":"Night Terror","floor":33.0},{"not_picked":["Endless Agony+1","Choke+1"],"picked":"Poisoned Stab+1","floor":35.0},{"not_picked":["Thinking Ahead","Forethought"],"picked":"Trip","floor":36.0},{"not_picked":["Thinking Ahead","Secret Technique"],"picked":"Enlightenment","floor":36.0},{"not_picked":["Bandage Up","Master of Strategy"],"picked":"Good Instincts","floor":36.0},{"not_picked":["PiercingWail+1","Slice"],"picked":"Deadly Poison","floor":39.0},{"not_picked":["Accuracy","Dodge and Roll"],"picked":"Noxious Fumes+1","floor":42.0}],"player_experience":80499,"relics_obtained":[{"floor":6.0,"key":"Bird Faced Urn"},{"floor":9.0,"key":"HornCleat"},{"floor":14.0,"key":"Bronze Scales"},{"floor":21.0,"key":"Red Mask"},{"floor":22.0,"key":"Pen Nib"},{"floor":26.0,"key":"Vajra"},{"floor":37.0,"key":"Regal Pillow"},{"floor":43.0,"key":"Kunai"}],"event_choices":[{"cards_removed":["Strike_G"],"damage_healed":0.0,"max_hp_gain":0.0,"max_hp_loss":0.0,"gold_gain":0.0,"event_name":"NoteForYourself","player_choice":"Took Card","floor":2.0,"gold_loss":0.0,"damage_taken":0.0,"cards_obtained":["Strike_G"]},{"damage_healed":0.0,"max_hp_gain":0.0,"max_hp_loss":0.0,"gold_gain":0.0,"cards_transformed":["Strike_G"],"event_name":"Living Wall","player_choice":"Change","floor":5.0,"gold_loss":0.0,"damage_taken":0.0,"cards_obtained":["Wraith Form v2"]},{"damage_healed":0.0,"max_hp_gain":0.0,"max_hp_loss":0.0,"gold_gain":0.0,"event_name":"Accursed Blacksmith","player_choice":"Rummage","floor":7.0,"gold_loss":0.0,"damage_taken":0.0,"relics_obtained":["WarpedTongs"],"cards_obtained":["Pain"]},{"damage_healed":17.0,"max_hp_gain":0.0,"max_hp_loss":0.0,"gold_gain":0.0,"event_name":"The Cleric","player_choice":"Healed","floor":11.0,"gold_loss":35.0,"damage_taken":0.0},{"damage_healed":23.0,"max_hp_gain":0.0,"max_hp_loss":0.0,"gold_gain":0.0,"event_name":"Big Fish","player_choice":"Banana","floor":12.0,"gold_loss":0.0,"damage_taken":0.0},{"damage_healed":0.0,"max_hp_gain":0.0,"max_hp_loss":0.0,"gold_gain":0.0,"event_name":"Addict","player_choice":"Obtained Relic","floor":19.0,"gold_loss":85.0,"damage_taken":0.0,"relics_obtained":["Lantern"]},{"damage_healed":0.0,"max_hp_gain":0.0,"max_hp_loss":0.0,"gold_gain":0.0,"event_name":"Masked Bandits","player_choice":"Fought Bandits","floor":21.0,"gold_loss":0.0,"damage_taken":0.0},{"damage_healed":0.0,"max_hp_gain":0.0,"max_hp_loss":21.0,"gold_gain":0.0,"event_name":"Vampires","player_choice":"Became a vampire","floor":28.0,"gold_loss":0.0,"damage_taken":0.0,"cards_obtained":["Bite","Bite","Bite","Bite","Bite"]},{"damage_healed":0.0,"max_hp_gain":0.0,"max_hp_loss":0.0,"gold_gain":0.0,"event_name":"SensoryStone","player_choice":"Memory 3","floor":36.0,"gold_loss":0.0,"damage_taken":10.0}],"is_beta":false,"boss_relics":[{"not_picked":["Philosopher\u0027s Stone","WristBlade"],"picked":"SacredBark"},{"not_picked":["Calling Bell","Fusion Hammer"],"picked":"HoveringKite"}],"items_purged_floors":[29,38],"is_endless":false,"potions_floor_spawned":[4,8,10,16,18,21,33,35,42],"killed_by":"Giant Head","ascension_level":0}}