{"host":"gjwzgdilc53yxmt0","time":1613074525,"event":{"mods":["2.2 Compatiblity","BaseMod","Bestiary","Highlight Path","Minty Spire (QoL Compilation)","Relic Stats","StSLib","ojb\u0027s Info Mod"],"gold_per_floor":[112,112,126,47,12,12,37,37,37,70,145,179,179,191,191,262,262,281,281,319,82,124,184,229,285,285,265,292,341,382,442,442,546,546,593,642,140,224,224,224,282,282,282,342,342,397,447,512,512,512,542,542,542,51,77,77],"floor_reached":57,"language":"ENG","playtime":5977,"items_purged":["FlyingSleeves","Vengeance+1"],"score":3318,"play_id":"7b2c3d6c-0065-43b7-8608-e309803f834a","local_time":"20210211151525","is_ascension_mode":true,"campfire_choices":[{"data":"TalkToTheHand","floor":6.0,"key":"SMITH"},{"data":"Eruption","floor":8.0,"key":"SMITH"},{"data":"Tantrum","floor":13.0,"key":"SMITH"},{"data":"SashWhip","floor":15.0,"key":"SMITH"},{"data":"Wish","floor":32.0,"key":"SMITH"},{"data":"TalkToTheHand","floor":40.0,"key":"SMITH"},{"floor":42.0,"key":"RECALL"},{"data":"LikeWater","floor":45.0,"key":"PURGE"},{"data":"Halt","floor":49.0,"key":"SMITH"},{"data":"Adaptation","floor":53.0,"key":"SMITH"}],"circlet_count":0,"master_deck":["AscendersBane","Eruption+1","Vigilance+1","Crescendo+1","WheelKick+1","TalkToTheHand+1","Tantrum+1","ClearTheMind+1","SashWhip+1","LessonLearned+1","SpiritShield+1","Wireheading+1","CrushJoints+1","Wish+1","Halt+1","Protect+1","FearNoEvil+1","Adaptation+1","EmptyFist+1","Halt+1","Adaptation+1","EmptyFist+1","FlurryOfBlows","TalkToTheHand+1","Fasting2+1","Panacea+1","Deep Breath+1","FearNoEvil+1","ThirdEye+1","FlurryOfBlows+1","EmptyBody+1","ClearTheMind+1","MentalFortress","Weave","JustLucky"],"relics":["PureWater","CaptainsWheel","HornCleat","Thread and Needle","Unceasing Top","Sundial","Pandora\u0027s Box","Toolbox","Omamori","Turnip","Mummified Hand","Eternal Feather","Tiny Chest","Coffee Dripper","TeardropLocket","Pocketwatch","MealTicket","Peace Pipe","StoneCalendar","Nunchaku","ClockworkSouvenir","Anchor","Calipers"],"acts_visited":["Exordium","TheCity","TheBeyond","TheEnding"],"potions_floor_usage":[55,56,56],"damage_taken":[{"damage":4.0,"enemies":"Jaw Worm","floor":1.0,"turns":6.0},{"damage":10.0,"enemies":"Small Slimes","floor":3.0,"turns":3.0},{"damage":3.0,"enemies":"Gremlin Nob","floor":7.0,"turns":3.0},{"damage":0.0,"enemies":"Lagavulin","floor":10.0,"turns":4.0},{"damage":0.0,"enemies":"Gremlin Nob","floor":12.0,"turns":2.0},{"damage":0.0,"enemies":"Cultist","floor":14.0,"turns":2.0},{"damage":0.0,"enemies":"Hexaghost","floor":16.0,"turns":9.0},{"damage":0.0,"enemies":"Spheric Guardian","floor":18.0,"turns":1.0},{"damage":0.0,"enemies":"2 Thieves","floor":20.0,"turns":4.0},{"damage":0.0,"enemies":"Chosen and Byrds","floor":22.0,"turns":7.0},{"damage":3.0,"enemies":"Gremlin Leader","floor":23.0,"turns":6.0},{"damage":0.0,"enemies":"Snecko","floor":24.0,"turns":5.0},{"damage":5.0,"enemies":"Slavers","floor":25.0,"turns":5.0},{"damage":10.0,"enemies":"Book of Stabbing","floor":28.0,"turns":4.0},{"damage":0.0,"enemies":"Sentry and Sphere","floor":29.0,"turns":5.0},{"damage":15.0,"enemies":"Centurion and Healer","floor":30.0,"turns":4.0},{"damage":8.0,"enemies":"Gremlin Leader","floor":31.0,"turns":9.0},{"damage":0.0,"enemies":"Champ","floor":33.0,"turns":11.0},{"damage":0.0,"enemies":"3 Darklings","floor":35.0,"turns":7.0},{"damage":0.0,"enemies":"Orb Walker","floor":36.0,"turns":2.0},{"damage":11.0,"enemies":"2 Orb Walkers","floor":38.0,"turns":5.0},{"damage":0.0,"enemies":"Giant Head","floor":41.0,"turns":5.0},{"damage":9.0,"enemies":"Reptomancer","floor":44.0,"turns":7.0},{"damage":0.0,"enemies":"Mind Bloom Boss Battle","floor":46.0,"turns":6.0},{"damage":0.0,"enemies":"4 Shapes","floor":47.0,"turns":7.0},{"damage":0.0,"enemies":"Giant Head","floor":48.0,"turns":6.0},{"damage":11.0,"enemies":"Awakened One","floor":50.0,"turns":6.0},{"damage":2.0,"enemies":"Time Eater","floor":51.0,"turns":9.0},{"damage":23,"enemies":"Shield and Spear","floor":55,"turns":7},{"damage":24,"enemies":"The Heart","floor":56,"turns":7}],"seed_played":"-2313682899601174936","potions_obtained":[{"floor":7.0,"key":"LiquidBronze"},{"floor":10.0,"key":"Regen Potion"},{"floor":16.0,"key":"DistilledChaos"},{"floor":20.0,"key":"AttackPotion"},{"floor":23.0,"key":"Swift Potion"},{"floor":27.0,"key":"Ancient Potion"},{"floor":29.0,"key":"SpeedPotion"},{"floor":30.0,"key":"Strength Potion"},{"floor":38.0,"key":"EntropicBrew"},{"floor":46.0,"key":"Fruit Juice"},{"floor":47.0,"key":"LiquidBronze"},{"floor":55,"key":"Dexterity Potion"}],"is_trial":false,"path_per_floor":["M","?","M","$","?","R","E","R","T","E","?","E","R","M","R","B",null,"M","?","M","$","M","E","M","E","T","?","E","M","M","E","R","B",null,"M","M","$","?","?","R","E","R","T","E","R","?","M","E","R","B","B",null,"R","$","E","B",null],"character_chosen":"WATCHER","items_purchased":["TalkToTheHand","Toolbox","Fasting2","Panacea","TeardropLocket","MentalFortress","ClockworkSouvenir","Anchor","Weave"],"campfire_rested":0,"item_purchase_floors":[4,21,37,37,37,54,54,54,54],"current_hp_per_floor":[39,44,34,34,52,52,49,49,49,49,38,38,38,38,38,38,64,64,64,64,64,64,61,61,56,56,56,46,46,43,35,47,47,67,67,67,67,56,46,61,61,73,73,64,73,78,78,78,78,67,65,75,78,78,55,31],"gold":77,"neow_bonus":"ONE_RARE_RELIC","is_daily":false,"chose_seed":false,"campfire_upgraded":8,"win_rate":0.0,"timestamp":1613074525,"path_taken":["M","?","M","$","?","R","E","R","T","E","?","E","R","M","R","BOSS","M","?","M","?","M","E","M","E","T","?","E","M","M","E","R","BOSS","M","M","$","?","?","R","E","R","T","E","R","?","M","E","R","BOSS","BOSS","R","$","E","BOSS"],"items_purchased_type":["Card","Relic","Card","Card","Relic","Card","Relic","Relic","Card"],"build_version":"2020-12-22","purchased_purges":2,"victory":true,"max_hp_per_floor":[68,73,73,73,73,73,73,73,73,73,73,73,73,73,73,73,73,73,73,73,73,73,73,73,73,73,73,73,73,73,73,73,73,73,73,73,73,73,73,73,73,73,73,73,73,78,78,78,78,78,78,78,78,78,78,78],"relic_stats":{"counters":[30,164],"Eternal Feather":51,"StoneCalendar":[83],"Peace Pipe":2,"Nunchaku":[17],"Sundial":[34],"Mummified Hand":[93],"Pandora\u0027s Box":["SpiritShield","LikeWater","Wireheading","SignatureMove","CrushJoints","FlyingSleeves","Wish","Vengeance"],"Tiny Chest":0,"MealTicket":0,"Turnip":[16],"obtain_stats":[{"Calipers":55,"Thread and Needle":9,"Eternal Feather":28,"StoneCalendar":46,"Omamori":23,"TeardropLocket":37,"ClockworkSouvenir":54,"Peace Pipe":44,"CaptainsWheel":0,"Nunchaku":48,"Anchor":54,"HornCleat":7,"Sundial":12,"Mummified Hand":26,"Toolbox":21,"Pandora\u0027s Box":17,"Tiny Chest":31,"MealTicket":41,"Turnip":25,"Coffee Dripper":34,"PureWater":0,"Unceasing Top":10,"Pocketwatch":38},{"Calipers":29,"Thread and Needle":3,"Eternal Feather":14,"StoneCalendar":24,"Omamori":11,"TeardropLocket":20,"ClockworkSouvenir":28,"Peace Pipe":23,"CaptainsWheel":0,"Nunchaku":26,"Anchor":28,"HornCleat":3,"Sundial":5,"Mummified Hand":13,"Toolbox":9,"Pandora\u0027s Box":7,"Tiny Chest":17,"MealTicket":22,"Turnip":13,"Coffee Dripper":18,"PureWater":0,"Unceasing Top":4,"Pocketwatch":21},{"Calipers":157,"Thread and Needle":12,"Eternal Feather":61,"StoneCalendar":122,"Omamori":47,"TeardropLocket":99,"ClockworkSouvenir":150,"Peace Pipe":116,"CaptainsWheel":0,"Nunchaku":135,"Anchor":150,"HornCleat":12,"Sundial":18,"Mummified Hand":57,"Toolbox":34,"Pandora\u0027s Box":29,"Tiny Chest":79,"MealTicket":109,"Turnip":57,"Coffee Dripper":90,"PureWater":0,"Unceasing Top":16,"Pocketwatch":104}],"Unceasing Top":[1],"Pocketwatch":[14]},"card_choices":[{"not_picked":["EmptyBody","PathToVictory"],"picked":"Crescendo","floor":1.0},{"not_picked":["BowlingBash","Halt"],"picked":"WheelKick","floor":3.0},{"not_picked":["Evaluate","LikeWater"],"picked":"Tantrum","floor":7.0},{"not_picked":["BattleHymn","MasterReality","PathToVictory"],"picked":"SKIP","floor":10.0},{"not_picked":["ForeignInfluence","Evaluate"],"picked":"ClearTheMind","floor":12.0},{"not_picked":["ClearTheMind","SandsOfTime"],"picked":"SashWhip","floor":14.0},{"not_picked":["Establishment","SpiritShield"],"picked":"LessonLearned","floor":16.0},{"not_picked":["PathToVictory","Wallop"],"picked":"Halt+1","floor":18.0},{"not_picked":["ReachHeaven","Evaluate"],"picked":"Protect","floor":20.0},{"not_picked":["EmptyBody","ClearTheMind"],"picked":"FearNoEvil","floor":22.0},{"not_picked":["CutThroughFate","Protect"],"picked":"Adaptation+1","floor":23.0},{"not_picked":["Perseverance","FlyingSleeves"],"picked":"EmptyFist","floor":24.0},{"not_picked":["Sanctity","SandsOfTime"],"picked":"Halt","floor":25.0},{"not_picked":["EmptyBody","WindmillStrike","Evaluate+1"],"picked":"SKIP","floor":28.0},{"not_picked":["LikeWater+1","Scrawl"],"picked":"Adaptation","floor":29.0},{"not_picked":["Protect","DeceiveReality","Consecrate"],"picked":"SKIP","floor":30.0},{"not_picked":["Vengeance+1","Conclude"],"picked":"EmptyFist","floor":31.0},{"not_picked":["Sanctity","Consecrate+1"],"picked":"FlurryOfBlows","floor":35.0},{"not_picked":["Consecrate","BowlingBash"],"picked":"TalkToTheHand","floor":36.0},{"not_picked":["Dramatic Entrance","Enlightenment"],"picked":"Deep Breath","floor":39.0},{"not_picked":["SandsOfTime+1","Collect"],"picked":"FearNoEvil+1","floor":41.0},{"not_picked":["FlyingSleeves","Study"],"picked":"ThirdEye","floor":44.0},{"not_picked":["Protect","FlyingSleeves"],"picked":"FlurryOfBlows","floor":46.0},{"not_picked":["Consecrate","ForeignInfluence"],"picked":"EmptyBody+1","floor":47.0},{"not_picked":["WreathOfFlame","Evaluate+1"],"picked":"ClearTheMind","floor":48.0},{"not_picked":["Consecrate+1","FollowUp"],"picked":"JustLucky","floor":55}],"player_experience":4911529,"relics_obtained":[{"floor":7.0,"key":"HornCleat"},{"floor":9.0,"key":"Thread and Needle"},{"floor":10.0,"key":"Unceasing Top"},{"floor":12.0,"key":"Sundial"},{"floor":23.0,"key":"Omamori"},{"floor":25.0,"key":"Turnip"},{"floor":26.0,"key":"Mummified Hand"},{"floor":28.0,"key":"Eternal Feather"},{"floor":31.0,"key":"Tiny Chest"},{"floor":38.0,"key":"Pocketwatch"},{"floor":41.0,"key":"MealTicket"},{"floor":44.0,"key":"Peace Pipe"},{"floor":46.0,"key":"StoneCalendar"},{"floor":48.0,"key":"Nunchaku"},{"floor":55,"key":"Calipers"}],"event_choices":[{"damage_healed":0.0,"max_hp_gain":5.0,"max_hp_loss":0.0,"gold_gain":0.0,"event_name":"Big Fish","player_choice":"Donut","floor":2.0,"gold_loss":0.0,"damage_taken":0.0},{"damage_healed":18.0,"max_hp_gain":0.0,"max_hp_loss":0.0,"gold_gain":0.0,"event_name":"The Cleric","player_choice":"Healed","floor":5.0,"gold_loss":35.0,"damage_taken":0.0},{"damage_healed":0.0,"max_hp_gain":0.0,"max_hp_loss":0.0,"gold_gain":75.0,"event_name":"World of Goop","player_choice":"Gather Gold","floor":11.0,"gold_loss":0.0,"damage_taken":11.0},{"cards_removed":["SignatureMove"],"damage_healed":0.0,"max_hp_gain":0.0,"max_hp_loss":0.0,"gold_gain":0.0,"event_name":"Purifier","player_choice":"Purged","floor":19.0,"gold_loss":0.0,"damage_taken":0.0},{"damage_healed":0.0,"max_hp_gain":0.0,"max_hp_loss":0.0,"gold_gain":0.0,"event_name":"The Woman in Blue","player_choice":"Bought 1 Potion","floor":27.0,"gold_loss":0.0,"damage_taken":0.0},{"damage_healed":0.0,"max_hp_gain":0.0,"max_hp_loss":0.0,"gold_gain":0.0,"event_name":"Mysterious Sphere","player_choice":"Fight","floor":38.0,"gold_loss":0.0,"damage_taken":0.0},{"damage_healed":0.0,"max_hp_gain":0.0,"max_hp_loss":0.0,"gold_gain":0.0,"event_name":"SensoryStone","player_choice":"Memory 3","floor":39.0,"gold_loss":0.0,"damage_taken":10.0},{"damage_healed":0.0,"max_hp_gain":0.0,"max_hp_loss":0.0,"gold_gain":0.0,"event_name":"MindBloom","player_choice":"Fight","floor":46.0,"gold_loss":0.0,"damage_taken":0.0}],"is_beta":false,"boss_relics":[{"not_picked":["Velvet Choker","SacredBark"],"picked":"Pandora\u0027s Box"},{"not_picked":["Black Star","Snecko Eye"],"picked":"Coffee Dripper"}],"items_purged_floors":[21,37],"is_endless":false,"potions_floor_spawned":[7,10,14,16,20,23,29,30,33,38,41,46,47,55],"ascension_level":20}}