{"host":"t1puqh5lxz8sp6fn","time":1613072353,"event":{"mods":["AchievementEnabler","BaseMod","Colored Powertips","Minty Spire (QoL Compilation)","Rare Cards Sparkle","Relic Stats","StSLib"],"gold_per_floor":[112,112,212,230,241,260,260,285,335,345,345,28,48,76,76,152,152,171,34,48,63,83,83,83],"floor_reached":23,"playtime":1226,"items_purged":[],"score":359,"play_id":"f8056013-0107-48a0-8901-60c91c2da149","local_time":"20210211163913","is_ascension_mode":true,"campfire_choices":[{"data":"Deadly Poison","floor":7.0,"key":"SMITH"},{"data":"Catalyst","floor":11.0,"key":"SMITH"},{"data":"Doppelganger","floor":15.0,"key":"SMITH"}],"circlet_count":0,"master_deck":["AscendersBane","Strike_G","Strike_G","Strike_G","Defend_G","Defend_G","Defend_G","Defend_G","Defend_G","Survivor","Neutralize","Catalyst+1","Cloak And Dagger","PiercingWail","Deadly Poison+1","Doppelganger+1","Poisoned Stab","Noxious Fumes+1","Acrobatics","Caltrops+1","Burst","Blade Dance","Die Die Die","Catalyst+1","Dagger Spray+1","Accuracy+1"],"relics":["Ring of the Snake","MealTicket","Pantograph","Bag of Preparation","Frozen Egg 2","Orichalcum","Empty Cage"],"acts_visited":["Exordium","TheCity"],"potions_floor_usage":[21,23,23],"damage_taken":[{"damage":4.0,"enemies":"Small Slimes","floor":1.0,"turns":4.0},{"damage":0.0,"enemies":"Jaw Worm","floor":4.0,"turns":5.0},{"damage":0.0,"enemies":"Cultist","floor":5.0,"turns":5.0},{"damage":17.0,"enemies":"Looter","floor":6.0,"turns":4.0},{"damage":6.0,"enemies":"Gremlin Nob","floor":8.0,"turns":3.0},{"damage":1.0,"enemies":"3 Louse","floor":10.0,"turns":3.0},{"damage":2.0,"enemies":"Exordium Thugs","floor":13.0,"turns":4.0},{"damage":7.0,"enemies":"3 Sentries","floor":14.0,"turns":6.0},{"damage":10.0,"enemies":"The Guardian","floor":16.0,"turns":7.0},{"damage":0.0,"enemies":"Spheric Guardian","floor":18.0,"turns":4.0},{"damage":18,"enemies":"2 Thieves","floor":20,"turns":3},{"damage":24,"enemies":"Centurion and Healer","floor":21,"turns":6},{"damage":0,"enemies":"Snecko","floor":22,"turns":2},{"damage":30,"enemies":"Slavers","floor":23,"turns":2}],"seed_played":"354680691241379925","potions_obtained":[{"floor":1.0,"key":"AttackPotion"},{"floor":5.0,"key":"EssenceOfSteel"},{"floor":8.0,"key":"EntropicBrew"},{"floor":16.0,"key":"Block Potion"},{"floor":21,"key":"CunningPotion"}],"is_trial":false,"path_per_floor":["M","?","?","M","M","M","R","E","T","M","R","$","M","E","R","B",null,"M","$","M","M","M","E"],"character_chosen":"THE_SILENT","items_purchased":["Frozen Egg 2","Noxious Fumes+1","Die Die Die"],"campfire_rested":0,"item_purchase_floors":[12,12,19],"current_hp_per_floor":[55,60,60,60,60,43,43,37,37,36,36,51,49,42,42,57,68,68,71,53,29,29,0,0],"gold":83,"neow_bonus":"RANDOM_COMMON_RELIC","is_daily":false,"chose_seed":false,"campfire_upgraded":3,"win_rate":0.0,"timestamp":1613072353,"path_taken":["M","?","?","M","M","M","R","E","T","M","R","$","M","E","R","BOSS","M","$","?","M","M","E"],"items_purchased_type":["Relic","Card","Card"],"build_version":"2020-12-13","purchased_purges":0,"victory":false,"max_hp_per_floor":[66,71,71,71,71,71,71,71,71,71,71,71,71,71,71,71,71,71,71,71,71,71,71,71],"relic_stats":{"counters":[14,58],"Pantograph":25,"MealTicket":18,"Bag of Preparation":[18],"Orichalcum":[78],"obtain_stats":[{"Pantograph":8,"MealTicket":0,"Bag of Preparation":9,"Frozen Egg 2":12,"Orichalcum":14,"Empty Cage":17,"Ring of the Snake":0},{"Pantograph":5,"MealTicket":0,"Bag of Preparation":5,"Frozen Egg 2":6,"Orichalcum":8,"Empty Cage":9,"Ring of the Snake":0},{"Pantograph":21,"MealTicket":0,"Bag of Preparation":21,"Frozen Egg 2":24,"Orichalcum":34,"Empty Cage":41,"Ring of the Snake":0}],"Ring of the Snake":[28]},"card_choices":[{"not_picked":["Setup","Outmaneuver"],"picked":"Catalyst","floor":1.0},{"not_picked":["Concentrate","Dodge and Roll"],"picked":"Cloak And Dagger","floor":4.0},{"not_picked":["Concentrate","Prepared"],"picked":"PiercingWail","floor":5.0},{"not_picked":["Concentrate","Finisher"],"picked":"Deadly Poison","floor":6.0},{"not_picked":["Heel Hook","Deadly Poison"],"picked":"Doppelganger","floor":8.0},{"not_picked":["Acrobatics","Caltrops"],"picked":"Poisoned Stab","floor":10.0},{"not_picked":["Poisoned Stab","Dodge and Roll"],"picked":"Acrobatics","floor":13.0},{"not_picked":["Backflip","Slice"],"picked":"Caltrops+1","floor":14.0},{"not_picked":["Night Terror","Unload"],"picked":"Burst","floor":16.0},{"not_picked":["Backstab","Choke"],"picked":"Blade Dance","floor":18.0},{"not_picked":["Slice","Underhanded Strike"],"picked":"Catalyst+1","floor":20},{"not_picked":["Choke","Slice"],"picked":"Dagger Spray+1","floor":21},{"not_picked":["Prepared","Riddle With Holes"],"picked":"Accuracy+1","floor":22}],"player_experience":509501,"relics_obtained":[{"floor":8.0,"key":"Pantograph"},{"floor":9.0,"key":"Bag of Preparation"},{"floor":14.0,"key":"Orichalcum"}],"event_choices":[{"damage_healed":0.0,"max_hp_gain":5.0,"max_hp_loss":0.0,"gold_gain":0.0,"event_name":"Big Fish","player_choice":"Donut","floor":2.0,"gold_loss":0.0,"damage_taken":0.0},{"damage_healed":0.0,"max_hp_gain":0.0,"max_hp_loss":0.0,"gold_gain":100.0,"event_name":"Wheel of Change","player_choice":"Gold","floor":3.0,"gold_loss":0.0,"damage_taken":0.0}],"is_beta":false,"boss_relics":[{"not_picked":["Ring of the Serpent","Sozu"],"picked":"Empty Cage"}],"items_purged_floors":[],"is_endless":false,"potions_floor_spawned":[1,5,8,16,20,21,22],"killed_by":"Slavers","ascension_level":15}}