{"host":"7ehetwor6je7lmw8","time":1613066850,"event":{"mods":["AchievementEnabler","BaseMod","BetterRewards","Colored Powertips","Custom Start","Infinite Spire","Minty Spire (QoL Compilation)","Quick Restart","Replay The Spire","StSLib","The Jungle"],"gold_per_floor":[117,117,135,152,117,117,127,127,150,161,180,180,199,214,214,319,319,338,338,355,355,535,569,583,583,583,596,596,596,596,614,614,710,710,726,736,736,736,327,327,107,124,124,144,144,177,477,497,497,497],"floor_reached":51,"language":"POL","playtime":1459,"items_purged":["Defend_R","Defend_R","Demonic Infusion"],"score":941,"play_id":"477eed51-035d-4f51-909a-ea1cb266ae60","local_time":"20210211190730","is_ascension_mode":false,"campfire_choices":[{"data":"Flex","floor":6,"key":"SMITH"},{"data":"Heavy Blade","floor":12,"key":"SMITH"},{"data":"Infernal Blade","floor":15,"key":"SMITH"},{"data":"Infernal Blade","floor":25,"key":"SMITH"},{"floor":32,"key":"REST"},{"data":"Pommel Strike","floor":40,"key":"SMITH"},{"data":"Whirlwind","floor":45,"key":"SMITH"},{"data":"Inflame","floor":49,"key":"SMITH"}],"circlet_count":0,"master_deck":["Strike_R","Strike_R","Strike_R","Strike_R","Defend_R","Bash","Bash","Warcry+1","Flex+1","Anger","Infernal Blade+1","Flex+1","Heavy Blade+1","Anger","Infernal Blade+1","Anger+1","Shame","Heavy Blade+1","Warcry","Amnesia","Sword Boomerang+1","Voices","Sickly","Anger","Pommel Strike+1","Limit Break","Anger+1","Whirlwind+1","Inflame+1","ReplayTheSpireMod:Splinters"],"relics":["Burning Blood","Red Skull","DollysMirror","Torii","Strawberry","Ice Cream","Chemical X","Du-Vu Doll","Brimstone","Boot","Cursed Key","Ginger","Sozu","Lizard Tail","Question Card","Ginger","Ring of Hypnosis","Ring of Panic","Pear","Runic Dome","SlaversCollar","Lee\u0027s Waffle","Lantern","Toxic Egg 2","Ancient Tea Set","Omamori","Nunchaku"],"acts_visited":["TheCity","TheBeyond"],"potions_floor_usage":[10,16,16,33],"damage_taken":[{"damage":0,"enemies":"Cultist","floor":1,"turns":2},{"damage":6,"enemies":"2 Louse","floor":3,"turns":2},{"damage":7,"enemies":"Jaw Worm","floor":4,"turns":2},{"damage":0,"enemies":"Looter","floor":7,"turns":1},{"damage":10,"enemies":"Gremlin Gang","floor":10,"turns":2},{"damage":0,"enemies":"Exordium Wildlife","floor":11,"turns":2},{"damage":11,"enemies":"Looter","floor":13,"turns":2},{"damage":0,"enemies":"3 Louse","floor":14,"turns":2},{"damage":12,"enemies":"Slime Boss","floor":16,"turns":5},{"damage":11,"enemies":"Shell Parasite","floor":18,"turns":2},{"damage":11,"enemies":"2 Thieves","floor":20,"turns":2},{"damage":39,"enemies":"Replay:Snechameleon","floor":23,"turns":3},{"damage":0,"enemies":"Snake Plant","floor":24,"turns":1},{"damage":0,"enemies":"Sentry and Sphere","floor":27,"turns":2},{"damage":0,"enemies":"Snecko","floor":31,"turns":1},{"damage":41,"enemies":"Champ","floor":33,"turns":3},{"damage":13,"enemies":"Orb Walker","floor":35,"turns":2},{"damage":18,"enemies":"3 Shapes","floor":36,"turns":2},{"damage":0,"enemies":"Sphere and 2 Shapes","floor":42,"turns":1},{"damage":0,"enemies":"Jaw Worm Horde","floor":44,"turns":2},{"damage":4,"enemies":"Giant Head","floor":46,"turns":3},{"damage":0,"enemies":"Writhing Mass","floor":48,"turns":1},{"damage":56,"enemies":"Donu and Deca","floor":50,"turns":3}],"seed_played":"-6355266581582331502","potions_obtained":[{"floor":3,"key":"LiquidMemories"},{"floor":7,"key":"Regen Potion"},{"floor":13,"key":"SkillPotion"},{"floor":16,"key":"BlessingOfTheForge"}],"is_trial":false,"path_per_floor":["M","$","M","M","?","R","M","?","T","M","M","R","M","M","R","B",null,"M","AVR","M","?","?","E","M","R","T","M","?","T","?","M","R","B",null,"M","M","AVR","?","$","R","$","M","T","M","R","E","?","M","R","B",null],"character_chosen":"IRONCLAD","items_purchased":["Red Skull","DollysMirror","Warcry+1","Strawberry","Ice Cream","Chemical X","Flex","Anger","Infernal Blade","Du-Vu Doll","Brimstone","Flex+1","Lantern","Toxic Egg 2","Ancient Tea Set","Whirlwind"],"campfire_rested":1,"item_purchase_floors":[0,0,0,0,0,0,0,0,0,0,0,0,39,39,41,41],"current_hp_per_floor":[45,45,45,44,65,65,71,71,71,67,73,73,68,74,74,80,87,82,82,77,77,58,25,31,31,31,37,37,47,47,53,82,47,97,90,78,104,104,104,104,104,104,104,104,104,104,104,104,104,54],"gold":497,"neow_bonus":"","is_daily":false,"chose_seed":false,"campfire_upgraded":7,"win_rate":0.0,"timestamp":1613066850,"path_taken":["M","$","?","M","?","R","M","?","T","M","M","R","M","?","R","BOSS","M","AVR","M","?","?","E","M","R","T","?","?","?","?","M","R","BOSS","M","M","AVR","?","?","R","$","M","T","M","R","E","?","M","R","BOSS"],"items_purchased_type":["Relic","Relic","Card","Relic","Relic","Relic","Card","Card","Card","Relic","Relic","Card","Relic","Relic","Relic","Card"],"build_version":"2020-12-22","purchased_purges":3,"victory":true,"max_hp_per_floor":[87,87,87,87,87,87,87,87,87,87,87,87,87,87,87,87,87,87,87,87,87,87,87,87,87,87,87,87,97,97,97,97,97,97,97,97,104,104,104,104,104,104,104,104,104,104,104,104,104,104],"card_choices":[{"not_picked":["Thunderclap","Twin Strike","Havoc"],"picked":"SKIP","floor":1},{"not_picked":["Reckless Charge","Sword Boomerang","Hemokinesis"],"picked":"SKIP","floor":3},{"not_picked":["Carnage","Dropkick","Rupture"],"picked":"SKIP","floor":4},{"not_picked":["Entrench","Disarm"],"picked":"Heavy Blade","floor":7},{"not_picked":["Iron Wave","Inflame","Havoc"],"picked":"SKIP","floor":10},{"not_picked":["True Grit","Twin Strike","Body Slam"],"picked":"SKIP","floor":11},{"not_picked":["Replay:Undeath\u0027s Touch","Demonic Infusion"],"picked":"Anger","floor":13},{"not_picked":["Perfected Strike","Dark Embrace","Body Slam"],"picked":"SKIP","floor":14},{"not_picked":["Immolate","Corruption"],"picked":"Demonic Infusion","floor":16},{"not_picked":["Havoc","Twin Strike"],"picked":"Infernal Blade","floor":18},{"not_picked":["ReplayTheSpireMod:LeadingStrike","Pommel Strike+1"],"picked":"Anger+1","floor":20},{"not_picked":["Perfected Strike","Bludgeon"],"picked":"Heavy Blade","floor":23},{"not_picked":["Pommel Strike","Havoc","Sword Boomerang"],"picked":"Warcry","floor":24},{"not_picked":["Bludgeon","ReplayTheSpireMod:Corrosion Curse","Iron Wave+1"],"picked":"Sword Boomerang+1","floor":27},{"not_picked":["Heavy Blade","Disarm","Perfected Strike"],"picked":"Pommel Strike","floor":31},{"not_picked":["Fiend Fire","Hemogenesis","Demon Form"],"picked":"Limit Break","floor":33},{"not_picked":["Wild Strike","Heavy Blade","Abandon"],"picked":"Anger+1","floor":35},{"not_picked":["Thunderclap","Uppercut","ReplayTheSpireMod:Corrosion Curse+1","Bloodletting"],"picked":"SKIP","floor":36},{"not_picked":["Twin Strike+1","Dropkick+1","Exhume+1"],"picked":"Inflame","floor":42},{"not_picked":["Rampage","Wild Strike","Havoc+1","Uppercut"],"picked":"SKIP","floor":44},{"not_picked":["Combust","Twin Strike","Carnage","ReplayTheSpireMod:Strike From Hell+1"],"picked":"SKIP","floor":46},{"not_picked":["Replay:Undeath\u0027s Touch","Clothesline","Havoc+1","Cleave+1"],"picked":"SKIP","floor":48}],"player_experience":66996,"relics_obtained":[{"floor":9,"key":"Boot"},{"floor":23,"key":"Question Card"},{"floor":26,"key":"Ginger"},{"floor":28,"key":"Ring of Hypnosis"},{"floor":28,"key":"Ring of Panic"},{"floor":29,"key":"Pear"},{"floor":43,"key":"Omamori"},{"floor":46,"key":"Nunchaku"}],"event_choices":[{"damage_healed":21,"gold_gain":0,"player_choice":"Healed","damage_taken":0,"max_hp_gain":0,"max_hp_loss":0,"event_name":"The Cleric","floor":5,"gold_loss":35},{"cards_removed":["Defend_R"],"damage_healed":0,"gold_gain":0,"player_choice":"Purged","damage_taken":0,"max_hp_gain":0,"max_hp_loss":0,"event_name":"Purifier","floor":8,"gold_loss":0},{"damage_healed":0,"gold_gain":0,"player_choice":"Stole Relic","damage_taken":0,"relics_obtained":["Lizard Tail"],"max_hp_gain":0,"max_hp_loss":0,"event_name":"Addict","floor":21,"gold_loss":0,"cards_obtained":["Shame"]},{"damage_healed":0,"gold_gain":180,"player_choice":"GOLD GOLD ","damage_taken":19,"max_hp_gain":0,"max_hp_loss":0,"event_name":"Knowing Skull","floor":22,"potions_obtained":[],"gold_loss":0,"cards_obtained":[]},{"damage_healed":0,"gold_gain":0,"player_choice":"Read","damage_taken":0,"max_hp_gain":0,"max_hp_loss":0,"event_name":"The Library","floor":30,"gold_loss":0,"cards_obtained":["Anger"]},{"damage_healed":0,"gold_gain":0,"player_choice":"Upgraded","damage_taken":0,"max_hp_gain":0,"max_hp_loss":0,"event_name":"Upgrade Shrine","floor":38,"gold_loss":0,"cards_upgraded":["Heavy Blade"]},{"damage_healed":0,"gold_gain":300,"player_choice":"Gold","damage_taken":0,"max_hp_gain":0,"max_hp_loss":0,"event_name":"Wheel of Change","floor":47,"gold_loss":0}],"is_beta":false,"boss_relics":[{"not_picked":["SacredBark","Velvet Choker"],"picked":"Cursed Key"},{"not_picked":["Empty Cage","Runic Pyramid"],"picked":"Runic Dome"}],"items_purged_floors":[0,19,37],"is_endless":false,"potions_floor_spawned":[3,7,13,16,20,23,24,31,33,46],"ascension_level":0}}