{"host":"ydujlihd8f5px9gp","time":1613085192,"event":{"mods":["AchievementEnabler","BaseMod","Block Reminder","Colored Map","Minty Spire (QoL Compilation)","StSLib","ojb\u0027s Info Mod"],"gold_per_floor":[116,128,140,140,152,152,177,193,262,293,293,322,322,350,350,350,350],"floor_reached":16,"language":"ENG","playtime":641,"items_purged":[],"score":163,"play_id":"707a92eb-f34c-44a7-ac44-4c17894d53d3","local_time":"20210211211312","is_ascension_mode":true,"campfire_choices":[{"data":"Bash","floor":6,"key":"SMITH"},{"data":"Shrug It Off","floor":13,"key":"SMITH"},{"data":"Shrug It Off","floor":15,"key":"SMITH"}],"circlet_count":0,"master_deck":["Strike_R","Strike_R","Strike_R","Strike_R","Strike_R","Defend_R","Defend_R","Defend_R","Defend_R","Bash+1","Carnage+1","Shrug It Off+1","Shrug It Off+1"],"relics":["Burning Blood","Potion Belt","Self Forming Clay","Dead Branch","Regal Pillow","Calipers"],"acts_visited":["Exordium"],"potions_floor_usage":[7,8,14,14],"damage_taken":[{"damage":8,"enemies":"Jaw Worm","floor":1,"turns":5},{"damage":1,"enemies":"Cultist","floor":2,"turns":4},{"damage":2,"enemies":"2 Louse","floor":3,"turns":4},{"damage":7,"enemies":"Looter","floor":5,"turns":4},{"damage":31,"enemies":"Lagavulin","floor":7,"turns":6},{"damage":0,"enemies":"Lots of Slimes","floor":8,"turns":2},{"damage":29,"enemies":"Gremlin Nob","floor":10,"turns":4},{"damage":23,"enemies":"3 Sentries","floor":12,"turns":7},{"damage":20,"enemies":"Gremlin Nob","floor":14,"turns":4},{"damage":55,"enemies":"The Guardian","floor":16,"turns":10}],"seed_played":"8281080686617426161","potions_obtained":[{"floor":3,"key":"Explosive Potion"},{"floor":7,"key":"Fruit Juice"},{"floor":8,"key":"Fire Potion"},{"floor":12,"key":"Explosive Potion"}],"is_trial":false,"path_per_floor":["M","M","M","?","M","R","E","M","T","E","?","E","R","E","R","B"],"character_chosen":"IRONCLAD","items_purchased":[],"campfire_rested":0,"item_purchase_floors":[],"current_hp_per_floor":[86,88,88,88,87,87,67,73,73,50,93,76,76,62,62,7,7],"gold":350,"neow_bonus":"TEN_PERCENT_HP_BONUS","is_daily":false,"chose_seed":false,"campfire_upgraded":3,"win_rate":0.0,"timestamp":1613085192,"path_taken":["M","M","M","?","M","R","E","M","T","E","?","E","R","E","R","BOSS"],"items_purchased_type":[],"build_version":"2020-12-22","purchased_purges":0,"victory":false,"max_hp_per_floor":[88,88,88,88,88,88,93,93,93,93,93,93,93,93,93,93,93],"card_choices":[{"not_picked":["Sword Boomerang","Seeing Red","Spot Weakness"],"picked":"SKIP","floor":1},{"not_picked":["Headbutt","Flex","Clothesline"],"picked":"SKIP","floor":2},{"not_picked":["Clothesline","Limit Break"],"picked":"Carnage","floor":3},{"not_picked":["Sentinel","True Grit"],"picked":"Shrug It Off","floor":5},{"not_picked":["Sword Boomerang","Carnage"],"picked":"Dropkick","floor":7},{"not_picked":["Anger","Flex","Clothesline"],"picked":"SKIP","floor":8},{"not_picked":["Warcry","Sever Soul","Hemokinesis"],"picked":"SKIP","floor":10},{"not_picked":["Sword Boomerang","True Grit","Berserk"],"picked":"SKIP","floor":12},{"not_picked":["Wild Strike","Warcry"],"picked":"Shrug It Off","floor":14}],"player_experience":158093,"relics_obtained":[{"floor":7,"key":"Potion Belt"},{"floor":9,"key":"Self Forming Clay"},{"floor":10,"key":"Dead Branch"},{"floor":12,"key":"Regal Pillow"},{"floor":14,"key":"Calipers"}],"event_choices":[{"damage_healed":0,"gold_gain":0,"player_choice":"Grow","damage_taken":0,"max_hp_gain":0,"max_hp_loss":0,"event_name":"Living Wall","floor":4,"gold_loss":0,"cards_upgraded":["Carnage"]},{"cards_removed":["Dropkick"],"damage_healed":43,"gold_gain":0,"player_choice":"Offered Uncommon","damage_taken":0,"max_hp_gain":0,"max_hp_loss":0,"event_name":"Bonfire Elementals","floor":11,"gold_loss":0}],"is_beta":false,"boss_relics":[],"items_purged_floors":[],"is_endless":false,"potions_floor_spawned":[3,7,8,12],"killed_by":"The Guardian","ascension_level":5}}