{"host":"gin1e6e6f2y0ngxx","time":1613054643,"event":{"mods":["AchievementEnabler","Act Like it!","BaseMod","Downfall","Hallownest","Infinite Spire","Minty Spire (QoL Compilation)","StSLib","The Bug Knight","The Cursed","The Hierophant"],"gold_per_floor":[114,131,147,166,140,140,160,195,195,224,234,234,260,67,67,166,166,182,200,217,235,255,255,289,22,45,57,72,88,88,101,101,201,201,213,213,233,243,243,243,268,284,362,462,478,38,52,81,81,81],"floor_reached":51,"language":"ENG","playtime":3885,"items_purged":["Parasite","Shame"],"score":923,"play_id":"89e23d07-1b9c-4bd7-9afd-23c72e6f25c9","local_time":"20210211044403","is_ascension_mode":true,"campfire_choices":[{"floor":6,"key":"REST"},{"floor":15,"key":"REST"},{"data":"Catalyst","floor":15,"key":"SMITH"},{"floor":23,"key":"REST"},{"data":"Leg Sweep","floor":23,"key":"SMITH"},{"data":"infinitespire:Execution","floor":32,"key":"SMITH"},{"data":"infinitespire:DeathsTouch","floor":40,"key":"SMITH"},{"data":"infinitespire:Starlight","floor":49,"key":"SMITH"}],"circlet_count":0,"master_deck":["Strike_G","Strike_G","Strike_G","Defend_G","Defend_G","Defend_G","Defend_G","Defend_G","Survivor","Neutralize","Sucker Punch","Catalyst+1","Leg Sweep+1","Deadly Poison","Distraction","Predator","infinitespire:Neurotoxin+1","Deadly Poison","Footwork","Bouncing Flask","Die Die Die","Deflect+1","A Thousand Cuts+1","Infinite Blades+1","Sucker Punch+1","Backflip+1","Cloak And Dagger","Poisoned Stab+1","Deadly Poison","Outmaneuver","PiercingWail","All Out Attack","Die Die Die","Deadly Poison+1","infinitespire:Starlight+1","infinitespire:Execution+1","infinitespire:Gouge","infinitespire:Fortify","Infinite Blades+1","Bullet Time","PiercingWail+1","Master of Strategy","Heel Hook+1","Acrobatics+1","infinitespire:DeathsTouch+1","Blade Dance","Expertise+1","Injury","Escape Plan+1","infinitespire:Starlight","Terror+1","Catalyst+1"],"relics":["Cursed Key","Mercury Hourglass","Darkstone Periapt","infinitespire:Magic Flask","Eternal Feather","Toolbox","Astrolabe","Paper Crane","infinitespire:PuzzleCube","Strawberry","OrangePellets","bronze:MakeshiftBattery","Sundial","infinitespire:Satchel","Bottled Flame","Thread and Needle","DollysMirror","Blue Candle"],"acts_visited":["Exordium","TheCity","TheBeyond"],"potions_floor_usage":[4,5,13,18,21,22,33,38,41,50],"damage_taken":[{"damage":0,"enemies":"Cultist","floor":1,"turns":5},{"damage":0,"enemies":"Small Slimes","floor":2,"turns":4},{"damage":1,"enemies":"Jaw Worm","floor":3,"turns":3},{"damage":3,"enemies":"2 Fungi Beasts","floor":4,"turns":4},{"damage":12,"enemies":"Exordium Thugs","floor":5,"turns":7},{"damage":0,"enemies":"Blue Slaver","floor":7,"turns":4},{"damage":29,"enemies":"3 Sentries","floor":8,"turns":12},{"damage":25,"enemies":"Lagavulin","floor":10,"turns":7},{"damage":0,"enemies":"Large Slime","floor":11,"turns":4},{"damage":2,"enemies":"Gremlin Nob","floor":13,"turns":3},{"damage":16,"enemies":"The Guardian","floor":16,"turns":5},{"damage":17,"enemies":"3 Byrds","floor":18,"turns":3},{"damage":0,"enemies":"Spheric Guardian","floor":19,"turns":3},{"damage":11,"enemies":"Snake Plant","floor":20,"turns":3},{"damage":10,"enemies":"Chosen and Byrds","floor":21,"turns":3},{"damage":14,"enemies":"Sentry and Sphere","floor":22,"turns":4},{"damage":18,"enemies":"Book of Stabbing","floor":24,"turns":6},{"damage":0,"enemies":"Cultist and Chosen","floor":27,"turns":3},{"damage":0,"enemies":"Shelled Parasite and Fungi","floor":28,"turns":2},{"damage":4,"enemies":"Snecko","floor":29,"turns":5},{"damage":11,"enemies":"Centurion and Healer","floor":31,"turns":6},{"damage":0,"enemies":"Automaton","floor":33,"turns":5},{"damage":17,"enemies":"3 Darklings","floor":35,"turns":2},{"damage":10,"enemies":"Orb Walker","floor":37,"turns":3},{"damage":1,"enemies":"Sphere and 2 Shapes","floor":38,"turns":3},{"damage":20,"enemies":"Reptomancer","floor":41,"turns":5},{"damage":23,"enemies":"4 Shapes","floor":42,"turns":3},{"damage":5,"enemies":"Spire Growth","floor":45,"turns":3},{"damage":0,"enemies":"3 Darklings","floor":47,"turns":2},{"damage":4,"enemies":"Giant Head","floor":48,"turns":4},{"damage":81,"enemies":"infinitespire:MassOfShapes","floor":50,"turns":5}],"seed_played":"-5801152432598662841","potions_obtained":[{"floor":2,"key":"Poison Potion"},{"floor":3,"key":"LiquidMemories"},{"floor":10,"key":"Poison Potion"},{"floor":11,"key":"Dexterity Potion"},{"floor":16,"key":"EssenceOfSteel"},{"floor":18,"key":"Fruit Juice"},{"floor":19,"key":"Fire Potion"},{"floor":28,"key":"bronze:BurnAndBuffPotion"},{"floor":29,"key":"CunningPotion"},{"floor":31,"key":"AttackPotion"},{"floor":33,"key":"EssenceOfSteel"},{"floor":35,"key":"DistilledChaos"},{"floor":37,"key":"infinitespire:BlackPotion"},{"floor":45,"key":"bronze:BurnAndBuffPotion"}],"is_trial":false,"path_per_floor":["M","M","M","M","M","R","M","E","T","E","M","?","E","$","R","B",null,"M","M","M","M","M","R","E","$","T","M","M","M","AVR","M","R","B",null,"M","?","M","M","AVR","R","E","M","T","?","M","$","M","E","R","B",null],"character_chosen":"THE_SILENT","items_purchased":["Toolbox","Bouncing Flask","PiercingWail","infinitespire:PuzzleCube","Thread and Needle","DollysMirror"],"campfire_rested":3,"item_purchase_floors":[14,14,25,25,46,46],"current_hp_per_floor":[70,70,69,66,54,70,70,41,41,16,16,16,14,14,47,31,70,58,58,47,37,23,63,45,45,58,58,58,54,54,53,74,74,85,68,68,68,67,67,85,75,52,58,58,63,63,63,84,91,35],"gold":81,"neow_bonus":"BOSS_RELIC","is_daily":false,"chose_seed":false,"campfire_upgraded":5,"win_rate":0.0,"timestamp":1613054643,"path_taken":["M","M","M","M","M","R","M","E","T","E","M","?","E","?","R","BOSS","M","M","M","M","M","R","E","$","T","M","M","M","AVR","M","R","BOSS","M","?","M","M","AVR","R","E","M","T","?","M","$","M","E","R","BOSS"],"items_purchased_type":["Relic","Card","Card","Relic","Relic","Relic"],"build_version":"2020-12-22","purchased_purges":2,"victory":true,"max_hp_per_floor":[70,70,70,70,70,70,70,70,70,70,70,70,70,70,70,70,70,75,75,75,75,75,75,75,72,85,85,85,85,85,85,85,85,85,85,85,85,85,85,85,85,85,91,91,91,91,91,91,91,91],"card_choices":[{"not_picked":["Tactician","Poisoned Stab"],"picked":"Sucker Punch","floor":1},{"not_picked":["PiercingWail","Escape Plan"],"picked":"Accuracy","floor":2},{"not_picked":["Sucker Punch","Deflect"],"picked":"Catalyst","floor":3},{"not_picked":["Underhanded Strike","Bane"],"picked":"Leg Sweep","floor":4},{"not_picked":["Bane","Predator"],"picked":"Deadly Poison","floor":5},{"not_picked":["Outmaneuver","Sucker Punch"],"picked":"Distraction","floor":7},{"not_picked":["Choke","Slice"],"picked":"Predator","floor":8},{"not_picked":["Quick Slash","PiercingWail"],"picked":"infinitespire:Neurotoxin","floor":10},{"not_picked":["Quick Slash","Expertise"],"picked":"Deadly Poison","floor":11},{"not_picked":["Leg Sweep","Bane"],"picked":"Footwork","floor":13},{"not_picked":["Envenom","Wraith Form v2"],"picked":"Die Die Die","floor":16},{"not_picked":["Calculated Gamble","Dagger Throw+1"],"picked":"Sucker Punch+1","floor":18},{"not_picked":["Deflect","Predator+1"],"picked":"Backflip+1","floor":19},{"not_picked":["Poisoned Stab","Expertise+1"],"picked":"Cloak And Dagger","floor":20},{"not_picked":["Escape Plan+1","Slice"],"picked":"Poisoned Stab+1","floor":21},{"not_picked":["Slice","Underhanded Strike"],"picked":"Deadly Poison","floor":22},{"not_picked":["Distraction","Choke"],"picked":"Outmaneuver","floor":24},{"not_picked":["Dagger Spray","Deflect+1"],"picked":"All Out Attack","floor":27},{"not_picked":["Predator","Choke"],"picked":"Die Die Die","floor":28},{"not_picked":["Acrobatics","Backflip+1"],"picked":"Deadly Poison+1","floor":29},{"not_picked":["Accuracy+1","Reflex"],"picked":"Infinite Blades+1","floor":31},{"not_picked":["Die Die Die","Glass Knife"],"picked":"Bullet Time","floor":33},{"not_picked":["Dagger Throw","Deflect"],"picked":"PiercingWail+1","floor":35},{"not_picked":["Madness","Flash of Steel"],"picked":"Master of Strategy","floor":36},{"not_picked":["Deflect+1","Expertise"],"picked":"Heel Hook+1","floor":37},{"not_picked":["Prepared+1","PiercingWail"],"picked":"Acrobatics+1","floor":38},{"not_picked":["Predator","Dagger Throw+1"],"picked":"Blade Dance","floor":41},{"not_picked":["Quick Slash+1","Doppelganger"],"picked":"Expertise+1","floor":42},{"not_picked":["Deadly Poison+1","Dagger Spray+1"],"picked":"Escape Plan+1","floor":45},{"not_picked":["Crippling Poison+1","Well Laid Plans"],"picked":"Terror+1","floor":47},{"not_picked":["Dodge and Roll","PiercingWail+1"],"picked":"Catalyst+1","floor":48}],"player_experience":169602,"relics_obtained":[{"floor":8,"key":"Mercury Hourglass"},{"floor":9,"key":"Darkstone Periapt"},{"floor":10,"key":"infinitespire:Magic Flask"},{"floor":13,"key":"Eternal Feather"},{"floor":24,"key":"Paper Crane"},{"floor":26,"key":"Strawberry"},{"floor":41,"key":"infinitespire:Satchel"},{"floor":43,"key":"Bottled Flame"},{"floor":48,"key":"Blue Candle"}],"event_choices":[{"damage_healed":0,"gold_gain":0,"player_choice":"Forge","damage_taken":0,"max_hp_gain":0,"max_hp_loss":0,"event_name":"Accursed Blacksmith","floor":12,"gold_loss":0,"cards_upgraded":["infinitespire:Neurotoxin"]},{"damage_healed":0,"gold_gain":0,"player_choice":"Memory 1","damage_taken":0,"max_hp_gain":0,"max_hp_loss":0,"event_name":"SensoryStone","floor":36,"gold_loss":0},{"damage_healed":0,"gold_gain":100,"player_choice":"Pray","damage_taken":0,"max_hp_gain":0,"max_hp_loss":0,"event_name":"Golden Shrine","floor":44,"gold_loss":0}],"is_beta":false,"boss_relics":[{"not_picked":["infinitespire:Cupcake","Ectoplasm"],"picked":"Astrolabe"},{"not_picked":["Tiny House","Coffee Dripper"],"picked":"bronze:MakeshiftBattery"}],"items_purged_floors":[25,30],"is_endless":false,"potions_floor_spawned":[2,3,10,11,16,18,19,22,28,29,31,33,35,37,45],"ascension_level":1}}