{"host":"rg29p8m4aqjozpzt","time":1613071860,"event":{"mods":["100% Spire Juice","Aspiration","Bartender","BaseMod","Beaked The Cultist","Better Altar","Better Match","Better Sensory Stone","Better Skull","Better Third Choice","BetterRewards","Chen","Colored Powertips","Conspire","Downfall","Friendly Minions","Hermit","Hubris","JesterMod","Magitek Elite","Minty Spire (QoL Compilation)","Permanent Neow","Prisma Mod","QueenMod","Quick Restart","Relic Filter","Reorder Act Four","Shade Mod","StSLib","SuperFastMode","The Alterego","The Marked","The Runesmith","Unceasing Turn Reminder"],"gold_per_floor":[112,130,130,30,30,30,56,22,47,47,65,99,99,109,109,212,212,226,246,246,257,270,270,299,299,299,324,324,341,375,388,388,490,490,504,339,353,370,172,172,188,202,202,202,234,250,250,260,260,260,260,24,24,56,56],"floor_reached":56,"language":"ENG","playtime":4943,"items_purged":["theMarked:Strike","theMarked:Strike","theMarked:Strike","theMarked:Strike"],"score":1560,"play_id":"7723b6ce-1775-4c1b-993b-556a716ef885","local_time":"20210211203100","is_ascension_mode":true,"campfire_choices":[{"data":"theMarked:GodGivenPower","floor":6,"key":"SMITH"},{"data":"theMarked:ComboAttacks","floor":10,"key":"SMITH"},{"data":"theMarked:Opportunist","floor":13,"key":"SMITH"},{"data":"theMarked:Maelstrom","floor":15,"key":"SMITH"},{"data":"theMarked:Defy","floor":23,"key":"SMITH"},{"data":"theMarked:Polarize","floor":25,"key":"SMITH"},{"data":"theMarked:EmpowerWeapon","floor":28,"key":"SMITH"},{"data":"theMarked:Improvise","floor":32,"key":"SMITH"},{"data":"theMarked:ComboAttacks","floor":40,"key":"SMITH"},{"data":"theMarked:Indomitable","floor":47,"key":"SMITH"},{"floor":49,"key":"RECALL"},{"data":"theMarked:SelfDefenseTraining","floor":53,"key":"SMITH"}],"circlet_count":0,"master_deck":["theMarked:Defend","theMarked:Defend","theMarked:Defend","theMarked:Defend","theMarked:SoldierOfQuellstein+1","theMarked:TunnelVision","theMarked:GodGivenPower+1","theMarked:ResourceFulStrike","theMarked:Improvise+1","theMarked:Defy+1","theMarked:EmpowerWeapon+1","theMarked:StartUp","theMarked:ComboAttacks+1","theMarked:TakeCover+1","theMarked:Maelstrom","theMarked:Maelstrom+1","theMarked:Opportunist+1","theMarked:Improvise","theMarked:OneWithTheBlade","theMarked:Toughness","theMarked:Electrify+1","theMarked:EmpowerWeapon","Slimebound:SlimeSpikes","theMarked:Polarize+1","theMarked:SwordAndMagic","theMarked:StartUp+1","theMarked:WardOff+1","theMarked:Indomitable+1","theMarked:TurnInvisible","theMarked:ComboAttacks+1","theMarked:SelfDefenseTraining+1","theMarked:ElectricStrings+1","theMarked:ChannelForce+1","theMarked:WardOff","Pain","theMarked:Aftermath+1","theMarked:Pokerface"],"relics":["theMarked:ArtifactOfAir","hubris:MedicalManual","TungstenRod","Runesmith:Locket","War Paint","hubris:Teleporter","hubris:Backtick","beaked:MendingPlumage","MealTicket","Mummified Hand","hubris:Reverence","conspire:Flyswatter","Busted Crown","WarpedTongs","aspiration:StickyExplosives_weak","aspiration:Lifesprig","Ornamental Fan"],"acts_visited":["Exordium","TheCity","TheBeyond","TheEnding"],"potions_floor_usage":[7,16,21,22,27,33,33,35,50,54,55],"damage_taken":[{"damage":0,"enemies":"Jaw Worm","floor":1,"turns":2},{"damage":0,"enemies":"Small Slimes","floor":2,"turns":2},{"damage":17,"enemies":"Lagavulin","floor":7,"turns":4},{"damage":0,"enemies":"2 Louse","floor":11,"turns":2},{"damage":6,"enemies":"3 Sentries","floor":12,"turns":3},{"damage":0,"enemies":"Large Slime","floor":14,"turns":4},{"damage":0,"enemies":"Slime Boss","floor":16,"turns":5},{"damage":27,"enemies":"Spheric Guardian","floor":18,"turns":6},{"damage":17,"enemies":"conspire:FuzzyDice","floor":19,"turns":5},{"damage":23,"enemies":"Snecko","floor":21,"turns":5},{"damage":8,"enemies":"Chosen and Byrds","floor":22,"turns":5},{"damage":48,"enemies":"Book of Stabbing","floor":24,"turns":5},{"damage":19,"enemies":"Gremlin Leader","floor":27,"turns":7},{"damage":18,"enemies":"Snake Plant","floor":29,"turns":3},{"damage":19,"enemies":"conspire:Head Lice","floor":30,"turns":6},{"damage":28,"enemies":"Snecko","floor":31,"turns":4},{"damage":57,"enemies":"Automaton","floor":33,"turns":11},{"damage":2,"enemies":"3 Shapes","floor":35,"turns":5},{"damage":23,"enemies":"3 Darklings","floor":37,"turns":8},{"damage":33,"enemies":"Writhing Mass","floor":38,"turns":6},{"damage":16,"enemies":"Maw","floor":41,"turns":7},{"damage":40,"enemies":"Sphere and 2 Shapes","floor":42,"turns":6},{"damage":36,"enemies":"Giant Head","floor":45,"turns":6},{"damage":28,"enemies":"3 Darklings","floor":46,"turns":5},{"damage":24,"enemies":"Maw","floor":48,"turns":5},{"damage":86,"enemies":"Time Eater","floor":50,"turns":8},{"damage":63,"enemies":"Shield and Spear","floor":54,"turns":7},{"damage":103,"enemies":"The Heart","floor":55,"turns":8}],"seed_played":"-4141550504552775037","potions_obtained":[{"floor":2,"key":"FearPotion"},{"floor":12,"key":"Strength Potion"},{"floor":14,"key":"SmokeBomb"},{"floor":19,"key":"AttackPotion"},{"floor":21,"key":"hexamod:SoulburnPotion"},{"floor":24,"key":"GamblersBrew"},{"floor":30,"key":"EntropicBrew"},{"floor":37,"key":"EssenceOfSteel"},{"floor":41,"key":"bronze:BurnAndBuffPotion"},{"floor":48,"key":"theMarked:ChargePotion"}],"is_trial":false,"path_per_floor":["M","M","?","$","?","R","E","?","T","R","M","E","R","M","R","B",null,"M","M","?","M","M","R","E","R","T","E","R","M","E","M","R","B",null,"M","$","M","M","$","R","M","M","T","?","E","M","R","M","R","B",null,"$","R","E","B",null],"character_chosen":"THE_DEFAULT","items_purchased":["hubris:MedicalManual","theMarked:TunnelVision","theMarked:GodGivenPower","theMarked:ResourceFulStrike","theMarked:SelfDefenseTraining","theMarked:WardOff","aspiration:Lifesprig","theMarked:Pokerface","Block Potion"],"campfire_rested":0,"item_purchase_floors":[0,0,0,0,36,39,52,52,52],"current_hp_per_floor":[38,38,32,32,32,32,15,15,15,15,15,9,9,9,9,9,70,53,54,54,52,61,61,30,30,30,30,30,23,33,22,22,20,70,70,70,70,59,70,70,61,49,49,49,47,48,48,56,56,4,70,70,70,40,30],"gold":56,"neow_bonus":"","is_daily":false,"chose_seed":false,"campfire_upgraded":11,"win_rate":0.0,"timestamp":1613071860,"path_taken":["M","M","?","$","?","R","E","?","T","R","M","E","R","M","R","BOSS","M","M","?","M","M","R","E","R","T","E","R","M","E","M","R","BOSS","M","$","M","M","$","R","M","M","T","?","E","?","R","M","R","BOSS","$","R","E","BOSS"],"items_purchased_type":["Relic","Card","Card","Card","Card","Card","Relic","Card","Potion"],"build_version":"2020-12-22","purchased_purges":4,"victory":true,"max_hp_per_floor":[70,70,70,70,70,70,70,70,70,70,70,70,70,70,70,70,70,70,70,70,70,70,70,70,70,70,70,70,70,70,70,70,70,70,70,70,70,70,70,70,70,70,70,70,70,70,70,70,70,70,70,70,70,70,70],"card_choices":[{"not_picked":["theMarked:Frustration","theMarked:ElectricStrings"],"picked":"theMarked:Improvise","floor":1},{"not_picked":["theMarked:BanishingStrike","theMarked:Frustration"],"picked":"theMarked:Defy","floor":2},{"not_picked":["theMarked:Challenge","theMarked:ResourceFulStrike"],"picked":"theMarked:Maelstrom","floor":7},{"not_picked":["theMarked:Seal","theMarked:ChainLightning"],"picked":"theMarked:Opportunist","floor":11},{"not_picked":["theMarked:EmpowerWeapon","theMarked:WardOff"],"picked":"theMarked:Improvise","floor":12},{"not_picked":["theMarked:Aftermath","theMarked:WardOff"],"picked":"theMarked:OneWithTheBlade","floor":14},{"not_picked":["theMarked:MagusForm","theMarked:Abjuration"],"picked":"theMarked:Toughness","floor":16},{"not_picked":["theMarked:Parry","theMarked:Reabsorb"],"picked":"theMarked:Electrify+1","floor":18},{"not_picked":["theMarked:MysticalArsenal","theMarked:Convert"],"picked":"theMarked:EmpowerWeapon","floor":19},{"not_picked":["theMarked:TheMission","theMarked:Overcharge+1"],"picked":"theMarked:Polarize","floor":21},{"not_picked":["theMarked:TheMission","theMarked:Improvise"],"picked":"theMarked:SwordAndMagic","floor":22},{"not_picked":["theMarked:ElectricStrings+1","theMarked:BanishingStrike"],"picked":"theMarked:StartUp+1","floor":24},{"not_picked":["theMarked:WardOff","theMarked:Panic","theMarked:Polarize"],"picked":"SKIP","floor":27},{"not_picked":["theMarked:BanishingStrike+1","theMarked:Panic","theMarked:SwordAndMagic"],"picked":"SKIP","floor":29},{"not_picked":["theMarked:HeightenedSenses+1","theMarked:ResourceFulStrike"],"picked":"theMarked:WardOff+1","floor":30},{"not_picked":["theMarked:Electrocute","theMarked:EnhanceMovement"],"picked":"theMarked:Indomitable","floor":31},{"not_picked":["theMarked:Defy","theMarked:Levitate"],"picked":"theMarked:TurnInvisible","floor":33},{"not_picked":[],"picked":"theMarked:ComboAttacks","floor":35},{"not_picked":[],"picked":"theMarked:ElectricStrings+1","floor":37},{"not_picked":[],"picked":"theMarked:ChannelForce+1","floor":38},{"not_picked":["theMarked:Parkour+1"],"picked":"SKIP","floor":41},{"not_picked":["theMarked:ChainLightning+1"],"picked":"SKIP","floor":42},{"not_picked":["theMarked:ChainLightning"],"picked":"SKIP","floor":45},{"not_picked":["theMarked:TakeCover+1"],"picked":"SKIP","floor":46},{"not_picked":[],"picked":"theMarked:Aftermath+1","floor":48},{"not_picked":["theMarked:Reabsorb+1"],"picked":"SKIP","floor":54}],"player_experience":1536488,"relics_obtained":[{"floor":7,"key":"Runesmith:Locket"},{"floor":9,"key":"War Paint"},{"floor":12,"key":"hubris:Teleporter"},{"floor":24,"key":"MealTicket"},{"floor":26,"key":"Mummified Hand"},{"floor":27,"key":"hubris:Reverence"},{"floor":30,"key":"conspire:Flyswatter"},{"floor":45,"key":"aspiration:StickyExplosives_weak"},{"floor":54,"key":"Ornamental Fan"}],"event_choices":[{"cards_removed":["theMarked:Strike"],"damage_healed":0,"gold_gain":0,"player_choice":"Card Removal","damage_taken":7,"max_hp_gain":0,"max_hp_loss":0,"event_name":"Golden Wing","floor":3,"gold_loss":0},{"damage_healed":0,"gold_gain":0,"player_choice":"Left","damage_taken":0,"max_hp_gain":0,"max_hp_loss":0,"event_name":"betterThird:BetterGoop","floor":8,"gold_loss":34},{"damage_healed":0,"gold_gain":0,"player_choice":"Read","damage_taken":0,"max_hp_gain":0,"max_hp_loss":0,"event_name":"The Library","floor":20,"gold_loss":0,"cards_obtained":["Slimebound:SlimeSpikes"]},{"damage_healed":0,"gold_gain":0,"player_choice":"Rummage","damage_taken":0,"relics_obtained":["WarpedTongs"],"max_hp_gain":0,"max_hp_loss":0,"event_name":"Accursed Blacksmith","floor":44,"gold_loss":0,"cards_obtained":["Pain"]}],"is_beta":false,"boss_relics":[{"not_picked":["aspiration:WatcherSkillbook","hubris:CrackedHourglass"],"picked":"hubris:Backtick"},{"not_picked":["conspire:SlowCooker","Cursed Key"],"picked":"Busted Crown"}],"items_purged_floors":[0,4,36,39],"is_endless":false,"potions_floor_spawned":[2,12,14,19,21,24,30,37,41,45,48],"ascension_level":1}}