{"host":"28p8ce41sjwa6lzf","time":1613081656,"event":{"mods":["BaseMod","Bestiary","Colored Map","Colored Powertips","Dark Map","Highlight Path","Minty Spire (QoL Compilation)","Permanent Neow","Quick Restart","Random Character Button","Rare Cards Sparkle","Relic Stats","StSLib","Unceasing Turn Reminder"],"gold_per_floor":[109,122,135,153,167,167,54,86,86,103,103,116,146,166,166,244,244,262,280,280,280,280],"floor_reached":21,"language":"ENG","playtime":1014,"items_purged":[],"score":415,"play_id":"cdf062e1-8f8f-4192-ada1-c7c651bf3cc8","local_time":"20210211161416","is_ascension_mode":true,"campfire_choices":[{"floor":6,"key":"REST"},{"floor":11,"key":"REST"},{"floor":15,"key":"REST"}],"circlet_count":0,"master_deck":["AscendersBane","Defend_B","Defend_B","Defend_B","Defend_B","Zap","Dualcast","Compile Driver","Cold Snap","Conserve Battery","Ball Lightning","Core Surge","Loop","Sunder","Reinforced Body","Cold Snap","Cold Snap","Blizzard","Consume","Creative AI","Barrage","Heatsinks","Bite","Bite","Bite","Bite","Bite"],"relics":["Inserter","Peace Pipe","Toy Ornithopter","Nunchaku","SacredBark"],"acts_visited":["Exordium","TheCity"],"potions_floor_usage":[8,16,16,18,19],"damage_taken":[{"damage":12,"enemies":"Cultist","floor":1,"turns":4},{"damage":11,"enemies":"2 Louse","floor":2,"turns":3},{"damage":4,"enemies":"Jaw Worm","floor":3,"turns":4},{"damage":1,"enemies":"Blue Slaver","floor":4,"turns":5},{"damage":18,"enemies":"Red Slaver","floor":5,"turns":4},{"damage":26,"enemies":"3 Sentries","floor":8,"turns":7},{"damage":4,"enemies":"Looter","floor":10,"turns":4},{"damage":11,"enemies":"Large Slime","floor":12,"turns":5},{"damage":17,"enemies":"Lagavulin","floor":13,"turns":8},{"damage":0,"enemies":"3 Louse","floor":14,"turns":3},{"damage":27,"enemies":"Slime Boss","floor":16,"turns":7},{"damage":21,"enemies":"Shell Parasite","floor":18,"turns":9},{"damage":0,"enemies":"Spheric Guardian","floor":19,"turns":1},{"damage":55,"enemies":"Snecko","floor":21,"turns":8}],"seed_played":"-4258956183040353776","potions_obtained":[{"floor":2,"key":"Strength Potion"},{"floor":5,"key":"LiquidBronze"},{"floor":12,"key":"SteroidPotion"},{"floor":16,"key":"Block Potion"},{"floor":18,"key":"Fire Potion"}],"is_trial":false,"path_per_floor":["M","M","M","M","M","R","$","E","T","M","R","M","E","M","R","B",null,"M","M","?","M"],"character_chosen":"DEFECT","items_purchased":["Loop","Sunder"],"campfire_rested":3,"item_purchase_floors":[7,7],"current_hp_per_floor":[52,41,37,36,18,39,39,13,13,9,30,19,2,2,23,6,55,39,44,44,0,0],"gold":280,"neow_bonus":"BOSS_RELIC","is_daily":false,"chose_seed":false,"campfire_upgraded":0,"win_rate":0.0,"timestamp":1613081656,"path_taken":["M","M","M","M","M","R","?","E","T","?","R","M","E","M","R","BOSS","M","M","?","M"],"items_purchased_type":["Card","Card"],"build_version":"2020-12-22","purchased_purges":0,"victory":false,"max_hp_per_floor":[71,71,71,71,71,71,71,71,71,71,71,71,71,71,71,71,71,71,71,49,49,49],"relic_stats":{"Peace Pipe":0,"Nunchaku":[5],"Inserter":[36],"counters":[14,71],"obtain_stats":[{"Peace Pipe":8,"Nunchaku":13,"Inserter":0,"SacredBark":17,"Cracked Core":0,"Toy Ornithopter":9},{"Peace Pipe":6,"Nunchaku":9,"Inserter":0,"SacredBark":11,"Cracked Core":0,"Toy Ornithopter":6},{"Peace Pipe":26,"Nunchaku":43,"Inserter":0,"SacredBark":53,"Cracked Core":0,"Toy Ornithopter":26}],"Toy Ornithopter":20},"card_choices":[{"not_picked":["Conserve Battery","Beam Cell"],"picked":"Compile Driver","floor":1},{"not_picked":["Steam","Darkness"],"picked":"Cold Snap","floor":2},{"not_picked":["Barrage","Static Discharge"],"picked":"Conserve Battery","floor":3},{"not_picked":["Beam Cell","Chaos"],"picked":"Ball Lightning","floor":4},{"not_picked":["Conserve Battery","Coolheaded"],"picked":"Core Surge","floor":5},{"not_picked":["Reprogram","Force Field"],"picked":"Reinforced Body","floor":8},{"not_picked":["Barrage","Gash"],"picked":"Cold Snap","floor":10},{"not_picked":["Rebound","Ball Lightning"],"picked":"Cold Snap","floor":12},{"not_picked":["Leap","Turbo"],"picked":"Blizzard","floor":13},{"not_picked":["Reprogram","Melter"],"picked":"Consume","floor":14},{"not_picked":["Amplify","Hyperbeam"],"picked":"Creative AI","floor":16},{"not_picked":["Beam Cell","Force Field"],"picked":"Barrage","floor":18},{"not_picked":["Steam Power","Turbo"],"picked":"Heatsinks","floor":19}],"player_experience":1037149,"relics_obtained":[{"floor":8,"key":"Peace Pipe"},{"floor":9,"key":"Toy Ornithopter"},{"floor":13,"key":"Nunchaku"}],"event_choices":[{"damage_healed":0,"gold_gain":0,"player_choice":"Became a vampire","damage_taken":0,"max_hp_gain":0,"max_hp_loss":22,"event_name":"Vampires","floor":20,"gold_loss":0,"cards_obtained":["Bite","Bite","Bite","Bite","Bite"]}],"is_beta":false,"boss_relics":[{"not_picked":["Sozu","Black Star"],"picked":"SacredBark"}],"items_purged_floors":[],"is_endless":false,"potions_floor_spawned":[2,5,12,14,16,18],"killed_by":"Snecko","ascension_level":20}}