{"host":"xwgrz7y3g1a3iikb","time":1613024309,"event":{"mods":["BaseMod","Bestiary","Minty Spire (QoL Compilation)","Permanent Neow","Quick Restart","Relic Stats","StSLib","ojb\u0027s Info Mod"],"gold_per_floor":[16,16,32,32,50,50,80,80,80,105,105,105,105],"floor_reached":12,"language":"ENG","playtime":364,"items_purged":[],"score":172,"play_id":"821b6a45-3e17-487d-b570-b927941fc524","local_time":"20210210221829","is_ascension_mode":true,"campfire_choices":[{"data":"Carnage","floor":6,"key":"SMITH"},{"data":"Bash","floor":8,"key":"SMITH"},{"floor":11,"key":"REST"}],"circlet_count":0,"master_deck":["AscendersBane","Strike_R","Strike_R","Strike_R","Defend_R","Defend_R","Defend_R","Bash+1","Shockwave","Exhume","Cleave","Carnage+1","Corruption"],"relics":["Burning Blood","InkBottle","Shuriken","Oddly Smooth Stone"],"acts_visited":["Exordium"],"potions_floor_usage":[7,10],"damage_taken":[{"damage":6,"enemies":"Jaw Worm","floor":1,"turns":6},{"damage":6,"enemies":"2 Louse","floor":3,"turns":5},{"damage":4,"enemies":"Small Slimes","floor":5,"turns":4},{"damage":42,"enemies":"3 Sentries","floor":7,"turns":11},{"damage":42,"enemies":"Lagavulin","floor":10,"turns":6},{"damage":49,"enemies":"3 Sentries","floor":12,"turns":6}],"seed_played":"-6013930896203915716","potions_obtained":[{"floor":3,"key":"SteroidPotion"},{"floor":5,"key":"Regen Potion"}],"is_trial":false,"path_per_floor":["M","?","M","?","M","R","E","R","T","E","R","E"],"character_chosen":"IRONCLAD","items_purchased":[],"campfire_rested":1,"item_purchase_floors":[],"current_hp_per_floor":[68,68,68,73,75,75,54,54,54,18,42,0,0],"gold":105,"neow_bonus":"REMOVE_TWO","is_daily":false,"chose_seed":false,"campfire_upgraded":2,"win_rate":0.0,"timestamp":1613024309,"path_taken":["M","?","M","?","M","R","E","R","T","E","R","E"],"items_purchased_type":[],"build_version":"2020-12-22","purchased_purges":0,"victory":false,"max_hp_per_floor":[75,75,75,80,80,80,80,80,80,80,80,80,80],"relic_stats":{"counters":[6,38],"Shuriken":[1],"obtain_stats":[{"Shuriken":9,"Oddly Smooth Stone":10,"Burning Blood":0,"InkBottle":7},{"Shuriken":4,"Oddly Smooth Stone":5,"Burning Blood":0,"InkBottle":4},{"Shuriken":26,"Oddly Smooth Stone":32,"Burning Blood":0,"InkBottle":26}],"Burning Blood":30,"InkBottle":[3]},"card_choices":[{"not_picked":["Headbutt","Dropkick"],"picked":"Shockwave","floor":1},{"not_picked":["Fire Breathing","Clothesline"],"picked":"Cleave","floor":3},{"not_picked":["Headbutt","Armaments"],"picked":"Carnage","floor":5},{"not_picked":["Sever Soul","Havoc","Clothesline"],"picked":"SKIP","floor":7},{"not_picked":["Flex","Searing Blow"],"picked":"Corruption","floor":10}],"player_experience":331612,"relics_obtained":[{"floor":7,"key":"InkBottle"},{"floor":9,"key":"Shuriken"},{"floor":10,"key":"Oddly Smooth Stone"}],"event_choices":[{"damage_healed":0,"gold_gain":0,"cards_transformed":["Strike_R"],"player_choice":"Change","damage_taken":0,"max_hp_gain":0,"max_hp_loss":0,"event_name":"Living Wall","floor":2,"gold_loss":0,"cards_obtained":["Exhume"]},{"damage_healed":0,"gold_gain":0,"player_choice":"Donut","damage_taken":0,"max_hp_gain":5,"max_hp_loss":0,"event_name":"Big Fish","floor":4,"gold_loss":0}],"is_beta":false,"boss_relics":[],"items_purged_floors":[],"is_endless":false,"potions_floor_spawned":[3,5],"killed_by":"3 Sentries","ascension_level":20}}