{"host":"gtrx90x5hc2p0luo","time":1613083413,"event":{"mods":["BaseMod","BetterRewards","Colored Map","Downfall","Highlight Path","Minty Spire (QoL Compilation)","Replay The Spire","Shop Mod","StSLib","The Animator"],"gold_per_floor":[113,113,128,128,145,172,172,202,229,240,415,415,448,462,462,564,564,584,245,245,270,270,302,302,336,418,428,447,461,515,550,550,647,647,666,678,678,728,743,777,777,794,794,814,844,874,916,941,953,965,977,989,0,27,27],"floor_reached":56,"language":"ENG","playtime":15444,"items_purged":["Doubt"],"score":1521,"play_id":"09fbcef9-13f6-4f03-b679-b68ce486fbfb","local_time":"20210211234333","is_ascension_mode":true,"campfire_choices":[{"data":"Zap","floor":7,"key":"SMITH"},{"floor":12,"key":"RECALL"},{"data":"Dualcast","floor":15,"key":"SMITH"},{"data":"Strike_B+1","floor":24,"key":"SMITH"},{"floor":32,"key":"REST"},{"data":"Strike_B+2","floor":41,"key":"SMITH"},{"data":"Strike_B+3","floor":49,"key":"SMITH"},{"data":"Strike_B+4","floor":52,"key":"SMITH"}],"circlet_count":0,"master_deck":["Strike_B+5","Strike_B","Strike_B","Strike_B","Defend_B","Defend_B","Defend_B+1","Defend_B+2","Zap+1","Dualcast+1","Self Repair+1","Ball Lightning+1","Chill+1","Streamline+1","Compile Driver+1","Chaos+1","Sweeping Beam+1","Stack+1","Capacitor+1","BasicCrystalCard+1","Barrage+1","Fission+1","BasicCrystalCard+1","Capacitor+1","Crystallizer+1","Aggregate+1","Amnesia","Echo Form+1","Defragment+1","Loop+1","Hello World+1","Redo+1","Storm+1","Electrodynamics+1","Redo+1","Crystallizer+1","Storm+1","Thunder Strike+1","Melter+1","Doom and Gloom+1","Cold Snap+1","Barrage+1","Time Bomb+1","Leap+1","Streamline+1","Redo+1","Crystallizer+1","Overencumbered","Biased Cognition+1","Chaos+1","Go for the Eyes+1","Conserve Battery+1","BootSequence+1","Hello World+1","Storm+1"],"relics":["Cracked Core","Toxic Egg 2","Molten Egg 2","Frozen Egg 2","Unceasing Top","Matryoshka","Happy Flower","Simple Rune","Anchor","Durian","MealTicket","Bag of Marbles","SacredBark","Replay:Baseball","DollysMirror","Lantern","Blue Doll","Matryoshka","ReplayTheSpireMod:Ring of Exchange","Ring of Fury","Bronze Scales","Prayer Wheel","Strawberry","Golden Egg","Solar Panel","Cursed Key","Matryoshka","Geode","Regal Pillow","Medical Kit","TungstenRod","Torii","Smiling Mask","Art of War","War Paint","MawBank","ReplayTheSpireMod:TigerMarble","Fusion Hammer","Kunai"],"acts_visited":["Exordium","TheCity","TheBeyond","TheEnding"],"potions_floor_usage":[14,16,16,16,33,47,50,50,50],"damage_taken":[{"damage":10,"enemies":"Jaw Worm","floor":1,"turns":2},{"damage":0,"enemies":"2 Louse","floor":3,"turns":2},{"damage":3,"enemies":"Small Slimes","floor":5,"turns":3},{"damage":0,"enemies":"Gremlin Nob","floor":6,"turns":2},{"damage":10,"enemies":"Replay:BlueRogue","floor":8,"turns":4},{"damage":2,"enemies":"Exordium Wildlife","floor":10,"turns":2},{"damage":24,"enemies":"Lagavulin","floor":13,"turns":4},{"damage":1,"enemies":"Blue Slaver","floor":14,"turns":2},{"damage":17,"enemies":"Hexaghost","floor":16,"turns":7},{"damage":1,"enemies":"Spheric Guardian","floor":18,"turns":3},{"damage":3,"enemies":"Replay:Snechameleon","floor":23,"turns":5},{"damage":12,"enemies":"Slavers","floor":25,"turns":5},{"damage":6,"enemies":"3 Byrds","floor":27,"turns":4},{"damage":0,"enemies":"Snake Plant","floor":28,"turns":3},{"damage":7,"enemies":"Chosen and Byrds","floor":29,"turns":3},{"damage":10,"enemies":"Book of Stabbing","floor":31,"turns":2},{"damage":3,"enemies":"Collector","floor":33,"turns":5},{"damage":8,"enemies":"3 Darklings","floor":35,"turns":2},{"damage":5,"enemies":"3 Shapes","floor":36,"turns":2},{"damage":0,"enemies":"Mind Bloom Boss Battle","floor":38,"turns":2},{"damage":0,"enemies":"3 Darklings","floor":39,"turns":2},{"damage":12,"enemies":"R_Hoarder","floor":40,"turns":4},{"damage":0,"enemies":"Transient","floor":42,"turns":5},{"damage":0,"enemies":"Spire Growth","floor":44,"turns":3},{"damage":0,"enemies":"Nemesis","floor":45,"turns":3},{"damage":0,"enemies":"3 Darklings","floor":46,"turns":4},{"damage":20,"enemies":"R_Hoarder","floor":47,"turns":3},{"damage":0,"enemies":"4 Shapes","floor":48,"turns":2},{"damage":22,"enemies":"Donu and Deca","floor":50,"turns":3},{"damage":17,"enemies":"Shield and Spear","floor":54,"turns":3},{"damage":51,"enemies":"The Heart","floor":55,"turns":5}],"seed_played":"-6159156794143735569","potions_obtained":[{"floor":3,"key":"AttackPotion"},{"floor":6,"key":"Guardian:BlockOnCardUsePotion"},{"floor":10,"key":"Weak Potion"},{"floor":14,"key":"Dexterity Potion"},{"floor":25,"key":"Ancient Potion"},{"floor":27,"key":"BlessingOfTheForge"},{"floor":30,"key":"Cursed Concoction"},{"floor":36,"key":"SmokeBomb"},{"floor":40,"key":"Regen Potion"},{"floor":45,"key":"Adrenaline Potion"},{"floor":46,"key":"Ancient Potion"},{"floor":48,"key":"Explosive Potion"}],"is_trial":false,"path_per_floor":["M","?","M","?","M","E","R","E","T","M","?","R","E","M","R_BF","B",null,"M","$","?","T","?","E","R","E","T","M","M","M","?","E","R","B",null,"M","M","?","?","M","E","R","M","T","M","E","M","E","M","R","B",null,"R","$","E","B",null],"character_chosen":"DEFECT","items_purchased":["Self Repair","Happy Flower","Ball Lightning","Chill","Streamline","Replay:Baseball","DollysMirror","Crystallizer+1","Fusion Hammer"],"campfire_rested":1,"item_purchase_floors":[0,0,0,0,0,19,19,19,53],"current_hp_per_floor":[65,65,75,72,75,75,75,80,80,78,78,78,64,73,73,66,80,80,80,80,80,80,80,80,85,85,87,87,87,53,47,87,87,87,81,80,80,86,87,87,87,87,87,87,87,87,75,87,87,75,87,87,87,86,59],"gold":27,"neow_bonus":"","is_daily":false,"chose_seed":false,"campfire_upgraded":6,"win_rate":0.0,"timestamp":1613083413,"path_taken":["M","?","M","?","M","E","R","E","T","M","?","R","E","M","R_BF","BOSS","M","$","?","?","?","E","R","E","T","M","M","?","?","E","R","BOSS","M","M","?","?","M","E","R","M","T","M","E","M","E","M","R","BOSS","R","$","E","BOSS"],"items_purchased_type":["Card","Relic","Card","Card","Card","Relic","Relic","Card","Relic"],"build_version":"2020-12-22","purchased_purges":1,"victory":true,"max_hp_per_floor":[75,75,75,75,75,75,75,80,80,80,80,80,80,80,80,80,80,80,80,80,80,80,80,80,87,87,87,87,87,87,87,87,87,87,87,87,87,87,87,87,87,87,87,87,87,87,87,87,87,87,87,87,87,87,87],"card_choices":[{"not_picked":["Panic Button+1","Force Field+1"],"picked":"Compile Driver+1","floor":1},{"not_picked":["Sweeping Beam+1","Crystallizer+1"],"picked":"Sunder+1","floor":3},{"not_picked":["Compile Driver+1","Rip and Tear+1"],"picked":"Chaos+1","floor":5},{"not_picked":["Turbo+1","Gash+1"],"picked":"Sweeping Beam+1","floor":6},{"not_picked":["ReplaySort+1","Mirror Shield+1"],"picked":"Stack+1","floor":8},{"not_picked":["Go for the Eyes+1","Leap+1"],"picked":"Capacitor+1","floor":10},{"not_picked":["Panic Button+1","Recycle+1"],"picked":"BasicCrystalCard+1","floor":13},{"not_picked":["Rebound+1","Stack+1"],"picked":"Barrage+1","floor":14},{"not_picked":["ReplayTheSpireMod:Fabricate Wheel+1","Hyperbeam+1"],"picked":"Fission+1","floor":16},{"not_picked":["Go for the Eyes+1","ReplayTheSpireMod:System Scan+1"],"picked":"BasicCrystalCard+1","floor":18},{"not_picked":["Compile Driver+1","Rip and Tear+1"],"picked":"ReplayTheSpireMod:Fabricate Wheel+1","floor":23},{"not_picked":["Cold Snap+1","Hologram+1"],"picked":"Defragment+1","floor":25},{"not_picked":["Coolheaded+1","ReplayTheSpireMod:GoodbyeWorld+1"],"picked":"Loop+1","floor":27},{"not_picked":["Loop+1","Force Field+1"],"picked":"Hello World+1","floor":27},{"not_picked":["Compile Driver+1","Go for the Eyes+1"],"picked":"Redo+1","floor":28},{"not_picked":["Heatsinks+1","Streamline+1"],"picked":"Storm+1","floor":28},{"not_picked":["BasicCrystalCard+1","Steam+1"],"picked":"Electrodynamics+1","floor":29},{"not_picked":["Blizzard+1","Turbo+1"],"picked":"Redo+1","floor":29},{"not_picked":["Steam+1","Gash+1"],"picked":"Crystallizer+1","floor":30},{"not_picked":["ReplaySort+1","Ball Lightning+1"],"picked":"Storm+1","floor":31},{"not_picked":["Mirror Shield+1","Multi-Cast+1"],"picked":"Thunder Strike+1","floor":33},{"not_picked":["Ball Lightning+1","Steam+1"],"picked":"Melter+1","floor":35},{"not_picked":["Compile Driver+1","Leap+1"],"picked":"Doom and Gloom+1","floor":35},{"not_picked":["Recycle+1","ReplaySolidLightProjector+1"],"picked":"Cold Snap+1","floor":36},{"not_picked":["Turbo+1","Sunder+1"],"picked":"Barrage+1","floor":36},{"not_picked":["Amplify+1","Coolheaded+1"],"picked":"Time Bomb+1","floor":38},{"not_picked":["Cold Snap+1","Hologram+1"],"picked":"Leap+1","floor":39},{"not_picked":["Turbo+1","Leap+1"],"picked":"Streamline+1","floor":39},{"not_picked":["Scrape+1","FTL+1","Steam+1"],"picked":"SKIP","floor":40},{"not_picked":["Fusion+1","Scrape+1"],"picked":"Redo+1","floor":42},{"not_picked":["Stack+1","Steam+1"],"picked":"Crystallizer+1","floor":42},{"not_picked":["Consume+1","Aggregate+1"],"picked":"Biased Cognition+1","floor":44},{"not_picked":["Compile Driver+1","Beam Cell+1"],"picked":"Chaos+1","floor":44},{"not_picked":["Gash+1","Turbo+1"],"picked":"Go for the Eyes+1","floor":45},{"not_picked":["Compile Driver+1","Rebound+1"],"picked":"Conserve Battery+1","floor":46},{"not_picked":["Stack+1","Steam+1"],"picked":"BootSequence+1","floor":46},{"not_picked":["Multi-Cast+1","Turbo+1"],"picked":"Hello World+1","floor":47},{"not_picked":["ReplaySolidLightProjector+1","Panic Button+1"],"picked":"Storm+1","floor":48},{"not_picked":["Rebound+1","Leap+1","Coolheaded+1"],"picked":"SKIP","floor":48},{"not_picked":["Sweeping Beam+1","Hologram+1","BasicCrystalCard+1"],"picked":"SKIP","floor":54}],"player_experience":93697,"relics_obtained":[{"floor":6,"key":"Anchor"},{"floor":8,"key":"Durian"},{"floor":9,"key":"MealTicket"},{"floor":13,"key":"Bag of Marbles"},{"floor":21,"key":"Lantern"},{"floor":21,"key":"Blue Doll"},{"floor":22,"key":"ReplayTheSpireMod:Ring of Exchange"},{"floor":22,"key":"Ring of Fury"},{"floor":23,"key":"Bronze Scales"},{"floor":25,"key":"Strawberry"},{"floor":26,"key":"Golden Egg"},{"floor":26,"key":"Solar Panel"},{"floor":30,"key":"Geode"},{"floor":31,"key":"Regal Pillow"},{"floor":38,"key":"TungstenRod"},{"floor":40,"key":"Torii"},{"floor":43,"key":"Smiling Mask"},{"floor":43,"key":"Art of War"},{"floor":43,"key":"War Paint"},{"floor":45,"key":"MawBank"},{"floor":47,"key":"ReplayTheSpireMod:TigerMarble"},{"floor":54,"key":"Kunai"}],"event_choices":[{"damage_healed":0,"gold_gain":0,"player_choice":"Leave","damage_taken":0,"max_hp_gain":0,"max_hp_loss":0,"event_name":"The Cleric","floor":2,"gold_loss":0},{"damage_healed":0,"gold_gain":0,"player_choice":"Success","damage_taken":3,"relics_obtained":["Simple Rune"],"max_hp_gain":0,"max_hp_loss":0,"event_name":"Scrap Ooze","floor":4,"gold_loss":0},{"damage_healed":0,"gold_gain":175,"player_choice":"AGREE","damage_taken":0,"max_hp_gain":0,"max_hp_loss":0,"event_name":"Liars Game","floor":11,"gold_loss":0,"cards_obtained":["Doubt"]},{"damage_healed":0,"gold_gain":0,"player_choice":"Read","damage_taken":0,"max_hp_gain":0,"max_hp_loss":0,"event_name":"The Library","floor":20,"gold_loss":0,"cards_obtained":["Aggregate"]},{"cards_removed":["Sunder"],"damage_healed":0,"gold_gain":0,"player_choice":"Removed Attack","damage_taken":0,"max_hp_gain":0,"max_hp_loss":0,"event_name":"Falling","floor":37,"gold_loss":0},{"damage_healed":0,"gold_gain":0,"player_choice":"Fight","damage_taken":0,"max_hp_gain":0,"max_hp_loss":0,"event_name":"MindBloom","floor":38,"gold_loss":0}],"is_beta":false,"boss_relics":[{"not_picked":["Snecko Eye","Kintsugi"],"picked":"SacredBark"},{"not_picked":["Replay:Bronze Core","Black Star"],"picked":"Medical Kit"}],"items_purged_floors":[53],"is_endless":false,"potions_floor_spawned":[3,6,10,14,25,27,36,40,45,46,48],"ascension_level":2}}