{"host":"z3qs3l37sjzyczji","time":1613065400,"event":{"mods":["AchievementEnabler","BaseMod","Colored Map","Colored Powertips","Keyboard Shortcuts","Minty Spire (QoL Compilation)","Relic Stats","SuperFastMode"],"gold_per_floor":[110,35,35,53,68,96,96,115,139,139,164,174,174,174],"floor_reached":13,"language":"ENG","playtime":492,"items_purged":["Strike_R"],"score":143,"play_id":"4e22a5a0-ba4c-410a-b8d8-98aa07442c9e","local_time":"20210211174320","is_ascension_mode":true,"campfire_choices":[{"data":"Brutality","floor":7,"key":"SMITH"},{"data":"Rampage","floor":10,"key":"SMITH"}],"circlet_count":0,"master_deck":["AscendersBane","Strike_R","Strike_R","Strike_R","Strike_R","Defend_R","Defend_R","Defend_R","Defend_R","Bash","Brutality+1","Pommel Strike","Seeing Red","Rampage+1","Dual Wield","Bloodletting","Thunderclap"],"relics":["Burning Blood","Juzu Bracelet","Strawberry","Happy Flower","Bag of Marbles"],"acts_visited":["Exordium"],"potions_floor_usage":[6,12,13],"damage_taken":[{"damage":6,"enemies":"Small Slimes","floor":1,"turns":4},{"damage":8,"enemies":"Cultist","floor":4,"turns":3},{"damage":4,"enemies":"Jaw Worm","floor":5,"turns":3},{"damage":30,"enemies":"Gremlin Nob","floor":6,"turns":4},{"damage":23,"enemies":"Exordium Thugs","floor":8,"turns":5},{"damage":24,"enemies":"Lagavulin","floor":11,"turns":5},{"damage":4,"enemies":"2 Fungi Beasts","floor":12,"turns":2},{"damage":22,"enemies":"3 Sentries","floor":13,"turns":5}],"seed_played":"-2656232558119955874","potions_obtained":[{"floor":4,"key":"DistilledChaos"},{"floor":6,"key":"SpeedPotion"},{"floor":8,"key":"SpeedPotion"}],"is_trial":false,"path_per_floor":["M","$","?","M","M","E","R","M","T","R","E","M","E"],"character_chosen":"IRONCLAD","items_purchased":[],"campfire_rested":0,"item_purchase_floors":[],"current_hp_per_floor":[72,72,72,70,72,55,55,38,38,38,20,22,0,0],"gold":174,"neow_bonus":"ONE_RANDOM_RARE_CARD","is_daily":false,"chose_seed":false,"campfire_upgraded":2,"win_rate":0.0,"timestamp":1613065400,"path_taken":["M","$","?","M","M","E","R","M","T","R","E","M","E"],"items_purchased_type":[],"build_version":"2020-12-22","purchased_purges":1,"victory":false,"max_hp_per_floor":[80,80,80,80,80,87,87,87,87,87,87,87,87,87],"relic_stats":{"Happy Flower":[4],"counters":[8,30],"Juzu Bracelet":0,"obtain_stats":[{"Happy Flower":9,"Strawberry":6,"Juzu Bracelet":3,"Bag of Marbles":11,"Burning Blood":0},{"Happy Flower":5,"Strawberry":4,"Juzu Bracelet":1,"Bag of Marbles":6,"Burning Blood":0},{"Happy Flower":19,"Strawberry":14,"Juzu Bracelet":4,"Bag of Marbles":24,"Burning Blood":0}],"Burning Blood":42},"card_choices":[{"not_picked":["Heavy Blade","Infernal Blade"],"picked":"Pommel Strike","floor":1},{"not_picked":["Havoc","Shockwave"],"picked":"Seeing Red","floor":4},{"not_picked":["Spot Weakness","Flex","Body Slam"],"picked":"SKIP","floor":5},{"not_picked":["Body Slam","Havoc"],"picked":"Rampage","floor":6},{"not_picked":["Iron Wave","Seeing Red"],"picked":"Dual Wield","floor":8},{"not_picked":["Reckless Charge","Clash"],"picked":"Bloodletting","floor":11},{"not_picked":["Warcry","Havoc"],"picked":"Thunderclap","floor":12}],"player_experience":60555,"relics_obtained":[{"floor":3,"key":"Juzu Bracelet"},{"floor":6,"key":"Strawberry"},{"floor":9,"key":"Happy Flower"},{"floor":11,"key":"Bag of Marbles"}],"event_choices":[{"damage_healed":0,"gold_gain":0,"player_choice":"Relic","damage_taken":0,"max_hp_gain":0,"max_hp_loss":0,"event_name":"Wheel of Change","floor":3,"gold_loss":0}],"is_beta":false,"boss_relics":[],"items_purged_floors":[2],"is_endless":false,"potions_floor_spawned":[4,6,8],"killed_by":"3 Sentries","ascension_level":10}}