{"host":"8is2j71l4wmybkoi","time":1613056209,"event":{"mods":["AchievementEnabler","BaseMod","Colored Map","Minty Spire (QoL Compilation)","Rare Cards Sparkle","StSLib","SuperFastMode"],"gold_per_floor":[119,119,133,133,59,59,91,106,180,197,212,231,231,247,247,321,321,341,266,39,54,54,88,88,119,119,119,139,139,153,53,53,53,53],"floor_reached":33,"language":"KOR","playtime":931,"items_purged":["Defend_G","Strike_G"],"score":546,"play_id":"f54fe355-e87b-4498-8fe7-e61f0cc6d8a2","local_time":"20210212001009","is_ascension_mode":true,"campfire_choices":[{"data":"Neutralize","floor":6.0,"key":"SMITH"},{"data":"Glass Knife","floor":15.0,"key":"SMITH"},{"floor":24,"key":"RECALL"},{"floor":29,"key":"DIG"},{"floor":32,"key":"DIG"}],"circlet_count":0,"master_deck":["AscendersBane","Strike_G","Strike_G","Defend_G","Defend_G","Defend_G","Defend_G","Survivor","Neutralize+1","Deadly Poison","Sucker Punch","Endless Agony","Glass Knife+1","Deflect","PiercingWail+1","Blade Dance+1","Reflex+1","Escape Plan+1","Grand Finale","Acrobatics+1","Dagger Throw","Ghostly+1","Ghostly+1","Ghostly+1","Crippling Poison+1","Backflip+1"],"relics":["Ring of the Snake","NeowsBlessing","Happy Flower","Pen Nib","Toxic Egg 2","Black Star","ClockworkSouvenir","MealTicket","Bag of Marbles","Shovel","Unceasing Top","Nunchaku","Ice Cream","Gremlin Horn"],"acts_visited":["Exordium","TheCity"],"potions_floor_usage":[23,33],"damage_taken":[{"damage":0.0,"enemies":"Jaw Worm","floor":1.0,"turns":1.0},{"damage":0.0,"enemies":"Cultist","floor":3.0,"turns":1.0},{"damage":0.0,"enemies":"Gremlin Nob","floor":7.0,"turns":1.0},{"damage":0.0,"enemies":"Small Slimes","floor":8.0,"turns":2.0},{"damage":3.0,"enemies":"Exordium Thugs","floor":10.0,"turns":4.0},{"damage":0.0,"enemies":"Blue Slaver","floor":11.0,"turns":3.0},{"damage":0.0,"enemies":"3 Louse","floor":12.0,"turns":2.0},{"damage":4.0,"enemies":"Large Slime","floor":14.0,"turns":5.0},{"damage":10.0,"enemies":"The Guardian","floor":16.0,"turns":12.0},{"damage":19.0,"enemies":"Spheric Guardian","floor":18.0,"turns":4.0},{"damage":1.0,"enemies":"3 Byrds","floor":21.0,"turns":5.0},{"damage":3,"enemies":"Slavers","floor":23,"turns":8},{"damage":6,"enemies":"Gremlin Leader","floor":25,"turns":5},{"damage":17,"enemies":"Shelled Parasite and Fungi","floor":28,"turns":5},{"damage":2,"enemies":"Sentry and Sphere","floor":30,"turns":4},{"damage":22,"enemies":"Collector","floor":33,"turns":6}],"seed_played":"-2697000971672786280","potions_obtained":[{"floor":10.0,"key":"Explosive Potion"},{"floor":12.0,"key":"LiquidMemories"},{"floor":16.0,"key":"Explosive Potion"},{"floor":23,"key":"Weak Potion"}],"is_trial":false,"path_per_floor":["M","?","M","?","$","R","E","M","T","M","M","M","?","M","R","B",null,"M","?","$","M","?","E","R","E","T","?","M","R","M","$","R","B"],"character_chosen":"THE_SILENT","items_purchased":["Endless Agony","ClockworkSouvenir"],"campfire_rested":0,"item_purchase_floors":[5,20],"current_hp_per_floor":[59,59,59,59,59,59,59,59,59,56,56,56,56,52,52,42,60,41,41,41,40,33,30,30,24,24,24,7,7,5,20,20,0,0],"gold":53,"neow_bonus":"THREE_ENEMY_KILL","is_daily":false,"chose_seed":false,"campfire_upgraded":2,"win_rate":0.0,"timestamp":1613056209,"path_taken":["M","?","?","?","?","R","E","M","T","M","M","M","?","M","R","BOSS","M","?","$","M","?","E","R","E","T","?","?","R","M","$","R","BOSS"],"items_purchased_type":["Card","Relic"],"build_version":"2020-12-22","purchased_purges":2,"victory":false,"max_hp_per_floor":[66,66,66,66,66,66,66,66,66,66,66,66,66,66,66,66,66,66,66,66,66,33,33,33,33,33,33,33,33,33,33,33,33,33],"card_choices":[{"not_picked":["Acrobatics","Bane"],"picked":"Cloak And Dagger","floor":1.0},{"not_picked":["Quick Slash","Flying Knee"],"picked":"Deadly Poison","floor":3.0},{"not_picked":["Cloak And Dagger","Caltrops"],"picked":"Glass Knife","floor":7.0},{"not_picked":["Dagger Throw","Underhanded Strike"],"picked":"Deflect","floor":8.0},{"not_picked":["Sucker Punch","Dagger Throw"],"picked":"PiercingWail+1","floor":10.0},{"not_picked":["Slice","Night Terror+1"],"picked":"Blade Dance+1","floor":11.0},{"not_picked":["Slice","Concentrate+1"],"picked":"Reflex+1","floor":12.0},{"not_picked":["All Out Attack","Cloak And Dagger+1"],"picked":"Escape Plan+1","floor":14.0},{"not_picked":["Glass Knife","Die Die Die"],"picked":"Grand Finale","floor":16.0},{"not_picked":["Terror+1","Poisoned Stab"],"picked":"Acrobatics+1","floor":18.0},{"not_picked":["Flying Knee","Quick Slash+1"],"picked":"Dagger Throw","floor":21},{"not_picked":["Slice","Bullet Time+1"],"picked":"Crippling Poison+1","floor":23},{"not_picked":["Sucker Punch","Underhanded Strike","Bouncing Flask+1"],"picked":"SKIP","floor":25},{"not_picked":["Deadly Poison+1","Outmaneuver+1"],"picked":"Backflip+1","floor":28},{"not_picked":["Noxious Fumes","Masterful Stab","Quick Slash"],"picked":"SKIP","floor":30},{"not_picked":["Noxious Fumes","Masterful Stab","Quick Slash"],"picked":"SKIP","floor":30}],"player_experience":1151029,"relics_obtained":[{"floor":7.0,"key":"Pen Nib"},{"floor":9.0,"key":"Toxic Egg 2"},{"floor":23,"key":"MealTicket"},{"floor":23,"key":"Bag of Marbles"},{"floor":25,"key":"Shovel"},{"floor":25,"key":"Unceasing Top"},{"floor":26,"key":"Nunchaku"},{"floor":29,"key":"Ice Cream"},{"floor":32,"key":"Gremlin Horn"}],"event_choices":[{"cards_removed":["Cloak And Dagger"],"damage_healed":0.0,"max_hp_gain":0.0,"max_hp_loss":0.0,"gold_gain":0.0,"event_name":"WeMeetAgain","player_choice":"Gave Card","floor":2.0,"gold_loss":0.0,"damage_taken":0.0,"relics_obtained":["Happy Flower"]},{"damage_healed":0.0,"max_hp_gain":0.0,"max_hp_loss":0.0,"gold_gain":0.0,"cards_transformed":["Strike_G"],"event_name":"Living Wall","player_choice":"Change","floor":4.0,"gold_loss":0.0,"damage_taken":0.0,"cards_obtained":["Sucker Punch"]},{"damage_healed":0.0,"max_hp_gain":0.0,"max_hp_loss":0.0,"gold_gain":0.0,"event_name":"Liars Game","player_choice":"Ignored","floor":13.0,"gold_loss":0.0,"damage_taken":0.0},{"cards_removed":["Strike_G"],"damage_healed":0.0,"max_hp_gain":0.0,"max_hp_loss":0.0,"gold_gain":0.0,"event_name":"Beggar","player_choice":"Gave Gold","floor":19.0,"gold_loss":75.0,"damage_taken":0.0},{"damage_healed":0,"gold_gain":0,"player_choice":"Became a Ghost","damage_taken":0,"max_hp_gain":0,"max_hp_loss":33,"event_name":"Ghosts","floor":22,"gold_loss":0,"cards_obtained":["Ghostly","Ghostly","Ghostly"]},{"damage_healed":0,"gold_gain":0,"player_choice":"Ignored","damage_taken":0,"max_hp_gain":0,"max_hp_loss":0,"event_name":"The Mausoleum","floor":27,"gold_loss":0}],"is_beta":false,"boss_relics":[{"not_picked":["Tiny House","Calling Bell"],"picked":"Black Star"}],"items_purged_floors":[20,31],"is_endless":false,"potions_floor_spawned":[10,12,16,23],"killed_by":"Collector","ascension_level":15}}