{"host":"c6u7e77myxvw4d0m","time":1613048488,"event":{"mods":["AchievementEnabler","BaseMod","Bestiary","Colored Map","Colored Powertips","Minty Spire (QoL Compilation)","Rare Cards Sparkle","Relic Stats","everything is the same but u backflip on backflip"],"gold_per_floor":[10,10,26,44,62,62,80,80,80,80,80,94,118,135,135,135,135],"floor_reached":16,"language":"ENG","playtime":1607,"items_purged":[],"score":188,"play_id":"204e6d2b-f15e-41dd-bc9b-49d5fe3b835c","local_time":"20210211150128","is_ascension_mode":true,"campfire_choices":[{"floor":6,"key":"DIG"},{"floor":8,"key":"DIG"},{"floor":10,"key":"DIG"},{"floor":15,"key":"DIG"}],"circlet_count":0,"master_deck":["AscendersBane","Strike_G","Strike_G","Strike_G","Strike_G","Strike_G","Defend_G","Defend_G","Defend_G","Defend_G","Defend_G","Survivor","Neutralize","Dagger Throw","Blade Dance","Dodge and Roll","Dagger Spray","Glass Knife","Flying Knee","Footwork"],"relics":["Ring of the Snake","Shovel","Kunai","Gambling Chip","Girya","Akabeko","Nunchaku","Odd Mushroom","Frozen Egg 2"],"acts_visited":["Exordium"],"potions_floor_usage":[5,16],"damage_taken":[{"damage":4,"enemies":"Cultist","floor":1,"turns":6},{"damage":1,"enemies":"Jaw Worm","floor":3,"turns":3},{"damage":0,"enemies":"2 Louse","floor":4,"turns":3},{"damage":3,"enemies":"Exordium Thugs","floor":5,"turns":4},{"damage":0,"enemies":"Looter","floor":7,"turns":3},{"damage":0,"enemies":"2 Fungi Beasts","floor":12,"turns":2},{"damage":2,"enemies":"The Mushroom Lair","floor":13,"turns":3},{"damage":0,"enemies":"Red Slaver","floor":14,"turns":1},{"damage":73,"enemies":"The Guardian","floor":16,"turns":12}],"seed_played":"-8668646787424778933","potions_obtained":[{"floor":3,"key":"CunningPotion"},{"floor":13,"key":"DuplicationPotion"}],"is_trial":false,"path_per_floor":["M","$","M","M","M","R","M","R","T","R","T","M","?","M","R","B"],"character_chosen":"THE_SILENT","items_purchased":[],"campfire_rested":0,"item_purchase_floors":[],"current_hp_per_floor":[55,55,54,54,51,51,51,51,51,51,51,51,49,49,49,0,0],"gold":135,"neow_bonus":"ONE_RARE_RELIC","is_daily":false,"chose_seed":false,"campfire_upgraded":0,"win_rate":0.0,"timestamp":1613048488,"path_taken":["M","?","M","M","M","R","M","R","T","R","?","M","?","M","R","BOSS"],"items_purchased_type":[],"build_version":"2020-12-22","purchased_purges":0,"victory":false,"max_hp_per_floor":[66,66,66,66,66,66,66,66,66,66,66,66,66,66,66,66,66],"relic_stats":{"Nunchaku":[4],"Shovel":4,"counters":[9,37],"Gambling Chip":[14],"Kunai":[12],"obtain_stats":[{"Girya":9,"Nunchaku":11,"Shovel":0,"Gambling Chip":8,"Kunai":6,"Odd Mushroom":13,"Frozen Egg 2":15,"Akabeko":10,"Ring of the Snake":0},{"Girya":5,"Nunchaku":5,"Shovel":0,"Gambling Chip":5,"Kunai":4,"Odd Mushroom":7,"Frozen Egg 2":8,"Akabeko":5,"Ring of the Snake":0},{"Girya":19,"Nunchaku":19,"Shovel":0,"Gambling Chip":19,"Kunai":16,"Odd Mushroom":24,"Frozen Egg 2":25,"Akabeko":19,"Ring of the Snake":0}],"Ring of the Snake":[18]},"card_choices":[{"not_picked":["Setup","Acrobatics"],"picked":"Dagger Throw","floor":1},{"not_picked":["Heel Hook","Acrobatics"],"picked":"Blade Dance","floor":3},{"not_picked":["Concentrate","Outmaneuver","Expertise"],"picked":"SKIP","floor":4},{"not_picked":["Bane","Outmaneuver"],"picked":"Dodge and Roll","floor":5},{"not_picked":["Quick Slash","Sucker Punch"],"picked":"Dagger Spray","floor":7},{"not_picked":["Outmaneuver","Quick Slash"],"picked":"Glass Knife","floor":12},{"not_picked":["Backflip","Bane"],"picked":"Flying Knee","floor":13},{"not_picked":["Corpse Explosion","Underhanded Strike"],"picked":"Footwork","floor":14}],"player_experience":786982,"relics_obtained":[{"floor":6,"key":"Kunai"},{"floor":8,"key":"Gambling Chip"},{"floor":9,"key":"Girya"},{"floor":10,"key":"Akabeko"},{"floor":11,"key":"Nunchaku"},{"floor":13,"key":"Odd Mushroom"},{"floor":15,"key":"Frozen Egg 2"}],"event_choices":[{"damage_healed":0,"gold_gain":0,"player_choice":"Fought Mushrooms","damage_taken":0,"max_hp_gain":0,"max_hp_loss":0,"event_name":"Mushrooms","floor":13,"gold_loss":0}],"is_beta":false,"boss_relics":[],"items_purged_floors":[],"is_endless":false,"potions_floor_spawned":[3,13],"killed_by":"The Guardian","ascension_level":20}}