{"host":"0u8wq8q0l49hd262","time":1613073422,"event":{"mods":["2.2 Compatiblity","AchievementEnabler","Act Like it!","Aspiration","BaseMod","Better Match","Better Note","Better Sensory Stone","Better Third Choice","Block Reminder","Colored Map","Colored Powertips","GifTheSpireLib","Highlight Path","Minty Spire (QoL Compilation)","Pale of the Ancients","Permanent Neow","Quick Restart","Rare Cards Sparkle","Relic Sorter","Relic Stats","StSLib","Transform Curses","egg","everything is the same but u backflip on backflip"],"gold_per_floor":[118,135,135,145,20,20,55,55,128,163,177,204,223,254,254,354,354,369,384,483,500,345,377,377,377,377],"floor_reached":25,"language":"ENG","playtime":2266,"items_purged":["Strike_R"],"score":411,"play_id":"953b4230-b4e8-4c76-af14-e1cf1d2477fb","local_time":"20210211205702","is_ascension_mode":true,"campfire_choices":[{"data":"True Grit","floor":6,"key":"SMITH"},{"data":"Pommel Strike","floor":8,"key":"SMITH"},{"data":"Armaments","floor":15,"key":"SMITH"}],"circlet_count":0,"master_deck":["Strike_R","Strike_R","Defend_R","Defend_R","Defend_R","Bash","Feel No Pain","Cleave","Flechettes","Acrobatics","Finisher","Sword Boomerang","Inflame","True Grit+1","Pommel Strike+1","Brutality","Rage","Armaments+1","Feed","Second Wind","Dark Embrace+1","Rupture","Dual Wield+1"],"relics":["Burning Blood","aspiration:Nostalgia","PureWater","aspiration:AnachronicSnailShell","Self Forming Clay","Kunai","Bottled Lightning","aspiration:Lifesprig","Fusion Hammer","Shuriken"],"acts_visited":["Exordium","TheCity"],"potions_floor_usage":[12,16,23,23],"damage_taken":[{"damage":1,"enemies":"2 Louse","floor":1,"turns":2},{"damage":1,"enemies":"Cultist","floor":2,"turns":3},{"damage":7,"enemies":"Jaw Worm","floor":4,"turns":3},{"damage":16,"enemies":"Gremlin Nob","floor":7,"turns":3},{"damage":10,"enemies":"Lagavulin","floor":10,"turns":6},{"damage":8,"enemies":"3 Louse","floor":11,"turns":2},{"damage":2,"enemies":"Gremlin Nob","floor":12,"turns":3},{"damage":3,"enemies":"2 Fungi Beasts","floor":13,"turns":4},{"damage":13,"enemies":"Lagavulin","floor":14,"turns":4},{"damage":35,"enemies":"Hexaghost","floor":16,"turns":12},{"damage":8,"enemies":"Shell Parasite","floor":18,"turns":5},{"damage":3,"enemies":"3 Byrds","floor":19,"turns":4},{"damage":9,"enemies":"Snecko","floor":21,"turns":3},{"damage":63,"enemies":"Gremlin Leader","floor":23,"turns":7},{"damage":26,"enemies":"Book of Stabbing","floor":25,"turns":5}],"seed_played":"1862205067506526538","potions_obtained":[{"floor":2,"key":"PowerPotion"},{"floor":10,"key":"Block Potion"},{"floor":11,"key":"SpeedPotion"},{"floor":14,"key":"Weak Potion"}],"is_trial":false,"path_per_floor":["M","M","?","M","$","R","E","R","T","E","M","E","M","E","R","B",null,"M","M","?","M","$","E","?","E"],"character_chosen":"IRONCLAD","items_purchased":["Inflame","True Grit","Rupture"],"campfire_rested":0,"item_purchase_floors":[5,5,22],"current_hp_per_floor":[77,80,80,79,79,79,69,69,69,65,63,67,70,63,63,34,69,71,78,78,78,78,25,25,0,0],"gold":377,"neow_bonus":"NOSTALGIA","is_daily":false,"chose_seed":false,"campfire_upgraded":3,"win_rate":0.0,"timestamp":1613073422,"path_taken":["M","M","?","M","?","R","E","R","T","E","?","E","M","E","R","BOSS","M","M","?","M","$","E","?","E"],"items_purchased_type":["Card","Card","Card"],"build_version":"2020-12-22","purchased_purges":1,"victory":false,"max_hp_per_floor":[80,80,80,80,80,80,80,80,80,80,80,80,80,80,80,80,80,84,88,88,91,91,95,95,95,95],"relic_stats":{"counters":[15,66],"Self Forming Clay":[162],"Shuriken":[1],"Kunai":[12],"obtain_stats":[{"aspiration:Lifesprig":14,"aspiration:Nostalgia":0,"Self Forming Clay":9,"Shuriken":23,"aspiration:AnachronicSnailShell":7,"Fusion Hammer":17,"Kunai":10,"Bottled Lightning":12,"PureWater":0,"Burning Blood":0},{"aspiration:Lifesprig":9,"aspiration:Nostalgia":0,"Self Forming Clay":4,"Shuriken":14,"aspiration:AnachronicSnailShell":4,"Fusion Hammer":10,"Kunai":5,"Bottled Lightning":7,"PureWater":0,"Burning Blood":0},{"aspiration:Lifesprig":30,"aspiration:Nostalgia":0,"Self Forming Clay":11,"Shuriken":61,"aspiration:AnachronicSnailShell":11,"Fusion Hammer":42,"Kunai":17,"Bottled Lightning":22,"PureWater":0,"Burning Blood":0}],"Burning Blood":82},"card_choices":[{"not_picked":["Body Slam","Clash"],"picked":"Feel No Pain","floor":1},{"not_picked":["Clash","Wild Strike"],"picked":"Cleave","floor":2},{"not_picked":["Heavy Blade","Cleave"],"picked":"Sword Boomerang","floor":4},{"not_picked":["Heavy Blade","Thunderclap"],"picked":"Pommel Strike","floor":7},{"not_picked":["True Grit","Disarm"],"picked":"Brutality","floor":10},{"not_picked":["Sword Boomerang","Pummel","True Grit"],"picked":"SKIP","floor":11},{"not_picked":["Bloodletting","Warcry"],"picked":"Rage","floor":12},{"not_picked":["Ghostly Armor","Anger","Iron Wave"],"picked":"SKIP","floor":13},{"not_picked":["Sword Boomerang","Thunderclap"],"picked":"Armaments","floor":14},{"not_picked":["Impervious","Barricade"],"picked":"Feed","floor":16},{"not_picked":["Anger","Sword Boomerang+1","Wild Strike"],"picked":"SKIP","floor":18},{"not_picked":["Bloodletting","Headbutt"],"picked":"Second Wind","floor":19},{"not_picked":["Sentinel","Clothesline+1"],"picked":"Dark Embrace+1","floor":21},{"not_picked":["Iron Wave+1","Spot Weakness"],"picked":"Dual Wield+1","floor":23}],"player_experience":424921,"relics_obtained":[{"floor":7,"key":"aspiration:AnachronicSnailShell"},{"floor":9,"key":"Self Forming Clay"},{"floor":10,"key":"Kunai"},{"floor":12,"key":"Bottled Lightning"},{"floor":14,"key":"aspiration:Lifesprig"},{"floor":23,"key":"Shuriken"}],"event_choices":[{"damage_healed":0,"gold_gain":99,"player_choice":"Steal","damage_taken":0,"max_hp_gain":0,"max_hp_loss":0,"event_name":"betterThird:BetterNest","floor":20,"gold_loss":0}],"is_beta":false,"boss_relics":[{"not_picked":["Black Blood","aspiration:RunicSpoon"],"picked":"Fusion Hammer"}],"items_purged_floors":[22],"is_endless":false,"potions_floor_spawned":[2,10,11,14],"killed_by":"Book of Stabbing","ascension_level":8}}