{"host":"v9yiptmoyyuggqjj","time":1613063248,"event":{"mods":["AchievementEnabler","BaseMod","BetterRewards","Card Forge","Colored Map","Colored Powertips","DeckTracker","Highlight Path","Infinite Spire","Minty Spire (QoL Compilation)","Quick Restart","Shop Mod","StSLib","Swap Starting Deck Mod"],"gold_per_floor":[114,114,126,26,37,37,67,67,137,163,183,258,258,258,258,360,360,378,397,57,71,71,106,106,132,132,157,170,170,183,197,197,293,293,308,308,353,372,385,385,45,65,65,65,65,65,79,91,91,91],"floor_reached":51,"language":"ENG","playtime":3727,"items_purged":["Strike_G","Strike_G","Strike_G","Strike_G"],"score":1059,"play_id":"e3683ba4-3c76-4b36-ab3b-3b938fd8c759","local_time":"20210211100728","is_ascension_mode":true,"campfire_choices":[{"data":"Backstab","floor":6.0,"key":"SMITH"},{"data":"Envenom","floor":8.0,"key":"SMITH"},{"data":"Deadly Poison","floor":13.0,"key":"SMITH"},{"data":"Deadly Poison","floor":15.0,"key":"SMITH"},{"floor":24.0,"key":"REST"},{"floor":29.0,"key":"REST"},{"floor":32.0,"key":"REST"},{"data":"Catalyst","floor":40.0,"key":"SMITH"},{"data":"Adrenaline","floor":44.0,"key":"SMITH"},{"data":"Bouncing Flask","floor":46,"key":"SMITH"},{"data":"Leg Sweep","floor":49,"key":"SMITH"}],"circlet_count":0,"master_deck":["Strike_G","Defend_G","Defend_G","Defend_G+1","Defend_G","Neutralize","Poisoned Stab","Footwork+1","Cloak And Dagger","Bouncing Flask+1","Backstab+1","Poisoned Stab","Envenom+1","Deadly Poison+1","Deadly Poison+1","Adrenaline+1","Deflect+1","Crippling Poison","Noxious Fumes+1","Catalyst+1","Bouncing Flask+1","CurseOfTheBell","Leg Sweep+1"],"relics":["Ring of the Snake","Hammer of Thor","Seething Fire","Anvil of the Gods","Lee\u0027s Waffle","Pocketwatch","Happy Flower","Matryoshka","infinitespire:Eraser","infinitespire:CheckeredPen","Unceasing Top","Black Star","TwistedFunnel","Eternal Feather","Anchor","Mercury Hourglass","infinitespire:Beetle Shell","Smiling Mask","Blue Candle","Sundial","White Beast Statue","Calling Bell","Calipers","infinitespire:ShieldingShard","Omamori","Shovel","FossilizedHelix","Paper Crane"],"acts_visited":["TheCity","TheBeyond"],"potions_floor_usage":[50,50,50],"damage_taken":[{"damage":4.0,"enemies":"Small Slimes","floor":1.0,"turns":5.0},{"damage":3.0,"enemies":"Jaw Worm","floor":3.0,"turns":4.0},{"damage":0.0,"enemies":"2 Louse","floor":5.0,"turns":2.0},{"damage":8.0,"enemies":"Lagavulin","floor":7.0,"turns":5.0},{"damage":4.0,"enemies":"Gremlin Nob","floor":10.0,"turns":3.0},{"damage":3.0,"enemies":"Exordium Thugs","floor":11.0,"turns":3.0},{"damage":16.0,"enemies":"The Guardian","floor":16.0,"turns":6.0},{"damage":11.0,"enemies":"3 Byrds","floor":18.0,"turns":4.0},{"damage":24.0,"enemies":"2 Thieves","floor":19.0,"turns":3.0},{"damage":28.0,"enemies":"Shelled Parasite and Fungi","floor":21.0,"turns":4.0},{"damage":13.0,"enemies":"Gremlin Leader","floor":23.0,"turns":5.0},{"damage":9.0,"enemies":"Book of Stabbing","floor":25.0,"turns":4.0},{"damage":6.0,"enemies":"Slavers","floor":27.0,"turns":5.0},{"damage":0.0,"enemies":"Cultist and Chosen","floor":28.0,"turns":3.0},{"damage":17.0,"enemies":"Snecko","floor":30.0,"turns":4.0},{"damage":14.0,"enemies":"Snake Plant","floor":31.0,"turns":2.0},{"damage":26.0,"enemies":"Collector","floor":33.0,"turns":5.0},{"damage":0.0,"enemies":"3 Darklings","floor":35.0,"turns":3.0},{"damage":23.0,"enemies":"2 Orb Walkers","floor":37.0,"turns":4.0},{"damage":0.0,"enemies":"Orb Walker","floor":38.0,"turns":3.0},{"damage":0.0,"enemies":"4 Shapes","floor":39.0,"turns":4.0},{"damage":2.0,"enemies":"Maw","floor":42.0,"turns":4.0},{"damage":4.0,"enemies":"infinitespire:Three Voidlings","floor":45.0,"turns":3.0},{"damage":0.0,"enemies":"Nightmare_Alpha","floor":45.0,"turns":5.0},{"damage":0,"enemies":"Giant Head","floor":47,"turns":5},{"damage":0,"enemies":"Writhing Mass","floor":48,"turns":4},{"damage":15,"enemies":"Donu and Deca","floor":50,"turns":9}],"seed_played":"1651309720034404279","potions_obtained":[{"floor":1.0,"key":"CunningPotion"},{"floor":3.0,"key":"Explosive Potion"},{"floor":11.0,"key":"Regen Potion"},{"floor":16.0,"key":"LiquidMemories"},{"floor":28.0,"key":"LiquidMemories"},{"floor":30.0,"key":"LiquidBronze"},{"floor":31.0,"key":"GamblersBrew"},{"floor":33.0,"key":"BlessingOfTheForge"},{"floor":35.0,"key":"infinitespire:BlackPotion"},{"floor":37.0,"key":"CunningPotion"},{"floor":42.0,"key":"SkillPotion"}],"is_trial":false,"path_per_floor":["M","?","M","$","M","R","E","R","T","E","M","?","R","?","R","B",null,"M","M","$","M","?","E","R","E","T","E","M","R","M","M","R","B",null,"M","?","?","M","M","R","$","M","T","R","?","R","E","M","R","B",null],"character_chosen":"THE_SILENT","items_purchased":["Poisoned Stab","Lee\u0027s Waffle","Footwork","Cloak And Dagger","TwistedFunnel","Crippling Poison","FossilizedHelix"],"campfire_rested":3,"item_purchase_floors":[0,0,0,0,20,20,41],"current_hp_per_floor":[73,58,55,55,55,55,47,47,47,43,40,29,29,29,29,27,77,66,42,42,14,14,1,36,27,27,21,21,56,39,25,60,34,77,77,77,54,54,54,66,66,64,64,76,77,77,77,77,77,62],"gold":91,"neow_bonus":"","is_daily":false,"chose_seed":false,"campfire_upgraded":8,"win_rate":0.0,"timestamp":1613063248,"path_taken":["M","?","M","$","M","R","E","R","T","E","M","?","R","?","R","BOSS","M","M","$","M","?","E","R","E","T","E","M","R","?","?","R","BOSS","M","?","?","M","M","R","$","M","T","R","?","R","E","M","R","BOSS"],"items_purchased_type":["Card","Relic","Card","Card","Relic","Card","Relic"],"build_version":"2020-12-22","purchased_purges":4,"victory":true,"max_hp_per_floor":[77,77,77,77,77,77,77,77,77,77,77,77,77,77,77,77,77,77,77,77,77,77,77,77,77,77,77,77,77,77,77,77,77,77,77,77,77,77,77,77,77,77,77,77,77,77,77,77,77,77],"card_choices":[{"not_picked":["Reflex","Calculated Gamble"],"picked":"Bouncing Flask","floor":1.0},{"not_picked":["Blur","Setup"],"picked":"Backstab","floor":3.0},{"not_picked":["Quick Slash","Deflect"],"picked":"Poisoned Stab","floor":5.0},{"not_picked":["Poisoned Stab","Acrobatics"],"picked":"Envenom","floor":7.0},{"not_picked":["Escape Plan","Deflect"],"picked":"Deadly Poison","floor":10.0},{"not_picked":["Predator","Poisoned Stab"],"picked":"Deadly Poison","floor":11.0},{"not_picked":["Die Die Die","Venomology"],"picked":"Adrenaline","floor":16.0},{"not_picked":["Infinite Blades","Endless Agony"],"picked":"Deflect+1","floor":18.0},{"not_picked":["Terror","PiercingWail","Predator"],"picked":"SKIP","floor":19.0},{"not_picked":["Outmaneuver","Calculated Gamble"],"picked":"Noxious Fumes+1","floor":21.0},{"not_picked":["Envenom","Endless Agony","Setup"],"picked":"SKIP","floor":23.0},{"not_picked":["Dodge and Roll+1","Reflex","Setup"],"picked":"SKIP","floor":25.0},{"not_picked":["Quick Slash+1","Backflip"],"picked":"Catalyst","floor":27.0},{"not_picked":["Tactician","Dagger Spray"],"picked":"Bouncing Flask+1","floor":28.0},{"not_picked":["Dagger Throw","Cloak And Dagger","Quick Slash"],"picked":"SKIP","floor":30.0},{"not_picked":["Flying Knee","Unload","Calculated Gamble+1"],"picked":"SKIP","floor":31.0},{"not_picked":["Flying Knee+1","Quick Slash","PiercingWail"],"picked":"SKIP","floor":35.0},{"not_picked":["Quick Slash+1","Backflip","Cloak And Dagger"],"picked":"SKIP","floor":38.0},{"not_picked":["Dagger Throw+1","Heel Hook","Concentrate"],"picked":"SKIP","floor":39.0},{"not_picked":["Dagger Spray+1","Outmaneuver+1","Expertise+1"],"picked":"SKIP","floor":42.0},{"not_picked":["Acrobatics+1","After Image"],"picked":"Leg Sweep","floor":47},{"not_picked":["Deadly Poison+1","Prepared","Dodge and Roll+1"],"picked":"SKIP","floor":48}],"player_experience":572806,"relics_obtained":[{"floor":7.0,"key":"Matryoshka"},{"floor":9.0,"key":"infinitespire:Eraser"},{"floor":9.0,"key":"infinitespire:CheckeredPen"},{"floor":10.0,"key":"Unceasing Top"},{"floor":23.0,"key":"Eternal Feather"},{"floor":23.0,"key":"Anchor"},{"floor":25.0,"key":"Mercury Hourglass"},{"floor":25.0,"key":"infinitespire:Beetle Shell"},{"floor":26.0,"key":"Smiling Mask"},{"floor":26.0,"key":"Blue Candle"},{"floor":27.0,"key":"Sundial"},{"floor":27.0,"key":"White Beast Statue"},{"floor":34.0,"key":"Calipers"},{"floor":34.0,"key":"infinitespire:ShieldingShard"},{"floor":34.0,"key":"Omamori"},{"floor":37.0,"key":"Shovel"},{"floor":43.0,"key":"Paper Crane"}],"event_choices":[{"damage_healed":0.0,"max_hp_gain":0.0,"max_hp_loss":0.0,"gold_gain":0.0,"event_name":"Shining Light","player_choice":"Entered Light","floor":2.0,"gold_loss":0.0,"damage_taken":15.0,"cards_upgraded":["Defend_G","Footwork"]},{"damage_healed":0.0,"max_hp_gain":0.0,"max_hp_loss":0.0,"gold_gain":75.0,"event_name":"World of Goop","player_choice":"Gather Gold","floor":12.0,"gold_loss":0.0,"damage_taken":11.0},{"damage_healed":0.0,"max_hp_gain":0.0,"max_hp_loss":0.0,"gold_gain":0.0,"event_name":"Liars Game","player_choice":"Ignored","floor":14.0,"gold_loss":0.0,"damage_taken":0.0},{"cards_removed":["Defend_G"],"damage_healed":0.0,"max_hp_gain":0.0,"max_hp_loss":0.0,"gold_gain":0.0,"event_name":"Bonfire Elementals","player_choice":"Offered Basic","floor":22.0,"gold_loss":0.0,"damage_taken":0.0},{"cards_removed":["Survivor"],"damage_healed":0.0,"max_hp_gain":0.0,"max_hp_loss":0.0,"gold_gain":0.0,"event_name":"Falling","player_choice":"Removed Skill","floor":36.0,"gold_loss":0.0,"damage_taken":0.0},{"damage_healed":0.0,"max_hp_gain":0.0,"max_hp_loss":0.0,"gold_gain":0.0,"event_name":"Mysterious Sphere","player_choice":"Fight","floor":37.0,"gold_loss":0.0,"damage_taken":0.0}],"is_beta":false,"boss_relics":[{"not_picked":["Tiny House","Ectoplasm"],"picked":"Black Star"},{"not_picked":["Ring of the Serpent","Runic Pyramid"],"picked":"Calling Bell"}],"items_purged_floors":[0,4,20,41],"is_endless":false,"potions_floor_spawned":[1,3,11,16,18,28,30,31,33,35,37,38,39,42,45,45,48],"ascension_level":2}}