{"host":"lg52aq764g9v2r4m","time":1613061049,"event":{"mods":["2.2 Compatiblity","BaseMod","Minty Spire (QoL Compilation)"],"gold_per_floor":[113,113,288,303,303,303,365,440,440,440,452,46,63,37,37,140,140,158,158,158,173,189,218,237,264,264,264,264],"floor_reached":27,"language":"ENG","playtime":2334,"items_purged":[],"score":293,"play_id":"2e4e7298-7c13-4bb3-801b-b476a8ebd356","local_time":"20210211113049","is_ascension_mode":true,"campfire_choices":[{"data":"Perfected Strike","floor":6,"key":"SMITH"},{"floor":10,"key":"REST"},{"floor":15,"key":"REST"}],"circlet_count":0,"master_deck":["Strike_R","Strike_R","Strike_R","Strike_R","Defend_R+1","Defend_R+1","Defend_R","Bash+1","Shrug It Off","Doubt","Perfected Strike+1","Iron Wave","Body Slam","Bandage Up+1","Flex","Twin Strike","Flex","Immolate","Shrug It Off","Headbutt","True Grit","Feed"],"relics":["Burning Blood","Pear","InkBottle","HornCleat","HandDrill","Bag of Preparation","Philosopher\u0027s Stone","Red Skull","War Paint","Incense Burner","MealTicket"],"acts_visited":["Exordium","TheCity"],"potions_floor_usage":[16,24,25,25],"damage_taken":[{"damage":8,"enemies":"Small Slimes","floor":1,"turns":4},{"damage":0,"enemies":"2 Louse","floor":4,"turns":3},{"damage":58,"enemies":"Lagavulin Event","floor":7,"turns":7},{"damage":7,"enemies":"Jaw Worm","floor":11,"turns":3},{"damage":6,"enemies":"Red Slaver","floor":13,"turns":3},{"damage":39,"enemies":"Hexaghost","floor":16,"turns":11},{"damage":24,"enemies":"2 Thieves","floor":18,"turns":3},{"damage":0,"enemies":"Spheric Guardian","floor":21,"turns":3},{"damage":23,"enemies":"Chosen and Byrds","floor":22,"turns":5},{"damage":43,"enemies":"Book of Stabbing","floor":23,"turns":6},{"damage":0,"enemies":"Snake Plant","floor":24,"turns":1},{"damage":0,"enemies":"Slavers","floor":25,"turns":3},{"damage":48,"enemies":"Gremlin Leader","floor":27,"turns":4}],"seed_played":"2903208024487146027","potions_obtained":[{"floor":1,"key":"Weak Potion"},{"floor":16,"key":"Weak Potion"},{"floor":18,"key":"Weak Potion"},{"floor":21,"key":"Energy Potion"},{"floor":23,"key":"LiquidMemories"}],"is_trial":false,"path_per_floor":["M","?","?","M","?","R","?","?","T","R","M","$","M","$","R","B",null,"M","?","?","M","M","E","M","E","T","E"],"character_chosen":"IRONCLAD","items_purchased":["HandDrill","Bag of Preparation","Bandage Up","Flex","Flex"],"campfire_rested":2,"item_purchase_floors":[12,12,12,12,14],"current_hp_per_floor":[70,56,56,62,65,65,13,2,2,26,25,25,29,29,53,24,82,64,64,64,74,61,28,34,40,40,0,0],"gold":264,"neow_bonus":"REMOVE_TWO","is_daily":false,"chose_seed":false,"campfire_upgraded":1,"win_rate":0.0,"timestamp":1613061049,"path_taken":["M","?","?","M","?","R","?","?","T","R","?","$","M","?","R","BOSS","M","?","?","?","M","E","M","E","T","E"],"items_purchased_type":["Relic","Relic","Card","Card","Card"],"build_version":"2020-12-22","purchased_purges":0,"victory":false,"max_hp_per_floor":[72,72,72,72,82,82,82,82,82,82,82,82,82,82,82,82,82,82,82,82,82,82,82,82,82,82,82,82],"card_choices":[{"not_picked":["Evolve","Body Slam"],"picked":"Shrug It Off","floor":1},{"not_picked":["Dark Embrace","Clothesline"],"picked":"Perfected Strike","floor":4},{"not_picked":["Blood for Blood","Combust"],"picked":"Iron Wave","floor":7},{"not_picked":["Entrench","Burning Pact"],"picked":"Body Slam","floor":11},{"not_picked":["True Grit","Perfected Strike"],"picked":"Twin Strike","floor":13},{"not_picked":["Berserk","Corruption"],"picked":"Immolate","floor":16},{"not_picked":["Warcry","Cleave"],"picked":"Shrug It Off","floor":18},{"not_picked":["Clothesline","Iron Wave"],"picked":"Headbutt","floor":21},{"not_picked":["Headbutt","Body Slam","Sever Soul"],"picked":"SKIP","floor":22},{"not_picked":["Wild Strike+1","Rage","Berserk"],"picked":"SKIP","floor":23},{"not_picked":["Anger+1","Clash"],"picked":"True Grit","floor":24},{"not_picked":["Infernal Blade","Seeing Red"],"picked":"Feed","floor":25}],"player_experience":71400,"relics_obtained":[{"floor":7,"key":"InkBottle"},{"floor":9,"key":"HornCleat"},{"floor":23,"key":"War Paint"},{"floor":25,"key":"Incense Burner"},{"floor":26,"key":"MealTicket"}],"event_choices":[{"damage_healed":0,"gold_gain":0,"player_choice":"Entered Light","damage_taken":14,"max_hp_gain":0,"max_hp_loss":0,"event_name":"Shining Light","floor":2,"gold_loss":0,"cards_upgraded":["Defend_R","Bash"]},{"damage_healed":0,"gold_gain":175,"player_choice":"AGREE","damage_taken":0,"max_hp_gain":0,"max_hp_loss":0,"event_name":"Liars Game","floor":3,"gold_loss":0,"cards_obtained":["Doubt"]},{"damage_healed":0,"gold_gain":0,"player_choice":"Success","damage_taken":7,"relics_obtained":["Pear"],"max_hp_gain":0,"max_hp_loss":0,"event_name":"Scrap Ooze","floor":5,"gold_loss":0},{"damage_healed":0,"gold_gain":30,"player_choice":"Searched \u00272\u0027 times","damage_taken":0,"max_hp_gain":0,"max_hp_loss":0,"event_name":"Dead Adventurer","floor":7,"gold_loss":0},{"damage_healed":0,"gold_gain":75,"player_choice":"Gather Gold","damage_taken":11,"max_hp_gain":0,"max_hp_loss":0,"event_name":"World of Goop","floor":8,"gold_loss":0},{"damage_healed":0,"gold_gain":0,"player_choice":"Ignored","damage_taken":0,"max_hp_gain":0,"max_hp_loss":0,"event_name":"Vampires","floor":19,"gold_loss":0},{"damage_healed":0,"gold_gain":0,"player_choice":"Gave Potion","damage_taken":0,"relics_obtained":["Red Skull"],"max_hp_gain":0,"max_hp_loss":0,"event_name":"WeMeetAgain","floor":20,"gold_loss":0}],"is_beta":false,"boss_relics":[{"not_picked":["SacredBark","Empty Cage"],"picked":"Philosopher\u0027s Stone"}],"items_purged_floors":[],"is_endless":false,"potions_floor_spawned":[1,16,18,21,23],"killed_by":"Gremlin Leader","ascension_level":2}}