{"host":"rykcscnxwcosqdkz","time":1613079175,"event":{"mods":["100% Spire Juice","Act Like it!","Arknights","BaseMod","DeckTracker","GifTheSpireLib","Minty Spire (QoL Compilation)","Reliquary","StSLib","Stuff the Spire","The Dragon Tamer","The Marked","??????REMEMod"],"gold_per_floor":[116,116,129,140,72,72,72,72,125,125,139,139,155,182,182,279,279,295,295,307,154,167,167,182,198,198,216,216,216],"floor_reached":28,"language":"ENG","playtime":1403,"items_purged":[],"score":222,"play_id":"17f39322-fc27-4489-ae05-9027e2cba9d6","local_time":"20210211223255","is_ascension_mode":false,"campfire_choices":[{"data":"ats:Burning Ground","floor":6,"key":"SMITH"},{"data":"ats:Emotion Absorption","floor":8,"key":"SMITH"},{"data":"ats:Ignite","floor":10,"key":"SMITH"},{"data":"ats:Armor Crushing Shot","floor":12,"key":"SMITH"},{"floor":15,"key":"REST"},{"floor":23,"key":"REST"}],"circlet_count":0,"master_deck":["ats:Strike C+1","ats:Strike G","ats:Strike S","ats:Strike V","ats:Armor Crushing Shot+1","ats:Defend","ats:Defend","ats:Defend","ats:Defend","ats:Emotion Absorption+1","ats:Ignite+1","ats:Burning Ground+1","REME_TwoStrings+1","ats:Guardian Obelisk+1","ats:Guardian Obelisk+1","StuffTheSpire:Harmony","ats:Very Hot Blade+1"],"relics":["ats:Sanity","REME_ComplimentaryCards","NeowsBlessing","Toxic Egg 2","reliquary:Boomerang","ats:Originium","StuffTheSpire:GrapeVine","REME_ChargedStone","Juzu Bracelet"],"acts_visited":["Exordium","TheCity"],"potions_floor_usage":[14,16,25,28,28,28,28],"damage_taken":[{"damage":0,"enemies":"ats:Genji","floor":1,"turns":1},{"damage":0,"enemies":"Cultist","floor":3,"turns":1},{"damage":0,"enemies":"Small Slimes","floor":4,"turns":1},{"damage":8,"enemies":"Red Slaver","floor":11,"turns":3},{"damage":3,"enemies":"Gremlin Gang","floor":13,"turns":3},{"damage":15,"enemies":"3 Sentries","floor":14,"turns":4},{"damage":62,"enemies":"Hexaghost","floor":16,"turns":10},{"damage":10,"enemies":"Spheric Guardian","floor":18,"turns":3},{"damage":6,"enemies":"2 Thieves","floor":20,"turns":3},{"damage":52,"enemies":"Shelled Parasite and Fungi","floor":22,"turns":6},{"damage":10,"enemies":"Snecko","floor":24,"turns":5},{"damage":24,"enemies":"Centurion and Healer","floor":25,"turns":6},{"damage":26,"enemies":"3 Cultists","floor":27,"turns":5},{"damage":5,"enemies":"Sentry and Sphere","floor":28,"turns":2}],"seed_played":"-7425223533597797040","potions_obtained":[{"floor":4,"key":"Weak Potion"},{"floor":11,"key":"Regen Potion"},{"floor":14,"key":"Block Potion"},{"floor":20,"key":"DuplicationPotion"},{"floor":22,"key":"Strength Potion"},{"floor":27,"key":"EntropicBrew"}],"is_trial":false,"path_per_floor":["M","?","M","M","$","R","?","R","T","R","M","R","M","E","R","B",null,"M","?","M","?","M","R","M","M","T","M","M"],"character_chosen":"DOCTOR_CLASS","items_purchased":["ats:Burning Ground"],"campfire_rested":2,"item_purchase_floors":[5],"current_hp_per_floor":[72,72,72,72,72,72,72,72,72,72,64,64,61,46,67,5,72,62,62,56,56,7,28,21,24,24,1,0,0],"gold":216,"neow_bonus":"THREE_ENEMY_KILL","is_daily":false,"chose_seed":false,"campfire_upgraded":4,"win_rate":0.0,"timestamp":1613079175,"path_taken":["M","?","?","M","$","R","?","R","T","R","M","R","M","E","R","BOSS","M","?","?","?","M","R","M","M","T","M","M"],"items_purchased_type":["Card"],"build_version":"2020-12-22","purchased_purges":0,"victory":false,"max_hp_per_floor":[72,72,72,72,72,72,72,72,72,72,72,72,72,72,72,72,72,72,72,72,72,72,72,72,72,72,72,72,72],"card_choices":[{"not_picked":["ats:Poison Spread","ats:Spore Proliferation"],"picked":"ats:Leaping Hammer","floor":1},{"not_picked":["ats:Sunburst","ats:Leaping Hammer"],"picked":"ats:Ignite","floor":3},{"not_picked":["ats:Curse Doll+1","ats:Powerful Strike","ats:Closed Bolt Burst Fire"],"picked":"SKIP","floor":4},{"not_picked":["ats:Very Hot Blade","ats:Sword Rain"],"picked":"ats:Guardian Obelisk+1","floor":11},{"not_picked":["ats:Hammer On","ats:Consecutive Shot Auto","ats:Powerful Strike"],"picked":"SKIP","floor":13},{"not_picked":["ats:Curse Doll+1","ats:Powerful Strike"],"picked":"ats:Guardian Obelisk+1","floor":14},{"not_picked":["ats:Poison Spread+1","ats:Closed Bolt Burst Fire","ats:Consecutive Shot Auto"],"picked":"SKIP","floor":18},{"not_picked":["ats:Blood Oath","ats:Closed Bolt Burst Fire","ats:Mental Burst"],"picked":"SKIP","floor":20},{"not_picked":["ats:Hammer On","ats:Overload+1"],"picked":"ats:Very Hot Blade+1","floor":22},{"not_picked":["ats:Encircling Forest+1","ats:Assault Order+1","ats:Curse Doll+1"],"picked":"SKIP","floor":24},{"not_picked":["ats:Powerful Strike","ats:Disruption Kick","ats:Blood Oath"],"picked":"SKIP","floor":25},{"not_picked":["ats:Closed Bolt Burst Fire","ats:Powerful Strike","ats:Collapsing Strike"],"picked":"SKIP","floor":27}],"player_experience":47873,"relics_obtained":[{"floor":9,"key":"reliquary:Boomerang"},{"floor":14,"key":"ats:Originium"},{"floor":14,"key":"StuffTheSpire:GrapeVine"},{"floor":26,"key":"Juzu Bracelet"}],"event_choices":[{"cards_removed":["ats:Leaping Hammer"],"damage_healed":0,"gold_gain":0,"player_choice":"Gave Card","damage_taken":0,"relics_obtained":["Toxic Egg 2"],"max_hp_gain":0,"max_hp_loss":0,"event_name":"WeMeetAgain","floor":2,"gold_loss":0},{"damage_healed":0,"gold_gain":0,"player_choice":"1 cards matched","damage_taken":0,"max_hp_gain":0,"max_hp_loss":0,"event_name":"Match and Keep!","floor":7,"gold_loss":0,"cards_obtained":["REME_TwoStrings"]},{"damage_healed":0,"gold_gain":0,"player_choice":"Upgraded","damage_taken":0,"max_hp_gain":0,"max_hp_loss":0,"event_name":"Upgrade Shrine","floor":19,"gold_loss":0,"cards_upgraded":["ats:Strike C"]}],"is_beta":false,"boss_relics":[{"not_picked":["Fusion Hammer","StuffTheSpire:ModemDavis"],"picked":"REME_ChargedStone"}],"items_purged_floors":[],"is_endless":false,"potions_floor_spawned":[4,11,14,20,22,27],"killed_by":"Sentry and Sphere","ascension_level":0}}