{"host":"yecadp3kwkksam5a","time":1613042074,"event":{"mods":["100% Spire Juice","BaseMod","Minty Spire (QoL Compilation)","StSLib","SuperFastMode","The Cursed","WarShipGirlsR/??á´Ò³R mod"],"gold_per_floor":[115,128,128,145,159,191,191,191,191],"floor_reached":8,"language":"KOR","playtime":407,"items_purged":[],"score":216,"play_id":"f98aa040-702a-41d8-98fc-2be7c24ee989","local_time":"20210211201434","daily_mods":["Draft"],"is_ascension_mode":true,"campfire_choices":[{"data":"TheCursedMod:SpitefulPlan","floor":7,"key":"SMITH"}],"circlet_count":0,"master_deck":["AscendersBane","TheCursedMod:CircleOfFocus+1","TheCursedMod:SaltUponWound","TheCursedMod:CursedBlade","TheCursedMod:FleshFromBone","TheCursedMod:CursedMace","TheCursedMod:FleshFromBone","TheCursedMod:SpitefulPray","TheCursedMod:SurpriseAttack","TheCursedMod:CursedBlade","TheCursedMod:SmokeScreen","TheCursedMod:SpitefulPlan+1","TheCursedMod:SpitefulStrike","TheCursedMod:SpitefulStrike","TheCursedMod:SurpriseAttack","TheCursedMod:RapidMovement","TheCursedMod:EmpowerCircles","TheCursedMod:RapidMovement","TheCursedMod:AntiAging"],"relics":["TheCursedMod:BlackMagic101","Bird Faced Urn"],"acts_visited":["Exordium"],"potions_floor_usage":[5],"damage_taken":[{"damage":7.0,"enemies":"Jaw Worm","floor":1.0,"turns":3.0},{"damage":5.0,"enemies":"2 Louse","floor":2.0,"turns":2.0},{"damage":9.0,"enemies":"Small Slimes","floor":4.0,"turns":2.0},{"damage":0,"enemies":"3 Louse","floor":5,"turns":1},{"damage":35,"enemies":"Lagavulin","floor":6,"turns":8},{"damage":0,"enemies":"3 Sentries","floor":8,"turns":1}],"seed_played":"2841170735063534780","potions_obtained":[{"floor":1.0,"key":"Explosive Potion"},{"floor":2.0,"key":"SmokeBomb"}],"is_trial":true,"path_per_floor":["M","M","?","M","M","E","R","E"],"character_chosen":"THE_CURSED","items_purchased":[],"campfire_rested":0,"item_purchase_floors":[],"current_hp_per_floor":[57,52,52,43,43,8,8,8,8],"gold":191,"neow_bonus":"","is_daily":false,"chose_seed":false,"campfire_upgraded":1,"win_rate":0.0,"timestamp":1613042074,"path_taken":["M","M","?","M","M","E","R","E"],"items_purchased_type":[],"build_version":"2020-12-22","purchased_purges":0,"victory":false,"max_hp_per_floor":[71,71,71,71,71,71,71,71,71],"card_choices":[{"not_picked":["TheCursedMod:CircleOfBlood","TheCursedMod:RapidMovement"],"picked":"TheCursedMod:CircleOfFocus","floor":0.0},{"not_picked":["TheCursedMod:RapidMovement","TheCursedMod:RavingStaff"],"picked":"TheCursedMod:SaltUponWound","floor":0.0},{"not_picked":["TheCursedMod:CursedMace","TheCursedMod:Obscuration"],"picked":"TheCursedMod:CursedBlade","floor":0.0},{"not_picked":["TheCursedMod:RapidMovement","TheCursedMod:CursedShiv"],"picked":"TheCursedMod:FleshFromBone","floor":0.0},{"not_picked":["TheCursedMod:HellsGateOpen","TheCursedMod:Stretching"],"picked":"TheCursedMod:CursedMace","floor":0.0},{"not_picked":["TheCursedMod:CursedShiv","TheCursedMod:Wield"],"picked":"TheCursedMod:FleshFromBone","floor":0.0},{"not_picked":["TheCursedMod:ReleasedKnowledge","TheCursedMod:RapidMovement"],"picked":"TheCursedMod:SpitefulPray","floor":0.0},{"not_picked":["TheCursedMod:CircleOfAmplification","TheCursedMod:Obscuration"],"picked":"TheCursedMod:SurpriseAttack","floor":0.0},{"not_picked":["TheCursedMod:CircleOfAmplification","TheCursedMod:CursedArmor"],"picked":"TheCursedMod:CursedBlade","floor":0.0},{"not_picked":["TheCursedMod:SoulCrush","TheCursedMod:ReleasedKnowledge"],"picked":"TheCursedMod:SmokeScreen","floor":0.0},{"not_picked":["TheCursedMod:RapidMovement","TheCursedMod:CursedMace"],"picked":"TheCursedMod:SpitefulPlan","floor":0.0},{"not_picked":["TheCursedMod:CursedBoomerang","TheCursedMod:CircleOfFlame"],"picked":"TheCursedMod:SpitefulStrike","floor":0.0},{"not_picked":["TheCursedMod:SurpriseAttack","TheCursedMod:SpitefulPray"],"picked":"TheCursedMod:SpitefulStrike","floor":0.0},{"not_picked":["TheCursedMod:TroublousMinions","TheCursedMod:CursedShiv"],"picked":"TheCursedMod:SurpriseAttack","floor":0.0},{"not_picked":["TheCursedMod:SpitefulStrike","TheCursedMod:WearCloak"],"picked":"TheCursedMod:RapidMovement","floor":0.0},{"not_picked":["TheCursedMod:Obscuration","TheCursedMod:SmokeScreen","TheCursedMod:BloodBarrier"],"picked":"SKIP","floor":1.0},{"not_picked":["TheCursedMod:CircleOfAmplification","TheCursedMod:DoubleShield"],"picked":"TheCursedMod:EmpowerCircles","floor":2.0},{"not_picked":["TheCursedMod:RavingStaff","TheCursedMod:CursedMace"],"picked":"TheCursedMod:RapidMovement","floor":4.0},{"not_picked":["TheCursedMod:SpitefulStrike","TheCursedMod:ReleasedStrength","TheCursedMod:Obscuration"],"picked":"SKIP","floor":5},{"not_picked":["TheCursedMod:CursedShiv","TheCursedMod:Grudge"],"picked":"TheCursedMod:AntiAging","floor":6}],"player_experience":619886,"relics_obtained":[{"floor":6,"key":"Bird Faced Urn"}],"event_choices":[{"damage_healed":0.0,"max_hp_gain":0.0,"max_hp_loss":0.0,"gold_gain":0.0,"event_name":"Living Wall","player_choice":"Grow","floor":3.0,"gold_loss":0.0,"damage_taken":0.0,"cards_upgraded":["TheCursedMod:CircleOfFocus"]}],"is_beta":false,"boss_relics":[],"items_purged_floors":[],"is_endless":true,"potions_floor_spawned":[1,2],"killed_by":"3 Sentries","ascension_level":20}}