{"host":"zoyu9oa60f8m99tp","time":1613017488,"event":{"mods":["Act Like it!","BaseMod","Colored Map","Gensokyo","Good Game Mod","Minty Spire (QoL Compilation)","Shop Mod","StSLib","The Alterego"],"gold_per_floor":[115,130,130,145,77,77,77],"floor_reached":6,"language":"ZHS","playtime":260,"items_purged":[],"score":36,"play_id":"1da02359-ada8-40c1-8961-b0824dcd6ecb","local_time":"20210211122448","is_ascension_mode":false,"campfire_choices":[],"circlet_count":0,"master_deck":["alterego_mod:Strike","alterego_mod:Strike","alterego_mod:Strike","alterego_mod:Strike","alterego_mod:Defend","alterego_mod:Defend","alterego_mod:Defend","alterego_mod:Defend","alterego_mod:Impale","alterego_mod:BigMeatyClaws","alterego_mod:BrynhildrsRune","alterego_mod:Cycle","alterego_mod:DeftHands","Clumsy","alterego_mod:Exercise","alterego_mod:1TonWallop","alterego_mod:GoddessCore","alterego_mod:STier"],"relics":["alterego_mod:MasochisticConstitution","REME:ComplimentaryCards","NeowsBlessing","Gensokyo:NagashiBinaDoll"],"acts_visited":["Exordium"],"potions_floor_usage":[],"damage_taken":[{"damage":0,"enemies":"Gensokyo:Python","floor":1,"turns":1},{"damage":0,"enemies":"Gensokyo:3_Fairies","floor":2,"turns":2},{"damage":0,"enemies":"Gensokyo:2_Kodama","floor":4,"turns":1},{"damage":75,"enemies":"Gensokyo:Aya","floor":6,"turns":6}],"seed_played":"-6416984306485851573","potions_obtained":[{"floor":2,"key":"Explosive Potion"},{"floor":4,"key":"EntropicBrew"}],"is_trial":false,"path_per_floor":["M","M","?","M","$","E"],"character_chosen":"The_Alterego","items_purchased":["alterego_mod:1TonWallop","alterego_mod:GoddessCore"],"campfire_rested":0,"item_purchase_floors":[5,5],"current_hp_per_floor":[70,70,70,70,70,0,0],"gold":77,"neow_bonus":"THREE_ENEMY_KILL","is_daily":false,"chose_seed":false,"campfire_upgraded":0,"win_rate":0.0,"timestamp":1613017488,"path_taken":["M","M","?","?","?","E"],"items_purchased_type":["Card","Card"],"build_version":"2020-12-22","purchased_purges":0,"victory":false,"max_hp_per_floor":[70,70,70,70,70,70,70],"card_choices":[{"not_picked":["alterego_mod:RidiculouslyBig","alterego_mod:Santa"],"picked":"alterego_mod:Cycle","floor":1},{"not_picked":["alterego_mod:Swimsuit","alterego_mod:Undulate"],"picked":"alterego_mod:DeftHands","floor":2},{"not_picked":["alterego_mod:Cycle","alterego_mod:HighServant"],"picked":"alterego_mod:Exercise","floor":4}],"player_experience":4651,"relics_obtained":[],"event_choices":[],"is_beta":false,"boss_relics":[],"items_purged_floors":[],"is_endless":false,"potions_floor_spawned":[2,4],"killed_by":"Gensokyo:Aya","ascension_level":0}}