{"host":"f5n4tidiz2n5sooh","time":1613021167,"event":{"mods":["BaseMod","Colored Map","Minty Spire (QoL Compilation)","Relic Stats","StSLib"],"gold_per_floor":[112,123,103,19,19,47,47,64,89,89,117,128,128,139,139,215,215,215,215,215,130,130,130,130,130,130,130,130,55,55,55,55,55,55],"floor_reached":33,"language":"ENG","playtime":1890,"items_purged":["Strike_R"],"score":596,"play_id":"3e5a12be-9f73-4bd2-8bc1-23650fe24c11","local_time":"20210210232607","is_ascension_mode":true,"campfire_choices":[{"data":"Feed","floor":7,"key":"SMITH"},{"floor":10,"key":"REST"},{"data":"Bash","floor":13,"key":"SMITH"},{"data":"Disarm","floor":15,"key":"SMITH"},{"data":"Second Wind","floor":23,"key":"SMITH"},{"floor":25,"key":"REST"},{"data":"Power Through","floor":27,"key":"SMITH"},{"data":"Anger","floor":32,"key":"SMITH"}],"circlet_count":0,"master_deck":["AscendersBane","Strike_R","Strike_R+1","Strike_R","Strike_R","Defend_R+1","Defend_R","Defend_R","Defend_R","Bash+1","Reaper","Anger+1","Feed+1","Power Through+1","Headbutt","Impervious","Disarm+1","Corruption","Second Wind+1","Shrug It Off","Necronomicurse","Dual Wield+1"],"relics":["Burning Blood","Pen Nib","Dream Catcher","Pocketwatch","Ectoplasm","CaptainsWheel","Necronomicon","Red Mask","Ornamental Fan","Regal Pillow"],"acts_visited":["Exordium","TheCity"],"potions_floor_usage":[3,6,6,12,33,33],"damage_taken":[{"damage":11,"enemies":"2 Louse","floor":1,"turns":3},{"damage":1,"enemies":"Cultist","floor":2,"turns":3},{"damage":31,"enemies":"Gremlin Nob","floor":6,"turns":5},{"damage":18,"enemies":"Jaw Worm","floor":8,"turns":6},{"damage":10,"enemies":"Lagavulin","floor":11,"turns":6},{"damage":13,"enemies":"Large Slime","floor":12,"turns":6},{"damage":16,"enemies":"3 Louse","floor":14,"turns":3},{"damage":62,"enemies":"Hexaghost","floor":16,"turns":12},{"damage":13,"enemies":"Shell Parasite","floor":18,"turns":6},{"damage":19,"enemies":"Spheric Guardian","floor":19,"turns":7},{"damage":18,"enemies":"Snake Plant","floor":20,"turns":6},{"damage":31,"enemies":"Masked Bandits","floor":24,"turns":6},{"damage":14,"enemies":"Book of Stabbing","floor":28,"turns":7},{"damage":0,"enemies":"Shelled Parasite and Fungi","floor":31,"turns":6},{"damage":140,"enemies":"Champ","floor":33,"turns":15}],"seed_played":"8488512417876586318","potions_obtained":[{"floor":1,"key":"PowerPotion"},{"floor":2,"key":"BloodPotion"},{"floor":3,"key":"Ancient Potion"},{"floor":6,"key":"FearPotion"},{"floor":19,"key":"SpeedPotion"},{"floor":20,"key":"BloodPotion"}],"is_trial":false,"path_per_floor":["M","M","?","$","?","E","R","M","T","R","E","M","R","M","R","B",null,"M","M","M","?","?","R","?","R","T","R","E","$","T","M","R","B"],"character_chosen":"IRONCLAD","items_purchased":["Feed"],"campfire_rested":2,"item_purchase_floors":[4],"current_hp_per_floor":[53,58,73,73,50,25,25,21,21,44,46,49,49,55,55,11,71,74,65,63,63,42,42,27,59,59,59,55,55,55,81,81,0,0],"gold":55,"neow_bonus":"THREE_RARE_CARDS","is_daily":false,"chose_seed":false,"campfire_upgraded":6,"win_rate":0.0,"timestamp":1613021167,"path_taken":["M","M","?","?","?","E","R","M","T","R","E","M","R","M","R","BOSS","M","M","M","?","?","R","?","R","T","R","E","$","?","M","R","BOSS"],"items_purchased_type":["Card"],"build_version":"2020-12-22","purchased_purges":1,"victory":false,"max_hp_per_floor":[75,75,75,75,75,75,75,79,79,79,79,83,83,87,87,91,91,95,99,103,103,103,103,107,107,107,107,111,111,111,119,119,119,119],"relic_stats":{"Dream Catcher":2,"Regal Pillow":0,"counters":[15,97],"Ornamental Fan":[52],"Pen Nib":[19],"Ectoplasm":141,"Necronomicon":[16],"obtain_stats":[{"Dream Catcher":9,"CaptainsWheel":21,"Regal Pillow":30,"Ornamental Fan":28,"Pen Nib":6,"Ectoplasm":17,"Necronomicon":22,"Red Mask":24,"Burning Blood":0,"Pocketwatch":11},{"Dream Catcher":4,"CaptainsWheel":11,"Regal Pillow":13,"Ornamental Fan":13,"Pen Nib":3,"Ectoplasm":8,"Necronomicon":11,"Red Mask":12,"Burning Blood":0,"Pocketwatch":5},{"Dream Catcher":17,"CaptainsWheel":63,"Regal Pillow":76,"Ornamental Fan":76,"Pen Nib":11,"Ectoplasm":44,"Necronomicon":63,"Red Mask":69,"Burning Blood":0,"Pocketwatch":23}],"Burning Blood":84,"Pocketwatch":[120]},"card_choices":[{"not_picked":["Barricade","Double Tap"],"picked":"Reaper","floor":0},{"not_picked":["Intimidate","Iron Wave","Sentinel"],"picked":"SKIP","floor":1},{"not_picked":["Flex","Power Through"],"picked":"Anger","floor":2},{"not_picked":["Infernal Blade","Intimidate"],"picked":"Power Through","floor":6},{"not_picked":["Havoc","Clash","Ghostly Armor"],"picked":"SKIP","floor":8},{"not_picked":["Sword Boomerang","Combust"],"picked":"Headbutt","floor":10},{"not_picked":["Clothesline","Headbutt","Combust"],"picked":"SKIP","floor":11},{"not_picked":["Reckless Charge","Twin Strike"],"picked":"Impervious","floor":12},{"not_picked":["Cleave","Warcry"],"picked":"Disarm","floor":14},{"not_picked":["Bludgeon","Barricade"],"picked":"Corruption","floor":16},{"not_picked":["Clash","Warcry"],"picked":"Second Wind","floor":18},{"not_picked":["Armaments","Body Slam","Heavy Blade"],"picked":"SKIP","floor":19},{"not_picked":["Anger","Headbutt"],"picked":"Shrug It Off","floor":20},{"not_picked":["Shockwave","Ghostly Armor"],"picked":"Dual Wield+1","floor":28},{"not_picked":["Combust","Sword Boomerang+1","Bloodletting"],"picked":"SKIP","floor":31}],"player_experience":2044044,"relics_obtained":[{"floor":6,"key":"Pen Nib"},{"floor":9,"key":"Dream Catcher"},{"floor":11,"key":"Pocketwatch"},{"floor":22,"key":"Necronomicon"},{"floor":24,"key":"Red Mask"},{"floor":28,"key":"Ornamental Fan"},{"floor":30,"key":"Regal Pillow"}],"event_choices":[{"damage_healed":0,"gold_gain":0,"player_choice":"Bought 1 Potion","damage_taken":0,"max_hp_gain":0,"max_hp_loss":0,"event_name":"The Woman in Blue","floor":3,"gold_loss":0},{"damage_healed":0,"gold_gain":0,"player_choice":"Entered Light","damage_taken":23,"max_hp_gain":0,"max_hp_loss":0,"event_name":"Shining Light","floor":5,"gold_loss":0,"cards_upgraded":["Defend_R","Strike_R"]},{"damage_healed":0,"gold_gain":0,"player_choice":"Obtained Relic","damage_taken":0,"relics_obtained":["CaptainsWheel"],"max_hp_gain":0,"max_hp_loss":0,"event_name":"Addict","floor":21,"gold_loss":85},{"damage_healed":0,"gold_gain":0,"player_choice":"Obtained Book","damage_taken":21,"max_hp_gain":0,"max_hp_loss":0,"event_name":"Cursed Tome","floor":22,"gold_loss":0},{"damage_healed":0,"gold_gain":0,"player_choice":"Fought Bandits","damage_taken":0,"max_hp_gain":0,"max_hp_loss":0,"event_name":"Masked Bandits","floor":24,"gold_loss":0}],"is_beta":false,"boss_relics":[{"not_picked":["Empty Cage","Calling Bell"],"picked":"Ectoplasm"}],"items_purged_floors":[29],"is_endless":false,"potions_floor_spawned":[1,2,6,19,20],"killed_by":"Champ","ascension_level":20}}