{"host":"mxr7fl53uuvtjusr","time":1613048499,"event":{"mods":["2.2 Compatiblity","AchievementEnabler","Act Like it!","BaseMod","BetterRewards","Block Reminder","Colored Map","Colored Powertips","Downfall","Highlight Path","Minty Spire (QoL Compilation)","Permanent Neow","Quick Restart","Rare Cards Sparkle","StSLib"],"gold_per_floor":[99,119,133,133,152,164,237,248,148,148,148,168,188,207,222,325,325,325,340,340,355,375,375,375,391,291,305,77,77,102,131,154,265,277,289,311,335,647,672,715,750,775,687,699,724,296,296,18,35,35,35,62,10,10,10,10,10],"floor_reached":55,"language":"ENG","playtime":3720,"items_purged":["Guardian:Strike_Guardian","Parasite","Guardian:Defend_Guardian"],"score":694,"play_id":"585fcd7b-effe-424d-8b01-69fc42c2ed4e","local_time":"20210211050139","is_ascension_mode":false,"campfire_choices":[{"floor":1.0,"key":"RECALL"},{"data":"Guardian:PrismaticBeam","floor":9.0,"key":"SMITH"},{"data":"Guardian:PrimingBeam","floor":18.0,"key":"SMITH"},{"data":"Guardian:SentryBeam","floor":26.0,"key":"SMITH"},{"data":"Guardian:PrismaticBeam","floor":29.0,"key":"SMITH"},{"data":"Guardian:ShieldCharger","floor":35.0,"key":"SMITH"},{"data":"Guardian:CrystalBeam","floor":43.0,"key":"SMITH"},{"floor":47.0,"key":"REST"},{"floor":54,"key":"REST"}],"circlet_count":0,"master_deck":["Guardian:Strike_Guardian+1","Guardian:Defend_Guardian","Guardian:Defend_Guardian","Guardian:Defend_Guardian","Guardian:CurlUp","Guardian:TwinSlam+1","Guardian:PrismaticBeam+1","Guardian:CrystalBeam+1","Guardian:TemporalStrike","Guardian:Recover","Guardian:PrimingBeam+1","Guardian:Planning","Guardian:CrystalBeam+1","Guardian:ChargeCore","Guardian:PrismaticBeam+1","Guardian:SentryBeam+1","Guardian:PrismaticBeam+1","Guardian:Incinerate+1","Guardian:HyperBeam_Guardian","CurseOfTheBell","CurseOfTheBell","Guardian:EvasiveProtocol+1","Guardian:SentryBeam","Guardian:StasisStrike"],"relics":["Guardian:ModeShifterPlus","Torii","InkBottle","downfall:HeartBlessingRed","downfall:HeartBlessingBlue","MawBank","Busted Crown","downfall:ExtraCursedBell","Akabeko","Kunai","Old Coin","Whetstone","Blood Vial","downfall:HeartBlessingGreen","TungstenRod","Vajra","Bottled Tornado","StrikeDummy"],"acts_visited":["Exordium","TheCity","TheBeyond","TheEnding"],"potions_floor_usage":[52,55,55],"damage_taken":[{"damage":1.0,"enemies":"2 Louse","floor":2.0,"turns":4.0},{"damage":11.0,"enemies":"Jaw Worm","floor":3.0,"turns":3.0},{"damage":6.0,"enemies":"Small Slimes","floor":5.0,"turns":4.0},{"damage":2.0,"enemies":"2 Fungi Beasts","floor":6.0,"turns":4.0},{"damage":8.0,"enemies":"3 Louse","floor":8.0,"turns":4.0},{"damage":9.0,"enemies":"Red Slaver","floor":12.0,"turns":5.0},{"damage":2.0,"enemies":"Exordium Wildlife","floor":13.0,"turns":5.0},{"damage":0.0,"enemies":"3 Louse","floor":14.0,"turns":5.0},{"damage":1.0,"enemies":"2 Fungi Beasts","floor":15.0,"turns":4.0},{"damage":46.0,"enemies":"IC_STATUS_ARCHETYPE","floor":16.0,"turns":11.0},{"damage":0.0,"enemies":"3 Byrds","floor":19.0,"turns":2.0},{"damage":1.0,"enemies":"Shell Parasite","floor":21.0,"turns":5.0},{"damage":0.0,"enemies":"Sentry and Sphere","floor":22.0,"turns":6.0},{"damage":1.0,"enemies":"Snake Plant","floor":25.0,"turns":4.0},{"damage":1.0,"enemies":"Centurion and Healer","floor":27.0,"turns":4.0},{"damage":0.0,"enemies":"downfall:FleeingMerchant","floor":28.0,"turns":4.0},{"damage":9.0,"enemies":"Slavers","floor":30.0,"turns":4.0},{"damage":1.0,"enemies":"Shelled Parasite and Fungi","floor":31.0,"turns":4.0},{"damage":0.0,"enemies":"Snake Plant","floor":32.0,"turns":3.0},{"damage":22.0,"enemies":"SI_MIRROR_ARCHETYPE","floor":33.0,"turns":8.0},{"damage":1.0,"enemies":"Orb Walker","floor":36.0,"turns":2.0},{"damage":15.0,"enemies":"3 Darklings","floor":37.0,"turns":6.0},{"damage":1.0,"enemies":"Spire Growth","floor":39.0,"turns":4.0},{"damage":12.0,"enemies":"Nemesis","floor":40.0,"turns":5.0},{"damage":0.0,"enemies":"Jaw Worm Horde","floor":42.0,"turns":4.0},{"damage":24.0,"enemies":"Writhing Mass","floor":45.0,"turns":4.0},{"damage":0.0,"enemies":"downfall:FleeingMerchant","floor":46.0,"turns":4.0},{"damage":0.0,"enemies":"downfall:FleeingMerchant","floor":48.0,"turns":1.0},{"damage":0.0,"enemies":"Sphere and 2 Shapes","floor":49.0,"turns":1.0},{"damage":9.0,"enemies":"DF_ARCHETYPE_ORBS","floor":50.0,"turns":8.0},{"damage":64,"enemies":"downfall:CharBossMerchant","floor":52,"turns":9},{"damage":70,"enemies":"downfall:NeowBoss","floor":55,"turns":13}],"seed_played":"-6635564423870179025","potions_obtained":[{"floor":5.0,"key":"Explosive Potion"},{"floor":6.0,"key":"hexamod:SoulburnPotion"},{"floor":8.0,"key":"Swift Potion"},{"floor":12.0,"key":"Block Potion"},{"floor":21.0,"key":"FairyPotion"},{"floor":30.0,"key":"Ancient Potion"},{"floor":42.0,"key":"bronze:BurnAndBuffPotion"}],"is_trial":false,"path_per_floor":["R","M","M","?","M","M","T","M","R","?","?","M","M","M","M","B",null,"R","M","?","M","M","?","T","M","R","M","$","R","E","M","M","B",null,"R","M","M","?","M","E","T","M","R","?","M","$","R","$","M","B",null,"E","$","R","B"],"character_chosen":"GUARDIAN","items_purchased":["Guardian:PrismaticBeam","Guardian:Gem_Green","Strength Potion","TungstenRod","Guardian:Gem_Red","Vajra","Bottled Tornado","Guardian:SentryBeam","ColorlessPotion"],"campfire_rested":2,"item_purchase_floors":[28,28,28,46,46,48,48,48,53],"current_hp_per_floor":[72,71,60,60,54,52,52,44,44,62,62,53,51,51,50,4,72,72,72,72,71,71,71,71,70,80,79,79,79,70,69,69,47,82,82,81,66,66,65,53,53,55,55,55,33,35,58,60,62,55,79,15,15,38,0,0,0],"gold":10,"neow_bonus":"ONE_RARE_RELIC","is_daily":false,"chose_seed":false,"campfire_upgraded":6,"win_rate":0.0,"timestamp":1613048499,"path_taken":["R","M","M","?","M","M","T","M","R","?","?","M","M","M","M","BOSS","R","M","?","M","M","?","T","M","R","?","$","R","E","M","M","BOSS","R","M","M","?","M","E","T","M","R","?","M","$","R","$","M","BOSS","E","$","R","BOSS"],"items_purchased_type":["Card","Card","Potion","Relic","Card","Relic","Relic","Card","Potion"],"build_version":"2020-12-22","purchased_purges":3,"victory":false,"max_hp_per_floor":[72,72,72,72,72,72,72,72,72,72,72,72,72,72,72,72,72,72,72,72,72,72,72,72,72,82,82,82,82,82,82,82,82,82,82,82,82,82,82,82,82,82,82,82,82,79,79,79,79,79,79,79,79,79,79,79,79],"card_choices":[{"not_picked":["Guardian:CrystalBeam","Guardian:Suspension"],"picked":"Guardian:ShieldCharger","floor":2.0},{"not_picked":["Guardian:Gem_Green","Guardian:Preprogram"],"picked":"Guardian:PrismaticBeam","floor":3.0},{"not_picked":["Guardian:BronzeArmor","Guardian:EvasiveProtocol"],"picked":"Guardian:CrystalBeam","floor":5.0},{"not_picked":["Guardian:Reroute","Guardian:Suspension"],"picked":"Guardian:Gem_White","floor":6.0},{"not_picked":["Guardian:Harden","Guardian:MultiBeam"],"picked":"Guardian:TemporalStrike","floor":8.0},{"not_picked":["Guardian:PrismaticBeam","Guardian:CrystalBeam"],"picked":"Guardian:Gem_Blue","floor":12.0},{"not_picked":["Guardian:ShieldSpikes","Guardian:WalkerClaw"],"picked":"Guardian:Recover","floor":13.0},{"not_picked":["Guardian:PolyBeam","Guardian:BaubleBeam"],"picked":"Guardian:PrimingBeam","floor":14.0},{"not_picked":["Guardian:RollAttack","Guardian:Reroute"],"picked":"Guardian:Planning","floor":15.0},{"not_picked":["Guardian:SphericShield","Guardian:AncientConstruct"],"picked":"Guardian:Gem_Orange","floor":16.0},{"not_picked":["Guardian:Suspension+1","Guardian:DecasProtection"],"picked":"Guardian:Gem_Cyan","floor":19.0},{"not_picked":["Guardian:Emergency+1","Guardian:VentSteam+1"],"picked":"Guardian:CrystalBeam+1","floor":21.0},{"not_picked":["Guardian:ShieldSpikes+1","Guardian:ArmoredProtocol"],"picked":"Guardian:ChargeCore","floor":22.0},{"not_picked":["Guardian:Planning","Guardian:BodySlam"],"picked":"Guardian:SentryBeam","floor":25.0},{"not_picked":["Guardian:Reroute+1","Guardian:CrystalBeam","Guardian:MultiBeam"],"picked":"SKIP","floor":27.0},{"not_picked":["Guardian:Recover","Guardian:Planning"],"picked":"Guardian:Gem_Lightblue","floor":28.0},{"not_picked":["Guardian:BodySlam","Guardian:TimeBomb"],"picked":"Guardian:Gem_Synthetic","floor":30.0},{"not_picked":["Guardian:GuardianWhirl","Guardian:PrimingBeam"],"picked":"Guardian:Incinerate+1","floor":31.0},{"not_picked":["Guardian:Suspension+1","Guardian:ArmoredProtocol","Guardian:Reroute"],"picked":"SKIP","floor":32.0},{"not_picked":["Guardian:ConstructionForm","Guardian:StasisField"],"picked":"Guardian:HyperBeam_Guardian","floor":33.0},{"not_picked":["Guardian:RollAttack+1"],"picked":"SKIP","floor":36.0},{"not_picked":["Guardian:RollAttack+1"],"picked":"SKIP","floor":37.0},{"not_picked":["Guardian:Recover"],"picked":"SKIP","floor":39.0},{"not_picked":["Guardian:RefractedBeam+1"],"picked":"SKIP","floor":40.0},{"not_picked":["Guardian:Planning"],"picked":"SKIP","floor":42.0},{"not_picked":[],"picked":"Guardian:Gem_Lightblue","floor":45.0},{"not_picked":[],"picked":"Guardian:Gem_Red","floor":46.0},{"not_picked":[],"picked":"Guardian:EvasiveProtocol+1","floor":48.0},{"not_picked":[],"picked":"Guardian:StasisStrike","floor":49.0},{"not_picked":["Guardian:BodySlam+1"],"picked":"SKIP","floor":52}],"player_experience":232642,"relics_obtained":[{"floor":7.0,"key":"InkBottle"},{"floor":30.0,"key":"MawBank"},{"floor":38.0,"key":"Akabeko"},{"floor":38.0,"key":"Kunai"},{"floor":38.0,"key":"Old Coin"},{"floor":40.0,"key":"Whetstone"},{"floor":41.0,"key":"Blood Vial"},{"floor":52,"key":"StrikeDummy"}],"event_choices":[{"damage_healed":18.0,"max_hp_gain":0.0,"max_hp_loss":0.0,"gold_gain":0.0,"event_name":"Mushrooms","player_choice":"Healed and dodged fight","floor":10.0,"gold_loss":0.0,"damage_taken":0.0,"cards_obtained":["Parasite"]},{"damage_healed":0.0,"max_hp_gain":0.0,"max_hp_loss":0.0,"gold_gain":0.0,"event_name":"Vampires","player_choice":"Ignored","floor":20.0,"gold_loss":0.0,"damage_taken":0.0},{"cards_removed":["Guardian:ShieldCharger"],"damage_healed":0.0,"max_hp_gain":0.0,"max_hp_loss":0.0,"gold_gain":0.0,"event_name":"Falling","player_choice":"Removed Skill","floor":44.0,"gold_loss":0.0,"damage_taken":0.0}],"is_beta":false,"boss_relics":[{"not_picked":["Tiny House","Calling Bell"],"picked":"Guardian:ModeShifterPlus"},{"not_picked":["SlaversCollar","Guardian:StasisSlotReductionRelic"],"picked":"Busted Crown"}],"items_purged_floors":[28,46,48],"is_endless":false,"potions_floor_spawned":[5,6,8,12,13,21,30,31,32,33,37,42,49],"killed_by":"downfall:NeowBoss","ascension_level":0}}