{"host":"j4g6ia6asvpyu2b0","time":1613044954,"event":{"mods":["BaseMod","Colored Map","Infinite Spire","Minty Spire (QoL Compilation)","Permanent Neow","Quick Restart","Relic Stats","StSLib","Unceasing Turn Reminder"],"gold_per_floor":[117,192,192,211,221,221,236,236,316,316,347,364,380,409,409,505,505,516,529,529,529,540,540,569,599,599,630,644,678,697,714,714,814,814,825,825,839,213,231,231,259,259,259,359,387,387,422,433,433,433,433,433,4,31,31],"floor_reached":56,"language":"ENG","playtime":2895,"items_purged":["Strike_G+1"],"score":1645,"play_id":"d0f190a9-de79-46fe-bb72-9057ef242b24","local_time":"20210211050234","is_ascension_mode":true,"campfire_choices":[{"data":"Well Laid Plans","floor":6.0,"key":"SMITH"},{"data":"Bouncing Flask","floor":8.0,"key":"SMITH"},{"data":"Dagger Spray","floor":10.0,"key":"SMITH"},{"data":"Sucker Punch","floor":15.0,"key":"SMITH"},{"data":"infinitespire:Neurotoxin","floor":23.0,"key":"SMITH"},{"data":"Acrobatics","floor":32.0,"key":"SMITH"},{"data":"infinitespire:UltimateForm","floor":40.0,"key":"SMITH"},{"data":"After Image","floor":42.0,"key":"SMITH"},{"data":"infinitespire:Fortify","floor":46,"key":"SMITH"},{"floor":49,"key":"RECALL"},{"data":"After Image","floor":52,"key":"SMITH"}],"circlet_count":0,"master_deck":["Strike_G+1","Strike_G+1","Strike_G+1","Defend_G+1","Defend_G+1","Defend_G+1","Defend_G+1","Defend_G+1","Survivor","Neutralize+1","Well Laid Plans+1","Slice","Sucker Punch+1","Bouncing Flask+1","Dagger Spray+1","Dodge and Roll","Dodge and Roll","Backflip","Escape Plan","infinitespire:Neurotoxin+1","Caltrops+1","Dagger Spray+1","Acrobatics+1","Quick Slash+1","Quick Slash+1","Backflip","Blur","Backflip","Corpse Explosion","After Image+1","Sucker Punch+1","infinitespire:Collect","infinitespire:UltimateForm+1","After Image+1","Sucker Punch+1","Backflip+1","Parasite","infinitespire:Fortify+1","Caltrops+1","Noxious Fumes+1","Dodge and Roll","Catalyst","Caltrops","Deadly Poison","Distraction+1"],"relics":["Coffee Dripper","infinitespire:CheckeredPen","infinitespire:Satchel","Toy Ornithopter","Cursed Key","Snake Skull","infinitespire:WardingShard","Red Mask","infinitespire:PuzzleCube","Pantograph","Turnip","Empty Cage","Happy Flower","Mercury Hourglass","Anchor","Ginger","Whetstone","Gremlin Horn","Dead Branch","Orichalcum"],"acts_visited":["Exordium","TheCity","TheBeyond","TheEnding"],"potions_floor_usage":[45,55,55,55],"damage_taken":[{"damage":0.0,"enemies":"2 Louse","floor":1.0,"turns":3.0},{"damage":0.0,"enemies":"Cultist","floor":4.0,"turns":4.0},{"damage":0.0,"enemies":"Small Slimes","floor":5.0,"turns":4.0},{"damage":6.0,"enemies":"Exordium Wildlife","floor":7.0,"turns":5.0},{"damage":8.0,"enemies":"Lagavulin","floor":11.0,"turns":6.0},{"damage":0.0,"enemies":"Exordium Thugs","floor":12.0,"turns":4.0},{"damage":3.0,"enemies":"2 Fungi Beasts","floor":13.0,"turns":2.0},{"damage":10.0,"enemies":"Gremlin Nob","floor":14.0,"turns":3.0},{"damage":0.0,"enemies":"Hexaghost","floor":16.0,"turns":8.0},{"damage":0.0,"enemies":"Shell Parasite","floor":18.0,"turns":4.0},{"damage":3.0,"enemies":"Chosen","floor":19.0,"turns":5.0},{"damage":2.0,"enemies":"3 Cultists","floor":22.0,"turns":4.0},{"damage":16.0,"enemies":"Slavers","floor":24.0,"turns":4.0},{"damage":5.0,"enemies":"Masked Bandits","floor":25.0,"turns":3.0},{"damage":0.0,"enemies":"Gremlin Leader","floor":27.0,"turns":6.0},{"damage":6.0,"enemies":"Snake Plant","floor":28.0,"turns":3.0},{"damage":0.0,"enemies":"Nightmare","floor":29.0,"turns":6.0},{"damage":0.0,"enemies":"Centurion and Healer","floor":30.0,"turns":5.0},{"damage":0.0,"enemies":"Snecko","floor":31.0,"turns":3.0},{"damage":0.0,"enemies":"Automaton","floor":33.0,"turns":9.0},{"damage":12.0,"enemies":"3 Darklings","floor":35.0,"turns":4.0},{"damage":0.0,"enemies":"3 Shapes","floor":37.0,"turns":2.0},{"damage":0.0,"enemies":"Writhing Mass","floor":39.0,"turns":3.0},{"damage":1.0,"enemies":"Nightmare","floor":41.0,"turns":7.0},{"damage":0.0,"enemies":"infinitespire:Three Voidlings","floor":44.0,"turns":2.0},{"damage":3.0,"enemies":"Nightmare_Alpha","floor":44.0,"turns":7.0},{"damage":7,"enemies":"Nemesis","floor":45,"turns":5},{"damage":15,"enemies":"Reptomancer","floor":47,"turns":6},{"damage":0,"enemies":"3 Darklings","floor":48,"turns":4},{"damage":11,"enemies":"Donu and Deca","floor":50,"turns":6},{"damage":2,"enemies":"Shield and Spear","floor":54,"turns":5},{"damage":0,"enemies":"The Heart","floor":55,"turns":9}],"seed_played":"-7580187139943219895","potions_obtained":[{"floor":4.0,"key":"FearPotion"},{"floor":12.0,"key":"Dexterity Potion"},{"floor":13.0,"key":"GamblersBrew"},{"floor":19.0,"key":"PowerPotion"},{"floor":22.0,"key":"Dexterity Potion"},{"floor":31.0,"key":"DistilledChaos"},{"floor":47,"key":"PowerPotion"}],"is_trial":false,"path_per_floor":["M","?","?","M","M","R","M","R","T","R","E","M","M","E","R","B",null,"M","M","T","?","M","R","E","?","T","E","M","NM","M","M","R","B",null,"M","AVR","M","$","M","R","NM","R","T","?","E","R","E","M","R","B",null,"R","$","E","B",null],"character_chosen":"THE_SILENT","items_purchased":["After Image","Happy Flower","Mercury Hourglass","Dead Branch","Caltrops","Deadly Poison"],"campfire_rested":0,"item_purchase_floors":[38,38,38,53,53,53],"current_hp_per_floor":[70,59,59,59,59,59,53,53,53,53,45,45,42,32,32,32,70,70,67,67,67,65,65,49,44,44,44,38,38,38,38,38,63,70,58,58,58,58,58,58,57,57,57,54,52,52,37,37,37,51,70,70,70,68,70],"gold":31,"neow_bonus":"BOSS_RELIC","is_daily":false,"chose_seed":false,"campfire_upgraded":10,"win_rate":0.0,"timestamp":1613044954,"path_taken":["M","?","?","?","M","R","M","R","T","R","E","?","M","E","R","BOSS","M","M","?","?","M","R","E","?","T","E","M","NM","M","M","R","BOSS","M","AVR","M","$","M","R","NM","R","T","?","E","R","E","M","R","BOSS","R","$","E","BOSS"],"items_purchased_type":["Card","Relic","Relic","Relic","Card","Card"],"build_version":"2020-12-22","purchased_purges":1,"victory":true,"max_hp_per_floor":[70,70,70,70,70,70,70,70,70,70,70,70,70,70,70,70,70,70,70,70,70,70,70,70,70,70,70,70,70,70,70,70,70,70,70,70,70,70,70,70,70,70,70,70,70,70,70,70,70,70,70,70,70,70,70],"relic_stats":{"Happy Flower":[18],"Gremlin Horn":[3,3],"counters":[32,151],"Dead Branch":[7],"Snake Skull":[140],"Ginger":[4],"Whetstone":["Neutralize","Dagger Spray"],"Orichalcum":[0],"Cursed Key":3,"Mercury Hourglass":[165],"Pantograph":52,"Turnip":[4],"obtain_stats":[{"Happy Flower":38,"Gremlin Horn":47,"Dead Branch":53,"Snake Skull":20,"infinitespire:CheckeredPen":9,"Ginger":44,"Whetstone":45,"Orichalcum":54,"Cursed Key":17,"Empty Cage":34,"Mercury Hourglass":38,"Anchor":41,"infinitespire:WardingShard":24,"Pantograph":27,"infinitespire:Satchel":11,"Turnip":29,"Coffee Dripper":0,"Red Mask":25,"Toy Ornithopter":14,"infinitespire:PuzzleCube":26,"Ring of the Snake":0},{"Happy Flower":22,"Gremlin Horn":28,"Dead Branch":30,"Snake Skull":11,"infinitespire:CheckeredPen":4,"Ginger":26,"Whetstone":27,"Orichalcum":31,"Cursed Key":9,"Empty Cage":20,"Mercury Hourglass":22,"Anchor":24,"infinitespire:WardingShard":13,"Pantograph":15,"infinitespire:Satchel":5,"Turnip":17,"Coffee Dripper":0,"Red Mask":14,"Toy Ornithopter":8,"infinitespire:PuzzleCube":14,"Ring of the Snake":0},{"Happy Flower":97,"Gremlin Horn":127,"Dead Branch":137,"Snake Skull":48,"infinitespire:CheckeredPen":16,"Ginger":116,"Whetstone":121,"Orichalcum":142,"Cursed Key":39,"Empty Cage":91,"Mercury Hourglass":97,"Anchor":107,"infinitespire:WardingShard":56,"Pantograph":65,"infinitespire:Satchel":22,"Turnip":74,"Coffee Dripper":0,"Red Mask":59,"Toy Ornithopter":31,"infinitespire:PuzzleCube":59,"Ring of the Snake":0}],"Toy Ornithopter":5},"card_choices":[{"not_picked":["Dodge and Roll","Bane"],"picked":"Well Laid Plans","floor":1.0},{"not_picked":["Slice","Endless Agony"],"picked":"Sucker Punch","floor":4.0},{"not_picked":["Choke","Dagger Throw"],"picked":"Bouncing Flask","floor":5.0},{"not_picked":["Flying Knee","PiercingWail"],"picked":"Dagger Spray","floor":7.0},{"not_picked":["Dagger Spray","Slice"],"picked":"Dodge and Roll","floor":11.0},{"not_picked":["Infinite Blades","Cloak And Dagger"],"picked":"Dodge and Roll","floor":12.0},{"not_picked":["Blade Dance","Tactician"],"picked":"Backflip","floor":13.0},{"not_picked":["Quick Slash","Underhanded Strike"],"picked":"Escape Plan","floor":14.0},{"not_picked":["Tools of the Trade","After Image"],"picked":"infinitespire:Neurotoxin","floor":16.0},{"not_picked":["Cloak And Dagger","Backflip"],"picked":"Caltrops+1","floor":18.0},{"not_picked":["Setup","Distraction"],"picked":"Dagger Spray","floor":19.0},{"not_picked":["Sucker Punch","Dagger Throw"],"picked":"Acrobatics","floor":22.0},{"not_picked":["Deflect","Caltrops"],"picked":"Quick Slash+1","floor":24.0},{"not_picked":["Blade Dance+1","Deflect"],"picked":"Quick Slash+1","floor":25.0},{"not_picked":["Grand Finale","Distraction"],"picked":"Backflip","floor":27.0},{"not_picked":["Acrobatics","Sucker Punch"],"picked":"Blur","floor":28.0},{"not_picked":["Underhanded Strike","Expertise","Well Laid Plans+1"],"picked":"SKIP","floor":29.0},{"not_picked":["Dagger Spray","Slice"],"picked":"Backflip","floor":30.0},{"not_picked":["Dodge and Roll","Cloak And Dagger"],"picked":"Corpse Explosion","floor":31.0},{"not_picked":["Storm of Steel","Grand Finale"],"picked":"After Image","floor":33.0},{"not_picked":["Prepared","Choke+1"],"picked":"Sucker Punch+1","floor":35.0},{"not_picked":["Sucker Punch","Riddle With Holes","Bane"],"picked":"SKIP","floor":37.0},{"not_picked":["Flying Knee","Quick Slash+1"],"picked":"Sucker Punch+1","floor":39.0},{"not_picked":["Flying Knee+1","Prepared+1"],"picked":"Backflip+1","floor":41.0},{"not_picked":["infinitespire:Menacing","infinitespire:NeuralNetwork"],"picked":"infinitespire:Fortify","floor":44},{"not_picked":["Deflect","Infinite Blades"],"picked":"Caltrops+1","floor":44},{"not_picked":["Quick Slash","PiercingWail+1"],"picked":"Noxious Fumes+1","floor":45},{"not_picked":["Dagger Spray","Masterful Stab+1"],"picked":"Dodge and Roll","floor":47},{"not_picked":["Eviscerate+1","Bane"],"picked":"Catalyst","floor":48},{"not_picked":["Dagger Spray","Tactician"],"picked":"Distraction+1","floor":54}],"player_experience":1227434,"relics_obtained":[{"floor":9.0,"key":"infinitespire:CheckeredPen"},{"floor":11.0,"key":"infinitespire:Satchel"},{"floor":14.0,"key":"Toy Ornithopter"},{"floor":20.0,"key":"Snake Skull"},{"floor":24.0,"key":"infinitespire:WardingShard"},{"floor":25.0,"key":"Red Mask"},{"floor":26.0,"key":"infinitespire:PuzzleCube"},{"floor":27.0,"key":"Pantograph"},{"floor":29.0,"key":"Turnip"},{"floor":41.0,"key":"Anchor"},{"floor":44,"key":"Ginger"},{"floor":45,"key":"Whetstone"},{"floor":47,"key":"Gremlin Horn"},{"floor":54,"key":"Orichalcum"}],"event_choices":[{"damage_healed":0.0,"max_hp_gain":0.0,"max_hp_loss":0.0,"gold_gain":75.0,"event_name":"World of Goop","player_choice":"Gather Gold","floor":2.0,"gold_loss":0.0,"damage_taken":11.0},{"damage_healed":0.0,"max_hp_gain":0.0,"max_hp_loss":0.0,"gold_gain":0.0,"cards_transformed":["Strike_G"],"event_name":"Living Wall","player_choice":"Change","floor":3.0,"gold_loss":0.0,"damage_taken":0.0,"cards_obtained":["Slice"]},{"damage_healed":0.0,"max_hp_gain":0.0,"max_hp_loss":0.0,"gold_gain":0.0,"event_name":"Back to Basics","player_choice":"Simplicity","floor":21.0,"gold_loss":0.0,"damage_taken":0.0,"cards_upgraded":["Strike_G","Strike_G","Strike_G","Strike_G","Defend_G","Defend_G","Defend_G","Defend_G","Defend_G"]},{"damage_healed":0.0,"max_hp_gain":0.0,"max_hp_loss":0.0,"gold_gain":0.0,"event_name":"Masked Bandits","player_choice":"Fought Bandits","floor":25.0,"gold_loss":0.0,"damage_taken":0.0}],"is_beta":false,"boss_relics":[{"not_picked":["Sozu","Pandora\u0027s Box"],"picked":"Cursed Key"},{"not_picked":["Velvet Choker","Astrolabe"],"picked":"Empty Cage"}],"items_purged_floors":[38],"is_endless":false,"potions_floor_spawned":[4,12,13,16,19,22,27,28,30,31,35,37,47,48],"ascension_level":1}}