{"host":"3d7yvplr5ovcyppx","time":1613068185,"event":{"mods":["AchievementEnabler","BaseMod","Hermit","Jorbs\u0027s Wanderer Trilogy","Minty Spire (QoL Compilation)","Quick Restart","Somnambulant","StSLib","The Cursed","The Disciple","The Servant 0.9.4"],"gold_per_floor":[118,118,129,149,324,355,355,385,385,385,403,423,493,605,617,730,742,768,790,802,814,840,852,852],"floor_reached":23,"language":"ENG","playtime":1225,"items_purged":[],"score":222,"play_id":"cc29582c-b08b-40d6-a371-edc248bad070","local_time":"20210211235945","is_ascension_mode":true,"campfire_choices":[{"data":"Sunder","floor":7,"key":"SMITH"},{"data":"Loop","floor":15,"key":"SMITH"}],"circlet_count":0,"master_deck":["Strike_B","Strike_B","Strike_B","Strike_B","Defend_B","Defend_B","Defend_B","Defend_B","Zap","Dualcast","Blizzard","Sunder","Redo","Chill","Doubt","Sunder+1","Genetic Algorithm","PanicButton","Doom and Gloom","Loop+1","Compile Driver","Buffer","Consume+1","Leap+1","All For One","Glacier+1"],"relics":["Cracked Core","TungstenRod","Pantograph","MealTicket","InkBottle","MawBank","Black Star"],"acts_visited":["Exordium","TheCity"],"potions_floor_usage":[6,8,13,22],"damage_taken":[{"damage":4,"enemies":"2 Louse","floor":1,"turns":3},{"damage":4,"enemies":"Small Slimes","floor":3,"turns":2},{"damage":0,"enemies":"Cultist","floor":4,"turns":2},{"damage":2,"enemies":"3 Sentries","floor":6,"turns":9},{"damage":11,"enemies":"Gremlin Nob","floor":8,"turns":4},{"damage":5,"enemies":"3 Louse","floor":11,"turns":3},{"damage":2,"enemies":"Gremlin Gang","floor":12,"turns":3},{"damage":11,"enemies":"3 Sentries","floor":13,"turns":5},{"damage":19,"enemies":"Hexaghost","floor":16,"turns":8},{"damage":9,"enemies":"Chosen","floor":18,"turns":5},{"damage":9,"enemies":"Spheric Guardian","floor":19,"turns":4},{"damage":14,"enemies":"Snecko","floor":22,"turns":3},{"damage":30,"enemies":"Book of Stabbing","floor":23,"turns":9}],"seed_played":"-5710531799893582823","potions_obtained":[{"floor":1,"key":"Weak Potion"},{"floor":3,"key":"SpeedPotion"},{"floor":8,"key":"ColorlessPotion"},{"floor":13,"key":"EssenceOfDarkness"},{"floor":22,"key":"Ancient Potion"}],"is_trial":false,"path_per_floor":["M","?","M","M","?","E","R","E","T","?","M","M","E","?","R","B",null,"M","M","?","?","M","E"],"character_chosen":"DEFECT","items_purchased":[],"campfire_rested":0,"item_purchase_floors":[],"current_hp_per_floor":[71,64,60,60,60,58,58,47,47,47,42,40,29,29,29,35,75,66,57,57,44,30,0,0],"gold":852,"neow_bonus":"THREE_CARDS","is_daily":false,"chose_seed":false,"campfire_upgraded":2,"win_rate":0.0,"timestamp":1613068185,"path_taken":["M","?","M","M","?","E","R","E","T","?","M","?","E","?","R","BOSS","M","?","?","?","M","E"],"items_purchased_type":[],"build_version":"2020-12-22","purchased_purges":0,"victory":false,"max_hp_per_floor":[75,75,75,75,75,75,75,75,75,75,75,75,75,75,75,75,75,75,75,75,80,80,80,80],"card_choices":[{"not_picked":["Leap","Rebound"],"picked":"Blizzard","floor":0},{"not_picked":["Gash","Sweeping Beam"],"picked":"Sunder","floor":1},{"not_picked":["Leap","Steam"],"picked":"Redo","floor":3},{"not_picked":["Leap","Scrape"],"picked":"Chill","floor":4},{"not_picked":["Heatsinks","Conserve Battery"],"picked":"Sunder","floor":6},{"not_picked":["Leap","Redo"],"picked":"Genetic Algorithm","floor":8},{"not_picked":["Go for the Eyes","Hologram"],"picked":"Doom and Gloom","floor":11},{"not_picked":["Rebound","Multi-Cast"],"picked":"Loop","floor":12},{"not_picked":["Barrage","Streamline"],"picked":"Compile Driver","floor":13},{"not_picked":["Hyperbeam","Rainbow"],"picked":"Buffer","floor":16},{"not_picked":["Gash+1","Coolheaded"],"picked":"Consume+1","floor":18},{"not_picked":["Barrage","Auto Shields"],"picked":"Leap+1","floor":19},{"not_picked":["Ball Lightning","Consume"],"picked":"Glacier+1","floor":22}],"player_experience":31752,"relics_obtained":[{"floor":6,"key":"Pantograph"},{"floor":8,"key":"MealTicket"},{"floor":9,"key":"InkBottle"},{"floor":13,"key":"MawBank"}],"event_choices":[{"damage_healed":0,"gold_gain":0,"player_choice":"Success","damage_taken":7,"relics_obtained":["TungstenRod"],"max_hp_gain":0,"max_hp_loss":0,"event_name":"Scrap Ooze","floor":2,"gold_loss":0},{"damage_healed":0,"gold_gain":175,"player_choice":"AGREE","damage_taken":0,"max_hp_gain":0,"max_hp_loss":0,"event_name":"Liars Game","floor":5,"gold_loss":0,"cards_obtained":["Doubt"]},{"damage_healed":0,"gold_gain":0,"player_choice":"1 cards matched","damage_taken":0,"max_hp_gain":0,"max_hp_loss":0,"event_name":"Match and Keep!","floor":10,"gold_loss":0,"cards_obtained":["PanicButton"]},{"damage_healed":0,"gold_gain":100,"player_choice":"Gold","damage_taken":0,"max_hp_gain":0,"max_hp_loss":0,"event_name":"Wheel of Change","floor":14,"gold_loss":0},{"damage_healed":0,"gold_gain":0,"player_choice":"Read","damage_taken":0,"max_hp_gain":0,"max_hp_loss":0,"event_name":"The Library","floor":20,"gold_loss":0,"cards_obtained":["All For One"]},{"damage_healed":0,"gold_gain":0,"player_choice":"Shed Blood","damage_taken":19,"max_hp_gain":5,"max_hp_loss":0,"event_name":"Forgotten Altar","floor":21,"gold_loss":0}],"is_beta":false,"boss_relics":[{"not_picked":["Empty Cage","Sozu"],"picked":"Black Star"}],"items_purged_floors":[],"is_endless":false,"potions_floor_spawned":[1,3,8,13,22],"killed_by":"Book of Stabbing","ascension_level":1}}