{"host":"Ringo","time":1613037528,"event":{"mods":["BaseMod","Colored Map","Conspire","Dota2Spire","Hubris","Minty Spire (QoL Compilation)","Replay The Spire","StSLib","The Construct","[IsaacMod]ÒÔÈö¼âËþ","¡¾ÒÅÎï¿¨ÅÆ¡¿REMEMod"],"gold_per_floor":[110,123,123,123,123,123,123],"floor_reached":6,"language":"ZHS","playtime":185,"items_purged":[],"score":68,"play_id":"1af778c3-6dd5-4125-b37c-a4fc3afb7e15","local_time":"20210211175848","daily_mods":["Draft","Vintage","Red Cards","Purple Cards","Colorless Cards","Heirloom","Time Dilation","Flight","DeadlyEvents","Elite Swarm","Lethality","Binary"],"is_ascension_mode":true,"campfire_choices":[],"circlet_count":0,"master_deck":["AscendersBane","CrushJoints","Replay:BluntJabs","WreathOfFlame","Intimidate","Pommel Strike","ForeignInfluence","Armaments","Dropkick","FlurryOfBlows","Replay:ManipulateFuture","PathToVictory","Replay:Hum","Dark Shackles","CutThroughFate","EmptyFist","construct:BatteryAcid"],"relics":["Burning Blood","Busted Crown","HushsDoor","REME_ComplimentaryCards","replay:Trail_Library","hubris:Spice","BloodDonationMachine","TheBean","Dota2Spire:Vanguard","MoneyPower","hubris:Icosahedron"],"acts_visited":["Exordium"],"potions_floor_usage":[],"damage_taken":[{"damage":0,"enemies":"Small Slimes","floor":1,"turns":1},{"damage":11,"enemies":"Jaw Worm","floor":2,"turns":2},{"damage":0,"enemies":"3 Sentries","floor":6,"turns":1}],"seed_played":"-2894231266748615063","potions_obtained":[{"floor":2,"key":"Toxic Potion"}],"is_trial":true,"path_per_floor":["M","M","?","?","?","E"],"character_chosen":"IRONCLAD","items_purchased":[],"campfire_rested":0,"item_purchase_floors":[],"current_hp_per_floor":[82,77,77,66,66,66,66],"gold":123,"neow_bonus":"","is_daily":false,"chose_seed":false,"campfire_upgraded":0,"win_rate":0.0,"timestamp":1613037528,"path_taken":["M","M","?","?","?","E"],"items_purchased_type":[],"build_version":"2020-12-18","purchased_purges":0,"victory":false,"max_hp_per_floor":[83,83,83,83,83,83,83],"card_choices":[{"not_picked":["CarveReality","hubris:ReadiedAction"],"picked":"CrushJoints","floor":0},{"not_picked":["Replay:Parry","Heavy Blade"],"picked":"Replay:BluntJabs","floor":0},{"not_picked":["Conclude","Run Through"],"picked":"WreathOfFlame","floor":0},{"not_picked":["Replay:BluntJabs","Replay:AtTheReady"],"picked":"Intimidate","floor":0},{"not_picked":["Run Through","Uppercut"],"picked":"Pommel Strike","floor":0},{"not_picked":["Headbutt","Clothesline"],"picked":"ForeignInfluence","floor":0},{"not_picked":["ReplayReversal","Headbutt"],"picked":"Armaments","floor":0},{"not_picked":["FlurryOfBlows","Headbutt"],"picked":"Dropkick","floor":0},{"not_picked":["ForeignInfluence","Life Link"],"picked":"FlurryOfBlows","floor":0},{"not_picked":["Perfected Strike","Headbutt"],"picked":"Replay:ManipulateFuture","floor":0},{"not_picked":["CrushJoints","Wild Strike"],"picked":"PathToVictory","floor":0},{"not_picked":["Protect","Defy Death"],"picked":"Replay:Hum","floor":0},{"not_picked":["FlurryOfBlows","Carnage"],"picked":"Dark Shackles","floor":0},{"not_picked":["BettingIsNotGood","Rampage"],"picked":"CutThroughFate","floor":0},{"not_picked":["Pommel Strike","Enlightenment"],"picked":"EmptyFist","floor":0}],"player_experience":671883,"relics_obtained":[{"floor":1,"key":"TheBean"},{"floor":2,"key":"Dota2Spire:Vanguard"}],"event_choices":[{"damage_healed":0,"gold_gain":0,"player_choice":"0 cards matched","damage_taken":0,"max_hp_gain":0,"max_hp_loss":0,"event_name":"Match and Keep!","floor":3,"gold_loss":0,"cards_obtained":[]},{"damage_healed":0,"gold_gain":0,"player_choice":"Success","damage_taken":11,"relics_obtained":["MoneyPower"],"max_hp_gain":0,"max_hp_loss":0,"event_name":"Scrap Ooze","floor":4,"gold_loss":0}],"is_beta":true,"boss_relics":[],"items_purged_floors":[],"is_endless":false,"potions_floor_spawned":[2],"killed_by":"3 Sentries","ascension_level":20}}