{"host":"z2qbs5oitkx9dzyk","time":1613087590,"event":{"mods":["BaseMod","Colored Map","Colored Powertips","Minty Spire (QoL Compilation)"],"gold_per_floor":[109,122,197,10,21,21,48,61,84,7,7,7,23,38,38,134,134,149,149,163,180,180,180,34,34,61,61,72,72,88,104,104,199,199,211,261,261,261,274,274,204,204,204,218,38,38,38,38,38,38,38],"floor_reached":50,"language":"ENG","playtime":1870,"items_purged":[],"score":467,"play_id":"068473b5-bad6-49dd-a69b-60e708e1ddc8","local_time":"20210211175310","is_ascension_mode":false,"campfire_choices":[{"data":"Hello World","floor":6.0,"key":"SMITH"},{"data":"Loop","floor":12.0,"key":"SMITH"},{"data":"Leap","floor":15.0,"key":"SMITH"},{"data":"Amplify","floor":23.0,"key":"SMITH"},{"data":"Reinforced Body","floor":25.0,"key":"SMITH"},{"data":"White Noise","floor":32.0,"key":"SMITH"},{"data":"Buffer","floor":40.0,"key":"SMITH"},{"data":"Loop","floor":42.0,"key":"SMITH"},{"data":"Echo Form","floor":46.0,"key":"SMITH"},{"floor":49.0,"key":"RECALL"}],"circlet_count":0,"master_deck":["Strike_B+1","Defend_B+1","Defend_B+1","Defend_B+1","Defend_B+1","Zap+1","Dualcast","Leap+1","Hello World+1","Reprogram","Loop+1","Doom and Gloom","Amplify+1","Redo+1","Lockon+1","Fission+1","BootSequence","White Noise+1","Core Surge","Reinforced Body+1","Melter","Glacier","Electrodynamics","White Noise+1","Core Surge","Stack+1","Buffer+1","Streamline+1","Loop+1","White Noise+1","Echo Form+1","Turbo","Leap"],"relics":["FrozenCore","Chemical X","Bag of Marbles","Orichalcum","Nloth\u0027s Gift","Orrery","CaptainsWheel","Boot"],"acts_visited":["Exordium","TheCity","TheBeyond"],"potions_floor_usage":[50],"damage_taken":[{"damage":1.0,"enemies":"Jaw Worm","floor":1.0,"turns":3.0},{"damage":0.0,"enemies":"Small Slimes","floor":2.0,"turns":3.0},{"damage":0.0,"enemies":"Cultist","floor":5.0,"turns":5.0},{"damage":30.0,"enemies":"3 Sentries","floor":7.0,"turns":7.0},{"damage":0.0,"enemies":"Large Slime","floor":8.0,"turns":1.0},{"damage":14.0,"enemies":"3 Louse","floor":13.0,"turns":2.0},{"damage":9.0,"enemies":"Looter","floor":14.0,"turns":3.0},{"damage":4.0,"enemies":"Hexaghost","floor":16.0,"turns":9.0},{"damage":5.0,"enemies":"Chosen","floor":18.0,"turns":4.0},{"damage":10.0,"enemies":"2 Thieves","floor":20.0,"turns":3.0},{"damage":10.0,"enemies":"Shelled Parasite and Fungi","floor":21.0,"turns":6.0},{"damage":6.0,"enemies":"Snake Plant","floor":28.0,"turns":5.0},{"damage":4.0,"enemies":"Sentry and Sphere","floor":30.0,"turns":3.0},{"damage":2.0,"enemies":"Cultist and Chosen","floor":31.0,"turns":6.0},{"damage":25.0,"enemies":"Automaton","floor":33.0,"turns":9.0},{"damage":24.0,"enemies":"3 Darklings","floor":35.0,"turns":4.0},{"damage":0.0,"enemies":"Mind Bloom Boss Battle","floor":36.0,"turns":7.0},{"damage":1.0,"enemies":"Orb Walker","floor":39.0,"turns":6.0},{"damage":16.0,"enemies":"3 Darklings","floor":44.0,"turns":4.0},{"damage":0.0,"enemies":"Spire Growth","floor":48.0,"turns":1.0},{"damage":41,"enemies":"Donu and Deca","floor":50,"turns":5}],"seed_played":"9091971151670574301","potions_obtained":[{"floor":5.0,"key":"Swift Potion"},{"floor":7.0,"key":"AttackPotion"},{"floor":8.0,"key":"PowerPotion"},{"floor":16.0,"key":"CultistPotion"},{"floor":20.0,"key":"FearPotion"},{"floor":30.0,"key":"ColorlessPotion"},{"floor":33.0,"key":"Explosive Potion"},{"floor":36.0,"key":"SmokeBomb"},{"floor":39.0,"key":"ColorlessPotion"}],"is_trial":false,"path_per_floor":["M","M","?","$","M","R","E","M","T","$","?","R","M","M","R","B",null,"M","?","M","M","?","R","$","R","T","?","M","?","M","M","R","B",null,"M","?","?","?","M","R","$","R","T","M","$","R","$","M","R","B"],"character_chosen":"DEFECT","items_purchased":["Chemical X","Hello World","Loop","Orrery","Loop","Echo Form","Turbo","Leap"],"campfire_rested":0,"item_purchase_floors":[4,4,10,24,41,45,45,45],"current_hp_per_floor":[74,74,63,63,63,63,33,33,33,33,58,58,44,35,35,31,75,70,70,60,50,50,50,50,50,50,50,44,44,40,38,38,13,75,51,51,51,51,50,50,50,50,50,34,34,34,34,34,34,0,0],"gold":38,"neow_bonus":"UPGRADE_CARD","is_daily":false,"chose_seed":false,"campfire_upgraded":9,"win_rate":0.0,"timestamp":1613087590,"path_taken":["M","M","?","$","M","R","E","M","T","$","?","R","M","M","R","BOSS","M","?","?","M","?","R","$","R","T","?","M","?","M","?","R","BOSS","M","?","?","?","M","R","$","R","T","M","?","R","$","M","R","BOSS"],"items_purchased_type":["Relic","Card","Card","Relic","Card","Card","Card","Card"],"build_version":"2020-12-22","purchased_purges":0,"victory":false,"max_hp_per_floor":[75,75,75,75,75,75,75,75,75,75,75,75,75,75,75,75,75,75,75,75,75,75,75,75,75,75,75,75,75,75,75,75,75,75,75,75,75,75,75,75,75,75,75,75,75,75,75,75,75,75,75],"card_choices":[{"not_picked":["Sweeping Beam","Coolheaded"],"picked":"Leap","floor":1.0},{"not_picked":["Reinforced Body","Recycle","Turbo"],"picked":"SKIP","floor":2.0},{"not_picked":["Turbo","Redo","Cold Snap"],"picked":"SKIP","floor":5.0},{"not_picked":["Compile Driver","Steam","Static Discharge"],"picked":"SKIP","floor":7.0},{"not_picked":["Sweeping Beam","Stack"],"picked":"Reprogram","floor":8.0},{"not_picked":["Self Repair","Chaos"],"picked":"Doom and Gloom","floor":13.0},{"not_picked":["Sunder","Coolheaded","Redo"],"picked":"SKIP","floor":14.0},{"not_picked":["Reboot","Biased Cognition"],"picked":"Amplify","floor":16.0},{"not_picked":["Beam Cell+1","Tempest"],"picked":"BootSequence","floor":18.0},{"not_picked":["Coolheaded","Hologram+1","Sweeping Beam"],"picked":"SKIP","floor":20.0},{"not_picked":["Scrape","Conserve Battery"],"picked":"White Noise+1","floor":21.0},{"not_picked":["Recycle","Coolheaded"],"picked":"Core Surge","floor":24.0},{"not_picked":["Turbo","Streamline"],"picked":"Reinforced Body","floor":24.0},{"not_picked":["Compile Driver+1","Hologram+1"],"picked":"Melter","floor":24.0},{"not_picked":["Ball Lightning+1","Chaos"],"picked":"Glacier","floor":24.0},{"not_picked":["Static Discharge+1","Self Repair","Coolheaded+1"],"picked":"SKIP","floor":28.0},{"not_picked":["Sweeping Beam","Genetic Algorithm"],"picked":"White Noise","floor":30.0},{"not_picked":["Melter+1","Beam Cell+1","Doom and Gloom"],"picked":"SKIP","floor":31.0},{"not_picked":["Creative AI","Amplify"],"picked":"Core Surge","floor":33.0},{"not_picked":["Streamline+1","Ball Lightning"],"picked":"Stack+1","floor":35.0},{"not_picked":["Beam Cell+1","Barrage"],"picked":"Buffer","floor":36.0},{"not_picked":["Ball Lightning","Force Field"],"picked":"Streamline+1","floor":39.0},{"not_picked":["Tempest+1","Ball Lightning+1"],"picked":"White Noise+1","floor":44.0}],"player_experience":406207,"relics_obtained":[{"floor":7.0,"key":"Bag of Marbles"},{"floor":9.0,"key":"Orichalcum"},{"floor":36.0,"key":"CaptainsWheel"},{"floor":43.0,"key":"Boot"}],"event_choices":[{"damage_healed":0.0,"max_hp_gain":0.0,"max_hp_loss":0.0,"gold_gain":75.0,"event_name":"World of Goop","player_choice":"Gather Gold","floor":3.0,"gold_loss":0.0,"damage_taken":11.0},{"damage_healed":25.0,"max_hp_gain":0.0,"max_hp_loss":0.0,"gold_gain":0.0,"event_name":"Big Fish","player_choice":"Banana","floor":11.0,"gold_loss":0.0,"damage_taken":0.0},{"damage_healed":0.0,"max_hp_gain":0.0,"max_hp_loss":0.0,"gold_gain":0.0,"event_name":"N\u0027loth","player_choice":"Traded Relic","floor":19.0,"relics_lost":["Astrolabe"],"gold_loss":0.0,"damage_taken":0.0,"relics_obtained":["Nloth\u0027s Gift"]},{"damage_healed":0.0,"max_hp_gain":0.0,"max_hp_loss":0.0,"gold_gain":0.0,"event_name":"Back to Basics","player_choice":"Simplicity","floor":22.0,"gold_loss":0.0,"damage_taken":0.0,"cards_upgraded":["Strike_B","Defend_B","Defend_B","Defend_B","Defend_B"]},{"damage_healed":0.0,"max_hp_gain":0.0,"max_hp_loss":0.0,"gold_gain":0.0,"event_name":"Ghosts","player_choice":"Ignored","floor":27.0,"gold_loss":0.0,"damage_taken":0.0},{"damage_healed":0.0,"max_hp_gain":0.0,"max_hp_loss":0.0,"gold_gain":0.0,"event_name":"Match and Keep!","player_choice":"1 cards matched","floor":29.0,"gold_loss":0.0,"damage_taken":0.0,"cards_obtained":["Electrodynamics"]},{"damage_healed":0.0,"max_hp_gain":0.0,"max_hp_loss":0.0,"gold_gain":0.0,"event_name":"MindBloom","player_choice":"Fight","floor":36.0,"gold_loss":0.0,"damage_taken":0.0},{"damage_healed":0.0,"max_hp_gain":0.0,"max_hp_loss":0.0,"gold_gain":0.0,"event_name":"SensoryStone","player_choice":"Memory 1","floor":37.0,"gold_loss":0.0,"damage_taken":0.0},{"damage_healed":0.0,"max_hp_gain":0.0,"max_hp_loss":0.0,"gold_gain":0.0,"event_name":"Tomb of Lord Red Mask","player_choice":"Ignored","floor":38.0,"gold_loss":0.0,"damage_taken":0.0}],"is_beta":false,"boss_relics":[{"not_picked":["Snecko Eye","Tiny House"],"picked":"Astrolabe"},{"not_picked":["Runic Pyramid","Fusion Hammer"],"picked":"FrozenCore"}],"items_purged_floors":[],"is_endless":false,"potions_floor_spawned":[5,7,8,16,20,30,33,36,39],"killed_by":"Donu and Deca","ascension_level":0}}