{"host":"dwyzfvnzfcqffr30","time":1613023644,"event":{"mods":["2.2 Compatiblity","Act Like it!","Aspiration","BaseMod","Beaked The Cultist","Better Altar","Better Match","Better Note","Better Sensory Stone","Better Skull","Better Third Choice","Clockwork Mod","Colored Map","Colored Powertips","Conspire","Downfall","Elementarium","GifTheSpireLib","Halation","Hermit","Hubris","Infinite Spire","Ironclad Rager","Jedi Mod","Menagerie","Mimic Mod","Minty Spire (QoL Compilation)","Permanent Neow","Random Character Button","Relic Filter Mod","Reliquary","Replay The Spire","Spicy Shops","Spikes Relics","StSLib","Stuff the Spire","The Construct","The Disciple","The Druid","The Marked","TheFirefly","Trackpad","Wandering Minibosses"],"gold_per_floor":[123,123,148,147,147,180,982,1078,1078,1078,1003,1101,90,110,110,214,214,243,243,243,275,275,200,244,272,307,342,342,399,438,485,485,622,622,672,708,708,770,219,219,258,286,321,357,411,454,454,518,518,518,518,518,66,95,95],"floor_reached":56,"language":"ENG","playtime":5145,"items_purged":["Guardian:CurlUp+1","Guardian:Defend_Guardian+1","Guardian:Strike_Guardian+1"],"score":1917,"play_id":"5d3beeee-22f8-4979-9ae9-22a026a40b9b","local_time":"20210210220724","is_ascension_mode":true,"campfire_choices":[{"floor":10.0,"key":"RECALL"},{"data":"Guardian:FierceBash+1","floor":28.0,"key":"SMITH"},{"floor":32.0,"key":"REST"},{"data":"Guardian:TimeCapacitor+1","floor":40.0,"key":"SMITH"},{"data":"Guardian:ChargeCore+1","floor":49,"key":"SMITH"},{"data":"Guardian:SentryBeam+1","floor":52,"key":"SMITH"}],"circlet_count":0,"master_deck":["Slimebound:DisruptingSlam+1","Guardian:Strike_Guardian+1","Guardian:Strike_Guardian+1","Guardian:Defend_Guardian+1","Guardian:Defend_Guardian+1","Guardian:Defend_Guardian+1","Guardian:TwinSlam+1","MasterReality+1","Apotheosis+1","Guardian:SentryBeam+2","Guardian:ChargeUp+1","Guardian:Orbwalk+1","Guardian:FierceBash+2","Guardian:Planning+1","Guardian:TimeCapacitor+2","Guardian:Suspension+1","Guardian:DecasProtection+1","Guardian:ChargeCore+2","Guardian:Repulse+1"],"relics":["Guardian:ModeShifterPlus","Boot","Bottled Tornado","halation:Prosthetics","hubris:TinFlute","SacredBark","conspire:InfiniteJournal","infinitespire:EvilPickle","Quantum Egg","Frozen Egg 2","Molten Egg 2","Toxic Egg 2","Potion Belt","wanderingMiniBosses:MasterThiefsPresence","StuffTheSpire:GrapeVine","trackpad:PetRock","reliquary:JackalopeAntler","Medical Kit","Kunai","jedi:kaleidoscope","hubris:Towel","Toolbox","sneckomod:BlankCard","jedi:heavyjacket","reliquary:NewFriend","Omamori","Elementarium:ElementariumTrophy","expansioncontent:StudyCardRelic","Calipers","Replay:Kaleidoscope","hubris:PeanutButter","reliquary:Stiletto","MealTicket","jedi:shrinkray","infinitespire:WardingShard","hubris:FunFungus","infinitespire:Joker Card","reliquary:IridiumChain","StuffTheSpire:Expresso","infinitespire:Lucky Rock","reliquary:BallBearing"],"acts_visited":[],"potions_floor_usage":[48,50,55,55,55],"damage_taken":[{"damage":0.0,"enemies":"2 Louse","floor":1.0,"turns":3.0},{"damage":0.0,"enemies":"Small Slimes","floor":3.0,"turns":2.0},{"damage":4.0,"enemies":"Cultist","floor":4.0,"turns":6.0},{"damage":5.0,"enemies":"Lagavulin","floor":6.0,"turns":6.0},{"damage":0.0,"enemies":"Blue Slaver","floor":7.0,"turns":5.0},{"damage":0.0,"enemies":"3 Sentries","floor":8.0,"turns":4.0},{"damage":0.0,"enemies":"Replay:BlueRogue","floor":12.0,"turns":5.0},{"damage":0.0,"enemies":"2 Fungi Beasts","floor":14.0,"turns":2.0},{"damage":10.0,"enemies":"The Guardian","floor":16.0,"turns":4.0},{"damage":0.0,"enemies":"Elementarium:2_ELEMENTALS","floor":18.0,"turns":2.0},{"damage":0.0,"enemies":"Elementarium:VoidCorruption","floor":21.0,"turns":3.0},{"damage":1.0,"enemies":"Elementarium:FIRE_NOBILITY","floor":24.0,"turns":5.0},{"damage":0.0,"enemies":"Elementarium:CYCLONE_AND_ORB_OF_FIRE","floor":25.0,"turns":4.0},{"damage":0.0,"enemies":"Elementarium:VOID_CORRUPTION_AND_ORB_OF_FIRE","floor":26.0,"turns":3.0},{"damage":0.0,"enemies":"Elementarium:VOID_CORRUPTION_AND_ORB_OF_FIRE","floor":27.0,"turns":3.0},{"damage":0.0,"enemies":"Elementarium:ElementalPortal","floor":29.0,"turns":6.0},{"damage":0.0,"enemies":"Elementarium:VoidBeast","floor":30.0,"turns":3.0},{"damage":0.0,"enemies":"Elementarium:STONE_GOLEMS","floor":31.0,"turns":2.0},{"damage":0.0,"enemies":"Elementarium:PHOENIXES","floor":33.0,"turns":5.0},{"damage":0.0,"enemies":"3 Shapes","floor":35.0,"turns":2.0},{"damage":0.0,"enemies":"3 Darklings","floor":36.0,"turns":3.0},{"damage":0.0,"enemies":"3 Darklings","floor":38.0,"turns":3.0},{"damage":0.0,"enemies":"Reptomancer","floor":41.0,"turns":5.0},{"damage":0.0,"enemies":"Spire Growth","floor":42.0,"turns":3.0},{"damage":0.0,"enemies":"Writhing Mass","floor":43.0,"turns":3.0},{"damage":0.0,"enemies":"Writhing Mass","floor":44.0,"turns":2.0},{"damage":0.0,"enemies":"Nemesis","floor":45.0,"turns":1.0},{"damage":0.0,"enemies":"Sphere and 2 Shapes","floor":46.0,"turns":3.0},{"damage":0,"enemies":"Reptomancer","floor":48,"turns":3},{"damage":0,"enemies":"Replay:Hell Engine","floor":50,"turns":2},{"damage":0,"enemies":"Shield and Spear","floor":54,"turns":4},{"damage":0,"enemies":"The Heart","floor":55,"turns":5}],"seed_played":"2074378658548712707","potions_obtained":[{"floor":1.0,"key":"BlessingOfTheForge"},{"floor":4.0,"key":"Fire Potion"},{"floor":6.0,"key":"FearPotion"},{"floor":8.0,"key":"Weak Potion"},{"floor":15.0,"key":"Flashbang"},{"floor":15.0,"key":"hexamod:SoulburnPotion"},{"floor":16.0,"key":"Dexterity Potion"},{"floor":24.0,"key":"Block Potion"},{"floor":29.0,"key":"Elixir"},{"floor":30.0,"key":"Fruit Juice"}],"is_trial":false,"path_per_floor":["M","?","M","M","?","E","M","E","T","R","?","E","$","M","R_BF","B",null,"M","?","?","M","AVR","?","E","M","MIM","M","R","E","M","M","R","B",null,"M","MIM","T","M","$","R","E","M","MIM","M","E","M","?","E","R","B",null,"R","$","E","B",null],"character_chosen":"GUARDIAN","items_purchased":["reliquary:JackalopeAntler","Medical Kit","Kunai","jedi:kaleidoscope","reliquary:Stiletto","MealTicket","jedi:shrinkray","Guardian:AcceleratePotion","Guardian:Repulse+1","infinitespire:Lucky Rock","PowerPotion","Venom Potion"],"campfire_rested":1,"item_purchase_floors":[13,13,13,13,39,39,39,39,53,53,53,53],"current_hp_per_floor":[45,50,50,46,46,41,41,41,41,41,41,41,41,41,41,31,45,45,45,38,38,38,38,37,37,37,37,37,37,47,47,65,65,65,65,65,65,65,65,65,65,65,65,65,65,65,65,65,65,65,65,65,65,65,65],"gold":95,"neow_bonus":"RANDOM_COMMON_RELIC","is_daily":false,"chose_seed":false,"campfire_upgraded":4,"win_rate":0.0,"timestamp":1613023644,"path_taken":["M","?","M","M","?","E","M","E","T","R","?","E","$","?","R_BF","BOSS","M","?","?","M","AVR","?","E","?","MIM","M","R","E","M","M","R","BOSS","M","?","?","M","$","R","E","M","MIM","M","E","?","?","E","R","BOSS","R","$","E","BOSS"],"items_purchased_type":["Relic","Relic","Relic","Relic","Relic","Relic","Relic","Potion","Card","Relic","Potion","Potion"],"build_version":"2020-12-22","purchased_purges":3,"victory":true,"max_hp_per_floor":[45,50,50,50,50,50,50,50,50,50,50,50,50,50,50,50,50,50,50,55,55,55,55,55,55,55,55,55,55,65,65,65,65,65,65,65,65,65,65,65,65,65,65,65,65,65,65,65,65,65,65,65,65,65,65],"card_choices":[{"not_picked":["Guardian:Gem_Cyan","Guardian:PolyBeam+1"],"picked":"Guardian:Gem_Lightblue","floor":1.0},{"not_picked":["Guardian:PiercingHide+1","Guardian:DonusPower+1"],"picked":"Guardian:SentryBeam+1","floor":3.0},{"not_picked":["Guardian:Reroute+1","Guardian:Harden+1"],"picked":"Guardian:ChargeUp+1","floor":4.0},{"not_picked":["Guardian:RefractedBeam+1","Guardian:GemFinder+1","Guardian:FuturePlans+1"],"picked":"SKIP","floor":6.0},{"not_picked":["Guardian:FuturePlans+1","Guardian:Emergency+1","Guardian:SentryBeam+1"],"picked":"SKIP","floor":7.0},{"not_picked":["Guardian:Planning+1","Guardian:Gem_Purple","Guardian:PrismaticBarrier+1"],"picked":"SKIP","floor":8.0},{"not_picked":["Guardian:GuardianWhirl+1","Guardian:DonusPower+1"],"picked":"Guardian:Orbwalk+1","floor":11.0},{"not_picked":["Guardian:Gem_Blue","Guardian:CrystalBeam+1"],"picked":"Guardian:Gem_Orange","floor":12.0},{"not_picked":["Guardian:Gem_Blue","Guardian:TimeBomb+1","Guardian:Reroute+1"],"picked":"SKIP","floor":14.0},{"not_picked":["Guardian:Gem_Blue","Guardian:TimeBomb+1","Guardian:Reroute+1"],"picked":"SKIP","floor":14.0},{"not_picked":["Guardian:GemFinder+1","Guardian:GatlingBeam+1"],"picked":"Guardian:FierceBash+1","floor":16.0},{"not_picked":["Guardian:TemporalStrike+1","Guardian:TemporalShield+1"],"picked":"Guardian:Gem_Green","floor":18.0},{"not_picked":["Guardian:CrystalBeam+1","Guardian:Gem_Lightblue"],"picked":"Guardian:Planning+1","floor":21.0},{"not_picked":["Guardian:Suspension+1","Guardian:Incinerate+1"],"picked":"Guardian:Gem_Red","floor":23.0},{"not_picked":["Guardian:Reroute+1","Guardian:Gem_Lightblue","Guardian:FloatingOrbs+1"],"picked":"SKIP","floor":24.0},{"not_picked":["Guardian:BodySlam+1","Guardian:Recover+1","Guardian:Gem_Blue"],"picked":"SKIP","floor":25.0},{"not_picked":["Guardian:CrystalBeam+1","Guardian:Planning+1","Guardian:TemporalShield+1"],"picked":"SKIP","floor":27.0},{"not_picked":["Guardian:GemFinder+1","Guardian:TemporalShield+1","Guardian:PrimingBeam+1"],"picked":"SKIP","floor":29.0},{"not_picked":["Guardian:Reroute+1","Guardian:Gem_White"],"picked":"Guardian:TimeCapacitor+1","floor":30.0},{"not_picked":["Guardian:FloatingOrbs+1","Guardian:Planning+1","Guardian:Gem_Green"],"picked":"SKIP","floor":31.0},{"not_picked":["Guardian:TemporalShield+1","Guardian:Incinerate+1","Guardian:Suspension+1"],"picked":"SKIP","floor":35.0},{"not_picked":["Guardian:PrismaticBeam+1","Guardian:WalkerClaw+1","Guardian:ShieldSpikes+1"],"picked":"SKIP","floor":38.0},{"not_picked":["Guardian:TemporalShield+1","Guardian:SpikerProtocol+1"],"picked":"Guardian:Suspension+1","floor":41.0},{"not_picked":["Guardian:ChargeCore+1","Guardian:Gem_Fragmented","Guardian:Gem_Blue"],"picked":"SKIP","floor":42.0},{"not_picked":["Guardian:Gem_Purple","Guardian:TemporalShield+1"],"picked":"Guardian:DecasProtection+1","floor":43.0},{"not_picked":["Guardian:Gem_Cyan","Guardian:RollAttack+1","Guardian:ChargeCore+1"],"picked":"SKIP","floor":44.0},{"not_picked":["Guardian:RollAttack+1","Guardian:ChargeCore+1","Guardian:Gem_Lightblue"],"picked":"SKIP","floor":45.0},{"not_picked":["Guardian:Planning+1","Guardian:Gem_Blue","Guardian:DonusPower+1"],"picked":"SKIP","floor":46.0},{"not_picked":["Guardian:Gem_Red","Guardian:RefractedBeam+1"],"picked":"Guardian:ChargeCore+1","floor":48},{"not_picked":["Guardian:Recover+1","Guardian:ConstructionForm+1","Guardian:GuardianWhirl+1"],"picked":"SKIP","floor":54}],"player_experience":3127175,"relics_obtained":[{"floor":6.0,"key":"Potion Belt"},{"floor":7.0,"key":"wanderingMiniBosses:MasterThiefsPresence"},{"floor":8.0,"key":"StuffTheSpire:GrapeVine"},{"floor":12.0,"key":"trackpad:PetRock"},{"floor":24.0,"key":"sneckomod:BlankCard"},{"floor":26.0,"key":"jedi:heavyjacket"},{"floor":26.0,"key":"reliquary:NewFriend"},{"floor":29.0,"key":"Omamori"},{"floor":36.0,"key":"Calipers"},{"floor":36.0,"key":"Replay:Kaleidoscope"},{"floor":37.0,"key":"hubris:PeanutButter"},{"floor":41.0,"key":"infinitespire:WardingShard"},{"floor":43.0,"key":"hubris:FunFungus"},{"floor":43.0,"key":"infinitespire:Joker Card"},{"floor":45.0,"key":"reliquary:IridiumChain"},{"floor":48,"key":"StuffTheSpire:Expresso"},{"floor":54,"key":"reliquary:BallBearing"}],"event_choices":[{"damage_healed":0.0,"max_hp_gain":0.0,"max_hp_loss":8.0,"gold_gain":0.0,"event_name":"betterThird:BetterWriting","player_choice":"Simplicity","floor":0.0,"gold_loss":0.0,"damage_taken":0.0},{"damage_healed":0.0,"max_hp_gain":5.0,"max_hp_loss":0.0,"gold_gain":0.0,"event_name":"Big Fish","player_choice":"Donut","floor":2.0,"gold_loss":0.0,"damage_taken":0.0},{"damage_healed":0.0,"max_hp_gain":0.0,"max_hp_loss":0.0,"gold_gain":0.0,"event_name":"betterMatch:BetterMatch","player_choice":"2","floor":11.0,"gold_loss":0.0,"damage_taken":0.0,"cards_obtained":["betterMatch:CommonCard","betterMatch:UncommonCard"]},{"damage_healed":0.0,"max_hp_gain":5.0,"max_hp_loss":0.0,"gold_gain":0.0,"event_name":"Elementarium:RadiantAltar","player_choice":"Sacrifice","floor":20.0,"gold_loss":0.0,"damage_taken":12.0},{"damage_healed":0.0,"max_hp_gain":0.0,"max_hp_loss":0.0,"gold_gain":0.0,"event_name":"betterMatch:BetterMatch","player_choice":"2","floor":23.0,"gold_loss":0.0,"damage_taken":0.0,"cards_obtained":["betterMatch:CommonCard"]}],"is_beta":false,"boss_relics":[{"not_picked":["aspiration:RunicSpoon","Sandwich"],"picked":"Guardian:ModeShifterPlus"},{"not_picked":["reliquary:Craggleroot","reliquary:Ember"],"picked":"expansioncontent:StudyCardRelic"}],"items_purged_floors":[13,22,53],"is_endless":false,"potions_floor_spawned":[1,4,6,8,14,16,24,29,30,42,44,45,48,54],"ascension_level":7}}