{"host":"b1k9tvirjqaexfiq","time":1613030093,"event":{"mods":["AchievementEnabler","BaseMod","Bestiary","Colored Powertips","Conspire","Curses Come First","Filter the Spire","Hubris","Infinite Spire","Marisa????????","Minty Spire (QoL Compilation)","Permanent Neow","Quick Restart","Rare Cards Sparkle","Reliquary","Replay The Spire","Shop Mod","StSLib","The Animator","The Bug Knight","The Servant 0.9.4","The Wild Card","Waifu the Spire","??????REMEMod"],"gold_per_floor":[124,30,105,311,7,25,38,38,63,76,101,115,126,126,126,228,228,246,273,130,130,141,141,141,141,196,209,209,240,258,270,270,368,368,380,420,0,0,0,0,25,36,63,63,63,88,112,144,144,144,144],"floor_reached":50,"language":"ENG","playtime":3789,"items_purged":["animator:Rena+1"],"score":534,"play_id":"ae56b4f5-f381-4804-90e7-d4a797b9e7e1","local_time":"20210211015453","is_ascension_mode":false,"campfire_choices":[{"floor":8.0,"key":"REST"},{"data":"animator:Rena","floor":15.0,"key":"SMITH"},{"data":"animator:FielNirvalen","floor":23.0,"key":"SMITH"},{"data":"animator:Shiro","floor":25.0,"key":"SMITH"},{"floor":28.0,"key":"REST"},{"floor":32.0,"key":"REST"},{"floor":40.0,"key":"RECALL"},{"floor":44.0,"key":"REST"},{"floor":49,"key":"REST"}],"circlet_count":0,"master_deck":["animator:Strike_Konosuba","animator:Defend_Konosuba","animator:Kazuma","animator:Aqua","Dual Wield","animator:Mitsurugi","animator:Strike_Overlord","animator:Strike_NoGameNoLife","animator:Strike_OnePunchMan","animator:Defend_NoGameNoLife","animator:Defend_Konosuba","animator:Defend_GATE","animator:IrohaTamaki","animator:Megumin+19","animator:Verdia","animator:YunYun+1","animator:Shiro+1","animator:FielNirvalen","animator:NagisaMomoe","animator:DolaStephanie","animator:FielNirvalen+1","animator:Aqua+1","animator:Ara","animator:YaoHaDucy+1","animator:KyokoSakura","animator:Sora","animator:Jibril","animator:Vanir","animator:Mitsurugi","animator:PandorasActor","infinitespire:Starlight+1","animator:Mitsuba+1","Parasite","animator:Yoichi","animator:IzunaHatsuse","animator:Cocytus+1"],"relics":["animator:LivingPicture","animator:TheMissingPiece","REME_ComplimentaryCards","conspire:InfiniteJournal","Mark of Pain","Red Mask","hubris:Towel","reliquary:Buckler","conspire:Dentures","Honey Jar","hubris:BottledRain","reliquary:FerryPass","Nunchaku","reliquary:Stiletto"],"acts_visited":["Exordium","TheCity","TheBeyond"],"potions_floor_usage":[],"damage_taken":[{"damage":1.0,"enemies":"Small Slimes","floor":1.0,"turns":3.0},{"damage":1.0,"enemies":"2 Louse","floor":6.0,"turns":5.0},{"damage":3.0,"enemies":"Cultist","floor":7.0,"turns":4.0},{"damage":0.0,"enemies":"Looter","floor":10.0,"turns":3.0},{"damage":0.0,"enemies":"2 Fungi Beasts","floor":11.0,"turns":2.0},{"damage":8.0,"enemies":"Exordium Wildlife","floor":12.0,"turns":5.0},{"damage":9.0,"enemies":"Looter","floor":13.0,"turns":3.0},{"damage":36.0,"enemies":"Fading Forest","floor":16.0,"turns":11.0},{"damage":11.0,"enemies":"Shell Parasite","floor":18.0,"turns":7.0},{"damage":0.0,"enemies":"Masked Bandits","floor":19.0,"turns":2.0},{"damage":10.0,"enemies":"Spheric Guardian","floor":22.0,"turns":4.0},{"damage":25.0,"enemies":"Cultist and Chosen","floor":27.0,"turns":8.0},{"damage":14.0,"enemies":"Gremlin Leader","floor":29.0,"turns":10.0},{"damage":10.0,"enemies":"Snake Plant","floor":30.0,"turns":6.0},{"damage":8.0,"enemies":"3 Cultists","floor":31.0,"turns":3.0},{"damage":44.0,"enemies":"conspire:MysteriousRune","floor":33.0,"turns":13.0},{"damage":0.0,"enemies":"Orb Walker","floor":35.0,"turns":2.0},{"damage":0.0,"enemies":"3 Darklings","floor":36.0,"turns":1.0},{"damage":59.0,"enemies":"Spire Growth","floor":41.0,"turns":5.0},{"damage":19.0,"enemies":"Writhing Mass","floor":42.0,"turns":5.0},{"damage":51.0,"enemies":"Nemesis","floor":46.0,"turns":7.0},{"damage":0,"enemies":"3 Darklings","floor":48,"turns":1},{"damage":46,"enemies":"hubris:GrandSnecko","floor":50,"turns":9}],"seed_played":"821608559280553243","potions_obtained":[{"floor":1.0,"key":"SkillPotion"},{"floor":6.0,"key":"Weak Potion"},{"floor":13.0,"key":"animator:FalseLifePotion"},{"floor":16.0,"key":"AttackPotion"},{"floor":19.0,"key":"Dexterity Potion"},{"floor":27.0,"key":"FearPotion"},{"floor":30.0,"key":"GamblersBrew"},{"floor":31.0,"key":"Dexterity Potion"},{"floor":35.0,"key":"Venom Potion"},{"floor":41.0,"key":"Fire Potion"}],"is_trial":false,"path_per_floor":["M","?","?","?","$","M","M","R","T","M","M","M","M","?","R","B",null,"M","?","$","?","M","R","?","R","T","M","R","E","M","M","R","B",null,"M","M","$","?","?","R","M","M","T","R","?","E","T","M","R","B"],"character_chosen":"THE_ANIMATOR","items_purchased":["conspire:InfiniteJournal","animator:DolaStephanie","animator:FielNirvalen","animator:Mitsurugi","hubris:BottledRain","animator:PandorasActor"],"campfire_rested":5,"item_purchase_floors":[5,20,20,37,37,37],"current_hp_per_floor":[65,65,54,38,38,39,38,57,57,60,62,56,50,68,68,44,68,59,59,59,59,51,51,51,51,51,31,51,42,37,29,49,10,68,68,68,68,50,50,50,11,13,13,33,33,2,2,2,22,0,0],"gold":144,"neow_bonus":"THREE_CARDS","is_daily":false,"chose_seed":false,"campfire_upgraded":3,"win_rate":0.0,"timestamp":1613030093,"path_taken":["M","?","?","?","$","M","M","R","T","M","?","M","M","?","R","BOSS","M","?","$","?","M","R","?","R","T","M","R","E","?","M","R","BOSS","M","M","$","?","?","R","M","M","T","R","?","E","?","M","R","BOSS"],"items_purchased_type":["Relic","Card","Card","Card","Relic","Card"],"build_version":"2020-12-22","purchased_purges":1,"victory":false,"max_hp_per_floor":[66,66,66,66,66,66,66,66,66,67,67,67,68,68,68,68,68,68,68,68,68,68,68,68,68,68,68,68,68,68,68,68,68,68,68,68,68,68,68,68,68,69,69,69,69,69,69,69,69,69,69],"card_choices":[{"not_picked":["animator:Kuribayashi","animator:YuiTsuruno"],"picked":"animator:Mitsurugi","floor":0.0},{"not_picked":["animator:Kuribayashi","animator:Ciel","animator:Tet"],"picked":"SKIP","floor":1.0},{"not_picked":["animator:YuiTsuruno","animator:Tet"],"picked":"animator:Rena","floor":4.0},{"not_picked":["animator:Mitsuba","animator:OrikoMikuni","animator:Bozes"],"picked":"SKIP","floor":6.0},{"not_picked":["animator:Demiurge","animator:DolaRiku"],"picked":"animator:IrohaTamaki","floor":7.0},{"not_picked":["animator:Mitsurugi","animator:YunYun"],"picked":"animator:Megumin","floor":10.0},{"not_picked":["animator:KyokoSakura","animator:Kuribayashi"],"picked":"animator:Verdia","floor":11.0},{"not_picked":["animator:Demiurge","animator:Shinoa"],"picked":"animator:Megumin","floor":12.0},{"not_picked":["animator:Cocytus","animator:Shigure"],"picked":"animator:YunYun","floor":13.0},{"not_picked":["animator:Kyubey","animator:ItamiYouji"],"picked":"animator:Shiro","floor":16.0},{"not_picked":["animator:Jibril","animator:ChlammyZell"],"picked":"animator:FielNirvalen","floor":18.0},{"not_picked":["animator:YunYun","animator:Cocytus"],"picked":"animator:NagisaMomoe","floor":19.0},{"not_picked":["animator:Elsword","animator:IrohaTamaki"],"picked":"animator:Aqua","floor":22.0},{"not_picked":["animator:DolaCouronne","animator:Aqua"],"picked":"animator:Ara","floor":27.0},{"not_picked":["animator:Verdia+1","animator:Shigure+1"],"picked":"animator:YaoHaDucy+1","floor":29.0},{"not_picked":["animator:IzunaHatsuse","animator:Mitsurugi+1"],"picked":"animator:Megumin","floor":30.0},{"not_picked":["animator:Mikaela","animator:Shinoa"],"picked":"animator:KyokoSakura","floor":31.0},{"not_picked":["animator:Kyubey","animator:Albedo"],"picked":"animator:Sora","floor":33.0},{"not_picked":["animator:LeleiLaLalena","animator:OrikoMikuni+1","animator:Shinoa+1"],"picked":"animator:Jibril","floor":35.0},{"not_picked":["animator:CrowleyEusford+1","animator:Cocytus+1","animator:Demiurge"],"picked":"animator:Vanir","floor":36.0},{"not_picked":["infinitespire:DeathsTouch","hubris:InfiniteBlow"],"picked":"infinitespire:Starlight","floor":38.0},{"not_picked":["animator:YuiTsuruno","animator:Kazuma","animator:FeridBathory"],"picked":"animator:Mitsuba+1","floor":41.0},{"not_picked":["animator:FielNirvalen+1","animator:Shinoa","animator:SuzuneAmano+1"],"picked":"animator:Yoichi","floor":42.0},{"not_picked":["animator:Elsword","animator:Entoma+1","animator:HomuraAkemi"],"picked":"animator:IzunaHatsuse","floor":46.0},{"not_picked":["animator:Entoma","animator:Mikaela+1","animator:MamiTomoe"],"picked":"animator:Cocytus+1","floor":48}],"player_experience":52519,"relics_obtained":[{"floor":19.0,"key":"Red Mask"},{"floor":26.0,"key":"reliquary:Buckler"},{"floor":29.0,"key":"conspire:Dentures"},{"floor":43.0,"key":"reliquary:FerryPass"},{"floor":46.0,"key":"Nunchaku"},{"floor":47.0,"key":"reliquary:Stiletto"}],"event_choices":[{"damage_healed":0.0,"max_hp_gain":0.0,"max_hp_loss":0.0,"gold_gain":75.0,"event_name":"World of Goop","player_choice":"Gather Gold","floor":3.0,"gold_loss":0.0,"damage_taken":11.0},{"damage_healed":22.0,"max_hp_gain":0.0,"max_hp_loss":0.0,"gold_gain":0.0,"event_name":"Big Fish","player_choice":"Banana","floor":14.0,"gold_loss":0.0,"damage_taken":0.0},{"damage_healed":0.0,"max_hp_gain":0.0,"max_hp_loss":0.0,"gold_gain":0.0,"event_name":"Masked Bandits","player_choice":"Fought Bandits","floor":19.0,"gold_loss":0.0,"damage_taken":0.0}],"is_beta":false,"boss_relics":[{"not_picked":["reliquary:RedCape","Fusion Hammer"],"picked":"Mark of Pain"},{"not_picked":["hubris:HollowSoul","SacredBark"],"picked":"Honey Jar"}],"items_purged_floors":[37],"is_endless":false,"potions_floor_spawned":[1,6,13,16,19,27,30,31,35,41],"killed_by":"hubris:GrandSnecko","ascension_level":0}}