{"host":"cb9xh4d0ss8ax8yb","time":1613050721,"event":{"mods":["100% Spire Juice","BaseMod","Good Game Mod","Jess\u0027s Bottle","Minty Spire (QoL Compilation)","StSLib","The Dragon Tamer","The Gatherer"],"gold_per_floor":[118,131,306,381,115,115,143,143,166,178,178,234,107,127,127,230,230,244,259,259,273,363,407,407,423,423,423,459,459,500,52,52,163,190,216,241,258,283,304,336,24,55,55,55,55,83,83,118,118,118,118,118],"floor_reached":50,"language":"KOR","playtime":2892,"items_purged":["Doubt"],"score":882,"play_id":"c847f2fc-af00-4af6-9bac-6e5c1ce485be","local_time":"20210211223841","is_ascension_mode":true,"metric_token":541,"campfire_choices":[{"data":"Gatherer:Centralize","floor":6,"key":"SMITH"},{"data":"Gatherer:FlowerWhip","floor":8,"key":"SMITH"},{"data":"Gatherer:FlowerWhip+1","floor":11,"key":"SMITH"},{"floor":15,"key":"REST"},{"data":"Gatherer:Photoscythe","floor":24,"key":"SMITH"},{"data":"Gatherer:QuickSynthesis","floor":27,"key":"SMITH"},{"data":"Gatherer:FlowerShield+1","floor":32,"key":"SMITH"},{"data":"Gatherer:PoisonMastery","floor":45,"key":"SMITH"},{"data":"Gatherer:VenomBarrier","floor":47,"key":"SMITH"},{"data":"Gatherer:FlowerBeam","floor":49,"key":"SMITH"}],"circlet_count":0,"master_deck":["Gatherer:Strike_Gatherer","Gatherer:Strike_Gatherer","Gatherer:Defend_Gatherer","Gatherer:Defend_Gatherer","Gatherer:Defend_Gatherer","Gatherer:Defend_Gatherer","Gatherer:Defend_Gatherer","Gatherer:Centralize+1","Gatherer:FlowerWhip+2","Power Through","Gatherer:CarefulStrike","Gatherer:TacticalStrike","Gatherer:Enchant","Gatherer:PotentialSlash","Gatherer:QuickSynthesis+1","Gatherer:TacticalStrike","Gatherer:Photoscythe+1","Gatherer:QuickSynthesis","Gatherer:FlowerFalling","Gatherer:FlowerShield+2","Gatherer:QuickSynthesis","Gatherer:FlowerBeam+1","Gatherer:VenomBarrier+1","Gatherer:PoisonMastery+1","Gatherer:RecipeChange+1","Gatherer:FinishingStrike+1","Gatherer:SaveValuables+1","Gatherer:DrugPower+1","Gatherer:FlowerShield+1","Gatherer:FlowerFalling","Gatherer:FlamingBottle"],"relics":["Gatherer:AlchemyBag","REME:ComplimentaryCards","Tiny Chest","White Beast Statue","Bronze Scales","Omamori","Coffee Dripper","InkBottle","CeramicFish","Kunai","StrikeDummy","Darkstone Periapt","Lee\u0027s Waffle","Toy Ornithopter","PreservedInsect","Astrolabe","MealTicket","The Courier","ClockworkSouvenir","Ornamental Fan","Bottled Lightning","Art of War","Pantograph","Mummified Hand"],"acts_visited":["Exordium","TheCity","TheBeyond"],"potions_floor_usage":[14,16,16,21,21,23,25,28,28,33,33,35,38,38,40,40,42,48,48,50],"damage_taken":[{"damage":2,"enemies":"2 Louse","floor":1,"turns":2},{"damage":0,"enemies":"Small Slimes","floor":2,"turns":3},{"damage":51,"enemies":"Gremlin Nob","floor":7,"turns":5},{"damage":0,"enemies":"Cultist","floor":10,"turns":3},{"damage":0,"enemies":"Blue Slaver","floor":14,"turns":2},{"damage":0,"enemies":"Slime Boss","floor":16,"turns":5},{"damage":8,"enemies":"3 Byrds","floor":18,"turns":3},{"damage":0,"enemies":"Chosen","floor":19,"turns":2},{"damage":3,"enemies":"Snake Plant","floor":21,"turns":2},{"damage":16,"enemies":"Book of Stabbing","floor":23,"turns":4},{"damage":6,"enemies":"Sentry and Sphere","floor":25,"turns":3},{"damage":1,"enemies":"Slavers","floor":28,"turns":4},{"damage":15,"enemies":"Book of Stabbing","floor":30,"turns":4},{"damage":27,"enemies":"Automaton","floor":33,"turns":8},{"damage":19,"enemies":"3 Shapes","floor":35,"turns":3},{"damage":0,"enemies":"Orb Walker","floor":37,"turns":2},{"damage":4,"enemies":"Transient","floor":38,"turns":5},{"damage":15,"enemies":"Maw","floor":39,"turns":8},{"damage":4,"enemies":"Giant Head","floor":40,"turns":6},{"damage":28,"enemies":"Nemesis","floor":42,"turns":5},{"damage":0,"enemies":"Giant Head","floor":46,"turns":5},{"damage":0,"enemies":"Reptomancer","floor":48,"turns":4},{"damage":82,"enemies":"Donu and Deca","floor":50,"turns":7}],"seed_played":"-7892685087368592124","potions_obtained":[{"floor":7,"key":"SpeedPotion"},{"floor":10,"key":"FearPotion"},{"floor":14,"key":"ColorlessPotion"},{"floor":16,"key":"FearPotion"},{"floor":18,"key":"Block Potion"},{"floor":19,"key":"BottledMiracle"},{"floor":21,"key":"BlessingOfTheForge"},{"floor":23,"key":"EssenceOfSteel"},{"floor":25,"key":"Block Potion"},{"floor":28,"key":"CultistPotion"},{"floor":30,"key":"SkillPotion"},{"floor":33,"key":"EssenceOfSteel"},{"floor":35,"key":"Block Potion"},{"floor":37,"key":"Dexterity Potion"},{"floor":38,"key":"Fire Potion"},{"floor":39,"key":"ColorlessPotion"},{"floor":40,"key":"EssenceOfSteel"},{"floor":42,"key":"GamblersBrew"},{"floor":46,"key":"Fire Potion"},{"floor":48,"key":"BottledMiracle"}],"is_trial":false,"path_per_floor":["M","M","?","?","$","R","E","R","T","M","R","?","$","M","R","B",null,"M","M","T","M","?","E","R","M","T","R","E","?","E","$","R","B",null,"M","T","M","M","M","E","$","E","T","$","R","E","R","E","R","B"],"character_chosen":"THE_GATHERER","items_purchased":["White Beast Statue","Gatherer:TacticalStrike","Gatherer:QuickSynthesis","Lee\u0027s Waffle","Toy Ornithopter","PreservedInsect","ClockworkSouvenir","Ornamental Fan"],"campfire_rested":1,"item_purchase_floors":[5,5,13,31,31,31,41,41],"current_hp_per_floor":[70,70,70,59,59,59,8,8,8,8,8,8,8,8,29,29,72,64,64,64,61,49,33,33,27,27,27,26,26,11,79,79,52,79,60,60,60,66,51,57,72,49,49,64,64,64,64,74,74,0,0,0],"gold":118,"neow_bonus":"RANDOM_COMMON_RELIC","is_daily":false,"chose_seed":false,"campfire_upgraded":9,"win_rate":0.0,"timestamp":1613050721,"path_taken":["M","M","?","?","$","R","E","R","T","M","R","?","$","M","R","BOSS","M","M","?","M","?","E","R","?","T","R","E","?","E","$","R","BOSS","M","?","M","?","M","E","$","E","T","?","R","E","R","E","R","BOSS"],"items_purchased_type":["Relic","Card","Card","Relic","Relic","Relic","Relic","Relic"],"build_version":"2020-12-22","purchased_purges":1,"victory":false,"max_hp_per_floor":[72,72,72,72,72,72,72,72,72,72,72,72,72,72,72,72,72,72,72,72,72,72,72,72,72,72,72,72,72,72,79,79,79,79,79,79,79,79,79,79,79,79,79,79,79,79,79,79,79,79,79,79],"card_choices":[{"not_picked":["Gatherer:AromaProtection","Gatherer:BalancedGrowth"],"picked":"Gatherer:CarefulStrike","floor":1},{"not_picked":["Gatherer:CarefulStrike","Gatherer:Duplicator","Gatherer:Convert"],"picked":"SKIP","floor":2},{"not_picked":["Gatherer:EchoOfNature","Gatherer:WoolGloves"],"picked":"Gatherer:Enchant","floor":7},{"not_picked":["Gatherer:AromaProtection","Gatherer:EnergyBasket"],"picked":"Gatherer:PotentialSlash","floor":10},{"not_picked":["Gatherer:Duality","Gatherer:CarefulStrike"],"picked":"Gatherer:TacticalStrike","floor":14},{"not_picked":["Gatherer:StoneFence","Gatherer:Overflowing"],"picked":"Gatherer:Photoscythe","floor":16},{"not_picked":["Gatherer:FruitForce","Gatherer:Convert"],"picked":"Gatherer:QuickSynthesis","floor":18},{"not_picked":["Gatherer:Herbalism+1","Gatherer:Frenzy"],"picked":"Gatherer:FlowerFalling","floor":19},{"not_picked":["Gatherer:EnergyBasket","Gatherer:StoneFence"],"picked":"Gatherer:FlowerShield","floor":21},{"not_picked":["Gatherer:SmartManeuver","Gatherer:FeelingFine+1"],"picked":"Gatherer:QuickSynthesis","floor":23},{"not_picked":["Gatherer:PotentialSlash+1","Gatherer:FragileHammer+1","Gatherer:Duality"],"picked":"SKIP","floor":25},{"not_picked":["Gatherer:AcidicSpray","Gatherer:QuickSynthesis"],"picked":"Gatherer:FlowerBeam","floor":28},{"not_picked":["Gatherer:Misfortune","Gatherer:BigPouch"],"picked":"Gatherer:VenomBarrier","floor":30},{"not_picked":["Gatherer:HeartToFruit","Gatherer:FlamingBottle"],"picked":"Gatherer:PoisonMastery","floor":33},{"not_picked":["Gatherer:Duplicator","Gatherer:Nutrients"],"picked":"Gatherer:DrugPower+1","floor":35},{"not_picked":["Gatherer:TacticalStrike","Gatherer:BalancedGrowth","Gatherer:WoolGloves"],"picked":"SKIP","floor":37},{"not_picked":["Gatherer:FlowerPower+1","Gatherer:ScrollOfWall+1"],"picked":"Gatherer:FlowerShield+1","floor":38},{"not_picked":["Gatherer:RecipeChange+1","Gatherer:GlowingPlant"],"picked":"Gatherer:FlowerFalling","floor":39},{"not_picked":["Gatherer:Examine","Gatherer:PotentialSlash","Gatherer:BambuSword+1"],"picked":"SKIP","floor":40},{"not_picked":["Gatherer:AromaProtection+1","Gatherer:TreeGrowth+1","Gatherer:SaveValuables+1"],"picked":"SKIP","floor":42},{"not_picked":["Gatherer:TacticalStrike+1","Gatherer:Convert","Gatherer:PotentialSlash"],"picked":"SKIP","floor":46},{"not_picked":["Gatherer:Transmute","Gatherer:CollectorsShot+1"],"picked":"Gatherer:FlamingBottle","floor":48}],"player_experience":468464,"relics_obtained":[{"floor":7,"key":"Bronze Scales"},{"floor":9,"key":"Omamori"},{"floor":20,"key":"InkBottle"},{"floor":23,"key":"CeramicFish"},{"floor":26,"key":"Kunai"},{"floor":28,"key":"StrikeDummy"},{"floor":30,"key":"Darkstone Periapt"},{"floor":36,"key":"MealTicket"},{"floor":40,"key":"The Courier"},{"floor":42,"key":"Bottled Lightning"},{"floor":43,"key":"Art of War"},{"floor":46,"key":"Pantograph"},{"floor":48,"key":"Mummified Hand"}],"event_choices":[{"damage_healed":0,"gold_gain":175,"player_choice":"AGREE","damage_taken":0,"max_hp_gain":0,"max_hp_loss":0,"event_name":"Liars Game","floor":3,"gold_loss":0,"cards_obtained":["Doubt"]},{"damage_healed":0,"gold_gain":75,"player_choice":"Gather Gold","damage_taken":11,"max_hp_gain":0,"max_hp_loss":0,"event_name":"World of Goop","floor":4,"gold_loss":0},{"damage_healed":0,"gold_gain":56,"player_choice":"Gained Gold","damage_taken":0,"max_hp_gain":0,"max_hp_loss":0,"event_name":"Golden Wing","floor":12,"gold_loss":0},{"damage_healed":0,"gold_gain":90,"player_choice":"GOLD ","damage_taken":12,"max_hp_gain":0,"max_hp_loss":0,"event_name":"Knowing Skull","floor":22,"potions_obtained":[],"gold_loss":0,"cards_obtained":[]},{"damage_healed":0,"gold_gain":0,"player_choice":"Forge","damage_taken":0,"max_hp_gain":0,"max_hp_loss":0,"event_name":"Accursed Blacksmith","floor":29,"gold_loss":0,"cards_upgraded":["Gatherer:FlowerShield"]}],"is_beta":false,"boss_relics":[{"not_picked":["Velvet Choker","Runic Dome"],"picked":"Coffee Dripper"},{"not_picked":["jessBottle:WaterBottleRelic","Gatherer:ExplorersPath"],"picked":"Astrolabe"}],"items_purged_floors":[13],"is_endless":false,"potions_floor_spawned":[7,10,14,16,18,19,21,23,25,28,30,33,35,37,38,39,40,42,46,48],"killed_by":"Donu and Deca","ascension_level":4}}