{"host":"swphzoo6hmc78epl","time":1613012752,"event":{"mods":["BaseMod","Highlight Path","Minty Spire (QoL Compilation)","Quick Restart"],"gold_per_floor":[114,130,143,157,177,177,211,211,211,211,229,244,260,279,279,279,279],"floor_reached":16,"language":"ENG","playtime":906,"items_purged":[],"score":124,"play_id":"c9471c6e-112d-4e92-8415-1406a0b91d27","local_time":"20210210220552","is_ascension_mode":true,"campfire_choices":[{"data":"Sweeping Beam","floor":6,"key":"SMITH"},{"data":"Injury","floor":15,"key":"PURGE"}],"circlet_count":0,"master_deck":["Strike_B","Strike_B","Strike_B","Strike_B","Defend_B","Defend_B","Defend_B","Defend_B","Zap","Dualcast","Melter","Beam Cell","Sweeping Beam+1","Ball Lightning","Ball Lightning","Echo Form","Go for the Eyes"],"relics":["Cracked Core","Emotion Chip","InkBottle","Golden Idol","Peace Pipe"],"acts_visited":["Exordium"],"potions_floor_usage":[7,12,16],"damage_taken":[{"damage":2,"enemies":"Jaw Worm","floor":1,"turns":2},{"damage":6,"enemies":"Cultist","floor":2,"turns":3},{"damage":5,"enemies":"Small Slimes","floor":3,"turns":2},{"damage":2,"enemies":"2 Fungi Beasts","floor":4,"turns":3},{"damage":1,"enemies":"Looter","floor":5,"turns":2},{"damage":10,"enemies":"3 Sentries","floor":7,"turns":3},{"damage":6,"enemies":"Gremlin Gang","floor":11,"turns":2},{"damage":8,"enemies":"Exordium Wildlife","floor":12,"turns":2},{"damage":0,"enemies":"3 Louse","floor":13,"turns":2},{"damage":8,"enemies":"Blue Slaver","floor":14,"turns":2},{"damage":12,"enemies":"Hexaghost","floor":16,"turns":7}],"seed_played":"4301961922918932386","potions_obtained":[{"floor":1,"key":"Block Potion"},{"floor":2,"key":"DuplicationPotion"},{"floor":4,"key":"DistilledChaos"},{"floor":13,"key":"PowerPotion"}],"is_trial":false,"path_per_floor":["M","M","M","M","M","R","E","?","T","?","M","M","M","M","R","B"],"character_chosen":"DEFECT","items_purchased":[],"campfire_rested":0,"item_purchase_floors":[],"current_hp_per_floor":[52,46,41,39,38,38,28,28,28,28,22,14,14,6,6,0,0],"gold":279,"neow_bonus":"ONE_RARE_RELIC","is_daily":false,"chose_seed":false,"campfire_upgraded":1,"win_rate":0.0,"timestamp":1613012752,"path_taken":["M","M","M","M","M","R","E","?","T","?","M","M","?","M","R","BOSS"],"items_purchased_type":[],"build_version":"2020-12-22","purchased_purges":0,"victory":false,"max_hp_per_floor":[75,75,75,75,75,75,75,75,75,75,75,75,75,75,75,75,75],"card_choices":[{"not_picked":["Stack","Cold Snap"],"picked":"Melter","floor":1},{"not_picked":["Hologram","Melter","Skim"],"picked":"SKIP","floor":2},{"not_picked":["Reprogram","Coolheaded"],"picked":"Beam Cell","floor":3},{"not_picked":["Turbo","Coolheaded"],"picked":"Sweeping Beam","floor":4},{"not_picked":["Go for the Eyes","Conserve Battery"],"picked":"Ball Lightning","floor":5},{"not_picked":["Go for the Eyes","Sweeping Beam"],"picked":"Ball Lightning","floor":7},{"not_picked":["Beam Cell","Compile Driver","Tempest"],"picked":"SKIP","floor":11},{"not_picked":["Doom and Gloom","Glacier","Gash"],"picked":"SKIP","floor":12},{"not_picked":["Steam","Sweeping Beam"],"picked":"Echo Form","floor":13},{"not_picked":["Coolheaded","Turbo"],"picked":"Go for the Eyes","floor":14}],"player_experience":876958,"relics_obtained":[{"floor":7,"key":"InkBottle"},{"floor":9,"key":"Peace Pipe"}],"event_choices":[{"damage_healed":0,"gold_gain":0,"player_choice":"Take Wound","damage_taken":0,"relics_obtained":["Golden Idol"],"max_hp_gain":0,"max_hp_loss":0,"event_name":"Golden Idol","floor":8,"gold_loss":0,"cards_obtained":["Injury"]},{"damage_healed":0,"gold_gain":0,"player_choice":"0 cards matched","damage_taken":0,"max_hp_gain":0,"max_hp_loss":0,"event_name":"Match and Keep!","floor":10,"gold_loss":0,"cards_obtained":[]}],"is_beta":false,"boss_relics":[],"items_purged_floors":[],"is_endless":false,"potions_floor_spawned":[1,2,4,5,13],"killed_by":"Hexaghost","ascension_level":3}}