{"host":"kag8mfq4or8nkqb2","time":1613068260,"event":{"mods":["2.2 Compatiblity","BaseMod","Colored Map","Colored Powertips","Downfall","Minty Spire (QoL Compilation)","Relic Stats","StSLib"],"gold_per_floor":[99,99,99,99,3,3,28,38,73,73,91,1,1,1,1],"floor_reached":13,"language":"ENG","playtime":551,"items_purged":["Doubt"],"score":134,"play_id":"2c67d06b-8879-4045-80d6-b64f956d0b05","local_time":"20210211183100","is_ascension_mode":true,"campfire_choices":[{"data":"Slimebound:Split","floor":1,"key":"SMITH"},{"data":"Slimebound:MassRepurpose","floor":10,"key":"SMITH"}],"circlet_count":0,"master_deck":["AscendersBane","Slimebound:Strike_Slimebound","Slimebound:Strike_Slimebound","Slimebound:Strike_Slimebound","Slimebound:Tackle","Slimebound:Defend_Slimebound","Slimebound:Defend_Slimebound","Slimebound:Defend_Slimebound","Slimebound:Defend_Slimebound","Slimebound:Split+1","Slimebound:CorrosiveSpit","Slimebound:SlimeTap","Slimebound:SplitSpecialist","Slimebound:Repurpose","Slimebound:SplitSpecialist","Slimebound:Repurpose","Slimebound:MassRepurpose+1","Slimebound:SlimeBrawl","Slimebound:SlimeTap","Slimebound:SlimeSpikes"],"relics":["Slimebound:AbsorbEndCombat","downfall:HeartsMalice","Oddly Smooth Stone","Kunai"],"acts_visited":["Exordium"],"potions_floor_usage":[],"damage_taken":[{"damage":0,"enemies":"Jaw Worm","floor":2,"turns":1},{"damage":0,"enemies":"Cultist","floor":3,"turns":1},{"damage":0,"enemies":"2 Louse","floor":4,"turns":1},{"damage":5,"enemies":"downfall:FleeingMerchant","floor":5,"turns":4},{"damage":12,"enemies":"2 Fungi Beasts","floor":8,"turns":4},{"damage":25,"enemies":"3 Sentries","floor":9,"turns":8},{"damage":23,"enemies":"3 Louse","floor":11,"turns":5},{"damage":3,"enemies":"downfall:FleeingMerchant","floor":12,"turns":4},{"damage":3,"enemies":"Lagavulin","floor":13,"turns":4}],"seed_played":"-3357285911187924819","potions_obtained":[{"floor":8,"key":"BlessingOfTheForge"},{"floor":9,"key":"champ:CounterPotion"}],"is_trial":false,"path_per_floor":["R","M","M","M","$","?","T","M","E","R","M","$","E"],"character_chosen":"SLIMEBOUND","items_purchased":["Slimebound:Repurpose"],"campfire_rested":0,"item_purchase_floors":[5],"current_hp_per_floor":[53,53,53,53,54,54,54,46,25,25,4,3,0,0,0],"gold":1,"neow_bonus":"THREE_ENEMY_KILL","is_daily":false,"chose_seed":false,"campfire_upgraded":2,"win_rate":0.0,"timestamp":1613068260,"path_taken":["R","M","M","M","$","?","T","M","E","R","M","?","E"],"items_purchased_type":["Card"],"build_version":"2020-12-22","purchased_purges":1,"victory":false,"max_hp_per_floor":[59,59,59,59,59,59,59,59,59,59,59,59,59,59,59],"relic_stats":{"counters":[9,28],"Kunai":[1],"obtain_stats":[{"Oddly Smooth Stone":7,"downfall:HeartsMalice":0,"Slimebound:AbsorbEndCombat":0,"Kunai":9},{"Oddly Smooth Stone":4,"downfall:HeartsMalice":0,"Slimebound:AbsorbEndCombat":0,"Kunai":6},{"Oddly Smooth Stone":4,"downfall:HeartsMalice":0,"Slimebound:AbsorbEndCombat":0,"Kunai":16}]},"card_choices":[{"not_picked":["Slimebound:SplitMire","Slimebound:Chomp"],"picked":"Slimebound:SlimeTap","floor":2},{"not_picked":["Slimebound:LevelUp","Slimebound:SplitMire"],"picked":"Slimebound:SplitSpecialist","floor":3},{"not_picked":["Slimebound:ProtectTheBoss","Slimebound:ComboTackle","Slimebound:HungryTackle"],"picked":"SKIP","floor":4},{"not_picked":["Slimebound:SplitBruiser","Slimebound:FinishingTackle","Slimebound:ProtectTheBoss"],"picked":"SKIP","floor":5},{"not_picked":["Slimebound:LeechEnergy","Slimebound:HungryTackle"],"picked":"Slimebound:MassRepurpose","floor":8},{"not_picked":["Slimebound:LeechingTouch","Slimebound:Equalize"],"picked":"Slimebound:SlimeBrawl","floor":9},{"not_picked":["Slimebound:LevelUp","Slimebound:Prepare"],"picked":"Slimebound:SlimeTap","floor":11},{"not_picked":["Slimebound:LeechEnergy","Slimebound:RollThrough"],"picked":"Slimebound:SlimeSpikes","floor":12}],"player_experience":1097778,"relics_obtained":[{"floor":7,"key":"Oddly Smooth Stone"},{"floor":9,"key":"Kunai"}],"event_choices":[],"is_beta":false,"boss_relics":[],"items_purged_floors":[12],"is_endless":false,"potions_floor_spawned":[8,9],"killed_by":"Lagavulin","ascension_level":14}}