{"host":"w4b7hmige5bnqipq","time":1613020311,"event":{"mods":["2.2 Compatiblity","BaseMod","Colored Map","DeckTracker","Keyboard Shortcuts","Minty Spire (QoL Compilation)","Permanent Neow","Rare Cards Sparkle","SuperFastMode","everything is the same but u backflip on backflip","slay the spire mod where everything is the same but ironclad has a cowboy hat"],"gold_per_floor":[113,113,123,134,59,59,59,90,90,90,103,103,143,43,43,136,136,159,159,174,174,98,98,98],"floor_reached":23,"language":"KOR","playtime":632,"items_purged":["Pain","Strike_G"],"score":394,"play_id":"38413c4a-87e4-4e15-a0a0-baee24eb0f94","local_time":"20210211141151","is_ascension_mode":true,"campfire_choices":[{"data":"Poisoned Stab","floor":6.0,"key":"SMITH"},{"floor":10.0,"key":"REST"},{"data":"Enlightenment","floor":15.0,"key":"SMITH"}],"circlet_count":0,"master_deck":["AscendersBane","Strike_G","Strike_G","Defend_G","Defend_G","Defend_G","Defend_G","Defend_G","Survivor","Neutralize","Enlightenment+1","Poisoned Stab+1","Leg Sweep","All Out Attack","Caltrops","Well Laid Plans","Bouncing Flask","Burst","Backflip","Blur"],"relics":["Ring of the Snake","WarpedTongs","Mummified Hand","Akabeko","Golden Idol","Matryoshka","Empty Cage","Shovel"],"acts_visited":["Exordium","TheCity"],"potions_floor_usage":[23],"damage_taken":[{"damage":14.0,"enemies":"Jaw Worm","floor":1.0,"turns":6.0},{"damage":3.0,"enemies":"Cultist","floor":3.0,"turns":4.0},{"damage":0.0,"enemies":"2 Louse","floor":4.0,"turns":4.0},{"damage":17.0,"enemies":"3 Sentries","floor":8.0,"turns":6.0},{"damage":3.0,"enemies":"Looter","floor":11.0,"turns":3.0},{"damage":6.0,"enemies":"Gremlin Nob","floor":13.0,"turns":3.0},{"damage":4.0,"enemies":"The Guardian","floor":16.0,"turns":8.0},{"damage":22.0,"enemies":"Chosen","floor":18.0,"turns":5.0},{"damage":17,"enemies":"3 Byrds","floor":20,"turns":4},{"damage":2,"enemies":"Gremlin Leader","floor":23,"turns":4}],"seed_played":"-2201448196397062915","potions_obtained":[{"floor":3.0,"key":"DuplicationPotion"},{"floor":4.0,"key":"SkillPotion"},{"floor":11.0,"key":"EntropicBrew"},{"floor":16.0,"key":"GhostInAJar"}],"is_trial":false,"path_per_floor":["M","?","M","M","$","R","?","E","T","R","M","?","E","$","R","B",null,"M","?","M","?","$","E"],"character_chosen":"THE_SILENT","items_purchased":["Blur"],"campfire_rested":1,"item_purchase_floors":[22],"current_hp_per_floor":[45,45,42,42,42,42,42,25,25,44,41,41,35,35,35,31,53,31,31,14,14,14,12,12],"gold":98,"neow_bonus":"RANDOM_COLORLESS","is_daily":false,"chose_seed":false,"campfire_upgraded":2,"win_rate":0.0,"timestamp":1613020311,"path_taken":["M","?","M","M","?","R","?","E","T","R","M","?","E","?","R","BOSS","M","?","M","?","$","E"],"items_purchased_type":["Card"],"build_version":"2020-12-22","purchased_purges":2,"victory":false,"max_hp_per_floor":[66,66,66,66,66,66,66,66,66,66,66,60,60,60,60,60,60,60,60,60,60,60,60,60],"card_choices":[{"not_picked":["Blind","Good Instincts"],"picked":"Enlightenment","floor":0.0},{"not_picked":["Deflect","Slice"],"picked":"Poisoned Stab","floor":1.0},{"not_picked":["Underhanded Strike","Predator"],"picked":"Leg Sweep","floor":3.0},{"not_picked":["Acrobatics","Underhanded Strike"],"picked":"All Out Attack","floor":4.0},{"not_picked":["Prepared","All Out Attack"],"picked":"Caltrops","floor":8.0},{"not_picked":["Acrobatics","All Out Attack"],"picked":"Well Laid Plans","floor":11.0},{"not_picked":["Prepared","Terror"],"picked":"Bouncing Flask","floor":13.0},{"not_picked":["Malaise","Unload"],"picked":"Burst","floor":16.0},{"not_picked":["All Out Attack","Flying Knee","Dagger Spray+1"],"picked":"SKIP","floor":18.0},{"not_picked":["Deadly Poison","Dagger Throw"],"picked":"Backflip","floor":20}],"player_experience":731235,"relics_obtained":[{"floor":8.0,"key":"Mummified Hand"},{"floor":9.0,"key":"Akabeko"},{"floor":13.0,"key":"Matryoshka"},{"floor":21,"key":"Shovel"}],"event_choices":[{"damage_healed":0.0,"max_hp_gain":0.0,"max_hp_loss":0.0,"gold_gain":0.0,"event_name":"Accursed Blacksmith","player_choice":"Rummage","floor":2.0,"gold_loss":0.0,"damage_taken":0.0,"relics_obtained":["WarpedTongs"],"cards_obtained":["Pain"]},{"damage_healed":0.0,"max_hp_gain":0.0,"max_hp_loss":0.0,"gold_gain":0.0,"event_name":"Shining Light","player_choice":"Ignored","floor":7.0,"gold_loss":0.0,"damage_taken":0.0},{"damage_healed":0.0,"max_hp_gain":0.0,"max_hp_loss":6.0,"gold_gain":0.0,"event_name":"Golden Idol","player_choice":"Lose Max HP","floor":12.0,"gold_loss":0.0,"damage_taken":0.0,"relics_obtained":["Golden Idol"]},{"damage_healed":0.0,"max_hp_gain":0.0,"max_hp_loss":0.0,"gold_gain":0.0,"event_name":"Vampires","player_choice":"Ignored","floor":19.0,"gold_loss":0.0,"damage_taken":0.0},{"damage_healed":0,"gold_gain":0,"player_choice":"Relic","damage_taken":0,"max_hp_gain":0,"max_hp_loss":0,"event_name":"Wheel of Change","floor":21,"gold_loss":0}],"is_beta":false,"boss_relics":[{"not_picked":["SacredBark","Runic Pyramid"],"picked":"Empty Cage"}],"items_purged_floors":[5,14],"is_endless":false,"potions_floor_spawned":[3,4,11,16],"killed_by":"Gremlin Leader","ascension_level":20}}