{"host":"1i3835udr35woqc6","time":1613054037,"event":{"mods":["Act Like it!","Arknights","Aspiration","BaseMod","BetterRewards","Conspire","Downfall","Friendly Minions","GungeonMod","Hallownest","Hermit","Infinite Spire","Minty Spire (QoL Compilation)","Pale of the Ancients","Shop Mod","StSLib","The Cursed"],"gold_per_floor":[99,99,99,199,199,199,199,199,215,247,247,281,301,317,337,442,442,442,492,492,509,522,14,39,59,144,144,244,261,325,375,390,493,493,493,504,517,567,617,617,617,667,667,667,693,593,643,707,726,827,827,827,841,916,966,966,966,989,174,174,241,273,323,323,333,347,444,444,444,459,475,705,716,52,86,136,155,155,205,269,269,84,101,203,203,203,223,273,333,351,351,385,395,545,545,579,593,603,616,633,736,736,755,858,858,858,858],"floor_reached":105,"language":"ZHS","playtime":4639,"items_purged":["champ:Strike","champ:Strike","champ:FanOfKnives","champ:Strike","champ:Defend","champ:Strike"],"score":2371,"play_id":"3fe83e70-3fa9-4cc0-a21d-d7fd2e5ac2ba","local_time":"20210211223357","is_ascension_mode":false,"campfire_choices":[{"data":"champ:Taunt","floor":1,"key":"SMITH"},{"data":"champ:SkillfulDodge","floor":6,"key":"SMITH"},{"data":"champ:ShieldWall","floor":8,"key":"SMITH"},{"data":"champ:Improvising","floor":18,"key":"SMITH"},{"data":"champ:DancingMaster","floor":35,"key":"SMITH"},{"data":"champ:ShieldWall","floor":40,"key":"SMITH"},{"data":"expansioncontent:PrepareCrush","floor":44,"key":"SMITH"},{"data":"champ:Duel","floor":46,"key":"SMITH"},{"data":"champ:PreciseThrust","floor":52,"key":"SMITH"},{"data":"infinitespire:Oblivion","floor":57,"key":"SMITH"},{"data":"champ:Circumvent","floor":60,"key":"SMITH"},{"data":"champ:Improvising","floor":64,"key":"SMITH"},{"data":"champ:HoldFirm","floor":69,"key":"SMITH"},{"data":"champ:MurderStrike","floor":78,"key":"SMITH"},{"data":"champ:FocusedDefense","floor":81,"key":"SMITH"},{"data":"champ:TripleStrike","floor":86,"key":"SMITH"},{"data":"champ:PreemptiveStrike","floor":91,"key":"SMITH"},{"data":"expansioncontent:AwakenDeath","floor":95,"key":"SMITH"}],"circlet_count":0,"master_deck":["champ:Defend+1","champ:Defend+1","champ:Execute+1","champ:Taunt+1","champ:ShieldWall+1","champ:SkillfulDodge+1","champ:BladeFlurry","champ:PreciseThrust+1","champ:ShieldWall+1","champ:ShieldThrow+1","champ:FocusedDefense+1","champ:TornadoPunch+1","champ:Improvising+1","champ:PreciseThrust+1","champ:ShieldWall+1","champ:Circumvent+1","champ:Improvising+1","champ:Duel+1","champ:DancingMaster+1","champ:Lariat+1","expansioncontent:AwakenDeath+1","expansioncontent:PrepareCrush+1","champ:DefensiveShout+1","champ:MurderStrike+1","infinitespire:Oblivion+1","champ:HoldFirm+1","champ:Improvising+1","RitualDagger+1","champ:TripleStrike+1","champ:PreemptiveStrike+1","champ:Improvising"],"relics":["champ:ChampionCrown","downfall:HeartsMalice","CloakClasp","Ancient Tea Set","The Courier","Gremlin Horn","SlaversCollar","Tiny House","infinitespire:Lucky Rock","DollysMirror","Singing Bowl","War Paint","MealTicket","downfall:CloakOfManyFaces","CultistMask","FaceOfCleric","NlothsMask","GremlinMask","SsserpentHead","Oddly Smooth Stone","conspire:SlowCooker","Blue Candle","Empty Cage","conspire:DeflatedDodgeball","DemoMod:MonsterBlood","downfall:HeartBlessingGreen","conspire:RunicOctahedron","champ:ChampionCrownUpgraded","aspiration:HiddenCompartment","Vajra","Nunchaku","TheAbacus","Shuriken","DemoMod:MeltedRock","Lantern","Coffee Dripper","Kunai","Prayer Wheel","Omamori","Whetstone","aspiration:RitualStick","Lee\u0027s Waffle","aspiration:PoetsPen_weak","Black Star","paleoftheancients:Timepiece","paleoftheancients:KeyRelic","Sozu","Bronze Scales","paleoftheancients:SoulOfTheWokeBloke","DemoMod:GlassGuonStoneRelic","Fusion Hammer"],"acts_visited":["Exordium","TheCity","TheBeyond","Exordium","TheCity","TheBeyond","paleoftheancients:PaleOfTheAncients","Exordium"],"potions_floor_usage":[16,33,33,50,53,97,97],"damage_taken":[{"damage":0,"enemies":"2 Louse","floor":2,"turns":1},{"damage":0,"enemies":"Small Slimes","floor":3,"turns":1},{"damage":0,"enemies":"Small Slimes","floor":4,"turns":1},{"damage":0,"enemies":"Cultist","floor":9,"turns":4},{"damage":28,"enemies":"Gremlin Nob","floor":10,"turns":5},{"damage":13,"enemies":"conspire:MimicChest","floor":12,"turns":6},{"damage":2,"enemies":"2 Fungi Beasts","floor":13,"turns":3},{"damage":5,"enemies":"Lots of Slimes","floor":14,"turns":3},{"damage":10,"enemies":"Exordium Wildlife","floor":15,"turns":3},{"damage":27,"enemies":"WA_ARCHETYPE_RETAIN","floor":16,"turns":9},{"damage":33,"enemies":"3 Byrds","floor":21,"turns":6},{"damage":12,"enemies":"Spheric Guardian","floor":22,"turns":5},{"damage":0,"enemies":"downfall:FleeingMerchant","floor":23,"turns":4},{"damage":11,"enemies":"3 Cultists","floor":25,"turns":6},{"damage":1,"enemies":"downfall:FaceTrader","floor":28,"turns":6},{"damage":7,"enemies":"Snake Plant","floor":29,"turns":5},{"damage":0,"enemies":"Centurion and Healer","floor":30,"turns":6},{"damage":15,"enemies":"Chosen and Byrds","floor":32,"turns":6},{"damage":0,"enemies":"IC_MUSHROOM_ARCHETYPE","floor":33,"turns":1},{"damage":0,"enemies":"3 Darklings","floor":36,"turns":5},{"damage":10,"enemies":"Orb Walker","floor":37,"turns":5},{"damage":13,"enemies":"Nightmare","floor":45,"turns":7},{"damage":14,"enemies":"4 Shapes","floor":48,"turns":4},{"damage":25,"enemies":"Spire Growth","floor":49,"turns":6},{"damage":22,"enemies":"DF_ARCHETYPE_ORBS","floor":50,"turns":10},{"damage":9,"enemies":"Small Slimes","floor":53,"turns":2},{"damage":13,"enemies":"Gremlin Nob","floor":54,"turns":3},{"damage":30,"enemies":"downfall:FleeingMerchant","floor":59,"turns":4},{"damage":10,"enemies":"Jaw Worm","floor":61,"turns":3},{"damage":15,"enemies":"Lagavulin","floor":62,"turns":4},{"damage":5,"enemies":"2 Louse","floor":65,"turns":2},{"damage":33,"enemies":"2 Fungi Beasts","floor":66,"turns":3},{"damage":51,"enemies":"The Guardian","floor":67,"turns":7},{"damage":0,"enemies":"Spheric Guardian","floor":70,"turns":1},{"damage":0,"enemies":"3 Cultists","floor":71,"turns":4},{"damage":15,"enemies":"downfall:FleeingMerchant","floor":72,"turns":4},{"damage":20,"enemies":"Chosen and Byrds","floor":73,"turns":3},{"damage":35,"enemies":"Slavers","floor":75,"turns":4},{"damage":10,"enemies":"Centurion and Healer","floor":77,"turns":3},{"damage":16,"enemies":"Cultist and Chosen","floor":80,"turns":3},{"damage":21,"enemies":"Sentry and Sphere","floor":83,"turns":3},{"damage":26,"enemies":"conspire:MysteriousRune","floor":84,"turns":6},{"damage":20,"enemies":"3 Darklings","floor":87,"turns":3},{"damage":35,"enemies":"3 Shapes","floor":89,"turns":2},{"damage":46,"enemies":"Sphere and 2 Shapes","floor":90,"turns":2},{"damage":50,"enemies":"Nemesis","floor":92,"turns":3},{"damage":20,"enemies":"Spire Growth","floor":93,"turns":3},{"damage":30,"enemies":"Giant Head","floor":96,"turns":3},{"damage":95,"enemies":"3 Darklings","floor":97,"turns":4},{"damage":13,"enemies":"Sphere and 2 Shapes","floor":98,"turns":2},{"damage":64,"enemies":"Transient","floor":99,"turns":5},{"damage":40,"enemies":"Writhing Mass","floor":100,"turns":3},{"damage":58,"enemies":"Donu and Deca","floor":101,"turns":3},{"damage":40,"enemies":"Donu and Deca","floor":103,"turns":5},{"damage":47,"enemies":"paleoftheancients:N","floor":104,"turns":6}],"seed_played":"-3342813469909430808","potions_obtained":[{"floor":9,"key":"Explosive Potion"},{"floor":10,"key":"PowerPotion"},{"floor":14,"key":"Fire Potion"},{"floor":15,"key":"infinitespire:BlackPotion"},{"floor":16,"key":"Strength Potion"},{"floor":19,"key":"SmokeBomb"},{"floor":33,"key":"champ:TechniquePotion"},{"floor":49,"key":"Ancient Potion"},{"floor":53,"key":"Fruit Juice"},{"floor":61,"key":"Fire Potion"},{"floor":66,"key":"champ:TechniquePotion"},{"floor":79,"key":"CultistPotion"},{"floor":97,"key":"Fruit Juice"}],"is_trial":false,"path_per_floor":["R","M","M","?","?","R","T","R","M","E","?","?","M","M","M","B",null,"R","AVR","?","M","M","$","T","M","?","?","?","M","M","?","M","B",null,"R","M","M","?","?","R","T","?","AVR","R","NM","R","?","M","M","B",null,"R","M","E","?","AVR","R","T","$","R","M","E","?","R","M","M","B",null,"R","M","M","$","M","$","E","?","M","R","?","M","R","$","M","B",null,"R","M","?","M","M","R","E","M","?","R","E","M","M","M","M","B",null,"M","B",null],"character_chosen":"THE_CHAMP","items_purchased":["DollysMirror","Singing Bowl","War Paint","Nunchaku","TheAbacus","Shuriken","DemoMod:MeltedRock","Lantern","Kunai","Prayer Wheel","Omamori","Whetstone","Lee\u0027s Waffle"],"campfire_rested":0,"item_purchase_floors":[23,23,23,59,59,59,59,59,74,74,74,74,82],"current_hp_per_floor":[90,90,90,90,90,90,90,90,90,62,62,59,57,52,52,25,90,90,95,95,72,70,70,70,61,43,43,44,40,41,41,39,40,107,107,110,101,91,91,91,91,86,86,86,81,81,81,70,48,27,126,126,125,115,115,115,115,115,131,131,134,135,135,135,138,128,105,151,151,154,157,160,163,163,136,136,141,141,141,145,145,183,172,152,189,189,174,174,179,173,173,176,181,181,181,184,134,136,109,114,77,243,248,251,251,251,251],"gold":858,"neow_bonus":"THREE_ENEMY_KILL","is_daily":false,"chose_seed":false,"campfire_upgraded":18,"win_rate":0.0,"timestamp":1613054037,"path_taken":["R","M","M","?","?","R","T","R","M","E","?","?","?","M","M","BOSS","R","AVR","?","?","M","$","T","M","?","?","?","M","?","?","M","BOSS","R","M","M","?","?","R","T","?","AVR","R","NM","R","?","?","M","BOSS","R","M","?","?","AVR","R","T","?","R","?","E","?","R","M","M","BOSS","R","M","M","$","M","$","E","?","M","R","?","?","R","?","M","BOSS","R","M","?","?","M","R","E","M","?","R","E","M","M","M","M","BOSS","M","BOSS"],"items_purchased_type":["Relic","Relic","Relic","Relic","Relic","Relic","Relic","Relic","Relic","Relic","Relic","Relic","Relic"],"build_version":"2020-12-22","purchased_purges":6,"victory":false,"max_hp_per_floor":[90,90,90,90,90,90,90,90,90,90,90,90,90,90,90,90,90,90,95,95,95,95,95,95,97,97,97,99,102,103,103,106,107,107,107,110,111,111,111,111,111,111,111,111,119,119,119,122,125,126,126,126,134,137,137,137,137,137,138,138,141,142,142,142,145,148,151,151,151,154,157,160,163,163,166,166,171,171,171,176,176,183,188,189,189,189,194,194,199,204,204,207,212,212,212,215,225,230,237,242,243,243,248,251,251,251,251],"card_choices":[{"not_picked":["champ:CrownThrow","champ:Circumvent"],"picked":"champ:ShieldWall","floor":2},{"not_picked":["champ:PerfectedStrike","champ:Parry"],"picked":"champ:SkillfulDodge","floor":3},{"not_picked":["champ:BerserkersShout","champ:GutPunch"],"picked":"champ:BladeFlurry","floor":9},{"not_picked":["champ:FaceSlap","champ:RecklessLeap"],"picked":"champ:PreciseThrust","floor":10},{"not_picked":["champ:CrownThrow","champ:PerfectedStrike"],"picked":"champ:ShieldWall","floor":12},{"not_picked":["champ:RisingSlash","champ:GladiatorStyle"],"picked":"champ:ShieldThrow","floor":13},{"not_picked":["champ:FlashCut","champ:SetATrap"],"picked":"champ:FocusedDefense","floor":14},{"not_picked":["champ:BladeFlurry","champ:StanceDance"],"picked":"champ:TornadoPunch","floor":15},{"not_picked":["champ:SteelEdge","champ:IgnorePain"],"picked":"champ:Improvising","floor":16},{"not_picked":["champ:GutPunch+1","champ:Shatter"],"picked":"champ:PreciseThrust+1","floor":19},{"not_picked":["champ:FalseCounter+1","champ:AdrenalArmor+1","champ:StanceDance"],"picked":"SKIP","floor":21},{"not_picked":["champ:RapidStrikes","champ:Devastate"],"picked":"champ:Circumvent","floor":22},{"not_picked":["champ:ShieldSlam+1","champ:FlashCut+1"],"picked":"champ:GladiatorForm","floor":23},{"not_picked":["champ:BringItOn","champ:FlashCut","champ:TornadoPunch"],"picked":"Singing Bowl","floor":25},{"not_picked":["champ:BerserkersShout+1","champ:SetATrap","champ:IgnorePain"],"picked":"Singing Bowl","floor":28},{"not_picked":["champ:ShieldSlam","champ:Shatter+1","champ:CrownThrow"],"picked":"Singing Bowl","floor":29},{"not_picked":["champ:BerserkersShout","champ:HeartStrike"],"picked":"champ:Duel","floor":30},{"not_picked":["champ:AdrenalArmor+1","champ:Lariat","champ:GladiatorStyle"],"picked":"Singing Bowl","floor":32},{"not_picked":["champ:Improvising","champ:SteelEdge"],"picked":"champ:DancingMaster","floor":33},{"not_picked":["champ:PreemptiveStrike","champ:Circumvent+1","champ:Shatter+1"],"picked":"Singing Bowl","floor":36},{"not_picked":["champ:EndlessRage","champ:AdrenalArmor"],"picked":"champ:Lariat+1","floor":37},{"not_picked":["expansioncontent:GuardianWhirl","expansioncontent:Chronoboost"],"picked":"expansioncontent:AwakenDeath","floor":38},{"not_picked":["expansioncontent:InvincibleStrength","expansioncontent:HyperBeam"],"picked":"expansioncontent:AwakenDeath","floor":38},{"not_picked":["expansioncontent:YouAreMine","expansioncontent:PolyBeam"],"picked":"expansioncontent:PrepareCrush","floor":38},{"not_picked":["champ:FocusedDefense+1","champ:Haymaker"],"picked":"champ:DefensiveShout+1","floor":45},{"not_picked":["champ:TornadoPunch+1","champ:AdrenalArmor","champ:CalledShot"],"picked":"Singing Bowl","floor":48},{"not_picked":["champ:PerfectedStrike","champ:GladiatorForm","champ:Backstep+1"],"picked":"Singing Bowl","floor":49},{"not_picked":["champ:UltimateStance","champ:Improvising"],"picked":"champ:MurderStrike","floor":50},{"not_picked":["champ:GutPunch","champ:RapidStrikes","champ:Circumvent"],"picked":"Singing Bowl","floor":53},{"not_picked":["champ:CrownThrow","champ:EnragedBash","champ:DefensiveShout"],"picked":"Singing Bowl","floor":54},{"not_picked":["champ:CheapShot","champ:ShieldThrow"],"picked":"champ:HoldFirm","floor":59},{"not_picked":["champ:StanceDance","champ:FalseCounter","champ:GutPunch"],"picked":"Singing Bowl","floor":61},{"not_picked":["champ:Encircle","champ:Duel"],"picked":"champ:Improvising","floor":62},{"not_picked":["champ:Endure","champ:FocusedBerserking","champ:Circumvent"],"picked":"Singing Bowl","floor":65},{"not_picked":["champ:BerserkersShout","champ:AdrenalArmor","champ:DefensiveShout"],"picked":"Singing Bowl","floor":66},{"not_picked":["champ:ShieldThrow","champ:SteelEdge","champ:CheapShot"],"picked":"Singing Bowl","floor":67},{"not_picked":["champ:FlashCut+1","champ:DeathBlow+1","champ:Circumvent"],"picked":"Singing Bowl","floor":70},{"not_picked":["champ:DefensiveShout","champ:PerfectedStrike","champ:RapidStrikes"],"picked":"Singing Bowl","floor":71},{"not_picked":["champ:EndlessRage","champ:Shatter","champ:StanceDance+1"],"picked":"Singing Bowl","floor":72},{"not_picked":["champ:BerserkersShout+1","champ:IronFortress","champ:CalledShot"],"picked":"Singing Bowl","floor":73},{"not_picked":["champ:GutPunch+1","champ:Haymaker","champ:BringItOn"],"picked":"Singing Bowl","floor":75},{"not_picked":["champ:FanOfKnives","champ:TornadoPunch","champ:GutPunch"],"picked":"Singing Bowl","floor":77},{"not_picked":["champ:PreciseThrust","champ:BerserkersShout+1","champ:EnGarde+1"],"picked":"Singing Bowl","floor":77},{"not_picked":["champ:PerfectedStrike","champ:HeavySlash","champ:GladiatorStyle"],"picked":"Singing Bowl","floor":80},{"not_picked":["champ:StanceDance","champ:SkillfulDodge","champ:FanOfKnives"],"picked":"Singing Bowl","floor":80},{"not_picked":["champ:CrownThrow+1","champ:EnGarde","champ:Backstep"],"picked":"Singing Bowl","floor":83},{"not_picked":["champ:IronFortress+1","champ:Endure+1","champ:PerfectedStrike"],"picked":"Singing Bowl","floor":83},{"not_picked":["champ:VampiricStrike","champ:SteelEdge"],"picked":"champ:TripleStrike","floor":84},{"not_picked":["champ:FocusedDefense","champ:FlashCut+1","champ:ShieldSlam"],"picked":"Singing Bowl","floor":87},{"not_picked":["champ:Encircle","champ:PerfectedStrike+1","champ:TornadoPunch+1"],"picked":"Singing Bowl","floor":87},{"not_picked":["champ:RapidStrikes+1","champ:PreciseThrust","champ:Encircle+1"],"picked":"Singing Bowl","floor":89},{"not_picked":["champ:Backstep","champ:FocusedBerserking+1","champ:SetATrap+1"],"picked":"Singing Bowl","floor":89},{"not_picked":["champ:EndlessRage+1","champ:BringItOn+1","champ:BerserkersShout"],"picked":"Singing Bowl","floor":90},{"not_picked":["champ:Encircle","champ:IgnorePain","champ:Lariat"],"picked":"Singing Bowl","floor":90},{"not_picked":["champ:DeathBlow","champ:BladeFlurry","champ:BerserkersShout"],"picked":"Singing Bowl","floor":92},{"not_picked":["champ:Shatter+1","champ:BladeFlurry","champ:PreciseThrust+1"],"picked":"Singing Bowl","floor":93},{"not_picked":["champ:TornadoPunch","champ:DeathBlow","champ:EndlessRage+1"],"picked":"Singing Bowl","floor":93},{"not_picked":["champ:Parry","champ:RecklessLeap","champ:ShieldWall"],"picked":"Singing Bowl","floor":96},{"not_picked":["champ:Backstep","champ:IgnorePain","champ:AdrenalArmor+1"],"picked":"Singing Bowl","floor":97},{"not_picked":["champ:BerserkersShout+1","champ:FaceSlap+1","champ:Shatter"],"picked":"Singing Bowl","floor":97},{"not_picked":["champ:Backstep","champ:GladiatorStyle+1","champ:RecklessLeap+1"],"picked":"Singing Bowl","floor":98},{"not_picked":["champ:GladiatorStyle","champ:StanceDance+1","champ:FocusedDefense+1"],"picked":"Singing Bowl","floor":98},{"not_picked":["infinitespire:SealOfDarkness+","infinitespire:FinalStrike","infinitespire:Oblivion"],"picked":"Singing Bowl","floor":99},{"not_picked":["champ:EnGarde","champ:RapidStrikes+1","champ:BladeFlurry"],"picked":"Singing Bowl","floor":99},{"not_picked":["champ:PreciseThrust","champ:PerfectedStrike+1","champ:FlashCut+1"],"picked":"Singing Bowl","floor":99},{"not_picked":["champ:FaceSlap+1","champ:CrookedStrike+1","champ:FocusedBerserking"],"picked":"Singing Bowl","floor":100},{"not_picked":["champ:IronFortress+1","champ:ShieldSlam","champ:TornadoPunch"],"picked":"Singing Bowl","floor":100},{"not_picked":["champ:SwordThrow","champ:GladiatorForm"],"picked":"champ:Improvising","floor":101},{"not_picked":["champ:StanceDance","champ:Backstep+1","champ:BerserkersShout+1"],"picked":"Singing Bowl","floor":103},{"not_picked":["champ:DefensiveShout","champ:Circumvent","champ:Shatter+1"],"picked":"Singing Bowl","floor":103},{"not_picked":["champ:SteelEdge","champ:TripleStrike","champ:IgnorePain"],"picked":"Singing Bowl","floor":104}],"player_experience":398231,"relics_obtained":[{"floor":4,"key":"CloakClasp"},{"floor":7,"key":"Ancient Tea Set"},{"floor":10,"key":"The Courier"},{"floor":12,"key":"Gremlin Horn"},{"floor":24,"key":"MealTicket"},{"floor":28,"key":"downfall:CloakOfManyFaces"},{"floor":45,"key":"DemoMod:MonsterBlood"},{"floor":58,"key":"Vajra"},{"floor":103,"key":"paleoftheancients:SoulOfTheWokeBloke"}],"event_choices":[{"damage_healed":0,"gold_gain":0,"player_choice":"Disagree","damage_taken":0,"max_hp_gain":0,"max_hp_loss":0,"event_name":"conspire:LoneGhost","floor":5,"gold_loss":0},{"damage_healed":0,"gold_gain":0,"player_choice":"Leave","damage_taken":0,"max_hp_gain":0,"max_hp_loss":0,"event_name":"conspire:Investor","floor":39,"gold_loss":0}],"is_beta":false,"boss_relics":[{"not_picked":["aspiration:IroncladSkillbook","SacredBark"],"picked":"SlaversCollar"},{"not_picked":["aspiration:RitualDagger","Velvet Choker"],"picked":"conspire:SlowCooker"},{"not_picked":["aspiration:DefectSkillbook","aspiration:PoetsPen_weak"],"picked":"conspire:RunicOctahedron"},{"not_picked":["aspiration:RunicSpoon","conspire:SeveredTorchhead"],"picked":"Coffee Dripper"},{"not_picked":["Runic Dome","aspiration:RitualDagger"],"picked":"aspiration:PoetsPen_weak"},{"not_picked":["Cursed Key","aspiration:SilentSkillbook"],"picked":"Black Star"},{"not_picked":["Astrolabe","Runic Pyramid"],"picked":"Fusion Hammer"}],"items_purged_floors":[19,23,56,59,72,82],"is_endless":true,"potions_floor_spawned":[9,10,14,15,16,21,22,28,33,49,50,53,61,65,66,71,73,77,80,84,89,90,92,97,100,101],"ascension_level":0}}