{"host":"37ccm3d17clopct7","time":1613029171,"event":{"mods":["BaseMod","GungeonMod","Hermit","Lobotomy","Minty Spire (QoL Compilation)","StSLib","The Bug Knight","The Cursed","The Hierophant","The Jungle","The Runesmith"],"gold_per_floor":[118,128,145,160,160,160,186,43,43,8,25,99,99,49,49,145,145,160,180,193,193,206,206,238,10,56,56,56],"floor_reached":27,"language":"KOR","playtime":1449,"items_purged":["TheCursedMod:Defend_TheCursed"],"score":258,"play_id":"caa7e18b-4142-4533-8d54-dae9b771aa6e","local_time":"20210211163931","is_ascension_mode":false,"campfire_choices":[{"floor":6,"key":"RECALL"},{"floor":13,"key":"REST"},{"floor":15,"key":"REST"},{"floor":23,"key":"REST"}],"circlet_count":0,"master_deck":["TheCursedMod:Strike_TheCursed","TheCursedMod:Strike_TheCursed","TheCursedMod:Strike_TheCursed","TheCursedMod:Strike_TheCursed","TheCursedMod:Defend_TheCursed","TheCursedMod:Defend_TheCursed","TheCursedMod:CursedWand","TheCursedMod:CleanUpWorkshop","TheCursedMod:Dregs","TheCursedMod:CursedShiv","TheCursedMod:CursedAmulet","TheCursedMod:CursedSpellbook","TheCursedMod:SmokeScreen","TheCursedMod:WearCloak","TheCursedMod:LuckyCharm","TheCursedMod:CircleOfAbyss","TheCursedMod:CollectTribute","TheCursedMod:CursedBlade","TheCursedMod:Obscuration","TheCursedMod:SurpriseAttack+1","TheCursedMod:DemonicPact","TheCursedMod:Hemoplague+1","Injury"],"relics":["TheCursedMod:BlackMagic101","NeowsBlessing","DemoMod:PoisonVial","Lantern","DemoMod:JetPack","Cursed Key","DemoMod:MeatBun","Anchor"],"acts_visited":["Exordium","theJungle:Jungle"],"potions_floor_usage":[16,16,18,20,20,22],"damage_taken":[{"damage":0,"enemies":"Small Slimes","floor":1,"turns":1},{"damage":0,"enemies":"Cultist","floor":2,"turns":1},{"damage":0,"enemies":"2 Louse","floor":3,"turns":1},{"damage":0,"enemies":"Exordium Wildlife","floor":4,"turns":5},{"damage":41,"enemies":"Lagavulin","floor":7,"turns":12},{"damage":0,"enemies":"Lots of Slimes","floor":11,"turns":6},{"damage":6,"enemies":"The Guardian","floor":16,"turns":20},{"damage":14,"enemies":"theJungle:GiantWrat","floor":18,"turns":7},{"damage":5,"enemies":"theJungle:MUSHROOMGANG","floor":19,"turns":5},{"damage":34,"enemies":"theJungle:2_Snecko_Cultists","floor":20,"turns":6},{"damage":12,"enemies":"theJungle:Snecko_Cultist_And_Trap","floor":22,"turns":8},{"damage":14,"enemies":"theJungle:2_Phrogs","floor":24,"turns":20},{"damage":5,"enemies":"theJungle:Cassacara","floor":27,"turns":7}],"seed_played":"-5264529699694657618","potions_obtained":[{"floor":7,"key":"Fire Potion"},{"floor":11,"key":"LiquidBronze"},{"floor":16,"key":"SteroidPotion"},{"floor":18,"key":"SkillPotion"},{"floor":19,"key":"Regen Potion"},{"floor":22,"key":"Fruit Juice"}],"is_trial":false,"path_per_floor":["M","M","M","M","?","R","E","$","T","$","M","T","R","?","R","B",null,"M","M","M","?","M","R","E","$","T","E"],"character_chosen":"THE_CURSED","items_purchased":["Lantern","TheCursedMod:LuckyCharm","DemoMod:MeatBun"],"campfire_rested":3,"item_purchase_floors":[8,10,25],"current_hp_per_floor":[75,75,75,75,75,75,34,34,34,34,34,34,56,56,75,69,75,61,56,36,36,29,53,39,53,53,48,48],"gold":56,"neow_bonus":"THREE_ENEMY_KILL","is_daily":false,"chose_seed":false,"campfire_upgraded":0,"win_rate":0.0,"timestamp":1613029171,"path_taken":["M","M","M","M","?","R","E","?","T","$","?","?","R","?","R","BOSS","M","M","M","?","?","R","E","?","T","E"],"items_purchased_type":["Card","Card","Relic"],"build_version":"2020-12-22","purchased_purges":1,"victory":false,"max_hp_per_floor":[75,75,75,75,75,75,75,75,75,75,75,75,75,75,75,75,75,75,75,75,75,80,80,80,80,80,80,80],"card_choices":[{"not_picked":["TheCursedMod:SmokeScreen","TheCursedMod:CursedAmulet"],"picked":"TheCursedMod:CursedShiv","floor":1},{"not_picked":["TheCursedMod:AbyssShockwave","TheCursedMod:RavingStaff"],"picked":"TheCursedMod:CursedAmulet","floor":2},{"not_picked":["TheCursedMod:CircleOfWindfury","TheCursedMod:ReleasedStrength"],"picked":"TheCursedMod:CursedSpellbook","floor":3},{"not_picked":["TheCursedMod:CursedMace","TheCursedMod:TacticalStrike"],"picked":"TheCursedMod:SmokeScreen","floor":4},{"not_picked":["TheCursedMod:CursedBlade","TheCursedMod:TroublousMinions"],"picked":"TheCursedMod:WearCloak","floor":7},{"not_picked":["TheCursedMod:Torture","TheCursedMod:SpitefulStrike"],"picked":"TheCursedMod:CircleOfAbyss","floor":11},{"not_picked":["TheCursedMod:ParallelWorld","TheCursedMod:CursedRelics"],"picked":"TheCursedMod:CollectTribute","floor":16},{"not_picked":["TheCursedMod:CircleOfWindfury","TheCursedMod:SpreadPlague"],"picked":"TheCursedMod:CursedBlade","floor":18},{"not_picked":["TheCursedMod:Stigma","TheCursedMod:RapidMovement"],"picked":"TheCursedMod:Obscuration","floor":19},{"not_picked":["TheCursedMod:VitalStrike","TheCursedMod:Torture"],"picked":"TheCursedMod:SurpriseAttack+1","floor":20},{"not_picked":["TheCursedMod:TroublousMinions+1","TheCursedMod:WearCloak+1"],"picked":"TheCursedMod:DemonicPact","floor":22},{"not_picked":["TheCursedMod:FleshFromBone","TheCursedMod:CursedBlade+1"],"picked":"TheCursedMod:Hemoplague+1","floor":24}],"player_experience":172396,"relics_obtained":[{"floor":7,"key":"DemoMod:PoisonVial"},{"floor":12,"key":"DemoMod:JetPack"},{"floor":26,"key":"Anchor"}],"event_choices":[{"damage_healed":0,"gold_gain":0,"player_choice":"Ignored","damage_taken":0,"max_hp_gain":0,"max_hp_loss":0,"event_name":"WeMeetAgain","floor":5,"gold_loss":0},{"cards_removed":["TheCursedMod:Defend_TheCursed"],"damage_healed":0,"gold_gain":0,"player_choice":"Card Removal","damage_taken":0,"max_hp_gain":0,"max_hp_loss":0,"event_name":"The Cleric","floor":14,"gold_loss":50},{"damage_healed":0,"gold_gain":0,"player_choice":"Ignored","damage_taken":0,"max_hp_gain":0,"max_hp_loss":0,"event_name":"NoteForYourself","floor":21,"gold_loss":0}],"is_beta":false,"boss_relics":[{"not_picked":["Busted Crown","Sozu"],"picked":"Cursed Key"}],"items_purged_floors":[25],"is_endless":false,"potions_floor_spawned":[7,11,16,18,19,22],"killed_by":"theJungle:Cassacara","ascension_level":0}}