{"host":"28p8ce41sjwa6lzf","time":1613078428,"event":{"mods":["BaseMod","Bestiary","Colored Map","Colored Powertips","Dark Map","Highlight Path","Minty Spire (QoL Compilation)","Permanent Neow","Quick Restart","Random Character Button","Rare Cards Sparkle","Relic Stats","StSLib","Unceasing Turn Reminder"],"gold_per_floor":[117,128,142,142,162,162,162],"floor_reached":6,"language":"ENG","playtime":318,"items_purged":[],"score":76,"play_id":"dd4f23e0-114e-433d-9baf-7479dac81c69","local_time":"20210211152028","is_ascension_mode":true,"campfire_choices":[],"circlet_count":0,"master_deck":["AscendersBane","Strike_B","Strike_B","Strike_B","Strike_B","Defend_B","Defend_B","Defend_B","Defend_B","Zap","Dualcast","Hologram","Streamline","Rainbow"],"relics":["Black Star"],"acts_visited":["Exordium"],"potions_floor_usage":[5],"damage_taken":[{"damage":14.0,"enemies":"Jaw Worm","floor":1.0,"turns":4.0},{"damage":4.0,"enemies":"Cultist","floor":2.0,"turns":4.0},{"damage":0.0,"enemies":"2 Louse","floor":3.0,"turns":2.0},{"damage":41,"enemies":"Large Slime","floor":5,"turns":8},{"damage":13,"enemies":"Lagavulin","floor":6,"turns":4}],"seed_played":"8196942888321563252","potions_obtained":[{"floor":1.0,"key":"Weak Potion"},{"floor":5,"key":"EssenceOfSteel"}],"is_trial":false,"path_per_floor":["M","M","M","?","M","E"],"character_chosen":"DEFECT","items_purchased":[],"campfire_rested":0,"item_purchase_floors":[],"current_hp_per_floor":[50,46,46,46,5,0,0],"gold":162,"neow_bonus":"BOSS_RELIC","is_daily":false,"chose_seed":false,"campfire_upgraded":0,"win_rate":0.0,"timestamp":1613078428,"path_taken":["M","M","M","?","M","E"],"items_purchased_type":[],"build_version":"2020-12-22","purchased_purges":0,"victory":false,"max_hp_per_floor":[71,71,71,71,71,71,71],"relic_stats":{"counters":[5,22],"Black Star":0,"obtain_stats":[{"Black Star":0,"Cracked Core":0},{"Black Star":0,"Cracked Core":0},{"Black Star":0,"Cracked Core":0}]},"card_choices":[{"not_picked":["Steam Power","Turbo"],"picked":"Hologram","floor":1.0},{"not_picked":["Beam Cell","Storm"],"picked":"Streamline","floor":2.0},{"not_picked":["Hello World","Fusion","Turbo"],"picked":"SKIP","floor":3.0},{"not_picked":["Cold Snap","Sweeping Beam"],"picked":"Rainbow","floor":5}],"player_experience":1029834,"relics_obtained":[],"event_choices":[{"damage_healed":0.0,"max_hp_gain":0.0,"max_hp_loss":0.0,"gold_gain":0.0,"event_name":"Shining Light","player_choice":"Ignored","floor":4.0,"gold_loss":0.0,"damage_taken":0.0}],"is_beta":false,"boss_relics":[],"items_purged_floors":[],"is_endless":false,"potions_floor_spawned":[1,5],"killed_by":"Lagavulin","ascension_level":20}}