{"host":"z2qbs5oitkx9dzyk","time":1613081986,"event":{"mods":["BaseMod","Colored Map","Colored Powertips","Minty Spire (QoL Compilation)"],"gold_per_floor":[119,119,137,137,137,180,180,203,257,272,303,324,359,378,378,378,378],"floor_reached":16,"language":"ENG","playtime":473,"items_purged":[],"score":147,"play_id":"1855a33c-d7b9-4440-ae2c-f130700f4b92","local_time":"20210211161946","is_ascension_mode":false,"campfire_choices":[{"data":"Clothesline","floor":7,"key":"SMITH"},{"floor":15,"key":"REST"}],"circlet_count":0,"master_deck":["Strike_R","Strike_R","Strike_R","Strike_R","Strike_R","Defend_R","Defend_R","Defend_R","Defend_R","Bash","Clothesline+1","Inflame","Regret","Double Tap","Fire Breathing","Pummel","Intimidate+1","Pummel","Reaper","Rage+1"],"relics":["Burning Blood","NeowsBlessing","Golden Idol","MealTicket","Sundial","Anchor","Toxic Egg 2","Centennial Puzzle"],"acts_visited":["Exordium"],"potions_floor_usage":[11,13,13,14,16],"damage_taken":[{"damage":0,"enemies":"Cultist","floor":1,"turns":1},{"damage":0,"enemies":"2 Louse","floor":3,"turns":1},{"damage":0,"enemies":"Gremlin Nob","floor":6,"turns":1},{"damage":9,"enemies":"Small Slimes","floor":8,"turns":4},{"damage":14,"enemies":"Blue Slaver","floor":10,"turns":3},{"damage":26,"enemies":"3 Sentries","floor":11,"turns":6},{"damage":20,"enemies":"2 Fungi Beasts","floor":12,"turns":4},{"damage":16,"enemies":"Lagavulin","floor":13,"turns":4},{"damage":0,"enemies":"Exordium Thugs","floor":14,"turns":3},{"damage":62,"enemies":"The Guardian","floor":16,"turns":13}],"seed_played":"-7058286108877134599","potions_obtained":[{"floor":1,"key":"Fire Potion"},{"floor":6,"key":"Strength Potion"},{"floor":11,"key":"Strength Potion"},{"floor":13,"key":"Strength Potion"},{"floor":14,"key":"Strength Potion"}],"is_trial":false,"path_per_floor":["M","?","M","?","?","E","R","M","T","M","E","M","E","M","R","B"],"character_chosen":"IRONCLAD","items_purchased":[],"campfire_rested":1,"item_purchase_floors":[],"current_hp_per_floor":[80,60,66,66,66,72,72,69,69,61,41,27,17,31,55,0,0],"gold":378,"neow_bonus":"THREE_ENEMY_KILL","is_daily":false,"chose_seed":false,"campfire_upgraded":1,"win_rate":0.0,"timestamp":1613081986,"path_taken":["M","?","M","?","?","E","R","?","T","M","E","M","E","M","R","BOSS"],"items_purchased_type":[],"build_version":"2020-12-22","purchased_purges":0,"victory":false,"max_hp_per_floor":[80,80,80,80,80,80,80,80,80,80,80,80,80,80,80,80,80],"card_choices":[{"not_picked":["Intimidate","Havoc"],"picked":"Clothesline","floor":1},{"not_picked":["Havoc","Headbutt"],"picked":"Inflame","floor":3},{"not_picked":["Sword Boomerang","Wild Strike"],"picked":"Fire Breathing","floor":6},{"not_picked":["Sword Boomerang","Searing Blow","Havoc"],"picked":"SKIP","floor":8},{"not_picked":["Shrug It Off","Wild Strike"],"picked":"Pummel","floor":10},{"not_picked":["Uppercut","Whirlwind"],"picked":"Intimidate+1","floor":11},{"not_picked":["Clash","Thunderclap","Pummel"],"picked":"SKIP","floor":12},{"not_picked":["Clash","Thunderclap"],"picked":"Pummel","floor":12},{"not_picked":["Clothesline","Feel No Pain"],"picked":"Reaper","floor":13},{"not_picked":["Dual Wield+1","Pummel"],"picked":"Rage+1","floor":14}],"player_experience":402631,"relics_obtained":[{"floor":6,"key":"Sundial"},{"floor":9,"key":"Anchor"},{"floor":11,"key":"Toxic Egg 2"},{"floor":13,"key":"Centennial Puzzle"}],"event_choices":[{"damage_healed":0,"gold_gain":0,"player_choice":"Take Damage","damage_taken":20,"relics_obtained":["Golden Idol"],"max_hp_gain":0,"max_hp_loss":0,"event_name":"Golden Idol","floor":2,"gold_loss":0},{"damage_healed":0,"gold_gain":0,"player_choice":"Box","damage_taken":0,"relics_obtained":["MealTicket"],"max_hp_gain":0,"max_hp_loss":0,"event_name":"Big Fish","floor":4,"gold_loss":0,"cards_obtained":["Regret"]},{"damage_healed":0,"gold_gain":0,"player_choice":"1 cards matched","damage_taken":0,"max_hp_gain":0,"max_hp_loss":0,"event_name":"Match and Keep!","floor":5,"gold_loss":0,"cards_obtained":["Double Tap"]}],"is_beta":false,"boss_relics":[],"items_purged_floors":[],"is_endless":false,"potions_floor_spawned":[1,6,11,13,14],"killed_by":"The Guardian","ascension_level":0}}