{"host":"vhw5fdvi8l2afono","time":1613036297,"event":{"mods":["ATMod(∞¢Ë™Mod)","Act Like it!","BaseMod","Energized Spire","Gensokyo","Minty Spire (QoL Compilation)","Reimu£®≤©¿ˆ¡È√Œ£©","Shop Mod","StSLib","Waifu the Spire"],"gold_per_floor":[110,68,130,18,30,64,64,97,120,120,120,20,30,52,52,139,139,149,149,149,17,42,42,84,103,157,157,184,207,207,82,82,168,168,178,178,6,53,53,81,81,116,142,215,215,277,289,307,307,307],"floor_reached":51,"language":"ZHS","playtime":2987,"items_purged":["Strike_R","Strike_R","Strike_R+1"],"score":1449,"play_id":"ffa303b8-6a6f-4b29-adbd-4821eed8d9de","local_time":"20210211173817","is_ascension_mode":true,"campfire_choices":[{"data":"AT_ShrugMaster","floor":7.0,"key":"SMITH"},{"data":"AT_FamilyPortrait","floor":11,"key":"SMITH"},{"floor":15,"key":"REST"},{"data":"Barricade","floor":23,"key":"SMITH"},{"data":"Thinking Ahead","floor":27,"key":"SMITH"},{"data":"Shockwave","floor":30,"key":"SMITH"},{"data":"Inflame","floor":32,"key":"SMITH"},{"data":"Offering","floor":41,"key":"SMITH"},{"data":"AT_IchimonjiDouble","floor":45,"key":"SMITH"},{"data":"Limit Break","floor":49,"key":"SMITH"}],"circlet_count":0,"master_deck":["AscendersBane","Strike_R+1","Defend_R","Defend_R+1","Defend_R","Defend_R","Bash","Thinking Ahead+1","AT_FamilyPortrait+1","Carnage","AT_ShrugMaster+1","Inflame+1","AT_IchimonjiDouble+1","Shrug It Off","Barricade+1","AT_ShrugMaster+1","Shockwave+1","Reaper+1","Disarm+1","Second Wind","Offering+1","AT_IchimonjiDouble+1","Pommel Strike+1","Rupture+1","Feel No Pain+1","Dark Embrace+1","Flame Barrier","Limit Break+1","Thunderclap+1","Havoc","Madness","Madness"],"relics":["Burning Blood","AT_ATBox","Orichalcum","Whetstone","CeramicFish","energizedSpire:MagnifyingGlass","Molten Egg 2","DollysMirror","Frozen Egg 2","Lantern","energizedSpire:StickyHand","AT_ArcaneBoots","AT_ArchangelStaff","Boot","PreservedInsect","AT_RabadonDeathcap","AT_DeathDance"],"acts_visited":["Exordium","Gensokyo:Gensokyoer","TheBeyond"],"potions_floor_usage":[16,28,33,40,44,50],"damage_taken":[{"damage":13.0,"enemies":"Small Slimes","floor":1.0,"turns":4.0},{"damage":9.0,"enemies":"2 Louse","floor":5.0,"turns":2.0},{"damage":32.0,"enemies":"Gremlin Nob","floor":6.0,"turns":4.0},{"damage":5,"enemies":"Lagavulin","floor":8,"turns":5},{"damage":7,"enemies":"Jaw Worm","floor":13,"turns":3},{"damage":7,"enemies":"Large Slime","floor":14,"turns":5},{"damage":23,"enemies":"Slime Boss","floor":16,"turns":7},{"damage":2,"enemies":"Gensokyo:Chomper","floor":18,"turns":4},{"damage":6,"enemies":"Gensokyo:AngelMirror","floor":22,"turns":2},{"damage":3,"enemies":"Gensokyo:Koishi","floor":24,"turns":7},{"damage":2,"enemies":"Gensokyo:Chomper_and_Gloop","floor":25,"turns":6},{"damage":21,"enemies":"Gensokyo:Swordslinger","floor":28,"turns":5},{"damage":5,"enemies":"Gensokyo:Monolith_and_Dog","floor":29,"turns":6},{"damage":9,"enemies":"Gensokyo:Kaguya","floor":33,"turns":13},{"damage":19,"enemies":"3 Shapes","floor":35,"turns":4},{"damage":3,"enemies":"Orb Walker","floor":38,"turns":5},{"damage":27,"enemies":"Reptomancer","floor":40,"turns":4},{"damage":6,"enemies":"Giant Head","floor":42,"turns":7},{"damage":17,"enemies":"2 Orb Walkers","floor":44,"turns":6},{"damage":28,"enemies":"Nemesis","floor":46,"turns":6},{"damage":8,"enemies":"Transient","floor":47,"turns":6},{"damage":26,"enemies":"Donu and Deca","floor":50,"turns":9}],"seed_played":"-1385335382474502943","potions_obtained":[{"floor":8,"key":"DistilledChaos"},{"floor":13,"key":"ColorlessPotion"},{"floor":18,"key":"DuplicationPotion"},{"floor":29,"key":"Strength Potion"},{"floor":38,"key":"AttackPotion"},{"floor":40,"key":"Energy Potion"}],"is_trial":false,"path_per_floor":["M","$","?","$","M","E","R","E","T","?","R","$","M","M","R","B",null,"M","?","?","COS","M","R","E","M","T","R","M","M","R","$","R","B",null,"M","?","$","M","?","E","R","E","T","?","R","E","M","?","R","B",null],"character_chosen":"IRONCLAD","items_purchased":["Carnage","AT_ShrugMaster","AT_SpeedBoots"],"campfire_rested":1,"item_purchase_floors":[2,4,37],"current_hp_per_floor":[43,43,43,43,40,14,14,15,15,15,15,15,14,13,35,18,61,65,65,65,65,65,65,68,68,68,68,58,68,68,68,68,68,68,68,68,68,68,68,68,68,68,68,68,68,61,68,61,61,59],"gold":307,"neow_bonus":"RANDOM_COLORLESS_2","is_daily":false,"chose_seed":false,"campfire_upgraded":9,"win_rate":0.0,"timestamp":1613036297,"path_taken":["M","$","?","$","M","E","R","E","T","?","R","?","M","M","R","BOSS","M","?","?","COS","M","R","E","?","T","R","M","M","R","?","R","BOSS","M","?","$","M","?","E","R","E","T","?","R","E","M","?","R","BOSS"],"items_purchased_type":["Card","Card","Relic"],"build_version":"2020-12-22","purchased_purges":3,"victory":true,"max_hp_per_floor":[75,75,75,75,75,75,75,75,75,75,75,75,75,75,75,75,75,75,75,68,68,68,68,68,68,68,68,68,68,68,68,68,68,68,68,68,68,68,68,68,68,68,68,68,68,68,68,68,68,68],"card_choices":[{"not_picked":["The Bomb","AT_FamilyPortrait"],"picked":"Thinking Ahead","floor":0.0},{"not_picked":["Havoc","Headbutt"],"picked":"Sword Boomerang","floor":1.0},{"not_picked":["Iron Wave","Sever Soul","Thunderclap"],"picked":"SKIP","floor":5.0},{"not_picked":["Iron Wave","Wild Strike"],"picked":"Inflame","floor":6.0},{"not_picked":["Ghostly Armor","Shockwave"],"picked":"AT_IchimonjiDouble","floor":8},{"not_picked":["Armaments","Warcry","Heavy Blade"],"picked":"SKIP","floor":13},{"not_picked":["Dropkick","Perfected Strike"],"picked":"Shrug It Off","floor":14},{"not_picked":["Exhume","Double Tap"],"picked":"Barricade","floor":16},{"not_picked":["AT_DiedThrough","Flex","True Grit"],"picked":"SKIP","floor":18},{"not_picked":["Flex","Rage"],"picked":"Shockwave","floor":22},{"not_picked":["Anger+1","Headbutt+1"],"picked":"Reaper+1","floor":24},{"not_picked":["Flex","Bloodletting","Searing Blow+1"],"picked":"SKIP","floor":25},{"not_picked":["Evolve+1","Clothesline+1"],"picked":"Disarm+1","floor":28},{"not_picked":["Flex","Infernal Blade"],"picked":"Second Wind","floor":29},{"not_picked":["Double Tap","Demon Form+1"],"picked":"Offering","floor":33},{"not_picked":["Shockwave+1","Twin Strike+1","Wild Strike+1"],"picked":"SKIP","floor":35},{"not_picked":["AT_IchimonjiDouble+1","Rupture+1"],"picked":"Pommel Strike+1","floor":38},{"not_picked":["Twin Strike+1","Sever Soul+1","Thunderclap+1"],"picked":"SKIP","floor":40},{"not_picked":["True Grit","Wild Strike+1","Offering"],"picked":"SKIP","floor":42},{"not_picked":["Feel No Pain+1","Flame Barrier"],"picked":"Dark Embrace+1","floor":44},{"not_picked":["Thunderclap+1","Havoc"],"picked":"Limit Break","floor":46},{"not_picked":["Flex+1","Shrug It Off","Sever Soul+1"],"picked":"SKIP","floor":47}],"player_experience":276876,"relics_obtained":[{"floor":6.0,"key":"Orichalcum"},{"floor":8,"key":"Whetstone"},{"floor":9,"key":"CeramicFish"},{"floor":24,"key":"Frozen Egg 2"},{"floor":26,"key":"Lantern"},{"floor":40,"key":"AT_ArchangelStaff"},{"floor":42,"key":"Boot"},{"floor":43,"key":"PreservedInsect"},{"floor":44,"key":"AT_RabadonDeathcap"},{"floor":46,"key":"AT_DeathDance"}],"event_choices":[{"damage_healed":0.0,"max_hp_gain":0.0,"max_hp_loss":0.0,"gold_gain":62.0,"event_name":"Golden Wing","player_choice":"Gained Gold","floor":3.0,"gold_loss":0.0,"damage_taken":0.0},{"damage_healed":0,"gold_gain":0,"player_choice":"Fled","damage_taken":0,"max_hp_gain":0,"max_hp_loss":0,"event_name":"Scrap Ooze","floor":10,"gold_loss":0},{"cards_removed":["Sword Boomerang"],"damage_healed":0,"gold_gain":0,"player_choice":"Removed Attack","damage_taken":0,"max_hp_gain":0,"max_hp_loss":0,"event_name":"Falling","floor":36,"gold_loss":0},{"damage_healed":0,"gold_gain":0,"player_choice":"Memory 1","damage_taken":0,"max_hp_gain":0,"max_hp_loss":0,"event_name":"SensoryStone","floor":39,"gold_loss":0},{"damage_healed":0,"gold_gain":0,"player_choice":"Fight","damage_taken":0,"max_hp_gain":0,"max_hp_loss":0,"event_name":"Mysterious Sphere","floor":44,"gold_loss":0},{"damage_healed":0,"gold_gain":0,"player_choice":"Embrace Madness","damage_taken":12,"max_hp_gain":0,"max_hp_loss":0,"event_name":"Winding Halls","floor":48,"gold_loss":0,"cards_obtained":["Madness","Madness"]}],"is_beta":false,"boss_relics":[{"not_picked":["Velvet Choker","SacredBark"],"picked":"energizedSpire:MagnifyingGlass"},{"not_picked":["energizedSpire:HugeHouse","Snecko Eye"],"picked":"energizedSpire:StickyHand"}],"items_purged_floors":[4,12,31],"is_endless":false,"potions_floor_spawned":[8,13,14,18,25,29,38,40,42],"ascension_level":18}}