{"host":"zsnmfqgcm92hlreo","time":1613023777,"event":{"mods":["AchievementEnabler","BaseMod","Bestiary","Block Reminder","Colored Map","Colored Powertips","Filter the Spire","Minty Spire (QoL Compilation)","Permanent Neow","Quick Restart","Relic Stats","StSLib","Weighted Paths"],"gold_per_floor":[110,121,121,141,161,161,174,202,202,234,147,72,72,82,82,161,161,175,175,193,204,13,13,33,33,33],"floor_reached":25,"language":"ENG","playtime":1172,"items_purged":["Neutralize"],"score":430,"play_id":"498f79a7-53bc-49af-bdaf-0c41662255ef","local_time":"20210211000937","is_ascension_mode":true,"campfire_choices":[{"floor":6.0,"key":"REST"},{"floor":13.0,"key":"REST"},{"data":"Wraith Form v2","floor":15.0,"key":"SMITH"},{"floor":23.0,"key":"REST"}],"circlet_count":0,"master_deck":["AscendersBane","Survivor","Riddle With Holes","Deadly Poison","Riddle With Holes","PiercingWail","Well Laid Plans","Wraith Form v2+1","Backflip","Predator","Predator","A Thousand Cuts","Die Die Die","Tools of the Trade","Flechettes","Terror","Dash","Distraction","Eviscerate","Night Terror","Expertise","Deflect","Backflip","Riddle With Holes","Choke","Catalyst"],"relics":["Snecko Eye","Juzu Bracelet","Strawberry","Bag of Marbles","Pandora\u0027s Box"],"acts_visited":["Exordium","TheCity"],"potions_floor_usage":[24],"damage_taken":[{"damage":6.0,"enemies":"Small Slimes","floor":1.0,"turns":4.0},{"damage":0.0,"enemies":"Cultist","floor":2.0,"turns":3.0},{"damage":9.0,"enemies":"Jaw Worm","floor":4.0,"turns":4.0},{"damage":12.0,"enemies":"Blue Slaver","floor":5.0,"turns":4.0},{"damage":4.0,"enemies":"Exordium Thugs","floor":7.0,"turns":3.0},{"damage":17.0,"enemies":"3 Sentries","floor":8.0,"turns":7.0},{"damage":15.0,"enemies":"Lagavulin","floor":10.0,"turns":8.0},{"damage":0.0,"enemies":"2 Fungi Beasts","floor":14.0,"turns":2.0},{"damage":50.0,"enemies":"The Guardian","floor":16.0,"turns":13.0},{"damage":0.0,"enemies":"3 Byrds","floor":18.0,"turns":3.0},{"damage":18.0,"enemies":"Chosen","floor":20.0,"turns":4.0},{"damage":17.0,"enemies":"Snake Plant","floor":21.0,"turns":3.0},{"damage":2,"enemies":"Centurion and Healer","floor":24,"turns":7},{"damage":65,"enemies":"Slavers","floor":25,"turns":5}],"seed_played":"-3970249844009627013","potions_obtained":[{"floor":1.0,"key":"Weak Potion"},{"floor":3.0,"key":"Regen Potion"},{"floor":3.0,"key":"PowerPotion"},{"floor":8.0,"key":"GhostInAJar"},{"floor":18.0,"key":"Regen Potion"},{"floor":24,"key":"BlessingOfTheForge"}],"is_trial":false,"path_per_floor":["M","M","?","M","M","R","M","E","T","E","$","$","R","M","R","B",null,"M","?","M","M","$","R","M","E"],"character_chosen":"THE_SILENT","items_purchased":["Predator","Choke","CultistPotion"],"campfire_rested":3,"item_purchase_floors":[11,22,22],"current_hp_per_floor":[53,53,53,44,32,51,47,45,52,37,37,37,58,58,58,8,57,57,57,39,22,22,43,56,0,0],"gold":33,"neow_bonus":"BOSS_RELIC","is_daily":false,"chose_seed":false,"campfire_upgraded":1,"win_rate":0.0,"timestamp":1613023777,"path_taken":["M","M","?","M","M","R","M","E","T","E","?","$","R","M","R","BOSS","M","?","M","M","$","R","M","E"],"items_purchased_type":["Card","Card","Potion"],"build_version":"2020-12-22","purchased_purges":1,"victory":false,"max_hp_per_floor":[66,66,66,66,66,66,66,66,73,73,73,73,73,73,73,73,73,73,73,73,73,73,73,73,73,73],"relic_stats":{"counters":[14,70],"Snecko Eye":[112,138,135,118],"Pandora\u0027s Box":["Die Die Die","Tools of the Trade","Flechettes","Terror","Dash","Distraction","Eviscerate","Night Terror","Expertise","Deflect"],"Juzu Bracelet":0,"obtain_stats":[{"Strawberry":9,"Snecko Eye":0,"Pandora\u0027s Box":17,"Juzu Bracelet":8,"Bag of Marbles":10,"Ring of the Snake":0},{"Strawberry":6,"Snecko Eye":0,"Pandora\u0027s Box":9,"Juzu Bracelet":6,"Bag of Marbles":7,"Ring of the Snake":0},{"Strawberry":25,"Snecko Eye":0,"Pandora\u0027s Box":48,"Juzu Bracelet":25,"Bag of Marbles":33,"Ring of the Snake":0}]},"card_choices":[{"not_picked":["Leg Sweep","Sucker Punch"],"picked":"Riddle With Holes","floor":1.0},{"not_picked":["Blade Dance","Dodge and Roll"],"picked":"Deadly Poison","floor":2.0},{"not_picked":["Calculated Gamble","Tactician"],"picked":"Riddle With Holes","floor":4.0},{"not_picked":["Bane","Cloak And Dagger"],"picked":"PiercingWail","floor":5.0},{"not_picked":["Accuracy","Poisoned Stab"],"picked":"Well Laid Plans","floor":7.0},{"not_picked":["Flying Knee","Noxious Fumes"],"picked":"Wraith Form v2","floor":8.0},{"not_picked":["Well Laid Plans","Deflect"],"picked":"Backflip","floor":10.0},{"not_picked":["Calculated Gamble","PiercingWail"],"picked":"Predator","floor":14.0},{"not_picked":["Grand Finale","Doppelganger"],"picked":"A Thousand Cuts","floor":16.0},{"not_picked":["Acrobatics","Terror"],"picked":"Backflip","floor":18.0},{"not_picked":["Underhanded Strike","Deflect"],"picked":"Riddle With Holes","floor":20.0},{"not_picked":["Prepared+1","Slice","Blur"],"picked":"SKIP","floor":21.0},{"not_picked":["Dagger Spray","Outmaneuver"],"picked":"Catalyst","floor":24}],"player_experience":1085795,"relics_obtained":[{"floor":8.0,"key":"Juzu Bracelet"},{"floor":9.0,"key":"Strawberry"},{"floor":10.0,"key":"Bag of Marbles"}],"event_choices":[{"damage_healed":0.0,"max_hp_gain":0.0,"max_hp_loss":0.0,"gold_gain":0.0,"event_name":"Lab","player_choice":"Got Potions","floor":3.0,"gold_loss":0.0,"damage_taken":0.0},{"damage_healed":0.0,"max_hp_gain":0.0,"max_hp_loss":0.0,"gold_gain":0.0,"event_name":"Vampires","player_choice":"Ignored","floor":19.0,"gold_loss":0.0,"damage_taken":0.0}],"is_beta":false,"boss_relics":[{"not_picked":["Runic Pyramid","Empty Cage"],"picked":"Pandora\u0027s Box"}],"items_purged_floors":[12],"is_endless":false,"potions_floor_spawned":[1,5,8,18,24],"killed_by":"Slavers","ascension_level":20}}