{"host":"3d7yvplr5ovcyppx","time":1613053283,"event":{"mods":["AchievementEnabler","BaseMod","Hermit","Jorbs\u0027s Wanderer Trilogy","Minty Spire (QoL Compilation)","Quick Restart","Somnambulant","StSLib","The Cursed","The Disciple","The Servant 0.9.4"],"gold_per_floor":[113,133,133,208,227,254,264,264,264],"floor_reached":8,"language":"ENG","playtime":342,"items_purged":[],"score":61,"play_id":"65e4deb1-e63f-45c9-b504-e60bab3129f0","local_time":"20210211195123","is_ascension_mode":true,"campfire_choices":[],"circlet_count":0,"master_deck":["Strike_B","Strike_B","Strike_B","Strike_B","Defend_B","Defend_B","Defend_B","Defend_B","Zap+1","Dualcast","Tempest","Defragment","Genetic Algorithm","Sweeping Beam","Loop"],"relics":["Cracked Core","Centennial Puzzle"],"acts_visited":["Exordium"],"potions_floor_usage":[6,7],"damage_taken":[{"damage":3,"enemies":"Jaw Worm","floor":1,"turns":3},{"damage":2,"enemies":"2 Louse","floor":2,"turns":2},{"damage":3,"enemies":"Small Slimes","floor":5,"turns":2},{"damage":28,"enemies":"3 Sentries","floor":6,"turns":6},{"damage":11,"enemies":"Exordium Thugs","floor":7,"turns":4},{"damage":41,"enemies":"Gremlin Nob","floor":8,"turns":4}],"seed_played":"-2744746751322062408","potions_obtained":[{"floor":5,"key":"FocusPotion"},{"floor":6,"key":"Weak Potion"}],"is_trial":false,"path_per_floor":["M","M","?","?","M","E","M","E"],"character_chosen":"DEFECT","items_purchased":[],"campfire_rested":0,"item_purchase_floors":[],"current_hp_per_floor":[72,70,70,59,56,28,17,0,0],"gold":264,"neow_bonus":"UPGRADE_CARD","is_daily":false,"chose_seed":false,"campfire_upgraded":0,"win_rate":0.0,"timestamp":1613053283,"path_taken":["M","M","?","?","?","E","M","E"],"items_purchased_type":[],"build_version":"2020-12-22","purchased_purges":0,"victory":false,"max_hp_per_floor":[75,75,75,75,75,75,75,75,75],"card_choices":[{"not_picked":["Coolheaded","Turbo"],"picked":"Tempest","floor":1},{"not_picked":["Turbo","Darkness"],"picked":"Defragment","floor":2},{"not_picked":["Rip and Tear","Blizzard"],"picked":"Genetic Algorithm","floor":5},{"not_picked":["Leap","Biased Cognition"],"picked":"Sweeping Beam","floor":6},{"not_picked":["Leap","Compile Driver"],"picked":"Loop","floor":7}],"player_experience":25247,"relics_obtained":[{"floor":6,"key":"Centennial Puzzle"}],"event_choices":[{"damage_healed":0,"gold_gain":0,"player_choice":"Leave","damage_taken":0,"max_hp_gain":0,"max_hp_loss":0,"event_name":"The Cleric","floor":3,"gold_loss":0},{"damage_healed":0,"gold_gain":75,"player_choice":"Gather Gold","damage_taken":11,"max_hp_gain":0,"max_hp_loss":0,"event_name":"World of Goop","floor":4,"gold_loss":0}],"is_beta":false,"boss_relics":[],"items_purged_floors":[],"is_endless":false,"potions_floor_spawned":[5,6],"killed_by":"Gremlin Nob","ascension_level":1}}