{"host":"fj5i6t4nkss7815d","time":1613029211,"event":{"mods":["AchievementEnabler","BaseMod","Minty Spire (QoL Compilation)","Quick Restart","Relic Stats"],"gold_per_floor":[110,120,130,147,157,157,157,157],"floor_reached":7,"language":"ENG","playtime":562,"items_purged":[],"score":88,"play_id":"49a6fbb0-c1cd-4f60-929b-034b1fa6aa25","local_time":"20210210234011","is_ascension_mode":true,"campfire_choices":[{"floor":6.0,"key":"REST"}],"circlet_count":0,"master_deck":["AscendersBane","Strike_G","Strike_G","Strike_G","Strike_G","Strike_G","Defend_G","Defend_G","Defend_G","Defend_G","Defend_G","Survivor","Neutralize","Blur","Prepared","Cloak And Dagger","Envenom"],"relics":["Ring of the Snake","Art of War"],"acts_visited":["Exordium"],"potions_floor_usage":[],"damage_taken":[{"damage":1.0,"enemies":"Small Slimes","floor":1.0,"turns":5.0},{"damage":3.0,"enemies":"Cultist","floor":2.0,"turns":4.0},{"damage":2.0,"enemies":"Jaw Worm","floor":3.0,"turns":7.0},{"damage":28.0,"enemies":"Gremlin Gang","floor":4.0,"turns":7.0},{"damage":6.0,"enemies":"3 Louse","floor":5.0,"turns":7.0},{"damage":31,"enemies":"Lagavulin","floor":7,"turns":8}],"seed_played":"4789593158285050676","potions_obtained":[{"floor":3.0,"key":"FairyPotion"},{"floor":4.0,"key":"Dexterity Potion"}],"is_trial":false,"path_per_floor":["M","M","M","M","M","R","E"],"character_chosen":"THE_SILENT","items_purchased":[],"campfire_rested":1,"item_purchase_floors":[],"current_hp_per_floor":[58,55,53,25,19,38,7,7],"gold":157,"neow_bonus":"RANDOM_COMMON_RELIC","is_daily":false,"chose_seed":false,"campfire_upgraded":0,"win_rate":0.0,"timestamp":1613029211,"path_taken":["M","M","M","M","M","R","E"],"items_purchased_type":[],"build_version":"2020-12-22","purchased_purges":0,"victory":false,"max_hp_per_floor":[66,66,66,66,66,66,66,66],"relic_stats":{"counters":[6,38],"Art of War":[3],"obtain_stats":[{"Art of War":0,"Ring of the Snake":0},{"Art of War":0,"Ring of the Snake":0},{"Art of War":0,"Ring of the Snake":0}],"Ring of the Snake":[12]},"card_choices":[{"not_picked":["Flying Knee","Sucker Punch"],"picked":"Blur","floor":1.0},{"not_picked":["Setup","Catalyst"],"picked":"Prepared","floor":2.0},{"not_picked":["Sucker Punch","Choke"],"picked":"Cloak And Dagger","floor":3.0},{"not_picked":["Cloak And Dagger","Dash"],"picked":"Envenom","floor":4.0},{"not_picked":["Deflect","Outmaneuver","Sucker Punch"],"picked":"SKIP","floor":5.0}],"player_experience":1044088,"relics_obtained":[],"event_choices":[],"is_beta":false,"boss_relics":[],"items_purged_floors":[],"is_endless":false,"potions_floor_spawned":[3,4],"killed_by":"Lagavulin","ascension_level":19}}