{"host":"kx62hxkutszy5nb0","time":1613045949,"event":{"mods":["2.2 Compatiblity","AchievementEnabler","Aspiration","BaseMod","Better Altar","Better Match","Better Note","Better Sensory Stone","Better Skull","Better Third Choice","Better Vampires","CCEM2","Colored Map","Colored Powertips","Conspire","Custom Start","Dark Map","Defuse TimeMaze Blight","Displayed Cursed Tome","Downfall","Fiend Mod","Hermit","Hubris","Infinite Spire","Jorbs\u0027s Wanderer Trilogy","Koishi","Marked Mod","Minty Spire (QoL Compilation)","Prisma Mod","Relic Sorter","Relic Stats","Replay The Spire","Shade Mod","Shop Mod","Spikes Relics","StSLib","Td1madao Mod","The Alterego","The Construct","The Cursed","The Exalted","The Forsaken","The Judge","The Jungle","The Marked","TheSwordswoman","TheVacant","Uncapped","Virulent Crown","Yuri Mod","everything is the same but u backflip on backflip"],"gold_per_floor":[119,119,119,137,148,181,194,194,219,138,155,167,167,193,193,293,293],"floor_reached":16,"language":"ENG","playtime":1326,"items_purged":[],"score":162,"play_id":"c681e930-71ca-42da-9cd2-5af6af62b5cf","local_time":"20210211221909","is_ascension_mode":false,"campfire_choices":[{"floor":8,"key":"REST"},{"data":"theVacant:Husk","floor":13,"key":"SMITH"},{"floor":15,"key":"REST"}],"circlet_count":0,"master_deck":["theVacant:VacantStarterStrike","theVacant:VacantStarterStrike","theVacant:VacantStarterStrike","theVacant:VacantStarterDefend","theVacant:VacantStarterDefend","theVacant:VacantStarterDefend","theVacant:VacantStarterDefend","theVacant:Release","theVacant:Crunch","theVacant:FranticBlow","theVacant:EyePoke","theVacant:Barrage","theVacant:Spinshield","theVacant:GraveWave","theVacant:Husk+1","theVacant:Jab","theVacant:CursedBlast","theVacant:FranticBlow"],"relics":["theVacant:BrassGoblet","NeowsBlessing","ReplayTheSpireMod:Ring of Exchange","CCEMRelics:Barrel","Replay:Mystery Machine"],"acts_visited":["Exordium"],"potions_floor_usage":[11,14,14],"damage_taken":[{"damage":0,"enemies":"2 Louse","floor":1,"turns":1},{"damage":0,"enemies":"Small Slimes","floor":4,"turns":1},{"damage":0,"enemies":"Cultist","floor":5,"turns":1},{"damage":24,"enemies":"Gremlin Nob","floor":6,"turns":5},{"damage":12,"enemies":"Exordium Thugs","floor":7,"turns":6},{"damage":9,"enemies":"Blue Slaver","floor":11,"turns":3},{"damage":1,"enemies":"Red Slaver","floor":12,"turns":4},{"damage":18,"enemies":"Lagavulin","floor":14,"turns":3},{"damage":44,"enemies":"Hexaghost","floor":16,"turns":13}],"seed_played":"-6232909279856473926","potions_obtained":[{"floor":6,"key":"SkillPotion"},{"floor":7,"key":"Toxic Potion"},{"floor":12,"key":"Venom Potion"}],"is_trial":false,"path_per_floor":["M","?","?","M","M","E","M","R","T","$","M","M","R","E","R","B"],"character_chosen":"THE_VACANT","items_purchased":["theVacant:Husk"],"campfire_rested":2,"item_purchase_floors":[10],"current_hp_per_floor":[80,80,80,80,80,56,44,68,68,68,59,58,58,40,64,20,20],"gold":293,"neow_bonus":"THREE_ENEMY_KILL","is_daily":false,"chose_seed":false,"campfire_upgraded":1,"win_rate":0.0,"timestamp":1613045949,"path_taken":["M","?","?","M","M","E","?","R","T","?","M","M","R","E","R","BOSS"],"items_purchased_type":["Card"],"build_version":"2020-12-22","purchased_purges":0,"victory":false,"max_hp_per_floor":[80,80,80,80,80,80,80,80,80,80,80,80,80,80,80,80,80],"relic_stats":{"counters":[9,37],"obtain_stats":[{"CCEMRelics:Barrel":6,"ReplayTheSpireMod:Ring of Exchange":2,"theVacant:BrassGoblet":0,"NeowsBlessing":0,"Replay:Mystery Machine":14},{"CCEMRelics:Barrel":4,"ReplayTheSpireMod:Ring of Exchange":1,"theVacant:BrassGoblet":0,"NeowsBlessing":0,"Replay:Mystery Machine":8},{"CCEMRelics:Barrel":8,"ReplayTheSpireMod:Ring of Exchange":1,"theVacant:BrassGoblet":0,"NeowsBlessing":0,"Replay:Mystery Machine":24}]},"card_choices":[{"not_picked":["theVacant:BattleScars","theVacant:Sneeze"],"picked":"theVacant:FranticBlow","floor":1},{"not_picked":["theVacant:OnSecondThought","theVacant:BrassMagnet"],"picked":"theVacant:EyePoke","floor":4},{"not_picked":["theVacant:GraveDigger","theVacant:CleanseSoul"],"picked":"theVacant:Barrage","floor":5},{"not_picked":["theVacant:Fling","theVacant:Unearth"],"picked":"theVacant:Spinshield","floor":6},{"not_picked":["theVacant:LashOut","theVacant:Enrage"],"picked":"theVacant:GraveWave","floor":7},{"not_picked":["theVacant:EyePoke","theVacant:Thoughtseize"],"picked":"theVacant:Jab","floor":11},{"not_picked":["theVacant:Dig","theVacant:BattleScars"],"picked":"theVacant:CursedBlast","floor":12},{"not_picked":["theVacant:Barrage","theVacant:Jab"],"picked":"theVacant:FranticBlow","floor":14}],"player_experience":766038,"relics_obtained":[{"floor":2,"key":"ReplayTheSpireMod:Ring of Exchange"},{"floor":6,"key":"CCEMRelics:Barrel"},{"floor":14,"key":"Replay:Mystery Machine"}],"event_choices":[{"cards_removed":["theVacant:VacantStarterStrike"],"damage_healed":0,"gold_gain":0,"player_choice":"Offered Basic","damage_taken":0,"max_hp_gain":0,"max_hp_loss":0,"event_name":"Bonfire Elementals","floor":3,"gold_loss":0}],"is_beta":false,"boss_relics":[],"items_purged_floors":[],"is_endless":false,"potions_floor_spawned":[6,7,12],"killed_by":"Hexaghost","ascension_level":0}}