{"host":"mwb0clku6crgv6yl","time":1613041562,"event":{"mods":["AchievementEnabler","BaseMod","Highlight Path","Koishi","Minty Spire (QoL Compilation)","Replay The Spire","StSLib","The Construct","The Cursed","The Gatherer","The Hierophant"],"gold_per_floor":[119,119,135,49,49,87,112,153,224,247,80,80,111,135,135,277,277,316,343,343,343,343,343,386,386,412,453,103,134,134,165,165,283,283,312,312,342,148,148,148,203,203,252,284,316,349,382,409,409,443],"floor_reached":51,"language":"ZHS","playtime":3521,"items_purged":["Looming Evil","Injury"],"score":1000,"play_id":"8fd45319-96d7-4ecc-a2ff-3071b22c51c9","local_time":"20210211190602","is_ascension_mode":true,"campfire_choices":[{"data":"TheCursedMod:CircleOfFlame","floor":12,"key":"SMITH"},{"floor":15,"key":"REST"},{"floor":23,"key":"REST"},{"floor":25,"key":"REST"},{"floor":30,"key":"REST"},{"floor":32,"key":"DIG"},{"floor":40,"key":"RECALL"},{"floor":42,"key":"REST"},{"floor":49,"key":"REST"}],"circlet_count":0,"master_deck":["TheCursedMod:Strike_TheCursed","TheCursedMod:Strike_TheCursed","TheCursedMod:CursedWand","TheCursedMod:CleanUpWorkshop","TheCursedMod:SurpriseAttack","TheCursedMod:LuckyCharm","TheCursedMod:BlessingInDisguise","TheCursedMod:SpitefulStrike","TheCursedMod:CircleOfFlame+1","TheCursedMod:CursedBoomerang","Crow Ritual","TheCursedMod:RapidMovement","TheCursedMod:DemonSword","TheCursedMod:SpitefulStrike","TheCursedMod:CircleOfFlame","TheCursedMod:ParallelWorld","TheCursedMod:RapidMovement+1","TheCursedMod:RapidMovement+1","TheCursedMod:AshesToAshes+1","TheCursedMod:TroublousMinions"],"relics":["Runic Pyramid","FaceOfCleric","Bloody Idol","Turnip","Replay:Mystery Machine","Letter Opener","Bottled Tornado","Replay:Bandana","Replay:Grab Bag","Fusion Hammer","SlaversCollar","Kintsugi","Enchiridion","Replay:Bottled Steam","Blue Doll","Smiling Mask","TheCursedMod:Tack","Membership Card","TungstenRod","Bag of Preparation","TheCursedMod:OminousMark","Blue Candle","Pen Nib","ReplayTheSpireMod:Lightbulb"],"acts_visited":["Exordium","TheCity","TheBeyond"],"potions_floor_usage":[8,8,16,27,46,50],"damage_taken":[{"damage":5,"enemies":"2 Louse","floor":1,"turns":3},{"damage":3,"enemies":"Cultist","floor":3,"turns":4},{"damage":11,"enemies":"Lagavulin","floor":6,"turns":8},{"damage":0,"enemies":"Jaw Worm","floor":7,"turns":3},{"damage":5,"enemies":"Gremlin Nob","floor":8,"turns":4},{"damage":3,"enemies":"Blue Slaver","floor":10,"turns":2},{"damage":22,"enemies":"Replay:BlueRogue","floor":13,"turns":6},{"damage":34,"enemies":"Fading Forest","floor":16,"turns":11},{"damage":10,"enemies":"Chosen","floor":18,"turns":6},{"damage":0,"enemies":"3 Byrds","floor":19,"turns":2},{"damage":8,"enemies":"Book of Stabbing","floor":24,"turns":4},{"damage":19,"enemies":"Gremlin Leader","floor":27,"turns":6},{"damage":0,"enemies":"Cultist and Chosen","floor":29,"turns":5},{"damage":10,"enemies":"Chosen and Byrds","floor":31,"turns":3},{"damage":3,"enemies":"Automaton","floor":33,"turns":5},{"damage":17,"enemies":"3 Darklings","floor":35,"turns":4},{"damage":0,"enemies":"Orb Walker","floor":37,"turns":2},{"damage":4,"enemies":"R_Hoarder","floor":41,"turns":7},{"damage":0,"enemies":"Sphere and 2 Shapes","floor":44,"turns":4},{"damage":36,"enemies":"3 Darklings","floor":45,"turns":5},{"damage":0,"enemies":"Transient","floor":46,"turns":5},{"damage":0,"enemies":"Sphere and 2 Shapes","floor":47,"turns":3},{"damage":26,"enemies":"Writhing Mass","floor":48,"turns":4},{"damage":5,"enemies":"Donu and Deca","floor":50,"turns":3}],"seed_played":"160952769864115532","potions_obtained":[{"floor":1,"key":"SkillPotion"},{"floor":6,"key":"PowerPotion"},{"floor":7,"key":"SkillPotion"},{"floor":10,"key":"ColorlessPotion"},{"floor":16,"key":"Languid Potion"},{"floor":18,"key":"Elixir"},{"floor":29,"key":"Flashbang"},{"floor":31,"key":"GamblersBrew"},{"floor":35,"key":"FairyPotion"},{"floor":47,"key":"Energy Potion"},{"floor":48,"key":"GamblersBrew"}],"is_trial":false,"path_per_floor":["M","?","M","$","?","E","M","E","T","M","$","R","E","T","R","B",null,"M","M","?","?","?","R","E","R","T","E","$","M","R","M","R","B",null,"M","?","M","$","?","R","E","R","T","M","M","M","M","M","R","B",null],"character_chosen":"THE_CURSED","items_purchased":["TheCursedMod:BlessingInDisguise","TheCursedMod:SpitefulStrike","Crow Ritual","Membership Card","TungstenRod","Blue Candle","TheCursedMod:RapidMovement+1"],"campfire_rested":6,"item_purchase_floors":[4,4,11,28,28,38,38],"current_hp_per_floor":[63,63,61,61,61,51,52,48,48,46,46,46,25,25,49,24,68,59,60,44,44,44,69,67,85,85,72,72,78,87,88,88,89,89,78,78,91,91,91,91,92,92,92,93,63,69,85,65,94,95],"gold":443,"neow_bonus":"BOSS_RELIC","is_daily":false,"chose_seed":false,"campfire_upgraded":1,"win_rate":0.0,"timestamp":1613041562,"path_taken":["M","?","?","$","?","E","M","E","T","M","$","R","E","?","R","BOSS","M","M","?","?","?","R","E","R","T","E","$","M","R","?","R","BOSS","M","?","?","$","?","R","E","R","T","M","M","M","?","M","R","BOSS"],"items_purchased_type":["Card","Card","Card","Relic","Relic","Relic","Card"],"build_version":"2020-12-22","purchased_purges":2,"victory":true,"max_hp_per_floor":[75,75,76,76,76,77,78,79,79,80,80,80,81,81,81,82,82,83,84,84,84,84,84,85,85,85,86,86,87,87,88,88,89,89,90,90,91,91,91,91,92,92,92,93,94,95,96,97,97,98],"card_choices":[{"not_picked":["TheCursedMod:CursedSpellbook","TheCursedMod:Stretching"],"picked":"TheCursedMod:SurpriseAttack","floor":1},{"not_picked":["TheCursedMod:CursedArmor","TheCursedMod:AbyssShockwave"],"picked":"TheCursedMod:LuckyCharm","floor":3},{"not_picked":["TheCursedMod:VitalStrike","TheCursedMod:Stigma"],"picked":"TheCursedMod:CircleOfFlame","floor":6},{"not_picked":["TheCursedMod:CircleOfAmplification","TheCursedMod:FleshFromBone"],"picked":"TheCursedMod:CursedBlade","floor":7},{"not_picked":["TheCursedMod:CircleOfWindfury","TheCursedMod:CursedShiv"],"picked":"TheCursedMod:CursedBoomerang","floor":8},{"not_picked":["TheCursedMod:CursedAmulet","TheCursedMod:AshesToAshes","TheCursedMod:Wield"],"picked":"SKIP","floor":10},{"not_picked":["TheCursedMod:HellsGateOpen","TheCursedMod:SpitefulPray"],"picked":"TheCursedMod:RapidMovement","floor":13},{"not_picked":["TheCursedMod:CollectTribute","TheCursedMod:ManaCirculation"],"picked":"TheCursedMod:DemonSword","floor":16},{"not_picked":["TheCursedMod:Grudge","TheCursedMod:Stigma"],"picked":"TheCursedMod:SpitefulStrike","floor":18},{"not_picked":["TheCursedMod:RavingStaff+1","TheCursedMod:CursedBoomerang"],"picked":"TheCursedMod:CircleOfFlame","floor":19},{"not_picked":["TheCursedMod:CursedShiv","TheCursedMod:AbyssShockwave+1","TheCursedMod:FleshFromBone"],"picked":"SKIP","floor":24},{"not_picked":["TheCursedMod:TacticalStrike","TheCursedMod:CursedMace","TheCursedMod:SpitefulStrike"],"picked":"SKIP","floor":27},{"not_picked":["TheCursedMod:TacticalStrike+1","TheCursedMod:CursedShiv","TheCursedMod:CursedMace"],"picked":"SKIP","floor":29},{"not_picked":["TheCursedMod:BloodBarrier+1","TheCursedMod:ForbiddenAlchemy","TheCursedMod:WearCloak"],"picked":"SKIP","floor":31},{"not_picked":["TheCursedMod:DemonicPact","TheCursedMod:VoidForm"],"picked":"TheCursedMod:ParallelWorld","floor":33},{"not_picked":["TheCursedMod:RavingStaff+1","TheCursedMod:Mangle"],"picked":"TheCursedMod:RapidMovement+1","floor":35},{"not_picked":["TheCursedMod:Torture+1","TheCursedMod:CursedMace","TheCursedMod:TacticalStrike"],"picked":"SKIP","floor":37},{"not_picked":["TheCursedMod:CursedMace+1","TheCursedMod:ForbiddenAlchemy","TheCursedMod:SpitefulPlan"],"picked":"SKIP","floor":41},{"not_picked":["TheCursedMod:WearCloak+1","TheCursedMod:Evocation"],"picked":"TheCursedMod:AshesToAshes+1","floor":44},{"not_picked":["TheCursedMod:CursedMace+1","TheCursedMod:SoulReap+1","TheCursedMod:CursedShiv+1"],"picked":"SKIP","floor":45},{"not_picked":["TheCursedMod:Stigma+1","TheCursedMod:SmokeScreen+1","TheCursedMod:Grudge"],"picked":"SKIP","floor":46},{"not_picked":["TheCursedMod:WearCloak","TheCursedMod:CursedArmor"],"picked":"TheCursedMod:TroublousMinions","floor":47},{"not_picked":["TheCursedMod:SoulCrush","TheCursedMod:CircleOfFocus","TheCursedMod:Wield"],"picked":"SKIP","floor":48}],"player_experience":291285,"relics_obtained":[{"floor":6,"key":"Turnip"},{"floor":8,"key":"Replay:Mystery Machine"},{"floor":9,"key":"Letter Opener"},{"floor":13,"key":"Bottled Tornado"},{"floor":14,"key":"Replay:Bandana"},{"floor":20,"key":"Enchiridion"},{"floor":24,"key":"Blue Doll"},{"floor":26,"key":"Smiling Mask"},{"floor":27,"key":"TheCursedMod:Tack"},{"floor":32,"key":"Bag of Preparation"},{"floor":41,"key":"Pen Nib"},{"floor":43,"key":"ReplayTheSpireMod:Lightbulb"}],"event_choices":[{"damage_healed":0,"gold_gain":0,"player_choice":"Trade","damage_taken":0,"relics_obtained":["FaceOfCleric"],"max_hp_gain":0,"max_hp_loss":0,"event_name":"FaceTrader","floor":2,"gold_loss":0},{"damage_healed":0,"gold_gain":0,"player_choice":"Take Wound","damage_taken":0,"relics_obtained":["Golden Idol"],"max_hp_gain":0,"max_hp_loss":0,"event_name":"Golden Idol","floor":5,"gold_loss":0,"cards_obtained":["Injury"]},{"damage_healed":0,"gold_gain":0,"player_choice":"Obtained Book","damage_taken":16,"max_hp_gain":0,"max_hp_loss":0,"event_name":"Cursed Tome","floor":20,"gold_loss":0},{"damage_healed":0,"gold_gain":0,"player_choice":"Gave Idol","damage_taken":0,"relics_obtained":["Bloody Idol"],"max_hp_gain":0,"max_hp_loss":0,"event_name":"Forgotten Altar","floor":21,"relics_lost":["Golden Idol"],"gold_loss":0},{"cards_removed":["TheCursedMod:CursedBlade"],"damage_healed":0,"gold_gain":0,"player_choice":"Gave Card","damage_taken":0,"relics_obtained":["Replay:Bottled Steam"],"max_hp_gain":0,"max_hp_loss":0,"event_name":"WeMeetAgain","floor":22,"gold_loss":0},{"cards_removed":["TheCursedMod:Defend_TheCursed"],"damage_healed":0,"gold_gain":0,"player_choice":"Purged","damage_taken":0,"max_hp_gain":0,"max_hp_loss":0,"event_name":"Purifier","floor":36,"gold_loss":0},{"cards_removed":["CommonCold","TheCursedMod:Dregs"],"damage_healed":0,"gold_gain":0,"player_choice":"Removed Curses","damage_taken":0,"max_hp_gain":0,"max_hp_loss":0,"event_name":"Fountain of Cleansing","floor":39,"gold_loss":0}],"is_beta":false,"boss_relics":[{"not_picked":["Sozu","Cursed Key"],"picked":"Replay:Grab Bag"},{"not_picked":["ChewingGum","Philosopher\u0027s Stone"],"picked":"Fusion Hammer"},{"not_picked":["Runic Dome","Coffee Dripper"],"picked":"SlaversCollar"},{"not_picked":["Snecko Eye","construct:WeddingRing"],"picked":"Kintsugi"},{"not_picked":["Replay:Bronze Core","Ring of Chaos"],"picked":"TheCursedMod:OminousMark"}],"items_purged_floors":[28,38],"is_endless":false,"potions_floor_spawned":[1,6,7,10,16,18,29,31,35,44,47,48],"ascension_level":7}}