{"host":"bplbr8uekuotory4","time":1613030471,"event":{"mods":["Act Like it!","BaseMod","GungeonMod","Hermit","KinomotoSakuraMod(ƒæ÷Æ±æ”£)","Marisa£®ÏF”Í°°ƒß¿Ì…≥£©","Minty Spire (QoL Compilation)","Prisma Mod","Quick Restart","Reimu£®≤©¿ˆ¡È√Œ£©","SOS£®Àπ∞Õ¥Ô÷Æ◊”£©","Spicy Shops","StSLib","TestMod","The Blackbeard","The Cursed","The Mystic","The Poker Player","The Saiyan","The Senshi","The Servant 0.9.4","Yuri Mod","[IsaacMod]“‘»ˆº‚À˛"],"gold_per_floor":[113,131,356,281,294,329,336,353,377,410,423,458,477,503,503,610,610,624,631,631,581,581,581,581],"floor_reached":22,"language":"ZHS","playtime":332,"items_purged":["blackbeard:BlackbeardStrike","Shame"],"score":419,"play_id":"15d4bfbb-ee1f-4da3-a426-32cf41e4c48c","local_time":"20210211160111","is_ascension_mode":true,"campfire_choices":[{"data":"blackbeard:Toast","floor":15,"key":"SMITH"}],"circlet_count":0,"master_deck":["AscendersBane","blackbeard:BlackbeardStrike","blackbeard:BlackbeardStrike","blackbeard:BlackbeardStrike","blackbeard:IntimidatingStrike","blackbeard:BlackbeardDefend","blackbeard:BlackbeardDefend","blackbeard:BlackbeardDefend","blackbeard:BlackbeardDefend","blackbeard:Cutlass+1","blackbeard:Toast+1","blackbeard:GoldenStrike+1","blackbeard:DoubleCannonball","blackbeard:TacticalRetreat","blackbeard:GoldenDefense","blackbeard:BeatUp","blackbeard:DelayedPain","blackbeard:Anchor"],"relics":["blackbeard:LoadTheCannons","testmod-TestBox","HushsDoor","SalivaCoin","testmod-Brilliant","NeowsBlessing","Pear","Kunai","DemoMod:SerJunkan","DemoMod:Junk","Smiling Mask","testmod-TimeTraveler","DemoMod:GlassGuonStoneRelic","Anchor","TuHaoJin"],"acts_visited":["Exordium","TheCity"],"potions_floor_usage":[12,16,16],"damage_taken":[{"damage":0,"enemies":"Cultist","floor":1,"turns":1},{"damage":0,"enemies":"2 Louse","floor":2,"turns":1},{"damage":0,"enemies":"Jaw Worm","floor":5,"turns":1},{"damage":0,"enemies":"3 Sentries","floor":6,"turns":1},{"damage":0,"enemies":"Large Slime","floor":8,"turns":2},{"damage":8,"enemies":"Lagavulin","floor":10,"turns":3},{"damage":0,"enemies":"Lots of Slimes","floor":11,"turns":1},{"damage":0,"enemies":"Gremlin Nob","floor":12,"turns":2},{"damage":0,"enemies":"Exordium Thugs","floor":13,"turns":1},{"damage":1,"enemies":"Hexaghost","floor":16,"turns":9},{"damage":0,"enemies":"3 Byrds","floor":18,"turns":1},{"damage":0,"enemies":"Chosen","floor":22,"turns":2}],"seed_played":"1698361079625138564","potions_obtained":[{"floor":6,"key":"SteroidPotion"},{"floor":10,"key":"Block Potion"},{"floor":12,"key":"AttackPotion"}],"is_trial":false,"path_per_floor":["M","M","?","$","M","E","?","M","T","E","M","E","M","T","R","B",null,"M","?","?","$","M"],"character_chosen":"BLACKBEARD_CLASS","items_purchased":[],"campfire_rested":0,"item_purchase_floors":[],"current_hp_per_floor":[68,68,78,78,78,78,61,61,61,53,53,53,53,53,53,52,77,77,69,69,69,69,69,69],"gold":581,"neow_bonus":"THREE_ENEMY_KILL","is_daily":false,"chose_seed":false,"campfire_upgraded":1,"win_rate":0.0,"timestamp":1613030471,"path_taken":["M","M","?","$","M","E","?","?","T","E","M","E","M","?","R","BOSS","M","?","?","$","M"],"items_purchased_type":[],"build_version":"2020-12-22","purchased_purges":2,"victory":false,"max_hp_per_floor":[75,75,85,85,85,85,85,85,85,85,85,85,85,85,85,85,85,85,85,85,85,85,85,85],"card_choices":[{"not_picked":[],"picked":"Bomb","floor":0},{"not_picked":["blackbeard:SwordDance","blackbeard:Fencing"],"picked":"blackbeard:Toast","floor":1},{"not_picked":["blackbeard:BlindAttacks","blackbeard:DelayedPain"],"picked":"blackbeard:GoldenStrike","floor":2},{"not_picked":["blackbeard:PowerHungry","blackbeard:Sharpening"],"picked":"blackbeard:DoubleCannonball","floor":5},{"not_picked":["blackbeard:GoldenRain","blackbeard:CannonballSupply","blackbeard:SwordDance"],"picked":"SKIP","floor":6},{"not_picked":["blackbeard:CloakAndCannonball","blackbeard:SwordDance"],"picked":"blackbeard:TacticalRetreat","floor":8},{"not_picked":["blackbeard:SwordDance","blackbeard:GoldenGuillotine"],"picked":"blackbeard:GoldenDefense","floor":10},{"not_picked":["blackbeard:Sword","blackbeard:Scrap"],"picked":"blackbeard:BeatUp","floor":11},{"not_picked":["blackbeard:RemoveScurvy","blackbeard:Fencing"],"picked":"blackbeard:DelayedPain","floor":12},{"not_picked":["blackbeard:Toast","blackbeard:GoldenStrike","blackbeard:BlindAttacks"],"picked":"SKIP","floor":13},{"not_picked":["blackbeard:Upgrade","blackbeard:Spear"],"picked":"blackbeard:Anchor","floor":18}],"player_experience":1136418,"relics_obtained":[{"floor":6,"key":"Kunai"},{"floor":10,"key":"DemoMod:SerJunkan"},{"floor":12,"key":"DemoMod:Junk"},{"floor":14,"key":"Smiling Mask"}],"event_choices":[{"damage_healed":0,"gold_gain":225,"player_choice":"YARR","damage_taken":0,"relics_obtained":["Pear"],"max_hp_gain":0,"max_hp_loss":0,"event_name":"blackbeard:Ssssserpent","floor":3,"gold_loss":0},{"damage_healed":0,"gold_gain":0,"player_choice":"Entered Light","damage_taken":17,"max_hp_gain":0,"max_hp_loss":0,"event_name":"Shining Light","floor":7,"gold_loss":0,"cards_upgraded":["blackbeard:GoldenStrike","blackbeard:Cutlass"]},{"damage_healed":0,"gold_gain":0,"player_choice":"Anchor","damage_taken":0,"relics_obtained":["Anchor"],"max_hp_gain":0,"max_hp_loss":0,"event_name":"blackbeard:ShipwreckEvent","floor":19,"gold_loss":0},{"damage_healed":0,"gold_gain":0,"player_choice":"Stole Relic","damage_taken":0,"relics_obtained":["TuHaoJin"],"max_hp_gain":0,"max_hp_loss":0,"event_name":"Addict","floor":20,"gold_loss":0,"cards_obtained":["Shame"]}],"is_beta":false,"boss_relics":[{"not_picked":["ChampionBelt","RedLine:ReiMu"],"picked":"testmod-TimeTraveler"},{"not_picked":[]}],"items_purged_floors":[4,21],"is_endless":false,"potions_floor_spawned":[6,10,12,13],"killed_by":"Chosen","ascension_level":13}}