{"host":"d02vqrhhew441p6s","time":1613060145,"event":{"mods":["BaseMod","Downfall","Halation","Hubris","Infinite Spire","Minty Spire (QoL Compilation)","StSLib","The Animator","The Death Knight","The Necromancer"],"gold_per_floor":[99,99,99,99,99,116,141,55,89,99,99,131,31,31,46,142,142,42,42,54,66,51,63,63,76,96,130,141,141,141,176,193,290,290,190,209,223,153,165,180,180,180,180,180,210,230,259,259,275,275,275,301,45,45,45,45,45,45],"floor_reached":56,"language":"ENG","playtime":4747,"items_purged":["Guardian:Strike_Guardian"],"score":1197,"play_id":"9e24c3f3-6cc5-4a50-beb9-9dd06a9b2c4c","local_time":"20210211171545","is_ascension_mode":true,"campfire_choices":[{"data":"Guardian:TwinSlam","floor":1,"key":"SMITH"},{"floor":13,"key":"REST"},{"data":"Guardian:CurlUp","floor":18,"key":"SMITH"},{"floor":30,"key":"RECALL"},{"floor":35,"key":"REST"},{"floor":43,"key":"REST"},{"floor":54,"key":"REST"}],"circlet_count":0,"master_deck":["Guardian:Strike_Guardian+1","Guardian:Strike_Guardian+1","Guardian:Defend_Guardian+1","Guardian:Defend_Guardian+1","Guardian:Defend_Guardian+1","Guardian:CurlUp+1","Guardian:TwinSlam+1","Guardian:GuardianWhirl+1","Guardian:CurlUp+1","Guardian:BodySlam+1","Guardian:RollAttack+1","Guardian:PrimingBeam+1","Guardian:Harden+1","Guardian:FloatingOrbs+1","Guardian:PrimingBeam+1","Guardian:EvasiveProtocol+1","Guardian:BronzeArmor+1","Guardian:ShieldSpikes+1","Guardian:SphericShield+1","Guardian:EvasiveProtocol+1","Guardian:PiercingHide+1","Guardian:CrystalBeam+1","Guardian:DecasProtection+1","Guardian:ExploitGems+1","Guardian:ConstructionForm+1","Guardian:SentryBeam+1","Guardian:ShieldCharger+1","Guardian:SpikerProtocol+1","Guardian:SpikerProtocol+1","Guardian:PrismaticBarrier+1","Guardian:PrismaticBarrier+1","Guardian:SpikerProtocol","Guardian:ArmoredProtocol","bronze:MaxOutput+1","Guardian:Recover+1","expansioncontent:QuickStudy"],"relics":["Guardian:ModeShifter","downfall:HeartsMalice","Lantern","infinitespire:EmpoweringShard","Meat on the Bone","hubris:TerracottaHorce","hubris:DisguiseKit","TungstenRod","Blue Candle","hubris:BottledRain","Fusion Hammer","halation:NonexistentMirror","Anchor","Ginger","infinitespire:Lucky Rock","Toy Ornithopter","Guardian:SackOfGems"],"acts_visited":["Exordium","TheCity","TheBeyond","TheEnding"],"potions_floor_usage":[10,12,22,32,33,50,50,52,55],"damage_taken":[{"damage":0,"enemies":"Small Slimes","floor":2,"turns":1},{"damage":0,"enemies":"downfall:FleeingMerchant","floor":4,"turns":1},{"damage":0,"enemies":"Cultist","floor":5,"turns":1},{"damage":2,"enemies":"Jaw Worm","floor":6,"turns":3},{"damage":7,"enemies":"downfall:FleeingMerchant","floor":8,"turns":4},{"damage":14,"enemies":"Gremlin Nob","floor":9,"turns":5},{"damage":10,"enemies":"Exordium Thugs","floor":10,"turns":4},{"damage":18,"enemies":"Lagavulin","floor":12,"turns":7},{"damage":8,"enemies":"Gremlin Gang","floor":15,"turns":4},{"damage":27,"enemies":"DF_ARCHETYPE_STREAMLINE","floor":16,"turns":9},{"damage":2,"enemies":"Shell Parasite","floor":20,"turns":3},{"damage":0,"enemies":"Chosen","floor":21,"turns":3},{"damage":0,"enemies":"downfall:FleeingMerchant","floor":22,"turns":4},{"damage":7,"enemies":"Centurion and Healer","floor":23,"turns":6},{"damage":2,"enemies":"Cultist and Chosen","floor":25,"turns":6},{"damage":6,"enemies":"Shelled Parasite and Fungi","floor":26,"turns":3},{"damage":21,"enemies":"Slavers","floor":27,"turns":5},{"damage":0,"enemies":"Sentry and Sphere","floor":28,"turns":4},{"damage":0,"enemies":"Gremlin Leader","floor":31,"turns":5},{"damage":14,"enemies":"Snake Plant","floor":32,"turns":4},{"damage":58,"enemies":"IC_MUSHROOM_ARCHETYPE","floor":33,"turns":13},{"damage":0,"enemies":"Orb Walker","floor":36,"turns":3},{"damage":12,"enemies":"3 Darklings","floor":37,"turns":7},{"damage":0,"enemies":"downfall:FleeingMerchant","floor":38,"turns":4},{"damage":0,"enemies":"Jaw Worm Horde","floor":39,"turns":6},{"damage":9,"enemies":"Writhing Mass","floor":40,"turns":6},{"damage":27,"enemies":"Reptomancer","floor":45,"turns":5},{"damage":0,"enemies":"Transient","floor":46,"turns":5},{"damage":0,"enemies":"Giant Head","floor":47,"turns":7},{"damage":0,"enemies":"Spire Growth","floor":49,"turns":4},{"damage":0,"enemies":"WA_ARCHETYPE_DIVINITY","floor":50,"turns":7},{"damage":0,"enemies":"downfall:CharBossMerchant","floor":52,"turns":9},{"damage":0,"enemies":"downfall:NeowBoss","floor":55,"turns":14},{"damage":131,"enemies":"downfall:NeowBossFinal","floor":56,"turns":8}],"seed_played":"4261445746457292844","potions_obtained":[{"floor":6,"key":"ColorlessPotion"},{"floor":9,"key":"Block Potion"},{"floor":16,"key":"SpeedPotion"},{"floor":21,"key":"hexamod:SoulburnPotion"},{"floor":26,"key":"SteroidPotion"},{"floor":28,"key":"AttackPotion"},{"floor":31,"key":"Regen Potion"},{"floor":32,"key":"DuplicationPotion"},{"floor":40,"key":"BlessingOfTheForge"},{"floor":45,"key":"FearPotion"},{"floor":46,"key":"CultistPotion"}],"is_trial":false,"path_per_floor":["R","M","?","$","M","M","T","$","E","M","?","E","R","$","M","B",null,"R","?","M","M","$","M","T","M","M","E","M","?","R","E","M","B",null,"R","M","M","$","M","M","T","?","R","?","E","M","E","?","M","B",null,"E","$","R","B","B"],"character_chosen":"GUARDIAN","items_purchased":["Guardian:Harden","Meat on the Bone","halation:NonexistentMirror","Guardian:SpikerProtocol","Anchor","expansioncontent:QuickStudy","LiquidBronze"],"campfire_rested":4,"item_purchase_floors":[8,14,38,38,38,53,53],"current_hp_per_floor":[72,72,72,72,72,70,70,63,49,39,39,21,45,29,33,18,65,75,75,73,73,73,66,66,64,58,49,49,45,45,57,55,24,74,90,90,78,78,78,69,69,69,80,80,53,53,53,46,46,56,74,79,79,80,80,0,0,0],"gold":45,"neow_bonus":"THREE_ENEMY_KILL","is_daily":false,"chose_seed":false,"campfire_upgraded":2,"win_rate":0.0,"timestamp":1613060145,"path_taken":["R","M","?","$","?","M","T","$","E","?","?","E","R","?","M","BOSS","R","?","M","?","$","M","T","M","M","E","M","?","R","E","M","BOSS","R","M","M","$","M","M","T","?","R","?","E","?","E","?","M","BOSS","E","$","R","BOSS","BOSS"],"items_purchased_type":["Card","Relic","Relic","Card","Relic","Card","Potion"],"build_version":"2020-12-22","purchased_purges":1,"victory":false,"max_hp_per_floor":[80,80,80,80,80,80,80,80,80,80,80,80,80,80,80,80,80,90,90,90,90,90,90,90,90,90,90,90,90,90,90,90,90,90,90,90,90,90,90,90,90,80,80,80,80,80,80,80,80,80,80,80,80,80,80,80,80,80],"card_choices":[{"not_picked":["Guardian:Gem_White","Guardian:Gem_Red"],"picked":"Guardian:GuardianWhirl","floor":2},{"not_picked":["Guardian:Incinerate","Guardian:ChargeUp"],"picked":"Guardian:BodySlam","floor":4},{"not_picked":["Guardian:VentSteam","Guardian:TemporalShield"],"picked":"Guardian:RollAttack","floor":5},{"not_picked":["Guardian:ShieldCharger","Guardian:MultiBeam"],"picked":"Guardian:Gem_Cyan","floor":6},{"not_picked":["Guardian:CompilePackage","Guardian:PiercingHide"],"picked":"Guardian:PrimingBeam","floor":8},{"not_picked":["Guardian:Gem_Fragmented","Guardian:Emergency"],"picked":"Guardian:FloatingOrbs","floor":9},{"not_picked":["Guardian:TemporalShield","Guardian:RollAttack"],"picked":"Guardian:Gem_White","floor":10},{"not_picked":["Guardian:Gem_Cyan","Guardian:ChargeCore"],"picked":"Guardian:PrimingBeam","floor":12},{"not_picked":["Guardian:TemporalShield","Guardian:Planning"],"picked":"Guardian:Gem_Fragmented","floor":15},{"not_picked":["Guardian:FastForward","Guardian:StasisField"],"picked":"Guardian:Gem_Synthetic","floor":16},{"not_picked":["Guardian:PiercingHide+1","Guardian:ShieldSpikes"],"picked":"Guardian:BronzeArmor","floor":20},{"not_picked":["Guardian:PrimingBeam","Guardian:TemporalShield"],"picked":"Guardian:ShieldSpikes","floor":21},{"not_picked":["Guardian:TimeBomb+1","Guardian:Planning+1"],"picked":"Guardian:SphericShield","floor":22},{"not_picked":["Guardian:ShieldCharger","Guardian:WalkerClaw"],"picked":"Guardian:EvasiveProtocol","floor":23},{"not_picked":["Guardian:ChargeCore","Guardian:StasisStrike","bronze:Boost"],"picked":"Guardian:PiercingHide","floor":25},{"not_picked":["Guardian:ShieldCharger","Guardian:RollAttack","bronze:BitShift"],"picked":"Guardian:CrystalBeam+1","floor":26},{"not_picked":["Guardian:PolyBeam","Guardian:VentSteam","bronze:FollowUp"],"picked":"Guardian:Gem_Purple","floor":27},{"not_picked":["Guardian:Reroute","Guardian:Gem_Lightblue","bronze:Turbo"],"picked":"Guardian:Gem_Cyan","floor":28},{"not_picked":["Guardian:DonusPower","Guardian:RollAttack","bronze:Frontload"],"picked":"Guardian:DecasProtection","floor":31},{"not_picked":["Guardian:Gem_Cyan","Guardian:FuturePlans","bronze:BugBarrage"],"picked":"Guardian:ExploitGems","floor":32},{"not_picked":["Guardian:StasisStrike","Guardian:GemFinder","bronze:Format"],"picked":"Guardian:ConstructionForm","floor":33},{"not_picked":["Guardian:Gem_Lightblue","Guardian:Gem_Cyan","bronze:GetLatest"],"picked":"Guardian:SentryBeam+1","floor":36},{"not_picked":["Guardian:Recover","Guardian:TemporalShield","bronze:WildBeam"],"picked":"Guardian:Gem_Green","floor":37},{"not_picked":["Guardian:FastForward","Guardian:PrimingBeam","bronze:CutThrough"],"picked":"Guardian:ShieldCharger","floor":38},{"not_picked":["Guardian:TimeCapacitor","Guardian:CrystalBeam","bronze:FollowUp"],"picked":"Guardian:PrismaticBarrier","floor":39},{"not_picked":["Guardian:Incinerate+1","Guardian:ChargeCore+1","bronze:CutThrough"],"picked":"Guardian:Gem_Lightblue","floor":40},{"not_picked":["Guardian:MultiBeam","Guardian:Incinerate+1","bronze:Turbo"],"picked":"Guardian:SpikerProtocol","floor":45},{"not_picked":["Guardian:TemporalStrike+1","Guardian:SpikerProtocol+1","bronze:Turbo"],"picked":"Guardian:ArmoredProtocol","floor":46},{"not_picked":["Guardian:GatlingBeam","Guardian:TemporalShield","Guardian:PrimingBeam"],"picked":"bronze:MaxOutput","floor":47},{"not_picked":["Guardian:SentryBeam","Guardian:Gem_Lightblue","bronze:Frontload"],"picked":"Guardian:Recover+1","floor":49},{"not_picked":["Guardian:Recover+1","Guardian:Gem_Lightblue","bronze:DelayedGuard"],"picked":"Guardian:Gem_Red","floor":52}],"player_experience":538970,"relics_obtained":[{"floor":9,"key":"Lantern"},{"floor":12,"key":"infinitespire:EmpoweringShard"},{"floor":24,"key":"hubris:DisguiseKit"},{"floor":27,"key":"TungstenRod"},{"floor":31,"key":"hubris:BottledRain"},{"floor":41,"key":"Ginger"},{"floor":45,"key":"infinitespire:Lucky Rock"},{"floor":47,"key":"Toy Ornithopter"},{"floor":52,"key":"Guardian:SackOfGems"}],"event_choices":[],"is_beta":false,"boss_relics":[{"not_picked":["halation:LoveArrow","halation:Yufonium"],"picked":"hubris:TerracottaHorce"},{"not_picked":["SlaversCollar","Coffee Dripper"],"picked":"Fusion Hammer"}],"items_purged_floors":[38],"is_endless":false,"potions_floor_spawned":[6,9,16,21,26,28,31,32,40,45,46],"killed_by":"downfall:NeowBossFinal","ascension_level":6}}