{"host":"7k2a2omxz3voj5ax","time":1613065201,"event":{"mods":["BaseMod","Marisa£¨ìFÓê¡¡Ä§ÀíÉ³£©","Minty Spire (QoL Compilation)","Quick Restart","Spicy Shops","StSLib","Starting Relic: Pandora\u0027s Box","Yakumo Yukari mod","¡¾ÒÅÎï¿¨ÅÆ¡¿REMEMod","óô»ðÖ¸ÄÏ"],"gold_per_floor":[12,12,12,31,72,111,3072,3114,3131,3131,3131,3149,1994,2075,2075,2115,1679,1679,1246,1525,1525,1577,1735,1802,1802,1392,1392,1606,1902,1902,1902,1902,2192,2446,2446,2160,2509,2196,3132,3132,3471,4001,4202,4202,6602,7217,7217,8247,8109,8109,8134,7615,7642,7367,7401,7428,6841,6841,6841,6408,5544,5579,5594],"floor_reached":64,"language":"ZHS","playtime":1945,"items_purged":["SporeBomb","DC","MasterSpark","UpSweep","FairyDestructionRay","SatelliteIllusion","PowerUp","EventHorizon","Orbital+1","EarthLightRay+1"],"score":2370,"play_id":"f1e12d3a-13aa-4ac8-9281-a813075a9698","local_time":"20210212024001","is_ascension_mode":true,"campfire_choices":[{"data":"BlazeAway","floor":18.0,"key":"SMITH"},{"data":"Deep Breath","floor":27.0,"key":"SMITH"},{"data":"UltimateShortwave","floor":35.0,"key":"SMITH"},{"floor":47.0,"key":"RECALL"}],"circlet_count":0,"master_deck":["BlazeAway+1","Singularity+1","6A+1","Deep Breath+1","Deep Breath+1","UltimateShortwave+1"],"relics":["MiniHakkero","REME_ComplimentaryCards","StoneCalendar","Strawberry","Singing Bowl","TheAbacus","Eternal Feather","Blood Vial","Nunchaku","MealTicket","SimpleLauncher","MagicBroom","Toy Ornithopter","Sling","Orichalcum","Incense Burner","Membership Card","Anchor","Juzu Bracelet","Question Card","Calling Bell","Boot","Darkstone Periapt","Shovel","Akabeko","Orrery","DollysMirror","Gambling Chip","Bird Faced Urn","Sundial","Medical Kit","Omamori","Molten Egg 2","Pear","SacredBark","Pocketwatch","War Paint","Happy Flower","Lizard Tail","ClockworkSouvenir","Oddly Smooth Stone","Bag of Marbles","REME_ArchaeologicalTools","Bag of Preparation","Art of War","Kunai","White Beast Statue","Mummified Hand","Gremlin Horn","AmplifyWand","HornCleat","Du-Vu Doll","REME_HourglassOfDeath","REME_LimitBreaker","BreadOfAWashokuLover","Ornamental Fan","Calipers","Ice Cream","SproutingBranch","TungstenRod","FossilizedHelix","Mango","Torii"],"acts_visited":["Exordium","TheCity","TheBeyond","TheEnding"],"potions_floor_usage":[63,63,63],"damage_taken":[{"damage":0.0,"enemies":"Small Slimes","floor":1.0,"turns":2.0},{"damage":0.0,"enemies":"2 Louse","floor":4.0,"turns":1.0},{"damage":6.0,"enemies":"Cultist","floor":5.0,"turns":3.0},{"damage":40.0,"enemies":"3 Sentries","floor":6.0,"turns":5.0},{"damage":10.0,"enemies":"Gremlin Nob","floor":8.0,"turns":3.0},{"damage":20.0,"enemies":"Blue Slaver","floor":9.0,"turns":3.0},{"damage":0.0,"enemies":"Gremlin Gang","floor":12.0,"turns":1.0},{"damage":0.0,"enemies":"Looter","floor":14.0,"turns":1.0},{"damage":0.0,"enemies":"2 Fungi Beasts","floor":16.0,"turns":2.0},{"damage":11.0,"enemies":"The Guardian","floor":20.0,"turns":5.0},{"damage":0.0,"enemies":"Spheric Guardian","floor":22.0,"turns":3.0},{"damage":4.0,"enemies":"Shell Parasite","floor":23.0,"turns":3.0},{"damage":0.0,"enemies":"Cultist and Chosen","floor":24.0,"turns":3.0},{"damage":0.0,"enemies":"Shelled Parasite and Fungi","floor":28.0,"turns":1.0},{"damage":0.0,"enemies":"Centurion and Healer","floor":29.0,"turns":1.0},{"damage":0.0,"enemies":"Book of Stabbing","floor":33.0,"turns":2.0},{"damage":0.0,"enemies":"Snecko","floor":34.0,"turns":1.0},{"damage":0.0,"enemies":"Slavers","floor":37.0,"turns":1.0},{"damage":0.0,"enemies":"Champ","floor":39.0,"turns":1.0},{"damage":0.0,"enemies":"3 Darklings","floor":41.0,"turns":1.0},{"damage":0.0,"enemies":"Mind Bloom Boss Battle","floor":42.0,"turns":1.0},{"damage":0.0,"enemies":"Orb Walker","floor":43.0,"turns":1.0},{"damage":0.0,"enemies":"Orb Walker","floor":45.0,"turns":1.0},{"damage":0.0,"enemies":"Maw","floor":46.0,"turns":1.0},{"damage":0.0,"enemies":"Giant Head","floor":48.0,"turns":1.0},{"damage":0.0,"enemies":"Reptomancer","floor":53.0,"turns":1.0},{"damage":0,"enemies":"Jaw Worm Horde","floor":55,"turns":1},{"damage":0,"enemies":"Giant Head","floor":56,"turns":1},{"damage":0,"enemies":"Awakened One","floor":58,"turns":2},{"damage":0,"enemies":"Shield and Spear","floor":62,"turns":1},{"damage":0,"enemies":"The Heart","floor":63,"turns":3}],"seed_played":"8952301310922424482","potions_obtained":[{"floor":4.0,"key":"LiquidBronze"},{"floor":6.0,"key":"Ancient Potion"},{"floor":9.0,"key":"FearPotion"}],"is_trial":false,"path_per_floor":["M","?","?","M","M","E","R","E","M","T","T","M","$","M","?","M","$","R","R","B",null,"M","M","M","?","$","R","M","M","T","?","T","E","M","R","$","E","R","B",null,"M","?","M","?","?","M","R","E","R","?","T","$","E","R","M","E","R","B",null,"R","$","E","B",null],"character_chosen":"MARISA","items_purchased":["TheAbacus","Eternal Feather","Blood Vial","SimpleLauncher","MagicBroom","Toy Ornithopter","PowerUp","Sling","Orichalcum","Incense Burner","Membership Card","Anchor","Juzu Bracelet","Question Card","Akabeko","Orrery","Deep Breath","DollysMirror","Medical Kit","Molten Egg 2","Pear","Lizard Tail","ClockworkSouvenir","Oddly Smooth Stone","Bag of Marbles","Bag of Preparation","Art of War","Kunai","Mummified Hand","Gremlin Horn","AmplifyWand","HornCleat","Du-Vu Doll","REME_HourglassOfDeath","REME_LimitBreaker","BreadOfAWashokuLover","Ornamental Fan","Calipers","Ice Cream","SproutingBranch","TungstenRod","FossilizedHelix","Mango"],"campfire_rested":0,"item_purchase_floors":[7,7,7,13,13,13,13,13,13,17,19,19,19,19,26,26,26,26,36,38,38,52,52,52,52,54,54,54,57,57,57,57,57,60,60,60,60,61,61,61,61,61,61],"current_hp_per_floor":[68,65,72,72,66,28,28,22,6,6,6,10,25,27,27,35,50,53,56,53,84,92,96,100,100,108,108,108,110,110,110,110,112,114,114,114,116,126,128,128,130,132,134,134,136,138,138,140,140,140,140,140,142,142,144,146,146,146,146,146,160,162,162],"gold":5594,"neow_bonus":"REMOVE_TWO","is_daily":false,"chose_seed":false,"campfire_upgraded":3,"win_rate":0.0,"timestamp":1613065201,"path_taken":["M","?","?","M","M","E","R","E","M","T","T","M","$","?","?","?","$","R","R","BOSS","M","M","M","?","$","R","M","M","T","?","?","E","M","R","$","E","R","BOSS","M","?","M","?","?","M","R","E","R","?","T","?","E","R","M","E","R","BOSS","R","$","E","BOSS"],"items_purchased_type":["Relic","Relic","Relic","Relic","Relic","Relic","Card","Relic","Relic","Relic","Relic","Relic","Relic","Relic","Relic","Relic","Card","Relic","Relic","Relic","Relic","Relic","Relic","Relic","Relic","Relic","Relic","Relic","Relic","Relic","Relic","Relic","Relic","Relic","Relic","Relic","Relic","Relic","Relic","Relic","Relic","Relic","Relic"],"build_version":"2020-12-22","purchased_purges":10,"victory":true,"max_hp_per_floor":[75,75,82,82,82,84,84,86,88,88,88,90,90,90,90,92,92,92,92,94,94,96,98,100,100,108,108,108,110,110,110,110,112,114,114,114,116,126,128,128,130,132,134,134,136,138,138,140,140,140,140,140,142,142,144,146,146,146,146,146,160,162,162],"card_choices":[{"not_picked":["WitchOfGreed","GalacticHalo"],"picked":"Singularity","floor":1.0},{"not_picked":["GalacticHalo","GravityBeat"],"picked":"Robbery","floor":4.0},{"not_picked":["DeepEcoloBomb","RefractionSpark","IllusionStar"],"picked":"SKIP","floor":5.0},{"not_picked":["LuminesStrike","MeteoricShower","NonDirectionalLaser"],"picked":"Singing Bowl","floor":6.0},{"not_picked":["Acceleration","ShootingEcho","GrandCross"],"picked":"Singing Bowl","floor":8.0},{"not_picked":["AlicesGift","DoubleSpark","WitchLeyline"],"picked":"Singing Bowl","floor":9.0},{"not_picked":["MysteriousBeam","IllusionStar","EnergyFlow"],"picked":"Singing Bowl","floor":12.0},{"not_picked":["WitchOfGreed","StarDustReverie"],"picked":"MilkyWay","floor":14.0},{"not_picked":["DeepEcoloBomb","LuminesStrike","Acceleration"],"picked":"Singing Bowl","floor":16.0},{"not_picked":["ManaRampage","CasketOfStar","SatelliteIllusion","MaximisePower"],"picked":"Singing Bowl","floor":20.0},{"not_picked":["EventHorizon+1","WitchLeyline","MilkyWay","GrandCross+1"],"picked":"Singing Bowl","floor":22.0},{"not_picked":["NonDirectionalLaser","PulseMagic+1","MagicAbsorber","EarthLightRay"],"picked":"Singing Bowl","floor":23.0},{"not_picked":["SprinkleStarSeal","NonDirectionalLaser","GrandCross","AbsoluteMagnitude"],"picked":"Singing Bowl","floor":24.0},{"not_picked":["Occultation","AlicesGift","NonDirectionalLaser","WitchOfGreed"],"picked":"Singing Bowl","floor":26.0},{"not_picked":["OrrerysSun","Occultation","OortCloud+1","SporeBomb+1"],"picked":"Singing Bowl","floor":26.0},{"not_picked":["SprinkleStarSeal","ShootTheMoon+1","BlazeAway","PropBag+1"],"picked":"Singing Bowl","floor":26.0},{"not_picked":["ShootingEcho","DC+1","GravityBeat","BigCrunch"],"picked":"Singing Bowl","floor":26.0},{"not_picked":["OortCloud","EnergyFlow","MagicChant"],"picked":"6A","floor":26.0},{"not_picked":["SprinkleStarSeal","6A","GravityBeat"],"picked":"UltimateShortwave","floor":28.0},{"not_picked":["LuminesStrike","ShootTheMoon","UnstableBomb+1","ChargeUpSpray"],"picked":"Singing Bowl","floor":29.0},{"not_picked":["DarkSpark","SporeBomb","Acceleration","GasGiant"],"picked":"Singing Bowl","floor":33.0},{"not_picked":["6A","DeepEcoloBomb+1","PowerUp+1","MilkyWay"],"picked":"Singing Bowl","floor":34.0},{"not_picked":["PowerUp","MysteriousBeam","Acceleration","AbsoluteMagnitude"],"picked":"Singing Bowl","floor":37.0},{"not_picked":["BinaryStars","BigCrunch","ManaRampage","BlazingStar+1"],"picked":"Singing Bowl","floor":39.0},{"not_picked":["LuminesStrike+1","IllusionStar+1","6A+1","GrandCross+1"],"picked":"Singing Bowl","floor":41.0},{"not_picked":["DarkMatter","AsteroidBelt","Orbital","ShootingEcho+1"],"picked":"Singing Bowl","floor":42.0},{"not_picked":["Acceleration+1","PropBag","OneTimeOff","ChargingUp"],"picked":"Singing Bowl","floor":43.0},{"not_picked":["ShootingEcho+1","ManaRampage","EnergyRecoil","LuminesStrike+1"],"picked":"Singing Bowl","floor":45.0},{"not_picked":["NonDirectionalLaser+1","WitchOfGreed+1","SporeBomb+1","IllusionStar+1"],"picked":"Singing Bowl","floor":46.0},{"not_picked":["WitchLeyline+1","IllusionStar","Singularity","ShootingEcho+1"],"picked":"Singing Bowl","floor":48.0},{"not_picked":["WitchOfGreed","EarthLightRay","ChargingUp+1","DeepEcoloBomb+1"],"picked":"Singing Bowl","floor":53.0},{"not_picked":["PulseMagic+1","6A+1","DeepEcoloBomb+1","DragonMeteor+1"],"picked":"Singing Bowl","floor":55},{"not_picked":["WitchOfGreed+1","MeteoricShower+1","MagicAbsorber+1","FairyDestructionRay+1"],"picked":"Singing Bowl","floor":56},{"not_picked":["MagicAbsorber+1","StarDustReverie","GrandCross+1","MysteriousBeam+1"],"picked":"Singing Bowl","floor":62}],"player_experience":321285,"relics_obtained":[{"floor":6.0,"key":"Singing Bowl"},{"floor":8.0,"key":"Nunchaku"},{"floor":10.0,"key":"MealTicket"},{"floor":21.0,"key":"Boot"},{"floor":21.0,"key":"Darkstone Periapt"},{"floor":21.0,"key":"Shovel"},{"floor":30.0,"key":"Gambling Chip"},{"floor":32.0,"key":"Bird Faced Urn"},{"floor":33.0,"key":"Sundial"},{"floor":37.0,"key":"Omamori"},{"floor":42.0,"key":"Pocketwatch"},{"floor":48.0,"key":"War Paint"},{"floor":51.0,"key":"Happy Flower"},{"floor":53.0,"key":"REME_ArchaeologicalTools"},{"floor":56,"key":"White Beast Statue"},{"floor":62,"key":"Torii"}],"event_choices":[{"damage_healed":0.0,"max_hp_gain":0.0,"max_hp_loss":0.0,"gold_gain":0.0,"event_name":"Scrap Ooze","player_choice":"Success","floor":2.0,"gold_loss":0.0,"damage_taken":3.0,"relics_obtained":["StoneCalendar"]},{"cards_removed":["EnergyFlow"],"damage_healed":0.0,"max_hp_gain":0.0,"max_hp_loss":0.0,"gold_gain":0.0,"event_name":"WeMeetAgain","player_choice":"Gave Card","floor":3.0,"gold_loss":0.0,"damage_taken":0.0,"relics_obtained":["Strawberry"]},{"damage_healed":0.0,"max_hp_gain":0.0,"max_hp_loss":0.0,"gold_gain":0.0,"event_name":"Match and Keep!","player_choice":"1 cards matched","floor":15.0,"gold_loss":0.0,"damage_taken":0.0,"cards_obtained":["EarthLightRay"]},{"damage_healed":0.0,"max_hp_gain":0.0,"max_hp_loss":0.0,"gold_gain":0.0,"event_name":"The Mausoleum","player_choice":"Ignored","floor":25.0,"gold_loss":0.0,"damage_taken":0.0},{"damage_healed":0.0,"max_hp_gain":0.0,"max_hp_loss":0.0,"gold_gain":0.0,"cards_transformed":["MilkyWay","Acceleration"],"event_name":"Drug Dealer","player_choice":"Became Test Subject","floor":31.0,"gold_loss":0.0,"damage_taken":0.0,"cards_obtained":["Orbital","EventHorizon"]},{"damage_healed":0.0,"max_hp_gain":0.0,"max_hp_loss":0.0,"gold_gain":0.0,"event_name":"MindBloom","player_choice":"Fight","floor":42.0,"gold_loss":0.0,"damage_taken":0.0},{"damage_healed":0.0,"max_hp_gain":0.0,"max_hp_loss":0.0,"gold_gain":0.0,"event_name":"Tomb of Lord Red Mask","player_choice":"Ignored","floor":44.0,"gold_loss":0.0,"damage_taken":0.0},{"cards_removed":["Robbery"],"damage_healed":0.0,"max_hp_gain":0.0,"max_hp_loss":0.0,"gold_gain":0.0,"event_name":"Falling","player_choice":"Removed Attack","floor":50.0,"gold_loss":0.0,"damage_taken":0.0}],"is_beta":false,"boss_relics":[{"not_picked":["Fusion Hammer","Philosopher\u0027s Stone"],"picked":"Calling Bell"},{"not_picked":["Empty Cage","Snecko Eye"],"picked":"SacredBark"}],"items_purged_floors":[7,7,13,17,26,36,36,38,49,52],"is_endless":false,"potions_floor_spawned":[4,6,9,14,23,33,37,39,45,48,55,62],"ascension_level":7}}