{"host":"gjwzgdilc53yxmt0","time":1613063879,"event":{"mods":["2.2 Compatiblity","BaseMod","Bestiary","Highlight Path","Minty Spire (QoL Compilation)","Relic Stats","StSLib","ojb\u0027s Info Mod"],"gold_per_floor":[116,116,131,131,146,146,177,177,177,255,255,286,286,305,305,396,396,421,440,440,55,68,99,139,139,165,165,80,94,133,176,176,272,272,297,297,312,332,387,428,466,466,515,554,899,361,396,410,410,410,410,410,410,141,172,172],"floor_reached":57,"language":"ENG","playtime":5100,"items_purged":["Strike_G","Strike_G","Strike_G"],"score":3608,"play_id":"50b03058-3e02-45cd-9cfd-a3776b10d993","local_time":"20210211121759","is_ascension_mode":true,"campfire_choices":[{"data":"Dash","floor":6.0,"key":"SMITH"},{"floor":13.0,"key":"REST"},{"data":"Well Laid Plans","floor":15.0,"key":"SMITH"},{"floor":25.0,"key":"REST"},{"data":"Footwork","floor":27.0,"key":"SMITH"},{"data":"J.A.X.","floor":32.0,"key":"SMITH"},{"data":"Wraith Form v2","floor":42.0,"key":"SMITH"},{"floor":49.0,"key":"RECALL"},{"data":"Enlightenment","floor":53,"key":"SMITH"}],"circlet_count":0,"master_deck":["AscendersBane","Strike_G","Strike_G","Defend_G","Defend_G","Defend_G","Defend_G","Defend_G","Survivor","Neutralize","Quick Slash","Dash+1","Predator","Well Laid Plans+1","Outmaneuver","Night Terror","PiercingWail","Envenom","Dagger Throw","Flechettes","J.A.X.+1","Footwork+1","Acrobatics","Outmaneuver+1","Crippling Poison+1","Outmaneuver","Tactician","Backflip","Reflex+1","Wraith Form v2+1","Prepared","Acrobatics+1","Acrobatics+1","Deflect+1","Endless Agony+1","Enlightenment+1","Caltrops","Infinite Blades","Dagger Throw","Cloak And Dagger"],"relics":["Ring of the Snake","Tough Bandages","Ice Cream","Sundial","Thread and Needle","FossilizedHelix","WingedGreaves","Runic Pyramid","Happy Flower","Du-Vu Doll","Nunchaku","Oddly Smooth Stone","Bronze Scales","CaptainsWheel","Sozu","Smiling Mask","Blue Candle","Kunai","Centennial Puzzle","MawBank","ClockworkSouvenir","Anchor","MealTicket","Art of War","Mercury Hourglass"],"acts_visited":["Exordium","TheCity","TheBeyond","TheEnding"],"potions_floor_usage":[56,56],"damage_taken":[{"damage":2.0,"enemies":"Jaw Worm","floor":1.0,"turns":6.0},{"damage":4.0,"enemies":"Small Slimes","floor":3.0,"turns":4.0},{"damage":0.0,"enemies":"2 Louse","floor":5.0,"turns":2.0},{"damage":29.0,"enemies":"3 Sentries","floor":7.0,"turns":9.0},{"damage":11.0,"enemies":"3 Sentries","floor":10.0,"turns":12.0},{"damage":0.0,"enemies":"Gremlin Nob","floor":12.0,"turns":4.0},{"damage":1.0,"enemies":"Gremlin Gang","floor":14.0,"turns":5.0},{"damage":0.0,"enemies":"The Guardian","floor":16.0,"turns":15.0},{"damage":0.0,"enemies":"Shell Parasite","floor":18.0,"turns":10.0},{"damage":0.0,"enemies":"3 Byrds","floor":19.0,"turns":11.0},{"damage":5.0,"enemies":"Sentry and Sphere","floor":22.0,"turns":7.0},{"damage":4.0,"enemies":"Gremlin Leader","floor":23.0,"turns":10.0},{"damage":39.0,"enemies":"Slavers","floor":24.0,"turns":8.0},{"damage":0.0,"enemies":"Cultist and Chosen","floor":29.0,"turns":5.0},{"damage":3.0,"enemies":"Book of Stabbing","floor":30.0,"turns":9.0},{"damage":3.0,"enemies":"Gremlin Leader","floor":31.0,"turns":10.0},{"damage":3.0,"enemies":"Champ","floor":33.0,"turns":11.0},{"damage":0.0,"enemies":"Orb Walker","floor":35.0,"turns":3.0},{"damage":0.0,"enemies":"3 Darklings","floor":37.0,"turns":8.0},{"damage":0.0,"enemies":"Jaw Worm Horde","floor":38.0,"turns":6.0},{"damage":0.0,"enemies":"Nemesis","floor":40.0,"turns":9.0},{"damage":1.0,"enemies":"Reptomancer","floor":41.0,"turns":8.0},{"damage":0.0,"enemies":"Nemesis","floor":44.0,"turns":7.0},{"damage":0.0,"enemies":"Giant Head","floor":47.0,"turns":11.0},{"damage":0.0,"enemies":"Writhing Mass","floor":48.0,"turns":7.0},{"damage":3.0,"enemies":"Time Eater","floor":50.0,"turns":11.0},{"damage":1,"enemies":"Awakened One","floor":51,"turns":13},{"damage":0,"enemies":"Shield and Spear","floor":55,"turns":11},{"damage":19,"enemies":"The Heart","floor":56,"turns":9}],"seed_played":"-3036243652853469575","potions_obtained":[{"floor":1.0,"key":"EssenceOfSteel"},{"floor":12.0,"key":"SteroidPotion"},{"floor":16.0,"key":"Fire Potion"},{"floor":18.0,"key":"SkillPotion"},{"floor":22.0,"key":"Regen Potion"},{"floor":29.0,"key":"SpeedPotion"},{"floor":33.0,"key":"Strength Potion"}],"is_trial":false,"path_per_floor":["M","?","M","?","M","R","E","?","T","?","T","E","R","M","R","B",null,"M","M","?","$","M","E","E","R","T","R","?","M","E","E","R","B",null,"M","?","M","M","T","E","E","R","T","E","?","$","E","M","R","B","B",null,"R","$","E","B",null],"character_chosen":"THE_SILENT","items_purchased":["Happy Flower","Footwork","Acrobatics","ClockworkSouvenir","Anchor","Enlightenment","Caltrops","Art of War","Dagger Throw"],"campfire_rested":2,"item_purchase_floors":[21,21,21,46,46,46,46,54,54],"current_hp_per_floor":[57,54,50,50,50,50,21,21,21,10,10,10,26,25,25,25,47,47,47,47,47,42,38,14,30,30,30,30,30,27,24,24,21,46,46,46,46,46,46,46,45,45,45,45,45,45,45,45,45,42,41,51,51,54,54,35],"gold":172,"neow_bonus":"ONE_RARE_RELIC","is_daily":false,"chose_seed":false,"campfire_upgraded":6,"win_rate":0.0,"timestamp":1613063879,"path_taken":["M","?","M","?","M","R","E","?","T","?","?","E","R","M","R","BOSS","M","?","?","$","M","E","E","R","T","R","?","M","E","E","R","BOSS","M","?","?","M","?","E","E","R","T","E","?","$","E","M","R","BOSS","BOSS","R","$","E","BOSS"],"items_purchased_type":["Relic","Card","Card","Relic","Relic","Card","Card","Relic","Card"],"build_version":"2020-12-22","purchased_purges":3,"victory":true,"max_hp_per_floor":[60,54,54,54,54,54,54,54,54,54,54,54,54,54,54,54,54,54,54,54,54,54,54,54,54,54,54,54,54,54,54,54,54,54,54,54,54,54,54,54,54,54,54,54,54,54,54,54,54,54,54,54,54,54,54,54],"relic_stats":{"Happy Flower":[54],"counters":[29,241],"Blue Candle":[0],"Smiling Mask":125,"MawBank":24,"Mercury Hourglass":[27],"Sozu":2,"Tough Bandages":[504],"Nunchaku":[30],"Centennial Puzzle":[7],"Sundial":[28],"Bronze Scales":[545],"MealTicket":3,"Art of War":[5],"Kunai":[41],"obtain_stats":[{"Ice Cream":7,"Smiling Mask":39,"ClockworkSouvenir":46,"Sozu":34,"Tough Bandages":0,"Nunchaku":24,"Centennial Puzzle":43,"Sundial":9,"MealTicket":47,"WingedGreaves":12,"Kunai":41,"Ring of the Snake":0,"Runic Pyramid":17,"Happy Flower":21,"Golden Idol":2,"Blue Candle":40,"Oddly Smooth Stone":28,"Thread and Needle":10,"MawBank":44,"Mercury Hourglass":55,"Du-Vu Doll":23,"CaptainsWheel":31,"Anchor":46,"Bronze Scales":30,"Art of War":54,"FossilizedHelix":11},{"Ice Cream":4,"Smiling Mask":20,"ClockworkSouvenir":23,"Sozu":17,"Tough Bandages":0,"Nunchaku":13,"Centennial Puzzle":22,"Sundial":4,"MealTicket":24,"WingedGreaves":6,"Kunai":22,"Ring of the Snake":0,"Runic Pyramid":8,"Happy Flower":10,"Golden Idol":1,"Blue Candle":21,"Oddly Smooth Stone":13,"Thread and Needle":5,"MawBank":23,"Mercury Hourglass":28,"Du-Vu Doll":12,"CaptainsWheel":16,"Anchor":23,"Bronze Scales":15,"Art of War":27,"FossilizedHelix":5},{"Ice Cream":21,"Smiling Mask":155,"ClockworkSouvenir":179,"Sozu":138,"Tough Bandages":0,"Nunchaku":103,"Centennial Puzzle":172,"Sundial":21,"MealTicket":190,"WingedGreaves":37,"Kunai":172,"Ring of the Snake":0,"Runic Pyramid":57,"Happy Flower":78,"Golden Idol":6,"Blue Candle":164,"Oddly Smooth Stone":103,"Thread and Needle":33,"MawBank":179,"Mercury Hourglass":232,"Du-Vu Doll":95,"CaptainsWheel":127,"Anchor":179,"Bronze Scales":117,"Art of War":221,"FossilizedHelix":33}],"Ring of the Snake":[58]},"card_choices":[{"not_picked":["Bouncing Flask","Caltrops"],"picked":"Quick Slash","floor":1.0},{"not_picked":["Eviscerate","Sucker Punch"],"picked":"Dash","floor":3.0},{"not_picked":["Caltrops","Catalyst"],"picked":"Predator","floor":5.0},{"not_picked":["Finisher","Eviscerate"],"picked":"Well Laid Plans","floor":7.0},{"not_picked":["Expertise","Deflect"],"picked":"Outmaneuver","floor":10.0},{"not_picked":["Infinite Blades","Blade Dance"],"picked":"Night Terror","floor":12.0},{"not_picked":["Underhanded Strike","Quick Slash"],"picked":"PiercingWail","floor":14.0},{"not_picked":["Die Die Die","Bullet Time"],"picked":"Envenom","floor":16.0},{"not_picked":["Backstab","Deadly Poison"],"picked":"Dagger Throw","floor":18.0},{"not_picked":["Deadly Poison","Dagger Throw"],"picked":"Flechettes","floor":19.0},{"not_picked":["Distraction","Blur+1"],"picked":"Outmaneuver+1","floor":22.0},{"not_picked":["Dagger Throw","Accuracy"],"picked":"Crippling Poison+1","floor":23.0},{"not_picked":["Dagger Spray+1","Skewer+1"],"picked":"Outmaneuver","floor":24.0},{"not_picked":["Prepared","Acrobatics"],"picked":"Tactician","floor":29.0},{"not_picked":["Bane","Heel Hook+1"],"picked":"Backflip","floor":30.0},{"not_picked":["Dagger Throw","A Thousand Cuts"],"picked":"Reflex+1","floor":31.0},{"not_picked":["Bullet Time","Tools of the Trade"],"picked":"Wraith Form v2","floor":33.0},{"not_picked":["Poisoned Stab","Underhanded Strike"],"picked":"Prepared","floor":35.0},{"not_picked":["Masterful Stab","Poisoned Stab"],"picked":"Acrobatics+1","floor":37.0},{"not_picked":["Leg Sweep","Doppelganger"],"picked":"Acrobatics+1","floor":38.0},{"not_picked":["Underhanded Strike","Setup","Sucker Punch"],"picked":"SKIP","floor":40.0},{"not_picked":["Backflip+1","Flying Knee"],"picked":"Deflect+1","floor":41.0},{"not_picked":["Tools of the Trade","Heel Hook"],"picked":"Endless Agony+1","floor":44.0},{"not_picked":["Accuracy","Dagger Spray","Poisoned Stab"],"picked":"SKIP","floor":47.0},{"not_picked":["Backflip","Escape Plan"],"picked":"Infinite Blades","floor":48.0},{"not_picked":["Venomology","Underhanded Strike"],"picked":"Cloak And Dagger","floor":55}],"player_experience":4905119,"relics_obtained":[{"floor":7.0,"key":"Ice Cream"},{"floor":9.0,"key":"Sundial"},{"floor":10.0,"key":"Thread and Needle"},{"floor":11.0,"key":"FossilizedHelix"},{"floor":12.0,"key":"WingedGreaves"},{"floor":23.0,"key":"Du-Vu Doll"},{"floor":24.0,"key":"Nunchaku"},{"floor":30.0,"key":"Bronze Scales"},{"floor":31.0,"key":"CaptainsWheel"},{"floor":39.0,"key":"Smiling Mask"},{"floor":40.0,"key":"Blue Candle"},{"floor":41.0,"key":"Kunai"},{"floor":43.0,"key":"Centennial Puzzle"},{"floor":44.0,"key":"MawBank"},{"floor":47.0,"key":"MealTicket"},{"floor":55,"key":"Mercury Hourglass"}],"event_choices":[{"damage_healed":0.0,"max_hp_gain":0.0,"max_hp_loss":6.0,"gold_gain":0.0,"event_name":"Golden Idol","player_choice":"Lose Max HP","floor":2.0,"gold_loss":0.0,"damage_taken":0.0,"relics_obtained":["Golden Idol"]},{"damage_healed":0.0,"max_hp_gain":0.0,"max_hp_loss":0.0,"gold_gain":0.0,"event_name":"Liars Game","player_choice":"Ignored","floor":4.0,"gold_loss":0.0,"damage_taken":0.0},{"damage_healed":0.0,"max_hp_gain":0.0,"max_hp_loss":0.0,"gold_gain":0.0,"event_name":"Shining Light","player_choice":"Ignored","floor":8.0,"gold_loss":0.0,"damage_taken":0.0},{"damage_healed":0.0,"max_hp_gain":0.0,"max_hp_loss":0.0,"gold_gain":0.0,"event_name":"Dead Adventurer","player_choice":"Searched \u00271\u0027 times","floor":10.0,"gold_loss":0.0,"damage_taken":0.0},{"damage_healed":0.0,"max_hp_gain":0.0,"max_hp_loss":0.0,"gold_gain":0.0,"event_name":"Drug Dealer","player_choice":"Obtain J.A.X.","floor":20.0,"gold_loss":0.0,"damage_taken":0.0,"cards_obtained":["J.A.X."]},{"damage_healed":0.0,"max_hp_gain":0.0,"max_hp_loss":0.0,"gold_gain":0.0,"event_name":"Addict","player_choice":"Obtained Relic","floor":28.0,"gold_loss":85.0,"damage_taken":0.0,"relics_obtained":["Oddly Smooth Stone"]},{"damage_healed":0.0,"max_hp_gain":0.0,"max_hp_loss":0.0,"gold_gain":0.0,"event_name":"SecretPortal","player_choice":"Ignored","floor":36.0,"gold_loss":0.0,"damage_taken":0.0},{"damage_healed":0.0,"max_hp_gain":0.0,"max_hp_loss":0.0,"gold_gain":333.0,"event_name":"The Moai Head","player_choice":"Gave Idol","floor":45.0,"relics_lost":["Golden Idol"],"gold_loss":0.0,"damage_taken":0.0}],"is_beta":false,"boss_relics":[{"not_picked":["Runic Dome","Fusion Hammer"],"picked":"Runic Pyramid"},{"not_picked":["SlaversCollar","Velvet Choker"],"picked":"Sozu"}],"items_purged_floors":[21,46,54],"is_endless":false,"potions_floor_spawned":[1,12,16,18,22,29,33,35,48],"ascension_level":20}}