{"host":"8is2j71l4wmybkoi","time":1613044801,"event":{"mods":["AchievementEnabler","BaseMod","Colored Map","Minty Spire (QoL Compilation)","Rare Cards Sparkle","StSLib","SuperFastMode"],"gold_per_floor":[115,165,184,197,213,213,248,265,265,265,295,295,314,334,334,334,334],"floor_reached":16,"language":"KOR","playtime":501,"items_purged":[],"score":200,"play_id":"01e1fac2-33d0-4cc2-b499-3729c005eb03","local_time":"20210211210001","is_ascension_mode":true,"campfire_choices":[{"data":"Fire Breathing","floor":6.0,"key":"SMITH"},{"floor":10,"key":"REST"},{"data":"Dark Embrace","floor":12,"key":"SMITH"},{"data":"Bash","floor":15,"key":"SMITH"}],"circlet_count":0,"master_deck":["AscendersBane","Strike_R","Strike_R","Strike_R","Strike_R","Defend_R","Defend_R","Defend_R","Defend_R","Bash+1","Dual Wield","Fire Breathing+1","Twin Strike","Fiend Fire","Dark Embrace+1","Power Through","Bludgeon"],"relics":["Burning Blood","Eternal Feather","Bottled Tornado"],"acts_visited":["Exordium"],"potions_floor_usage":[7,11,14,16],"damage_taken":[{"damage":6.0,"enemies":"Cultist","floor":1.0,"turns":3.0},{"damage":7.0,"enemies":"2 Louse","floor":3.0,"turns":3.0},{"damage":13.0,"enemies":"Jaw Worm","floor":4.0,"turns":6.0},{"damage":22.0,"enemies":"3 Louse","floor":5.0,"turns":7.0},{"damage":32,"enemies":"Gremlin Nob","floor":7,"turns":4},{"damage":9,"enemies":"2 Fungi Beasts","floor":8,"turns":3},{"damage":26,"enemies":"Lagavulin","floor":11,"turns":7},{"damage":21,"enemies":"Blue Slaver","floor":13,"turns":4},{"damage":12,"enemies":"Gremlin Gang","floor":14,"turns":5},{"damage":30,"enemies":"Hexaghost","floor":16,"turns":8}],"seed_played":"744357931648997061","potions_obtained":[{"floor":3.0,"key":"LiquidBronze"},{"floor":7,"key":"Dexterity Potion"},{"floor":13,"key":"BlessingOfTheForge"},{"floor":14,"key":"ColorlessPotion"}],"is_trial":false,"path_per_floor":["M","?","M","M","M","R","E","M","T","R","E","R","M","M","R","B"],"character_chosen":"IRONCLAD","items_purchased":[],"campfire_rested":1,"item_purchase_floors":[],"current_hp_per_floor":[68,68,67,60,44,44,18,15,15,46,26,35,20,14,23,0,0],"gold":334,"neow_bonus":"TRANSFORM_CARD","is_daily":false,"chose_seed":false,"campfire_upgraded":3,"win_rate":0.0,"timestamp":1613044801,"path_taken":["M","?","?","M","M","R","E","M","T","R","E","R","M","M","R","BOSS"],"items_purchased_type":[],"build_version":"2020-12-22","purchased_purges":0,"victory":false,"max_hp_per_floor":[75,75,75,75,75,75,75,75,75,75,75,75,75,75,75,75,75],"card_choices":[{"not_picked":["Armaments","Heavy Blade","Whirlwind"],"picked":"SKIP","floor":1.0},{"not_picked":["Clothesline","Anger"],"picked":"Fire Breathing","floor":3.0},{"not_picked":["Intimidate","Iron Wave","Entrench"],"picked":"SKIP","floor":4.0},{"not_picked":["Headbutt","Armaments"],"picked":"Twin Strike","floor":5.0},{"not_picked":["Twin Strike","Shrug It Off"],"picked":"Fiend Fire","floor":7},{"not_picked":["Armaments","Sword Boomerang"],"picked":"Dark Embrace","floor":8},{"not_picked":["Headbutt","Twin Strike"],"picked":"Power Through","floor":11},{"not_picked":["Heavy Blade","Sword Boomerang"],"picked":"Bludgeon","floor":13},{"not_picked":["Cleave","Thunderclap","Spot Weakness"],"picked":"SKIP","floor":14}],"player_experience":1140739,"relics_obtained":[{"floor":7,"key":"Eternal Feather"},{"floor":11,"key":"Bottled Tornado"}],"event_choices":[{"damage_healed":0.0,"max_hp_gain":0.0,"max_hp_loss":0.0,"gold_gain":50.0,"event_name":"Golden Shrine","player_choice":"Pray","floor":2.0,"gold_loss":0.0,"damage_taken":0.0}],"is_beta":false,"boss_relics":[],"items_purged_floors":[],"is_endless":false,"potions_floor_spawned":[3,7,13,14],"killed_by":"Hexaghost","ascension_level":15}}