{"host":"dftd5cr6l8m56acq","time":1613084824,"event":{"mods":["AchievementEnabler","BaseMod","Bestiary","Colored Map","Highlight Path","Minty Spire (QoL Compilation)","Relic Stats","StSLib","everything is the same but u backflip on backflip"],"gold_per_floor":[110,58,73,73,134,159,171,212,224,286,298,339,365,395,407,517,529,561,623,697,806,879,891,928,990,1029,1041,1103,1115,1143,1181,1193,1308,1320,1351,1388,1422,324,347,347,347,347,373,414,414,28,54,0,0,0],"floor_reached":51,"language":"ENG","playtime":2008,"items_purged":["Strike_R+1"],"score":1031,"play_id":"511f3a64-2e91-4eee-a6c6-c729855f6bf9","local_time":"20210211180704","is_ascension_mode":true,"campfire_choices":[{"data":"Whirlwind","floor":7,"key":"SMITH"},{"data":"Bash","floor":11,"key":"SMITH"},{"data":"Inflame","floor":15,"key":"SMITH"},{"data":"Anger","floor":23,"key":"SMITH"},{"data":"Double Tap","floor":27,"key":"SMITH"},{"data":"True Grit","floor":29,"key":"SMITH"},{"floor":32,"key":"REST"},{"data":"Limit Break","floor":40,"key":"SMITH"},{"data":"Shockwave","floor":42,"key":"SMITH"},{"data":"Disarm","floor":45,"key":"SMITH"},{"data":"Dark Shackles","floor":49,"key":"SMITH"}],"circlet_count":0,"master_deck":["Strike_R+1","Strike_R+1","Strike_R+1","Strike_R+1","Defend_R+1","Defend_R+1","Defend_R+1","Bash+1","Whirlwind+1","Anger+1","Headbutt+1","Cleave+1","Shrug It Off","Inflame+1","Power Through","Flame Barrier+1","Armaments","Double Tap+1","Flex","True Grit+1","Battle Trance+1","Limit Break+1","CurseOfTheBell","True Grit+1","Shockwave+1","Disarm+1","Power Through+1","Evolve+1","Dark Shackles+1","Cleave+1","Disarm+1","Limit Break+1","Intimidate+1"],"relics":["Burning Blood","SsserpentHead","MawBank","Gambling Chip","The Courier","Blue Candle","Runic Dome","Frozen Egg 2","Pen Nib","Self Forming Clay","Lantern","MutagenicStrength","Pantograph","Calling Bell","CeramicFish","Matryoshka","Prayer Wheel","Champion Belt","Ancient Tea Set","Blood Vial","White Beast Statue","Toy Ornithopter","Akabeko","Anchor","Strawberry","Whetstone","Bag of Marbles","DollysMirror","War Paint","Red Mask"],"acts_visited":["Exordium","TheCity","TheBeyond"],"potions_floor_usage":[13,16,30,31,33,39,39,41,41,47,50,50],"damage_taken":[{"damage":6,"enemies":"2 Louse","floor":1,"turns":3},{"damage":6,"enemies":"Cultist","floor":3,"turns":3},{"damage":18,"enemies":"Small Slimes","floor":5,"turns":3},{"damage":20,"enemies":"Gremlin Nob","floor":6,"turns":4},{"damage":15,"enemies":"3 Sentries","floor":8,"turns":3},{"damage":22,"enemies":"Lagavulin","floor":12,"turns":5},{"damage":0,"enemies":"3 Louse","floor":13,"turns":2},{"damage":0,"enemies":"Exordium Wildlife","floor":14,"turns":2},{"damage":18,"enemies":"Hexaghost","floor":16,"turns":7},{"damage":38,"enemies":"Shell Parasite","floor":18,"turns":5},{"damage":0,"enemies":"Chosen","floor":20,"turns":3},{"damage":5,"enemies":"Centurion and Healer","floor":22,"turns":5},{"damage":0,"enemies":"Slavers","floor":24,"turns":1},{"damage":8,"enemies":"Shelled Parasite and Fungi","floor":30,"turns":6},{"damage":30,"enemies":"Gremlin Leader","floor":31,"turns":4},{"damage":61,"enemies":"Automaton","floor":33,"turns":7},{"damage":0,"enemies":"Orb Walker","floor":35,"turns":1},{"damage":0,"enemies":"3 Darklings","floor":36,"turns":2},{"damage":48,"enemies":"Writhing Mass","floor":37,"turns":6},{"damage":42,"enemies":"Maw","floor":39,"turns":8},{"damage":39,"enemies":"Giant Head","floor":41,"turns":7},{"damage":0,"enemies":"Reptomancer","floor":44,"turns":1},{"damage":0,"enemies":"Sphere and 2 Shapes","floor":47,"turns":1},{"damage":9,"enemies":"Donu and Deca","floor":50,"turns":7}],"seed_played":"68523179862801257","potions_obtained":[{"floor":1,"key":"BloodPotion"},{"floor":5,"key":"LiquidMemories"},{"floor":6,"key":"Fire Potion"},{"floor":14,"key":"AttackPotion"},{"floor":16,"key":"SpeedPotion"},{"floor":24,"key":"GamblersBrew"},{"floor":30,"key":"FairyPotion"},{"floor":31,"key":"SpeedPotion"},{"floor":35,"key":"FearPotion"},{"floor":37,"key":"Block Potion"},{"floor":39,"key":"EntropicBrew"},{"floor":44,"key":"Block Potion"},{"floor":47,"key":"BloodPotion"}],"is_trial":false,"path_per_floor":["M","$","M","?","M","E","R","E","T","$","R","E","M","M","R","B",null,"M","?","M","T","M","R","E","?","T","R","?","R","M","E","R","B",null,"M","M","M","$","M","R","E","R","T","E","R","$","M","?","R","B",null],"character_chosen":"IRONCLAD","items_purchased":["Anger","Power Through","Evolve+1","Champion Belt","Ancient Tea Set","Blood Vial","White Beast Statue","Toy Ornithopter","Akabeko","Dark Shackles","Bag of Marbles","BloodPotion","DollysMirror","War Paint"],"campfire_rested":1,"item_purchase_floors":[2,38,38,38,38,38,38,38,38,38,46,46,46,46],"current_hp_per_floor":[80,80,80,80,68,54,54,45,45,45,45,29,35,41,41,29,80,48,48,54,54,55,55,61,61,61,61,61,61,75,51,75,25,80,80,80,38,38,14,14,40,40,47,55,55,55,85,85,85,87],"gold":0,"neow_bonus":"REMOVE_CARD","is_daily":false,"chose_seed":true,"campfire_upgraded":10,"win_rate":0.0,"timestamp":1613084824,"path_taken":["M","$","M","?","?","E","R","E","T","?","R","E","M","M","R","BOSS","M","?","?","?","?","R","E","?","T","R","?","R","M","E","R","BOSS","M","M","M","$","M","R","E","R","T","E","R","$","M","?","R","BOSS"],"items_purchased_type":["Card","Card","Card","Relic","Relic","Relic","Relic","Relic","Relic","Card","Relic","Potion","Relic","Relic"],"build_version":"2020-12-22","purchased_purges":1,"victory":true,"max_hp_per_floor":[80,80,80,80,80,80,80,80,80,80,80,80,80,80,80,80,80,80,80,80,80,80,80,80,80,80,80,80,80,80,80,80,80,80,80,80,80,80,80,80,80,80,87,87,87,87,87,87,87,87],"relic_stats":{"counters":[24,96],"Self Forming Clay":[54],"Blue Candle":[0],"CeramicFish":90,"Pen Nib":[10],"Whetstone":["Cleave","Headbutt"],"War Paint":["Power Through","Flame Barrier"],"MawBank":384,"Burning Blood":130,"Blood Vial":10,"SsserpentHead":450,"Gambling Chip":[58],"Pantograph":5,"Prayer Wheel":5,"Champion Belt":[7],"obtain_stats":[{"Lantern":26,"CeramicFish":34,"Whetstone":44,"Ancient Tea Set":38,"Burning Blood":0,"Blood Vial":38,"SsserpentHead":4,"Matryoshka":34,"DollysMirror":46,"Gambling Chip":8,"Pantograph":31,"Strawberry":43,"Prayer Wheel":34,"Red Mask":48,"Self Forming Clay":24,"Blue Candle":12,"The Courier":9,"Pen Nib":21,"Frozen Egg 2":19,"War Paint":46,"MawBank":6,"White Beast Statue":38,"Akabeko":38,"Calling Bell":34,"Runic Dome":17,"Anchor":43,"MutagenicStrength":28,"Bag of Marbles":46,"Champion Belt":38,"Toy Ornithopter":38},{"Lantern":13,"CeramicFish":16,"Whetstone":22,"Ancient Tea Set":19,"Burning Blood":0,"Blood Vial":19,"SsserpentHead":2,"Matryoshka":16,"DollysMirror":22,"Gambling Chip":5,"Pantograph":15,"Strawberry":21,"Prayer Wheel":16,"Red Mask":23,"Self Forming Clay":13,"Blue Candle":6,"The Courier":5,"Pen Nib":11,"Frozen Egg 2":10,"War Paint":22,"MawBank":4,"White Beast Statue":19,"Akabeko":19,"Calling Bell":16,"Runic Dome":9,"Anchor":21,"MutagenicStrength":13,"Bag of Marbles":22,"Champion Belt":19,"Toy Ornithopter":19},{"Lantern":46,"CeramicFish":63,"Whetstone":88,"Ancient Tea Set":72,"Burning Blood":0,"Blood Vial":72,"SsserpentHead":6,"Matryoshka":63,"DollysMirror":88,"Gambling Chip":16,"Pantograph":56,"Strawberry":87,"Prayer Wheel":63,"Red Mask":89,"Self Forming Clay":46,"Blue Candle":21,"The Courier":16,"Pen Nib":40,"Frozen Egg 2":37,"War Paint":88,"MawBank":13,"White Beast Statue":72,"Akabeko":72,"Calling Bell":63,"Runic Dome":32,"Anchor":87,"MutagenicStrength":46,"Bag of Marbles":88,"Champion Belt":72,"Toy Ornithopter":72}],"Toy Ornithopter":30},"card_choices":[{"not_picked":["Dark Embrace","Clothesline"],"picked":"Whirlwind","floor":1},{"not_picked":["True Grit","Cleave"],"picked":"Headbutt","floor":3},{"not_picked":["Body Slam","Entrench"],"picked":"Cleave","floor":5},{"not_picked":["Havoc","Cleave"],"picked":"Shrug It Off","floor":6},{"not_picked":["Demon Form","Thunderclap"],"picked":"Inflame","floor":8},{"not_picked":["Clothesline","Body Slam"],"picked":"Power Through","floor":12},{"not_picked":["Heavy Blade","Rupture"],"picked":"Flame Barrier","floor":13},{"not_picked":["Sword Boomerang","Warcry"],"picked":"Armaments","floor":14},{"not_picked":["Juggernaut","Bludgeon"],"picked":"Double Tap","floor":16},{"not_picked":["Perfected Strike","Clash+1"],"picked":"Flex","floor":18},{"not_picked":["Flame Barrier","Warcry"],"picked":"True Grit","floor":20},{"not_picked":["Reckless Charge","Intimidate"],"picked":"Battle Trance+1","floor":22},{"not_picked":["Havoc+1","Double Tap","Combust+1"],"picked":"SKIP","floor":24},{"not_picked":["Wild Strike","Whirlwind","Anger"],"picked":"SKIP","floor":30},{"not_picked":["Blood for Blood","Headbutt","Twin Strike"],"picked":"SKIP","floor":31},{"not_picked":["Exhume","Feed"],"picked":"Limit Break","floor":33},{"not_picked":["Iron Wave+1","Body Slam"],"picked":"True Grit+1","floor":35},{"not_picked":["Heavy Blade+1","Pommel Strike","Warcry"],"picked":"SKIP","floor":35},{"not_picked":["True Grit+1","Flex+1"],"picked":"Shockwave","floor":36},{"not_picked":["Barricade+1","Hemokinesis","Havoc"],"picked":"SKIP","floor":36},{"not_picked":["Dual Wield","Rampage+1"],"picked":"Disarm+1","floor":37},{"not_picked":["True Grit","Blood for Blood+1","Uppercut"],"picked":"SKIP","floor":37},{"not_picked":["Twin Strike+1","Dropkick"],"picked":"Cleave+1","floor":39},{"not_picked":["Armaments+1","Thunderclap","Headbutt"],"picked":"SKIP","floor":39},{"not_picked":["Rage+1","Warcry"],"picked":"Disarm","floor":44},{"not_picked":["Armaments+1","Twin Strike"],"picked":"Intimidate+1","floor":47},{"not_picked":["Havoc+1","Iron Wave","Wild Strike"],"picked":"SKIP","floor":47}],"player_experience":496677,"relics_obtained":[{"floor":6,"key":"MawBank"},{"floor":8,"key":"Gambling Chip"},{"floor":9,"key":"The Courier"},{"floor":12,"key":"Blue Candle"},{"floor":21,"key":"Pen Nib"},{"floor":24,"key":"Self Forming Clay"},{"floor":26,"key":"Lantern"},{"floor":31,"key":"Pantograph"},{"floor":34,"key":"CeramicFish"},{"floor":34,"key":"Matryoshka"},{"floor":34,"key":"Prayer Wheel"},{"floor":43,"key":"Anchor"},{"floor":43,"key":"Strawberry"},{"floor":44,"key":"Whetstone"}],"event_choices":[{"damage_healed":0,"gold_gain":0,"player_choice":"Trade","damage_taken":0,"relics_obtained":["SsserpentHead"],"max_hp_gain":0,"max_hp_loss":0,"event_name":"FaceTrader","floor":4,"gold_loss":0},{"damage_healed":0,"gold_gain":0,"player_choice":"Gave Potion","damage_taken":0,"relics_obtained":["Frozen Egg 2"],"max_hp_gain":0,"max_hp_loss":0,"event_name":"WeMeetAgain","floor":19,"gold_loss":0},{"damage_healed":0,"gold_gain":0,"player_choice":"Simplicity","damage_taken":0,"max_hp_gain":0,"max_hp_loss":0,"event_name":"Back to Basics","floor":25,"gold_loss":0,"cards_upgraded":["Strike_R","Strike_R","Strike_R","Strike_R","Strike_R","Defend_R","Defend_R","Defend_R"]},{"damage_healed":0,"gold_gain":0,"player_choice":"Inject Mutagens","damage_taken":0,"relics_obtained":["MutagenicStrength"],"max_hp_gain":0,"max_hp_loss":0,"event_name":"Drug Dealer","floor":28,"gold_loss":0},{"damage_healed":0,"gold_gain":0,"player_choice":"Paid","damage_taken":0,"relics_obtained":["Red Mask"],"max_hp_gain":0,"max_hp_loss":0,"event_name":"Tomb of Lord Red Mask","floor":48,"gold_loss":104}],"is_beta":false,"boss_relics":[{"not_picked":["Ectoplasm","Cursed Key"],"picked":"Runic Dome"},{"not_picked":["Velvet Choker","Fusion Hammer"],"picked":"Calling Bell"}],"items_purged_floors":[38],"is_endless":false,"potions_floor_spawned":[1,5,6,14,16,24,30,31,35,37,39,41,44,47],"ascension_level":3}}