{"host":"00f1p9ihhzi7hxfk","time":1613035238,"event":{"mods":["AchievementEnabler","BaseMod","Colored Map","Colored Powertips","Minty Spire (QoL Compilation)","Rare Cards Sparkle","Relic Stats"],"gold_per_floor":[115,130,148,160,160,160,175,219,219,234,234,252,252,267,267,398,398,417,357,357,357],"floor_reached":20,"language":"DEU","playtime":1375,"items_purged":[],"score":178,"play_id":"76cf4149-83d2-4929-b05d-377943051bc8","local_time":"20210211102038","is_ascension_mode":false,"campfire_choices":[{"floor":6,"key":"REST"},{"floor":15,"key":"REST"}],"circlet_count":0,"master_deck":["Strike_G","Strike_G","Strike_G","Strike_G","Strike_G","Defend_G","Defend_G","Defend_G+1","Defend_G+1","Defend_G","Survivor","Neutralize","Expertise","Deadly Poison","Deadly Poison","Backflip","Dagger Throw","Dagger Spray","Deadly Poison","Flechettes","Bane","Unload","Backflip+1","Skewer"],"relics":["Ring of the Snake","FossilizedHelix","Golden Idol","War Paint","InkBottle","Black Star"],"acts_visited":["Exordium","TheCity"],"potions_floor_usage":[],"damage_taken":[{"damage":0,"enemies":"Small Slimes","floor":1,"turns":4},{"damage":0,"enemies":"2 Louse","floor":2,"turns":4},{"damage":0,"enemies":"Cultist","floor":3,"turns":4},{"damage":21,"enemies":"Lots of Slimes","floor":4,"turns":7},{"damage":2,"enemies":"Red Slaver","floor":7,"turns":4},{"damage":42,"enemies":"3 Sentries","floor":8,"turns":13},{"damage":0,"enemies":"Looter","floor":10,"turns":4},{"damage":0,"enemies":"3 Louse","floor":12,"turns":4},{"damage":6,"enemies":"2 Fungi Beasts","floor":14,"turns":3},{"damage":12,"enemies":"Hexaghost","floor":16,"turns":9},{"damage":41,"enemies":"3 Byrds","floor":18,"turns":7},{"damage":12,"enemies":"2 Thieves","floor":19,"turns":4},{"damage":15,"enemies":"Snake Plant","floor":20,"turns":4}],"seed_played":"4165283288123869323","potions_obtained":[{"floor":2,"key":"SkillPotion"},{"floor":8,"key":"FearPotion"},{"floor":10,"key":"Block Potion"},{"floor":18,"key":"Fire Potion"}],"is_trial":false,"path_per_floor":["M","M","M","M","?","R","M","E","T","M","?","M","?","M","R","B",null,"M","M","M"],"character_chosen":"THE_SILENT","items_purchased":[],"campfire_rested":2,"item_purchase_floors":[],"current_hp_per_floor":[63,63,63,42,42,58,56,14,14,14,19,19,19,13,31,19,63,22,10,0,0],"gold":357,"neow_bonus":"ONE_RARE_RELIC","is_daily":false,"chose_seed":false,"campfire_upgraded":0,"win_rate":0.0,"timestamp":1613035238,"path_taken":["M","M","M","M","?","R","M","E","T","M","?","M","?","?","R","BOSS","M","M","?"],"items_purchased_type":[],"build_version":"2020-12-22","purchased_purges":0,"victory":false,"max_hp_per_floor":[63,63,63,63,58,58,58,58,58,58,63,63,63,63,63,63,63,63,63,63,63],"relic_stats":{"counters":[13,71],"Golden Idol":52,"Black Star":0,"War Paint":["Defend_G","Defend_G"],"obtain_stats":[{"Golden Idol":5,"Black Star":17,"War Paint":8,"FossilizedHelix":0,"InkBottle":9,"Ring of the Snake":0},{"Golden Idol":4,"Black Star":10,"War Paint":6,"FossilizedHelix":0,"InkBottle":6,"Ring of the Snake":0},{"Golden Idol":19,"Black Star":56,"War Paint":36,"FossilizedHelix":0,"InkBottle":36,"Ring of the Snake":0}],"InkBottle":[10],"Ring of the Snake":[26]},"card_choices":[{"not_picked":["Cloak And Dagger","Underhanded Strike"],"picked":"Expertise","floor":1},{"not_picked":["Footwork","All Out Attack"],"picked":"Deadly Poison","floor":2},{"not_picked":["Slice","Noxious Fumes"],"picked":"Deadly Poison","floor":3},{"not_picked":["Predator","Sucker Punch"],"picked":"Backflip","floor":4},{"not_picked":["Acrobatics","Flying Knee"],"picked":"Dagger Throw","floor":7},{"not_picked":["Distraction","Wraith Form v2"],"picked":"Dagger Spray","floor":8},{"not_picked":["Distraction","Calculated Gamble"],"picked":"Deadly Poison","floor":10},{"not_picked":["Accuracy","Calculated Gamble"],"picked":"Flechettes","floor":12},{"not_picked":["Sucker Punch","Dagger Spray"],"picked":"Bane","floor":14},{"not_picked":["Envenom","Burst"],"picked":"Unload","floor":16},{"not_picked":["All Out Attack+1","Underhanded Strike"],"picked":"Backflip+1","floor":18},{"not_picked":["Dagger Spray","Tactician"],"picked":"Skewer","floor":19}],"player_experience":104650,"relics_obtained":[{"floor":8,"key":"War Paint"},{"floor":9,"key":"InkBottle"}],"event_choices":[{"damage_healed":0,"gold_gain":0,"player_choice":"Lose Max HP","damage_taken":0,"relics_obtained":["Golden Idol"],"max_hp_gain":0,"max_hp_loss":5,"event_name":"Golden Idol","floor":5,"gold_loss":0},{"damage_healed":0,"gold_gain":0,"player_choice":"Donut","damage_taken":0,"max_hp_gain":5,"max_hp_loss":0,"event_name":"Big Fish","floor":11,"gold_loss":0},{"damage_healed":0,"gold_gain":0,"player_choice":"Leave","damage_taken":0,"max_hp_gain":0,"max_hp_loss":0,"event_name":"FaceTrader","floor":13,"gold_loss":0}],"is_beta":false,"boss_relics":[{"not_picked":["Philosopher\u0027s Stone","WristBlade"],"picked":"Black Star"}],"items_purged_floors":[],"is_endless":false,"potions_floor_spawned":[2,8,10,16,18],"killed_by":"Snake Plant","ascension_level":0}}