{"host":"s24sb66hw4a4sfft","time":1613008048,"event":{"mods":["AchievementEnabler","BaseMod","Colored Map","Colored Powertips","Googly Eyes","Hermit","Hubris","Minty Spire (QoL Compilation)","Quick Restart","Shop Mod","StSLib"],"gold_per_floor":[114,126,226,237,237,265,285,285,312,347,347,347,347,347],"floor_reached":13,"language":"ENG","playtime":290,"items_purged":[],"score":158,"play_id":"991b8ca8-f312-474c-b16e-81a7dda5392d","local_time":"20210210204728","is_ascension_mode":true,"campfire_choices":[{"floor":8,"key":"REST"},{"floor":12,"key":"REST"}],"circlet_count":0,"master_deck":["AscendersBane","Strike_G","Strike_G","Strike_G","Strike_G","Strike_G","Defend_G","Defend_G","Defend_G","Defend_G","Defend_G","Survivor","Neutralize","Dagger Spray","Poisoned Stab","Deadly Poison","Glass Knife","Dagger Throw"],"relics":["Ring of the Snake","NeowsBlessing","Dream Catcher","Orichalcum","Shuriken","hubris:FruitBowl"],"acts_visited":["Exordium"],"potions_floor_usage":[6,6],"damage_taken":[{"damage":0,"enemies":"Small Slimes","floor":1,"turns":1},{"damage":0,"enemies":"Cultist","floor":2,"turns":1},{"damage":0,"enemies":"2 Louse","floor":4,"turns":1},{"damage":22,"enemies":"Gremlin Nob","floor":6,"turns":5},{"damage":13,"enemies":"Blue Slaver","floor":7,"turns":4},{"damage":17,"enemies":"3 Sentries","floor":10,"turns":8},{"damage":21,"enemies":"Lagavulin","floor":13,"turns":5}],"seed_played":"-2921764998851779718","potions_obtained":[{"floor":2,"key":"Weak Potion"},{"floor":4,"key":"AttackPotion"}],"is_trial":false,"path_per_floor":["M","M","?","M","?","E","M","R","T","E","$","R","E"],"character_chosen":"THE_SILENT","items_purchased":["hubris:FruitBowl"],"campfire_rested":2,"item_purchase_floors":[11],"current_hp_per_floor":[59,59,59,59,59,37,24,43,43,26,7,26,5,5],"gold":347,"neow_bonus":"THREE_ENEMY_KILL","is_daily":false,"chose_seed":false,"campfire_upgraded":0,"win_rate":0.0,"timestamp":1613008048,"path_taken":["M","M","?","?","?","E","?","R","T","E","?","R","E"],"items_purchased_type":["Relic"],"build_version":"2020-12-22","purchased_purges":0,"victory":false,"max_hp_per_floor":[66,66,66,66,66,66,66,66,66,66,66,66,66,66],"card_choices":[{"not_picked":["Poisoned Stab","PiercingWail"],"picked":"Dagger Spray","floor":1},{"not_picked":["Slice","Quick Slash"],"picked":"Poisoned Stab","floor":2},{"not_picked":["Expertise","Well Laid Plans"],"picked":"Deadly Poison","floor":4},{"not_picked":["Endless Agony","Dagger Throw"],"picked":"Glass Knife","floor":6},{"not_picked":["Backflip","Footwork","Flechettes"],"picked":"SKIP","floor":7},{"not_picked":["hubris:SlightOfHand","Outmaneuver"],"picked":"Dagger Throw","floor":8},{"not_picked":["Bane","Dagger Throw","Phantasmal Killer"],"picked":"SKIP","floor":10}],"player_experience":607855,"relics_obtained":[{"floor":6,"key":"Dream Catcher"},{"floor":9,"key":"Orichalcum"},{"floor":10,"key":"Shuriken"}],"event_choices":[{"damage_healed":0,"gold_gain":100,"player_choice":"Gold","damage_taken":0,"max_hp_gain":0,"max_hp_loss":0,"event_name":"Wheel of Change","floor":3,"gold_loss":0},{"damage_healed":0,"gold_gain":0,"player_choice":"Bought 0 Potions","damage_taken":0,"max_hp_gain":0,"max_hp_loss":0,"event_name":"The Woman in Blue","floor":5,"gold_loss":0}],"is_beta":false,"boss_relics":[],"items_purged_floors":[],"is_endless":false,"potions_floor_spawned":[2,4],"killed_by":"Lagavulin","ascension_level":14}}