{"host":"wuernuywc9gl215o","time":1613003926,"event":{"mods":["2.2 Compatiblity","AchievementEnabler","BaseMod","Bestiary","Block Reminder","Displayed Cursed Tome","Highlight Path","Key Reminder","Minty Spire (QoL Compilation)","Permanent Neow","Potion Indicator Mod","Quick Restart","Rare Cards Sparkle","Relic Stats","ojb\u0027s Info Mod"],"gold_per_floor":[111,128,140,65,77,103,37,65,92,108,108,133,153,163,163,234,234,245,295,313,332,350,350,382,382,382,382,136,155,181,194,194,269,269,285,304,304,317,120,120,120,120,120,120,153,163,190,201,201,201,201],"floor_reached":50,"language":"ENG","playtime":4499,"items_purged":[],"score":1165,"play_id":"8755f270-1434-4a07-9360-62d4742171f4","local_time":"20210211003846","is_ascension_mode":true,"campfire_choices":[{"floor":11.0,"key":"REST"},{"floor":15.0,"key":"REST"},{"floor":23.0,"key":"REST"},{"floor":25.0,"key":"REST"},{"data":"Catalyst","floor":27.0,"key":"SMITH"},{"data":"Adrenaline","floor":32,"key":"SMITH"},{"data":"Wraith Form v2","floor":40,"key":"SMITH"},{"floor":42,"key":"REST"},{"data":"Apotheosis","floor":44,"key":"SMITH"},{"data":"Blade Dance","floor":49,"key":"SMITH"}],"circlet_count":0,"master_deck":["AscendersBane","Survivor","Neutralize","Dagger Spray","Dagger Throw","Quick Slash","Deadly Poison","Bouncing Flask","Cloak And Dagger","Slice","Footwork","Poisoned Stab","Leg Sweep","Adrenaline+1","Phantasmal Killer","Dash","Blur","Concentrate","Terror","Dodge and Roll","Crippling Poison","Storm of Steel","Catalyst+1","Cloak And Dagger","Bullet Time","Blade Dance","PiercingWail+1","Choke","Escape Plan","Accuracy","Backflip+1","Wraith Form v2+1","Bouncing Flask","Blade Dance+1","Apotheosis+1","Outmaneuver","Envenom","Blade Dance+1"],"relics":["Ring of the Snake","Lantern","Orichalcum","Pen Nib","MealTicket","Anchor","Oddly Smooth Stone","Pandora\u0027s Box","Ornamental Fan","Pear","Chemical X","Shuriken","Runic Pyramid","keyreminder:keyreminder","Nunchaku","Mercury Hourglass"],"acts_visited":["Exordium","TheCity","TheBeyond"],"potions_floor_usage":[33,45,50],"damage_taken":[{"damage":7.0,"enemies":"Small Slimes","floor":1.0,"turns":4.0},{"damage":2.0,"enemies":"Jaw Worm","floor":2.0,"turns":4.0},{"damage":0.0,"enemies":"Cultist","floor":3.0,"turns":3.0},{"damage":0.0,"enemies":"Gremlin Gang","floor":5.0,"turns":1.0},{"damage":17.0,"enemies":"3 Sentries","floor":6.0,"turns":10.0},{"damage":16.0,"enemies":"Gremlin Nob","floor":8.0,"turns":4.0},{"damage":0.0,"enemies":"Lots of Slimes","floor":10.0,"turns":3.0},{"damage":13.0,"enemies":"3 Sentries","floor":12.0,"turns":10.0},{"damage":1.0,"enemies":"Blue Slaver","floor":13.0,"turns":3.0},{"damage":0.0,"enemies":"3 Louse","floor":14.0,"turns":2.0},{"damage":4.0,"enemies":"The Guardian","floor":16.0,"turns":10.0},{"damage":0.0,"enemies":"Chosen","floor":18.0,"turns":4.0},{"damage":15.0,"enemies":"3 Byrds","floor":20.0,"turns":6.0},{"damage":18.0,"enemies":"Cultist and Chosen","floor":21.0,"turns":7.0},{"damage":10.0,"enemies":"Snake Plant","floor":22.0,"turns":3.0},{"damage":16.0,"enemies":"Slavers","floor":24.0,"turns":8.0},{"damage":1.0,"enemies":"Chosen and Byrds","floor":29.0,"turns":8.0},{"damage":22.0,"enemies":"Book of Stabbing","floor":30.0,"turns":5.0},{"damage":0,"enemies":"3 Cultists","floor":31,"turns":4},{"damage":14,"enemies":"Automaton","floor":33,"turns":11},{"damage":0,"enemies":"3 Shapes","floor":35,"turns":4},{"damage":22,"enemies":"3 Darklings","floor":36,"turns":7},{"damage":20,"enemies":"Transient","floor":38,"turns":6},{"damage":0,"enemies":"Reptomancer","floor":45,"turns":7},{"damage":2,"enemies":"Maw","floor":46,"turns":5},{"damage":0,"enemies":"Nemesis","floor":47,"turns":3},{"damage":2,"enemies":"Sphere and 2 Shapes","floor":48,"turns":6},{"damage":76,"enemies":"Donu and Deca","floor":50,"turns":5}],"seed_played":"8633715138865166523","potions_obtained":[{"floor":2.0,"key":"SkillPotion"},{"floor":5.0,"key":"FearPotion"},{"floor":10.0,"key":"Strength Potion"},{"floor":13.0,"key":"CunningPotion"},{"floor":18.0,"key":"FearPotion"},{"floor":21.0,"key":"AttackPotion"},{"floor":29.0,"key":"CunningPotion"},{"floor":31,"key":"SmokeBomb"},{"floor":33,"key":"FearPotion"},{"floor":36,"key":"Regen Potion"},{"floor":45,"key":"Energy Potion"}],"is_trial":false,"path_per_floor":["M","M","M","?","M","E","?","E","T","M","R","E","M","M","R","B",null,"M","?","M","M","M","R","E","R","T","R","$","M","E","M","R","B",null,"M","M","?","M","$","R","?","R","T","R","E","M","E","M","R","B"],"character_chosen":"THE_SILENT","items_purchased":["Chemical X","Choke","Apotheosis"],"campfire_rested":5,"item_purchase_floors":[28,28,39],"current_hp_per_floor":[52,50,50,50,50,33,33,17,17,17,36,23,22,22,41,37,59,59,59,44,26,16,35,19,38,48,48,63,62,40,40,40,26,64,64,42,42,22,37,37,37,59,59,59,74,72,72,70,70,0,0],"gold":201,"neow_bonus":"RANDOM_COMMON_RELIC","is_daily":false,"chose_seed":false,"campfire_upgraded":5,"win_rate":0.0,"timestamp":1613003926,"path_taken":["M","M","M","?","M","E","?","E","T","M","R","E","M","M","R","BOSS","M","?","M","?","?","R","E","R","T","R","$","M","E","M","R","BOSS","M","M","?","M","$","R","?","R","T","R","E","M","E","M","R","BOSS"],"items_purchased_type":["Relic","Card","Card"],"build_version":"2020-12-22","purchased_purges":0,"victory":false,"max_hp_per_floor":[66,66,66,66,66,66,66,66,66,66,66,66,66,66,66,66,66,66,66,66,66,66,66,66,66,76,76,76,76,76,76,76,76,76,76,76,76,76,76,76,76,76,76,76,76,76,76,76,76,76,76],"relic_stats":{"Nunchaku":[5],"counters":[28,153],"Ornamental Fan":[144],"Shuriken":[31],"MealTicket":30,"Pandora\u0027s Box":["Sucker Punch","Phantasmal Killer","Dash","Blur","Concentrate","Terror","Dodge and Roll","Crippling Poison","Storm of Steel"],"Pen Nib":[29],"Chemical X":[1],"Orichalcum":[96],"obtain_stats":[{"Lantern":0,"Pear":26,"Oddly Smooth Stone":12,"Pen Nib":7,"Orichalcum":6,"Mercury Hourglass":47,"keyreminder:keyreminder":43,"Anchor":9,"Nunchaku":45,"Ornamental Fan":24,"Shuriken":30,"MealTicket":8,"Pandora\u0027s Box":17,"Chemical X":28,"Ring of the Snake":0,"Runic Pyramid":34},{"Lantern":0,"Pear":16,"Oddly Smooth Stone":8,"Pen Nib":5,"Orichalcum":5,"Mercury Hourglass":26,"keyreminder:keyreminder":23,"Anchor":6,"Nunchaku":24,"Ornamental Fan":16,"Shuriken":18,"MealTicket":6,"Pandora\u0027s Box":11,"Chemical X":16,"Ring of the Snake":0,"Runic Pyramid":20},{"Lantern":0,"Pear":82,"Oddly Smooth Stone":39,"Pen Nib":22,"Orichalcum":22,"Mercury Hourglass":142,"keyreminder:keyreminder":127,"Anchor":26,"Nunchaku":134,"Ornamental Fan":82,"Shuriken":95,"MealTicket":26,"Pandora\u0027s Box":54,"Chemical X":82,"Ring of the Snake":0,"Runic Pyramid":110}],"Ring of the Snake":[56],"Mercury Hourglass":[30]},"card_choices":[{"not_picked":["Quick Slash","Escape Plan"],"picked":"Dagger Spray","floor":1.0},{"not_picked":["Flying Knee","PiercingWail"],"picked":"Dagger Throw","floor":2.0},{"not_picked":["Bane","Dagger Spray"],"picked":"Quick Slash","floor":3.0},{"not_picked":["Prepared","Dodge and Roll"],"picked":"Deadly Poison","floor":5.0},{"not_picked":["Deadly Poison","PiercingWail"],"picked":"Bouncing Flask","floor":6.0},{"not_picked":["Heel Hook","Deadly Poison"],"picked":"Cloak And Dagger","floor":8.0},{"not_picked":["Quick Slash","Bullet Time"],"picked":"Slice","floor":10.0},{"not_picked":["Underhanded Strike","Escape Plan"],"picked":"Footwork","floor":12.0},{"not_picked":["Prepared","Dagger Throw"],"picked":"Poisoned Stab","floor":13.0},{"not_picked":["Blade Dance","Footwork"],"picked":"Leg Sweep","floor":14.0},{"not_picked":["A Thousand Cuts","Storm of Steel"],"picked":"Adrenaline","floor":16.0},{"not_picked":["Blade Dance","Deflect"],"picked":"Catalyst","floor":18.0},{"not_picked":["Setup","Dagger Spray"],"picked":"Cloak And Dagger","floor":20.0},{"not_picked":["Bane+1","Slice"],"picked":"Bullet Time","floor":21.0},{"not_picked":["Backflip","Acrobatics"],"picked":"Blade Dance","floor":22.0},{"not_picked":["Dodge and Roll","Bane"],"picked":"PiercingWail+1","floor":24.0},{"not_picked":["Underhanded Strike","Masterful Stab"],"picked":"Escape Plan","floor":29.0},{"not_picked":["A Thousand Cuts","Footwork"],"picked":"Accuracy","floor":30.0},{"not_picked":["Outmaneuver","Deadly Poison+1"],"picked":"Backflip+1","floor":31},{"not_picked":["Tools of the Trade","Doppelganger"],"picked":"Wraith Form v2","floor":33},{"not_picked":["Heel Hook","Predator","PiercingWail"],"picked":"SKIP","floor":35},{"not_picked":["Acrobatics+1","Backflip"],"picked":"Bouncing Flask","floor":36},{"not_picked":["Deflect","Prepared"],"picked":"Blade Dance+1","floor":38},{"not_picked":["Reflex","Terror"],"picked":"Outmaneuver","floor":45},{"not_picked":["PiercingWail","All Out Attack"],"picked":"Envenom","floor":46},{"not_picked":["Calculated Gamble+1","Phantasmal Killer"],"picked":"Blade Dance","floor":47},{"not_picked":["Sucker Punch","Deadly Poison","Backflip"],"picked":"SKIP","floor":48}],"player_experience":895883,"relics_obtained":[{"floor":6.0,"key":"Orichalcum"},{"floor":8.0,"key":"MealTicket"},{"floor":9.0,"key":"Anchor"},{"floor":12.0,"key":"Oddly Smooth Stone"},{"floor":24.0,"key":"Ornamental Fan"},{"floor":26.0,"key":"Pear"},{"floor":30.0,"key":"Shuriken"},{"floor":45,"key":"Nunchaku"},{"floor":47,"key":"Mercury Hourglass"}],"event_choices":[{"cards_removed":["Strike_G"],"damage_healed":0.0,"max_hp_gain":0.0,"max_hp_loss":0.0,"gold_gain":0.0,"event_name":"The Cleric","player_choice":"Card Removal","floor":4.0,"gold_loss":75.0,"damage_taken":0.0},{"damage_healed":0.0,"max_hp_gain":0.0,"max_hp_loss":0.0,"gold_gain":0.0,"event_name":"WeMeetAgain","player_choice":"Paid Gold","floor":7.0,"gold_loss":66.0,"damage_taken":0.0,"relics_obtained":["Pen Nib"]},{"damage_healed":0.0,"max_hp_gain":0.0,"max_hp_loss":0.0,"gold_gain":50.0,"event_name":"Golden Shrine","player_choice":"Pray","floor":19.0,"gold_loss":0.0,"damage_taken":0.0},{"damage_healed":0,"gold_gain":0,"player_choice":"Ignored","damage_taken":0,"max_hp_gain":0,"max_hp_loss":0,"event_name":"Tomb of Lord Red Mask","floor":37,"gold_loss":0},{"cards_removed":["Sucker Punch"],"damage_healed":0,"gold_gain":0,"player_choice":"Purged","damage_taken":0,"max_hp_gain":0,"max_hp_loss":0,"event_name":"Purifier","floor":41,"gold_loss":0}],"is_beta":false,"boss_relics":[{"not_picked":["HoveringKite","Runic Dome"],"picked":"Pandora\u0027s Box"},{"not_picked":["Astrolabe","Velvet Choker"],"picked":"Runic Pyramid"}],"items_purged_floors":[],"is_endless":false,"potions_floor_spawned":[2,5,10,13,18,21,29,31,33,36,45],"killed_by":"Donu and Deca","ascension_level":17}}