{"host":"clf2hd4adhiiw0zf","time":1613087380,"event":{"mods":["AchievementEnabler","BaseMod","Beaked The Cultist","Bestiary","Dark Map","Downfall","Gremlin Mod","Hermit","Jorbs\u0027s Wanderer Trilogy","Marisa????????","Minty Spire (QoL Compilation)","Shop Mod","StSLib","The Cursed","The Servant 0.9.4","Wide Potions"],"gold_per_floor":[99,99,99,274,274,301,301,48,48,33,43,43,43,76,91,190,190,90,109,128,128,128,128,128,128],"floor_reached":23,"language":"ENG","playtime":1301,"items_purged":[],"score":251,"play_id":"f4be7b23-126a-46a4-8f3f-45220ef90f9a","local_time":"20210211164940","is_ascension_mode":true,"campfire_choices":[{"floor":1,"key":"RECALL"},{"data":"champ:PerfectedStrike","floor":9,"key":"SMITH"},{"floor":18,"key":"REST"}],"circlet_count":0,"master_deck":["champ:Strike","champ:Strike+1","champ:Strike+1","champ:Strike","champ:Defend","champ:Defend","champ:Defend","champ:Defend","champ:Execute","champ:Taunt","champ:PreciseThrust","champ:TornadoPunch+1","champ:EnragedBash","champ:PerfectedStrike+1","champ:VampiricStrike","champ:BerserkersShout","downfall:Malfunctioning","champ:UltimateStance","champ:BringItOn","champ:EnchantSword","champ:PerfectedStrike+1","champ:CalledShot+1"],"relics":["champ:ChampionCrown","downfall:HeartsMalice","beaked:ShinyBauble","The Courier","Calipers","downfall:BrokenWingStatue","Eternal Feather","Fusion Hammer","downfall:HeartBlessingRed","Nilry\u0027s Codex"],"acts_visited":["Exordium","TheCity"],"potions_floor_usage":[16,16,20],"damage_taken":[{"damage":0,"enemies":"2 Louse","floor":2,"turns":1},{"damage":0,"enemies":"Small Slimes","floor":3,"turns":1},{"damage":0,"enemies":"Lagavulin","floor":6,"turns":1},{"damage":15,"enemies":"downfall:FleeingMerchant","floor":8,"turns":4},{"damage":40,"enemies":"downfall:FleeingMerchant","floor":10,"turns":4},{"damage":12,"enemies":"Jaw Worm","floor":11,"turns":2},{"damage":30,"enemies":"3 Sentries","floor":14,"turns":6},{"damage":28,"enemies":"Exordium Thugs","floor":15,"turns":4},{"damage":69,"enemies":"SI_SHIV_ARCHETYPE","floor":16,"turns":10},{"damage":62,"enemies":"Shell Parasite","floor":19,"turns":6},{"damage":13,"enemies":"3 Byrds","floor":20,"turns":3},{"damage":30,"enemies":"Gremlin Leader","floor":23,"turns":2}],"seed_played":"-4553558123570954694","potions_obtained":[{"floor":14,"key":"ColorlessPotion"},{"floor":15,"key":"SkillPotion"},{"floor":16,"key":"LiquidBronze"}],"is_trial":false,"path_per_floor":["R","M","M","?","?","E","T","$","R","$","M","?","?","E","M","B",null,"R","M","M","?","?","E"],"character_chosen":"THE_CHAMP","items_purchased":["Calipers"],"campfire_rested":1,"item_purchase_floors":[8],"current_hp_per_floor":[90,90,90,90,95,95,95,95,95,85,73,73,73,48,35,16,95,95,58,45,45,29,0,0,0],"gold":128,"neow_bonus":"THREE_ENEMY_KILL","is_daily":false,"chose_seed":false,"campfire_upgraded":1,"win_rate":0.0,"timestamp":1613087380,"path_taken":["R","M","M","?","?","E","T","$","R","$","M","?","?","E","M","BOSS","R","M","M","?","?","E"],"items_purchased_type":["Relic"],"build_version":"2020-12-22","purchased_purges":0,"victory":false,"max_hp_per_floor":[90,90,90,90,95,95,95,95,95,95,95,95,95,95,95,95,95,95,95,95,95,95,95,95,95],"card_choices":[{"not_picked":["champ:SkillfulDodge","champ:FocusedBerserking"],"picked":"champ:PreciseThrust","floor":2},{"not_picked":["champ:BerserkersShout","champ:EnGarde"],"picked":"champ:TornadoPunch","floor":3},{"not_picked":["champ:Shatter","champ:PreciseThrust"],"picked":"champ:EnragedBash","floor":6},{"not_picked":["champ:AdrenalArmor","champ:Shatter"],"picked":"champ:PerfectedStrike","floor":8},{"not_picked":["champ:Shatter","champ:FaceSlap"],"picked":"champ:VampiricStrike","floor":10},{"not_picked":["champ:BladeFlurry","champ:DefensiveShout"],"picked":"champ:BerserkersShout","floor":11},{"not_picked":["champ:ShieldThrow","champ:SetATrap"],"picked":"champ:UltimateStance","floor":14},{"not_picked":["champ:GutPunch","champ:Haymaker"],"picked":"champ:BringItOn","floor":15},{"not_picked":["champ:SteelEdge","champ:HeavySlash"],"picked":"champ:EnchantSword","floor":16},{"not_picked":["champ:GutPunch+1","champ:FanOfKnives"],"picked":"champ:PerfectedStrike+1","floor":19},{"not_picked":["champ:FocusedDefense","champ:FalseCounter"],"picked":"champ:CalledShot+1","floor":20}],"player_experience":223642,"relics_obtained":[{"floor":6,"key":"beaked:ShinyBauble"},{"floor":7,"key":"The Courier"},{"floor":14,"key":"Eternal Feather"},{"floor":22,"key":"Nilry\u0027s Codex"}],"event_choices":[{"damage_healed":0,"gold_gain":0,"player_choice":"Donut","damage_taken":0,"max_hp_gain":5,"max_hp_loss":0,"event_name":"Big Fish","floor":5,"gold_loss":0}],"is_beta":false,"boss_relics":[{"not_picked":["beaked:SacredDeck","champ:ChampionCrownUpgraded"],"picked":"Fusion Hammer"}],"items_purged_floors":[],"is_endless":false,"potions_floor_spawned":[14,15,16],"killed_by":"Gremlin Leader","ascension_level":3}}