{"host":"fl6c84p0pqwjbhud","time":1613036830,"event":{"mods":["AchievementEnabler","BaseMod","Better Altar","Better Match","Better Note","Better Sensory Stone","Better Skull","Better Third Choice","Better Vampires","Better-Laid Plans","Colored Map","Defuse TimeMaze Blight","Displayed Cursed Tome","Energized Spire","Highlight Path","Minty Spire (QoL Compilation)","Permanent Neow","Quick Restart","Relic Sorter","StSLib","Synergy Search","Transform Curses"],"gold_per_floor":[112,129,46,146,160,177,32,57,138,157,185,185,185,198,198,296,296,309,309,321,340,360,360,379,379,430,440,467,482,482,493,493,493,493],"floor_reached":33,"language":"ENG","playtime":1499,"items_purged":[],"score":322,"play_id":"bb1d119f-af9f-497b-bc35-e808d7441782","local_time":"20210211104710","is_ascension_mode":true,"campfire_choices":[{"floor":13,"key":"REST"},{"floor":15,"key":"REST"},{"floor":23,"key":"REST"},{"floor":25,"key":"REST"},{"floor":30,"key":"REST"},{"floor":32,"key":"REST"}],"circlet_count":0,"master_deck":["Strike_G","Strike_G","Strike_G","Strike_G","Strike_G","Defend_G","Defend_G","Defend_G","Defend_G","Defend_G","Survivor+1","Neutralize","Quick Slash","Quick Slash","Backstab","Slice","Poisoned Stab","Blade Dance","Caltrops","Backstab","Blade Dance","Blade Dance+1","Bane","Infinite Blades","Well Laid Plans","Dagger Spray","Envenom","Well Laid Plans+1","Apotheosis+1","Flash of Steel","Noxious Fumes+1","Dagger Spray","Deflect+1","Acrobatics+1","Backstab+1","Endless Agony+1","Caltrops","Slice+1"],"relics":["Ring of the Snake","Ginger","Toxic Egg 2","Blood Vial","Dream Catcher","Ornamental Fan","energizedSpire:OgreHead","PreservedInsect","Molten Egg 2"],"acts_visited":["Exordium","TheCity"],"potions_floor_usage":[18,33,33,33],"damage_taken":[{"damage":0,"enemies":"Jaw Worm","floor":1,"turns":4},{"damage":1,"enemies":"Cultist","floor":2,"turns":3},{"damage":0,"enemies":"Small Slimes","floor":5,"turns":2},{"damage":6,"enemies":"3 Louse","floor":6,"turns":3},{"damage":16,"enemies":"Lagavulin","floor":8,"turns":5},{"damage":0,"enemies":"2 Fungi Beasts","floor":10,"turns":2},{"damage":6,"enemies":"Gremlin Nob","floor":11,"turns":3},{"damage":0,"enemies":"Blue Slaver","floor":14,"turns":1},{"damage":2,"enemies":"Slime Boss","floor":16,"turns":8},{"damage":0,"enemies":"Spheric Guardian","floor":18,"turns":3},{"damage":0,"enemies":"Shell Parasite","floor":20,"turns":4},{"damage":24,"enemies":"Centurion and Healer","floor":21,"turns":4},{"damage":27,"enemies":"Sentry and Sphere","floor":22,"turns":5},{"damage":0,"enemies":"Cultist and Chosen","floor":24,"turns":4},{"damage":28,"enemies":"3 Cultists","floor":27,"turns":4},{"damage":5,"enemies":"Gremlin Leader","floor":28,"turns":4},{"damage":6,"enemies":"Shelled Parasite and Fungi","floor":29,"turns":4},{"damage":11,"enemies":"Snecko","floor":31,"turns":4},{"damage":89,"enemies":"Automaton","floor":33,"turns":6}],"seed_played":"-8144567909722372557","potions_obtained":[{"floor":2,"key":"GhostInAJar"},{"floor":6,"key":"ColorlessPotion"},{"floor":8,"key":"Poison Potion"},{"floor":14,"key":"Poison Potion"},{"floor":20,"key":"Poison Potion"}],"is_trial":false,"path_per_floor":["M","M","$","?","M","M","$","E","T","M","E","?","R","M","R","B",null,"M","?","M","M","M","R","M","R","T","M","E","M","R","M","R","B"],"character_chosen":"THE_SILENT","items_purchased":["Backstab","Slice","Caltrops","Backstab"],"campfire_rested":6,"item_purchase_floors":[3,3,7,7],"current_hp_per_floor":[70,69,69,69,69,63,63,47,47,47,41,20,41,43,64,64,70,70,70,70,46,21,42,44,65,65,39,36,32,53,44,65,0,0],"gold":493,"neow_bonus":"UPGRADE_CARD","is_daily":false,"chose_seed":false,"campfire_upgraded":0,"win_rate":0.0,"timestamp":1613036830,"path_taken":["M","M","$","?","M","M","$","E","T","?","E","?","R","M","R","BOSS","M","?","M","M","M","R","M","R","T","M","E","M","R","M","R","BOSS"],"items_purchased_type":["Card","Card","Card","Card"],"build_version":"2020-12-22","purchased_purges":0,"victory":false,"max_hp_per_floor":[70,70,70,70,70,70,70,70,70,70,70,70,70,70,70,70,70,70,70,70,70,70,70,70,70,70,70,70,70,70,70,70,70,70],"card_choices":[{"not_picked":["Dodge and Roll","Blur"],"picked":"Quick Slash","floor":1},{"not_picked":["Outmaneuver","Backflip"],"picked":"Quick Slash","floor":2},{"not_picked":["Malaise","Riddle With Holes"],"picked":"Poisoned Stab","floor":5},{"not_picked":["Catalyst","Sucker Punch"],"picked":"Blade Dance","floor":6},{"not_picked":["Acrobatics","Dodge and Roll"],"picked":"Blade Dance","floor":8},{"not_picked":["Cloak And Dagger+1","Dodge and Roll+1"],"picked":"Blade Dance+1","floor":10},{"not_picked":["Flying Knee","Masterful Stab"],"picked":"Bane","floor":11},{"not_picked":["Sucker Punch","Dagger Throw"],"picked":"Infinite Blades","floor":13},{"not_picked":["Cloak And Dagger+1","Bane"],"picked":"Well Laid Plans","floor":14},{"not_picked":["PiercingWail+1","Crippling Poison+1"],"picked":"Dagger Spray","floor":15},{"not_picked":["Corpse Explosion+1","Glass Knife"],"picked":"Envenom","floor":16},{"not_picked":["Escape Plan+1","Slice+1"],"picked":"Well Laid Plans+1","floor":18},{"not_picked":["Madness+1","Discovery+1"],"picked":"Apotheosis+1","floor":19},{"not_picked":["Transmutation+1","Secret Weapon+1"],"picked":"Flash of Steel","floor":19},{"not_picked":["Quick Slash+1","Dodge and Roll+1"],"picked":"Noxious Fumes+1","floor":20},{"not_picked":["Flying Knee","Dodge and Roll+1"],"picked":"Dagger Spray","floor":21},{"not_picked":["Cloak And Dagger+1","Prepared+1"],"picked":"Deflect+1","floor":22},{"not_picked":["Underhanded Strike","Glass Knife","Eviscerate+1"],"picked":"SKIP","floor":24},{"not_picked":["Finisher","Backflip+1"],"picked":"Acrobatics+1","floor":25},{"not_picked":["Flying Knee+1","Masterful Stab","Setup+1"],"picked":"SKIP","floor":27},{"not_picked":["Tactician+1","Escape Plan+1"],"picked":"Backstab+1","floor":28},{"not_picked":["PiercingWail+1","Reflex+1"],"picked":"Endless Agony+1","floor":29},{"not_picked":["Infinite Blades+1","Leg Sweep+1"],"picked":"Caltrops","floor":30},{"not_picked":["Underhanded Strike+1","Choke+1"],"picked":"Slice+1","floor":31}],"player_experience":499627,"relics_obtained":[{"floor":8,"key":"Ginger"},{"floor":9,"key":"Toxic Egg 2"},{"floor":11,"key":"Blood Vial"},{"floor":26,"key":"PreservedInsect"},{"floor":28,"key":"Molten Egg 2"}],"event_choices":[{"damage_healed":0,"gold_gain":100,"player_choice":"Gold","damage_taken":0,"max_hp_gain":0,"max_hp_loss":0,"event_name":"Wheel of Change","floor":4,"gold_loss":0},{"damage_healed":0,"gold_gain":1,"player_choice":"Relic Relic ","damage_taken":21,"max_hp_gain":0,"max_hp_loss":0,"event_name":"betterThird:BetterScrap","floor":12,"gold_loss":0,"cards_obtained":["Study"]},{"damage_healed":0,"gold_gain":2,"player_choice":"1","damage_taken":0,"max_hp_gain":0,"max_hp_loss":0,"event_name":"betterStone:BetterStone","floor":19,"gold_loss":0}],"is_beta":false,"boss_relics":[{"not_picked":["energizedSpire:PogoStick","energizedSpire:StickyHand"],"picked":"energizedSpire:OgreHead"}],"items_purged_floors":[],"is_endless":false,"potions_floor_spawned":[2,6,8,14,16,20,22,27,28],"killed_by":"Automaton","ascension_level":1}}