{"host":"zxkjcgzis4pm3za5","time":1613017855,"event":{"mods":["AchievementEnabler","BaseMod","Colored Map","Colored Powertips","Minty Spire (QoL Compilation)","Quick Restart","RNG Fix","Random Character Button","Relic Sorter","Relic Stats","StSLib"],"gold_per_floor":[118,129,204,215,42,42,69,69,69,87,121,133,147,117,117,191,191,207,232,232,249,10,10,10],"floor_reached":23,"language":"ENG","playtime":686,"items_purged":["Strike_R"],"score":402,"play_id":"30d8d063-c119-44d8-8af1-6d05f5497d64","local_time":"20210211100055","is_ascension_mode":true,"campfire_choices":[{"data":"Flex","floor":6,"key":"SMITH"},{"data":"Limit Break","floor":8,"key":"SMITH"},{"floor":15,"key":"REST"}],"circlet_count":0,"master_deck":["AscendersBane","Strike_R","Strike_R","Strike_R","Strike_R","Defend_R","Defend_R","Defend_R","Defend_R","Bash","Flex+1","Shrug It Off","Limit Break+1","Cleave","Anger","Shockwave","Twin Strike","Offering","Sword Boomerang","Thunderclap","Disarm","Spot Weakness"],"relics":["Burning Blood","Sling","Ornamental Fan","Incense Burner","Bag of Marbles","Black Star","Red Mask","Membership Card"],"acts_visited":["Exordium","TheCity"],"potions_floor_usage":[7,10,11,16,18,19,21,23],"damage_taken":[{"damage":2,"enemies":"2 Louse","floor":1,"turns":3},{"damage":17,"enemies":"Cultist","floor":2,"turns":4},{"damage":12,"enemies":"Jaw Worm","floor":4,"turns":3},{"damage":24,"enemies":"Gremlin Nob","floor":7,"turns":4},{"damage":8,"enemies":"Exordium Wildlife","floor":10,"turns":5},{"damage":14,"enemies":"3 Sentries","floor":11,"turns":5},{"damage":7,"enemies":"Lots of Slimes","floor":12,"turns":3},{"damage":11,"enemies":"Red Slaver","floor":13,"turns":5},{"damage":36,"enemies":"Slime Boss","floor":16,"turns":9},{"damage":13,"enemies":"Spheric Guardian","floor":18,"turns":6},{"damage":41,"enemies":"Masked Bandits","floor":19,"turns":6},{"damage":10,"enemies":"2 Thieves","floor":21,"turns":2},{"damage":39,"enemies":"Book of Stabbing","floor":23,"turns":3}],"seed_played":"3490915408124397777","potions_obtained":[{"floor":4,"key":"Block Potion"},{"floor":7,"key":"LiquidMemories"},{"floor":10,"key":"LiquidMemories"},{"floor":14,"key":"BlessingOfTheForge"},{"floor":14,"key":"Fruit Juice"},{"floor":16,"key":"Block Potion"},{"floor":18,"key":"Block Potion"},{"floor":19,"key":"Block Potion"}],"is_trial":false,"path_per_floor":["M","M","?","M","$","R","E","R","T","M","E","M","M","?","R","B",null,"M","?","?","M","$","E"],"character_chosen":"IRONCLAD","items_purchased":["Sling","Membership Card","Spot Weakness"],"campfire_rested":1,"item_purchase_floors":[5,22,22],"current_hp_per_floor":[79,68,57,51,51,51,33,33,33,31,23,22,17,17,41,11,64,57,22,38,34,34,0,0],"gold":10,"neow_bonus":"TEN_PERCENT_HP_BONUS","is_daily":false,"chose_seed":false,"campfire_upgraded":2,"win_rate":0.0,"timestamp":1613017855,"path_taken":["M","M","?","M","$","R","E","R","T","M","E","M","M","?","R","BOSS","M","?","?","M","$","E"],"items_purchased_type":["Relic","Relic","Card"],"build_version":"2020-12-22","purchased_purges":1,"victory":false,"max_hp_per_floor":[82,82,82,82,82,82,82,82,82,82,82,82,82,82,82,82,82,82,82,82,82,82,87,87],"relic_stats":{"counters":[13,58],"Ornamental Fan":[48],"Black Star":0,"obtain_stats":[{"Ornamental Fan":7,"Incense Burner":9,"Bag of Marbles":11,"Black Star":17,"Red Mask":19,"Membership Card":22,"Sling":5,"Burning Blood":0},{"Ornamental Fan":4,"Incense Burner":4,"Bag of Marbles":6,"Black Star":9,"Red Mask":11,"Membership Card":12,"Sling":3,"Burning Blood":0},{"Ornamental Fan":14,"Incense Burner":14,"Bag of Marbles":24,"Black Star":41,"Red Mask":53,"Membership Card":55,"Sling":10,"Burning Blood":0}],"Burning Blood":72},"card_choices":[{"not_picked":["Searing Blow","Burning Pact"],"picked":"Flex","floor":1},{"not_picked":["Wild Strike","Warcry","Clash"],"picked":"SKIP","floor":2},{"not_picked":["Havoc","Rampage"],"picked":"Shrug It Off","floor":4},{"not_picked":["Searing Blow","Pommel Strike"],"picked":"Limit Break","floor":7},{"not_picked":["Clash","Sentinel"],"picked":"Cleave","floor":10},{"not_picked":["Heavy Blade","Shrug It Off"],"picked":"Anger","floor":11},{"not_picked":["Cleave","Second Wind"],"picked":"Shockwave","floor":12},{"not_picked":["Sentinel","Cleave"],"picked":"Twin Strike","floor":13},{"not_picked":["Double Tap","Juggernaut"],"picked":"Offering","floor":16},{"not_picked":["Anger","Carnage"],"picked":"Sword Boomerang","floor":18},{"not_picked":["Warcry","Cleave"],"picked":"Thunderclap","floor":19},{"not_picked":["Metallicize","Shockwave"],"picked":"Disarm","floor":21}],"player_experience":351911,"relics_obtained":[{"floor":7,"key":"Ornamental Fan"},{"floor":9,"key":"Incense Burner"},{"floor":11,"key":"Bag of Marbles"},{"floor":19,"key":"Red Mask"}],"event_choices":[{"damage_healed":0,"gold_gain":75,"player_choice":"Gather Gold","damage_taken":11,"max_hp_gain":0,"max_hp_loss":0,"event_name":"World of Goop","floor":3,"gold_loss":0},{"damage_healed":0,"gold_gain":0,"player_choice":"Bought 2 Potions","damage_taken":0,"max_hp_gain":0,"max_hp_loss":0,"event_name":"The Woman in Blue","floor":14,"gold_loss":0},{"damage_healed":0,"gold_gain":0,"player_choice":"Fought Bandits","damage_taken":0,"max_hp_gain":0,"max_hp_loss":0,"event_name":"Masked Bandits","floor":19,"gold_loss":0},{"damage_healed":16,"gold_gain":0,"player_choice":"Heal","damage_taken":0,"max_hp_gain":0,"max_hp_loss":0,"event_name":"The Library","floor":20,"gold_loss":0}],"is_beta":false,"boss_relics":[{"not_picked":["Empty Cage","Black Blood"],"picked":"Black Star"}],"items_purged_floors":[22],"is_endless":false,"potions_floor_spawned":[4,7,10,16,18,19],"killed_by":"Book of Stabbing","ascension_level":20}}