{"host":"k6d6vy172g6ium25","time":1613056235,"event":{"mods":["Act Like it!","BaseMod","Bossed Relics","Custom Start","Downfall","Friendly Minions","Kiyohime????","Marisa????????","Minty Spire (QoL Compilation)","Prisma Mod","Rare Cards Sparkle","Relic Filter","StSLib","The Alterego","Transform Curses","Waifu the Spire","Wide Potions","Yakumo Yukari mod","Yohane!"],"gold_per_floor":[118,137,152,302,348,368,395,395,395,395],"floor_reached":8,"language":"ENG","playtime":537,"items_purged":[],"score":48,"play_id":"f3622114-8460-4927-ab29-a370b9e9650c","local_time":"20210211161035","is_ascension_mode":false,"campfire_choices":[],"circlet_count":0,"master_deck":["hexamod:Strike","hexamod:Strike","hexamod:Strike","hexamod:Strike","hexamod:Defend","hexamod:Defend","hexamod:Defend","hexamod:Defend","hexamod:Sear","hexamod:Float","hexamod:EtherealExpedition","hexamod:NightmareGuise","hexamod:FastForward","downfall:Icky","hexamod:EmpoweredFlame"],"relics":["hexamod:SpiritBrand","Juzu Bracelet"],"acts_visited":["Exordium"],"potions_floor_usage":[6,6],"damage_taken":[{"damage":0,"enemies":"2 Louse","floor":1,"turns":3},{"damage":0,"enemies":"Jaw Worm","floor":2,"turns":5},{"damage":0,"enemies":"Small Slimes","floor":3,"turns":3},{"damage":6,"enemies":"Gremlin Gang","floor":6,"turns":5},{"damage":25,"enemies":"Gremlin Nob","floor":8,"turns":5}],"seed_played":"7229124790093615120","potions_obtained":[{"floor":1,"key":"FearPotion"},{"floor":2,"key":"champ:CounterPotion"}],"is_trial":false,"path_per_floor":["M","M","M","?","T","M","T","E"],"character_chosen":"THE_SPIRIT","items_purchased":[],"campfire_rested":0,"item_purchase_floors":[],"current_hp_per_floor":[77,77,77,77,77,71,71,46,46,46],"gold":395,"neow_bonus":"TEN_PERCENT_HP_BONUS","is_daily":false,"chose_seed":false,"campfire_upgraded":0,"win_rate":0.0,"timestamp":1613056235,"path_taken":["M","M","M","?","?","M","T","E"],"items_purchased_type":[],"build_version":"2020-12-22","purchased_purges":0,"victory":false,"max_hp_per_floor":[77,77,77,77,77,77,77,77,77,77],"card_choices":[{"not_picked":["hexamod:GhostflameBarrier","hexamod:SuperheatedStrike"],"picked":"hexamod:EtherealExpedition","floor":1},{"not_picked":["hexamod:SoulSteal","hexamod:Firestarter"],"picked":"hexamod:NightmareGuise","floor":2},{"not_picked":["hexamod:SwordOfDarkness","hexamod:Again"],"picked":"hexamod:FastForward","floor":3},{"not_picked":["hexamod:HeatShield","hexamod:NightmareGuise"],"picked":"hexamod:EmpoweredFlame","floor":6}],"player_experience":90750,"relics_obtained":[{"floor":5,"key":"Juzu Bracelet"}],"event_choices":[],"is_beta":false,"boss_relics":[],"items_purged_floors":[],"is_endless":false,"potions_floor_spawned":[1,2,3],"killed_by":"Gremlin Nob","ascension_level":0}}