{"host":"w4b7hmige5bnqipq","time":1613026928,"event":{"mods":["2.2 Compatiblity","BaseMod","Colored Map","DeckTracker","Keyboard Shortcuts","Minty Spire (QoL Compilation)","Permanent Neow","Rare Cards Sparkle","SuperFastMode","everything is the same but u backflip on backflip","slay the spire mod where everything is the same but ironclad has a cowboy hat"],"gold_per_floor":[118,133,147,147,29,29,63,77,100,137,225,162,190,190,190,190,190],"floor_reached":16,"language":"KOR","playtime":349,"items_purged":["Strike_R"],"score":236,"play_id":"7dbbf502-3a4d-407b-ac68-d4cf1d2fe005","local_time":"20210211160208","is_ascension_mode":true,"campfire_choices":[{"data":"Disarm","floor":6.0,"key":"SMITH"},{"floor":15,"key":"REST"}],"circlet_count":0,"master_deck":["AscendersBane","Strike_R","Strike_R","Strike_R","Strike_R","Defend_R","Defend_R","Defend_R","Defend_R","Bash+1","Anger","Havoc","Battle Trance","Evolve","Disarm+1","Shrug It Off","Double Tap","Battle Trance","Limit Break"],"relics":["Burning Blood","PreservedInsect","Tiny Chest","MawBank","Bronze Scales","Centennial Puzzle"],"acts_visited":["Exordium"],"potions_floor_usage":[13,13],"damage_taken":[{"damage":10.0,"enemies":"Small Slimes","floor":1.0,"turns":3.0},{"damage":12.0,"enemies":"Jaw Worm","floor":2.0,"turns":4.0},{"damage":6.0,"enemies":"Cultist","floor":3.0,"turns":4.0},{"damage":24.0,"enemies":"Lagavulin","floor":7.0,"turns":7.0},{"damage":11.0,"enemies":"Blue Slaver","floor":8.0,"turns":4.0},{"damage":27,"enemies":"3 Sentries","floor":10,"turns":9},{"damage":18,"enemies":"Gremlin Nob","floor":13,"turns":4},{"damage":28,"enemies":"The Guardian","floor":16,"turns":3}],"seed_played":"-9025829735202365099","potions_obtained":[{"floor":1.0,"key":"Fruit Juice"},{"floor":8.0,"key":"Ancient Potion"},{"floor":14,"key":"Block Potion"},{"floor":14,"key":"Dexterity Potion"}],"is_trial":false,"path_per_floor":["M","M","M","?","$","R","E","M","T","E","?","$","E","?","R","B"],"character_chosen":"IRONCLAD","items_purchased":["Evolve","Disarm"],"campfire_rested":1,"item_purchase_floors":[5,5],"current_hp_per_floor":[64,58,58,58,58,58,40,35,35,14,14,14,7,7,31,3,3],"gold":190,"neow_bonus":"RANDOM_COMMON_RELIC","is_daily":false,"chose_seed":false,"campfire_upgraded":1,"win_rate":0.0,"timestamp":1613026928,"path_taken":["M","M","M","?","$","R","E","M","T","E","?","$","E","?","R","BOSS"],"items_purchased_type":["Card","Card"],"build_version":"2020-12-22","purchased_purges":1,"victory":false,"max_hp_per_floor":[75,75,75,75,75,75,75,75,75,75,75,75,80,80,80,80,80],"card_choices":[{"not_picked":["Rupture","Iron Wave"],"picked":"Anger","floor":1.0},{"not_picked":["Perfected Strike","Body Slam"],"picked":"Havoc","floor":2.0},{"not_picked":["Dropkick","Twin Strike"],"picked":"Battle Trance","floor":3.0},{"not_picked":["Headbutt","Rage"],"picked":"Shrug It Off","floor":7.0},{"not_picked":["Cleave","Anger"],"picked":"Double Tap","floor":8.0},{"not_picked":["Dropkick","Perfected Strike"],"picked":"Battle Trance","floor":10},{"not_picked":["Infernal Blade","Searing Blow"],"picked":"Limit Break","floor":13}],"player_experience":737100,"relics_obtained":[{"floor":7.0,"key":"Tiny Chest"},{"floor":9.0,"key":"MawBank"},{"floor":10,"key":"Bronze Scales"},{"floor":13,"key":"Centennial Puzzle"}],"event_choices":[{"damage_healed":0.0,"max_hp_gain":0.0,"max_hp_loss":0.0,"gold_gain":0.0,"event_name":"Living Wall","player_choice":"Grow","floor":4.0,"gold_loss":0.0,"damage_taken":0.0,"cards_upgraded":["Bash"]},{"damage_healed":0,"gold_gain":76,"player_choice":"Gained Gold","damage_taken":0,"max_hp_gain":0,"max_hp_loss":0,"event_name":"Golden Wing","floor":11,"gold_loss":0},{"damage_healed":0,"gold_gain":0,"player_choice":"Got Potions","damage_taken":0,"max_hp_gain":0,"max_hp_loss":0,"event_name":"Lab","floor":14,"gold_loss":0}],"is_beta":false,"boss_relics":[],"items_purged_floors":[12],"is_endless":false,"potions_floor_spawned":[1,8],"killed_by":"The Guardian","ascension_level":20}}