{"host":"6xsbn6ynqlzwllfm","time":1613010660,"event":{"mods":["2.2 Compatiblity","BaseMod","Bestiary","Colored Map","Colored Powertips","Curses Come First","Highlight Path","Keyboard Shortcuts","Minty Spire (QoL Compilation)","Relic Stats","Slay the Relics Exporter","StSLib","SuperFastMode"],"gold_per_floor":[117,2,2,2,14,14,52,52,104,144,163,163,163,98,98,185,185,205,11,31,69,93,135,149,149,158,158,158,174,183,49,49,135,135,155,155,377,99,99,140,140,174,183,215,224,224,244,42,42,42,42,42,42,36,36,36],"floor_reached":55,"language":"ENG","playtime":1970,"items_purged":["Strike_R","Pain","Strike_R","Pain"],"score":2050,"play_id":"3d1c72a0-d43b-4a0c-923c-c59e23847798","local_time":"20210210213100","is_ascension_mode":true,"campfire_choices":[{"data":"Barricade","floor":6,"key":"SMITH"},{"data":"Bash","floor":8,"key":"SMITH"},{"data":"Feel No Pain","floor":12,"key":"SMITH"},{"data":"Fiend Fire","floor":15,"key":"SMITH"},{"data":"Demon Form","floor":25,"key":"SMITH"},{"floor":28,"key":"REST"},{"data":"RitualDagger","floor":32,"key":"SMITH"},{"data":"1","floor":41,"key":"LIFT"},{"floor":46,"key":"RECALL"},{"data":"2","floor":49,"key":"LIFT"},{"data":"3","floor":53,"key":"LIFT"}],"circlet_count":0,"master_deck":["AscendersBane","Strike_R","Strike_R","Defend_R","Defend_R+1","Defend_R","Defend_R","Bash+1","Rampage+1","Barricade+1","Headbutt","Dropkick","Feel No Pain+1","Fiend Fire+1","Flame Barrier","Exhume","Headbutt","Battle Trance","Shrug It Off","Shockwave","Feel No Pain+1","Demon Form+1","Havoc","RitualDagger+1","Berserk","Reaper","Impervious","Offering","Heavy Blade+1","Uppercut","Secret Technique","Body Slam","Seeing Red+1","Pain","Feel No Pain","Entrench+1","Shrug It Off+1"],"relics":["Black Blood","NeowsBlessing","CeramicFish","Bag of Preparation","Mummified Hand","Turnip","Cursed Key","Membership Card","Red Mask","Potion Belt","Anchor","Enchiridion","OrangePellets","Orrery","Vajra","Girya","Toxic Egg 2","Nunchaku","WarpedTongs","Akabeko"],"acts_visited":["Exordium","TheCity","TheBeyond","TheEnding"],"potions_floor_usage":[10,16,21,22,23,50,55,55,55],"damage_taken":[{"damage":0,"enemies":"Cultist","floor":1,"turns":1},{"damage":0,"enemies":"Jaw Worm","floor":5,"turns":1},{"damage":0,"enemies":"Gremlin Nob","floor":7,"turns":1},{"damage":34,"enemies":"3 Sentries","floor":10,"turns":8},{"damage":2,"enemies":"2 Louse","floor":11,"turns":4},{"damage":31,"enemies":"Slime Boss","floor":16,"turns":9},{"damage":0,"enemies":"Chosen","floor":18,"turns":3},{"damage":11,"enemies":"2 Thieves","floor":20,"turns":4},{"damage":8,"enemies":"Masked Bandits","floor":21,"turns":4},{"damage":12,"enemies":"Cultist and Chosen","floor":22,"turns":7},{"damage":15,"enemies":"Slavers","floor":23,"turns":7},{"damage":2,"enemies":"Centurion and Healer","floor":24,"turns":6},{"damage":4,"enemies":"3 Cultists","floor":29,"turns":5},{"damage":19,"enemies":"Champ","floor":33,"turns":6},{"damage":20,"enemies":"3 Darklings","floor":35,"turns":5},{"damage":46,"enemies":"Nemesis","floor":40,"turns":9},{"damage":12,"enemies":"Giant Head","floor":42,"turns":4},{"damage":40,"enemies":"Nemesis","floor":44,"turns":3},{"damage":18,"enemies":"3 Shapes","floor":47,"turns":9},{"damage":34,"enemies":"Time Eater","floor":50,"turns":6},{"damage":44,"enemies":"Donu and Deca","floor":51,"turns":8},{"damage":75,"enemies":"Shield and Spear","floor":55,"turns":3}],"seed_played":"8104632066797906668","potions_obtained":[{"floor":5,"key":"Regen Potion"},{"floor":7,"key":"SpeedPotion"},{"floor":11,"key":"SpeedPotion"},{"floor":20,"key":"Block Potion"},{"floor":21,"key":"Swift Potion"},{"floor":23,"key":"Fire Potion"},{"floor":24,"key":"ElixirPotion"},{"floor":40,"key":"DistilledChaos"},{"floor":42,"key":"LiquidMemories"}],"is_trial":false,"path_per_floor":["M","$","?","?","M","R","E","R","T","E","M","R","T","$","R","B",null,"M","$","M","?","M","E","M","R","T","?","R","M","?","$","R","B",null,"M","$","?","$","?","E","R","E","T","E","?","R","M","$","R","B","B",null,"R","$","E"],"character_chosen":"IRONCLAD","items_purchased":["Rampage","Flame Barrier","Membership Card","Battle Trance","Shrug It Off","OrangePellets","Orrery","Vajra","Secret Technique","Feel No Pain","Entrench+1","Akabeko","Shrug It Off+1"],"campfire_rested":1,"item_purchase_floors":[2,14,19,19,19,31,38,38,38,48,48,48,54],"current_hp_per_floor":[74,74,74,51,57,57,63,63,63,50,54,54,54,54,54,29,64,70,70,65,63,57,48,52,52,52,31,53,55,49,49,49,36,65,57,57,57,57,57,62,62,75,75,47,47,47,60,60,60,63,63,72,72,72,0,0],"gold":36,"neow_bonus":"THREE_ENEMY_KILL","is_daily":false,"chose_seed":false,"campfire_upgraded":6,"win_rate":0.0,"timestamp":1613010660,"path_taken":["M","?","?","?","M","R","E","R","T","E","M","R","?","$","R","BOSS","M","$","M","?","M","E","M","R","T","?","R","M","?","$","R","BOSS","M","$","?","$","?","E","R","E","T","E","?","R","?","?","R","BOSS","BOSS","R","$","E"],"items_purchased_type":["Card","Card","Relic","Card","Card","Relic","Relic","Relic","Card","Card","Card","Relic","Card"],"build_version":"2020-12-22","purchased_purges":4,"victory":false,"max_hp_per_floor":[75,75,75,75,75,75,75,75,75,75,75,75,75,75,75,75,75,75,75,75,75,75,75,75,75,75,75,75,75,75,75,75,75,75,75,75,75,75,75,75,75,75,75,75,75,75,75,75,75,75,75,75,75,75,75,75],"relic_stats":{"OrangePellets":[15],"Nunchaku":[4],"counters":[22,113],"Mummified Hand":[108],"CeramicFish":252,"Black Blood":168,"Turnip":[13],"Bag of Preparation":[38],"Cursed Key":2,"obtain_stats":[{"Potion Belt":23,"Girya":40,"NeowsBlessing":0,"CeramicFish":7,"Enchiridion":27,"Black Blood":34,"Vajra":38,"Bag of Preparation":9,"Cursed Key":17,"Burning Blood":0,"Akabeko":48,"WarpedTongs":45,"OrangePellets":31,"Anchor":26,"Nunchaku":44,"Mummified Hand":10,"Orrery":38,"Turnip":13,"Red Mask":21,"Membership Card":19,"Toxic Egg 2":42},{"Potion Belt":11,"Girya":16,"NeowsBlessing":0,"CeramicFish":3,"Enchiridion":12,"Black Blood":14,"Vajra":15,"Bag of Preparation":3,"Cursed Key":6,"Burning Blood":0,"Akabeko":19,"WarpedTongs":18,"OrangePellets":13,"Anchor":12,"Nunchaku":18,"Mummified Hand":4,"Orrery":15,"Turnip":5,"Red Mask":9,"Membership Card":7,"Toxic Egg 2":17},{"Potion Belt":49,"Girya":80,"NeowsBlessing":0,"CeramicFish":3,"Enchiridion":55,"Black Blood":66,"Vajra":71,"Bag of Preparation":3,"Cursed Key":24,"Burning Blood":0,"Akabeko":96,"WarpedTongs":87,"OrangePellets":60,"Anchor":55,"Nunchaku":87,"Mummified Hand":11,"Orrery":71,"Turnip":15,"Red Mask":35,"Membership Card":27,"Toxic Egg 2":84}],"WarpedTongs":[26]},"card_choices":[{"not_picked":["Flame Barrier","Bloodletting"],"picked":"Sword Boomerang","floor":1},{"not_picked":["Anger","Sentinel"],"picked":"Headbutt","floor":5},{"not_picked":["Warcry","Intimidate"],"picked":"Dropkick","floor":7},{"not_picked":["Armaments","Twin Strike"],"picked":"Feel No Pain","floor":10},{"not_picked":["Burning Pact","Clash"],"picked":"Fiend Fire","floor":11},{"not_picked":["Berserk","Barricade"],"picked":"Exhume","floor":16},{"not_picked":["Flex","Searing Blow"],"picked":"Headbutt","floor":18},{"not_picked":["Warcry","Bloodletting"],"picked":"Shockwave","floor":20},{"not_picked":["Uppercut","Havoc"],"picked":"Feel No Pain+1","floor":21},{"not_picked":["Heavy Blade","Havoc"],"picked":"Demon Form","floor":22},{"not_picked":["Wild Strike","Combust"],"picked":"Havoc","floor":23},{"not_picked":["Limit Break","Exhume"],"picked":"Berserk","floor":33},{"not_picked":["Pommel Strike","Twin Strike"],"picked":"Reaper","floor":38},{"not_picked":["Havoc","Sever Soul"],"picked":"Impervious","floor":38},{"not_picked":["Feel No Pain+1","Ghostly Armor"],"picked":"Offering","floor":38},{"not_picked":["Perfected Strike+1","True Grit"],"picked":"Heavy Blade+1","floor":38},{"not_picked":["Thunderclap","Havoc"],"picked":"Uppercut","floor":38},{"not_picked":["Blood for Blood+1","Twin Strike"],"picked":"Body Slam","floor":40},{"not_picked":["Iron Wave","Warcry+1"],"picked":"Seeing Red+1","floor":42}],"player_experience":1456404,"relics_obtained":[{"floor":7,"key":"CeramicFish"},{"floor":9,"key":"Bag of Preparation"},{"floor":10,"key":"Mummified Hand"},{"floor":13,"key":"Turnip"},{"floor":21,"key":"Red Mask"},{"floor":23,"key":"Potion Belt"},{"floor":26,"key":"Anchor"},{"floor":27,"key":"Enchiridion"},{"floor":40,"key":"Girya"},{"floor":42,"key":"Toxic Egg 2"},{"floor":44,"key":"Nunchaku"}],"event_choices":[{"damage_healed":0,"gold_gain":0,"cards_transformed":["Strike_R"],"player_choice":"Change","damage_taken":0,"max_hp_gain":0,"max_hp_loss":0,"event_name":"Living Wall","floor":3,"gold_loss":0,"cards_obtained":["Barricade"]},{"damage_healed":0,"gold_gain":0,"player_choice":"Entered Light","damage_taken":23,"max_hp_gain":0,"max_hp_loss":0,"event_name":"Shining Light","floor":4,"gold_loss":0,"cards_upgraded":["Rampage","Defend_R"]},{"damage_healed":0,"gold_gain":0,"player_choice":"Fought Bandits","damage_taken":0,"max_hp_gain":0,"max_hp_loss":0,"event_name":"Masked Bandits","floor":21,"gold_loss":0},{"damage_healed":0,"gold_gain":0,"player_choice":"Obtained Book","damage_taken":21,"max_hp_gain":0,"max_hp_loss":0,"event_name":"Cursed Tome","floor":27,"gold_loss":0},{"damage_healed":0,"gold_gain":0,"player_choice":"Joined the Cult","damage_taken":6,"max_hp_gain":0,"max_hp_loss":0,"event_name":"Nest","floor":30,"gold_loss":0,"cards_obtained":["RitualDagger"]},{"damage_healed":0,"gold_gain":222,"player_choice":"Wore Mask","damage_taken":0,"max_hp_gain":0,"max_hp_loss":0,"event_name":"Tomb of Lord Red Mask","floor":37,"gold_loss":0},{"cards_removed":["Sword Boomerang"],"damage_healed":0,"gold_gain":0,"player_choice":"Removed Attack","damage_taken":0,"max_hp_gain":0,"max_hp_loss":0,"event_name":"Falling","floor":39,"gold_loss":0},{"damage_healed":0,"gold_gain":0,"player_choice":"Rummage","damage_taken":0,"relics_obtained":["WarpedTongs"],"max_hp_gain":0,"max_hp_loss":0,"event_name":"Accursed Blacksmith","floor":45,"gold_loss":0,"cards_obtained":["Pain"]}],"is_beta":false,"boss_relics":[{"not_picked":["SacredBark","Tiny House"],"picked":"Cursed Key"},{"not_picked":["Philosopher\u0027s Stone","Runic Dome"],"picked":"Black Blood"}],"items_purged_floors":[2,31,38,48],"is_endless":false,"potions_floor_spawned":[5,7,11,20,21,23,24,40,42],"killed_by":"Shield and Spear","ascension_level":20}}