{"host":"06x7ibqulglyn97c","time":1613042040,"event":{"mods":["AchievementEnabler","BaseMod","Downfall","Minty Spire (QoL Compilation)","Rare Cards Sparkle","Relic Sorter","Relic Stats","StSLib","The Awakened One except there are too many feathers"],"gold_per_floor":[99,110,110,71,87,87,87,87,106,106,106,106,16,45,63,163,163,163,263,263,278,296,314,337,337,355,385,385,385,411,427,442,544,544,544,562,577,15,15,32,87,98,111,126,126,126,139,159,159],"floor_reached":50,"language":"ENG","playtime":5761,"items_purged":["Regret","Guardian:Strike_Guardian"],"score":676,"play_id":"93582208-d1de-46da-920f-857a7c50800b","local_time":"20210211111400","is_ascension_mode":false,"campfire_choices":[{"data":"Guardian:CurlUp","floor":1,"key":"SMITH"},{"data":"Guardian:FloatingOrbs","floor":10,"key":"SMITH"},{"data":"Guardian:Recover","floor":12,"key":"SMITH"},{"data":"Guardian:TwinSlam","floor":18,"key":"SMITH"},{"floor":29,"key":"REST"},{"data":"Guardian:MultiBeam","floor":35,"key":"SMITH"},{"data":"Guardian:StasisStrike","floor":46,"key":"SMITH"}],"circlet_count":0,"master_deck":["Guardian:Strike_Guardian","Guardian:Defend_Guardian","Guardian:Defend_Guardian","Guardian:Defend_Guardian+1","Guardian:CurlUp+1","Guardian:TwinSlam+1","Guardian:Recover+1","Guardian:FloatingOrbs+1","Guardian:Incinerate","Guardian:Recover+1","Guardian:Incinerate","downfall:Malfunctioning","Guardian:ExploitGems","Guardian:ShieldCharger+1","Guardian:TimeSifter","Guardian:BaubleBeam+1","Guardian:Suspension+1","Guardian:MultiBeam+1","Guardian:DonusPower+1","Guardian:StasisStrike+1"],"relics":["Guardian:ModeShifter","Dead Branch","Matryoshka","Anchor","Unceasing Top","Odd Mushroom","SacredBark","MutagenicStrength","The Courier","Pen Nib","Potion Belt","Toy Ornithopter","Philosopher\u0027s Stone","Lizard Tail","MealTicket","downfall:TeleportStone"],"acts_visited":["Exordium","TheCity","TheBeyond"],"potions_floor_usage":[4,21,21,27,27,30,33,40,49,49,49,49,49],"damage_taken":[{"damage":1,"enemies":"2 Louse","floor":2,"turns":4},{"damage":0,"enemies":"downfall:FleeingMerchant","floor":4,"turns":4},{"damage":0,"enemies":"Cultist","floor":5,"turns":3},{"damage":4,"enemies":"Jaw Worm","floor":9,"turns":4},{"damage":5,"enemies":"downfall:FleeingMerchant","floor":13,"turns":4},{"damage":9,"enemies":"The Mushroom Lair","floor":14,"turns":5},{"damage":4,"enemies":"Exordium Wildlife","floor":15,"turns":5},{"damage":44,"enemies":"IC_STATUS_ARCHETYPE","floor":16,"turns":14},{"damage":41,"enemies":"downfall:Augmenter","floor":19,"turns":9},{"damage":10,"enemies":"Shell Parasite","floor":21,"turns":6},{"damage":20,"enemies":"3 Cultists","floor":22,"turns":7},{"damage":2,"enemies":"Centurion and Healer","floor":23,"turns":7},{"damage":8,"enemies":"Chosen and Byrds","floor":26,"turns":8},{"damage":27,"enemies":"Book of Stabbing","floor":27,"turns":4},{"damage":0,"enemies":"Slavers","floor":30,"turns":5},{"damage":0,"enemies":"3 Cultists","floor":31,"turns":4},{"damage":0,"enemies":"Sentry and Sphere","floor":32,"turns":5},{"damage":8,"enemies":"SI_MIRROR_ARCHETYPE","floor":33,"turns":11},{"damage":13,"enemies":"3 Darklings","floor":36,"turns":5},{"damage":6,"enemies":"Orb Walker","floor":37,"turns":4},{"damage":20,"enemies":"downfall:FleeingMerchant","floor":38,"turns":4},{"damage":11,"enemies":"Maw","floor":40,"turns":6},{"damage":0,"enemies":"Sphere and 2 Shapes","floor":42,"turns":3},{"damage":8,"enemies":"Transient","floor":43,"turns":5},{"damage":15,"enemies":"3 Darklings","floor":44,"turns":4},{"damage":0,"enemies":"4 Shapes","floor":47,"turns":2},{"damage":0,"enemies":"Spire Growth","floor":48,"turns":3},{"damage":10,"enemies":"WA_ARCHETYPE_DIVINITY","floor":49,"turns":6}],"seed_played":"8049287135138168882","potions_obtained":[{"floor":2,"key":"Block Potion"},{"floor":5,"key":"SkillPotion"},{"floor":14,"key":"Regen Potion"},{"floor":15,"key":"Energy Potion"},{"floor":21,"key":"sneckomod:MuddlingPotion"},{"floor":27,"key":"AttackPotion"},{"floor":30,"key":"champ:CounterPotion"},{"floor":31,"key":"Dexterity Potion"},{"floor":37,"key":"champ:CounterPotion"},{"floor":40,"key":"Regen Potion"},{"floor":42,"key":"LiquidBronze"}],"is_trial":false,"path_per_floor":["R","M","?","$","M","?","T","T","M","R","?","R","$","?","M","B",null,"R","?","?","M","M","M","T","?","M","E","?","R","E","M","M","B",null,"R","M","M","$","?","M","T","M","M","M","?","R","M","M","B",null],"character_chosen":"GUARDIAN","items_purchased":["Guardian:Incinerate","Guardian:Gem_Yellow","Lizard Tail","Guardian:StasisStrike","EssenceOfSteel","Block Potion"],"campfire_rested":1,"item_purchase_floors":[4,38,38,38,38,38],"current_hp_per_floor":[88,87,87,87,87,87,87,87,83,83,83,83,78,69,65,21,88,88,47,47,71,51,49,49,49,41,14,14,40,40,40,40,37,88,88,75,69,49,49,43,43,43,35,20,20,20,20,20,75],"gold":159,"neow_bonus":"TEN_PERCENT_HP_BONUS","is_daily":false,"chose_seed":false,"campfire_upgraded":6,"win_rate":0.0,"timestamp":1613042040,"path_taken":["R","M","?","?","?","?","T","?","M","R","?","R","$","?","M","BOSS","R","?","?","M","?","M","T","?","M","E","?","R","E","M","M","BOSS","R","M","M","$","?","M","T","M","?","M","?","R","?","M","BOSS"],"items_purchased_type":["Card","Card","Relic","Card","Potion","Potion"],"build_version":"2020-12-22","purchased_purges":2,"victory":true,"max_hp_per_floor":[88,88,88,88,88,88,88,88,88,88,88,88,88,88,88,88,88,88,88,88,88,88,88,88,88,88,88,88,88,88,88,88,88,88,88,88,88,88,88,88,88,88,88,88,88,88,88,88,88],"relic_stats":{"Lizard Tail":0,"counters":[28,151],"Dead Branch":[207],"MealTicket":0,"Pen Nib":[23],"obtain_stats":[{"Potion Belt":27,"Dead Branch":6,"SacredBark":17,"Guardian:ModeShifter":0,"The Courier":24,"Pen Nib":24,"downfall:TeleportStone":45,"Odd Mushroom":14,"Anchor":8,"Lizard Tail":38,"Matryoshka":7,"MutagenicStrength":19,"Philosopher\u0027s Stone":34,"MealTicket":41,"Unceasing Top":8,"Toy Ornithopter":30},{"Potion Belt":14,"Dead Branch":3,"SacredBark":8,"Guardian:ModeShifter":0,"The Courier":12,"Pen Nib":12,"downfall:TeleportStone":25,"Odd Mushroom":6,"Anchor":3,"Lizard Tail":21,"Matryoshka":3,"MutagenicStrength":9,"Philosopher\u0027s Stone":18,"MealTicket":22,"Unceasing Top":3,"Toy Ornithopter":15},{"Potion Belt":84,"Dead Branch":11,"SacredBark":43,"Guardian:ModeShifter":0,"The Courier":72,"Pen Nib":72,"downfall:TeleportStone":140,"Odd Mushroom":24,"Anchor":11,"Lizard Tail":122,"Matryoshka":11,"MutagenicStrength":52,"Philosopher\u0027s Stone":109,"MealTicket":128,"Unceasing Top":11,"Toy Ornithopter":89}],"Unceasing Top":[15],"Toy Ornithopter":20},"card_choices":[{"not_picked":["Guardian:Harden","Guardian:ChargeCore"],"picked":"Guardian:Recover","floor":2},{"not_picked":["Guardian:EvasiveProtocol","Guardian:Gem_Fragmented"],"picked":"Guardian:FloatingOrbs","floor":4},{"not_picked":["Guardian:Clone","Guardian:CrystalBeam"],"picked":"Guardian:Recover","floor":5},{"not_picked":["Guardian:Gem_Red","Guardian:Reroute"],"picked":"Guardian:Incinerate","floor":9},{"not_picked":["Guardian:RollAttack","Guardian:PrismaticBarrier","Guardian:Suspension"],"picked":"SKIP","floor":13},{"not_picked":["Guardian:DecasProtection","Guardian:Gem_Red"],"picked":"Guardian:Gem_Lightblue","floor":14},{"not_picked":["Guardian:PiercingHide","Guardian:GuardianWhirl","Guardian:PrimingBeam"],"picked":"SKIP","floor":15},{"not_picked":["Guardian:FastForward","Guardian:StasisField"],"picked":"Guardian:ExploitGems","floor":16},{"not_picked":["Guardian:Planning","Guardian:Incinerate"],"picked":"Guardian:ShieldCharger+1","floor":19},{"not_picked":["Guardian:ExploitGems","Guardian:Gem_Cyan"],"picked":"Guardian:Suspension+1","floor":21},{"not_picked":["Guardian:Planning","Guardian:Recover","Guardian:FloatingOrbs"],"picked":"SKIP","floor":22},{"not_picked":["Guardian:ConstructionForm","Guardian:PrimingBeam"],"picked":"Guardian:MultiBeam","floor":23},{"not_picked":["Guardian:TemporalStrike","Guardian:Suspension"],"picked":"Guardian:DonusPower+1","floor":26},{"not_picked":["Guardian:TemporalShield","Guardian:Gem_Red"],"picked":"Guardian:Gem_Orange","floor":27},{"not_picked":["Guardian:StasisField","Guardian:Gem_Lightblue"],"picked":"Guardian:Gem_Red","floor":30},{"not_picked":["Guardian:Harden+1","Guardian:VentSteam","Guardian:WalkerClaw"],"picked":"SKIP","floor":31},{"not_picked":["Guardian:BodySlam","Guardian:TemporalShield","Guardian:TimeCapacitor+1"],"picked":"SKIP","floor":32},{"not_picked":["Guardian:RevengeProtocol","Guardian:StasisField"],"picked":"Guardian:Gem_Orange","floor":33},{"not_picked":["Guardian:VentSteam+1","Guardian:WalkerClaw","Guardian:RefractedBeam"],"picked":"SKIP","floor":36},{"not_picked":["Guardian:ShieldCharger+1","Guardian:CrystalBeam+1","Guardian:WalkerClaw"],"picked":"SKIP","floor":37},{"not_picked":["Guardian:Clone+1","Guardian:ChargeCore","Guardian:Reroute+1"],"picked":"SKIP","floor":38},{"not_picked":["Guardian:Gem_Fragmented","Guardian:HyperBeam_Guardian"],"picked":"Guardian:Gem_Yellow","floor":40},{"not_picked":["Guardian:Reroute+1","Guardian:RollAttack","Guardian:Emergency+1"],"picked":"SKIP","floor":42},{"not_picked":["Guardian:Gem_Yellow","Guardian:TemporalShield"],"picked":"Guardian:Gem_Cyan","floor":43},{"not_picked":["Guardian:RefractedBeam","Guardian:DonusPower+1","Guardian:Recover+1"],"picked":"SKIP","floor":44},{"not_picked":["Guardian:Gem_Red","Guardian:RollAttack+1","Guardian:BronzeOrb"],"picked":"SKIP","floor":47},{"not_picked":["Guardian:SpikerProtocol","Guardian:CrystalBeam+1","Guardian:PolyBeam"],"picked":"SKIP","floor":48}],"player_experience":684643,"relics_obtained":[{"floor":7,"key":"Matryoshka"},{"floor":8,"key":"Anchor"},{"floor":8,"key":"Unceasing Top"},{"floor":14,"key":"Odd Mushroom"},{"floor":19,"key":"MutagenicStrength"},{"floor":24,"key":"The Courier"},{"floor":24,"key":"Pen Nib"},{"floor":27,"key":"Potion Belt"},{"floor":30,"key":"Toy Ornithopter"},{"floor":41,"key":"MealTicket"}],"event_choices":[{"damage_healed":0,"gold_gain":0,"player_choice":"Box","damage_taken":0,"relics_obtained":["Dead Branch"],"max_hp_gain":0,"max_hp_loss":0,"event_name":"Big Fish","floor":6,"gold_loss":0,"cards_obtained":["Regret"]},{"damage_healed":0,"gold_gain":0,"player_choice":"Fought Mushrooms","damage_taken":0,"max_hp_gain":0,"max_hp_loss":0,"event_name":"Mushrooms","floor":14,"gold_loss":0},{"damage_healed":0,"gold_gain":0,"player_choice":"Ignored","damage_taken":0,"max_hp_gain":0,"max_hp_loss":0,"event_name":"NoteForYourself","floor":20,"gold_loss":0},{"damage_healed":0,"gold_gain":0,"player_choice":"Ignored","damage_taken":0,"max_hp_gain":0,"max_hp_loss":0,"event_name":"Ghosts","floor":25,"gold_loss":0},{"damage_healed":0,"gold_gain":0,"player_choice":"Ignored","damage_taken":0,"max_hp_gain":0,"max_hp_loss":0,"event_name":"Vampires","floor":28,"gold_loss":0}],"is_beta":false,"boss_relics":[{"not_picked":["Black Star","Coffee Dripper"],"picked":"SacredBark"},{"not_picked":["Astrolabe","Runic Pyramid"],"picked":"Philosopher\u0027s Stone"}],"items_purged_floors":[13,38],"is_endless":false,"potions_floor_spawned":[2,5,14,15,21,27,30,31,37,40,42,44,47],"ascension_level":0}}