{"host":"uy3vg6glkp8m6iit","time":1613038591,"event":{"mods":["AchievementEnabler","BaseMod","Colored Map","DeckTracker","Highlight Path","Keyboard Shortcuts","Minty Spire (QoL Compilation)","Quick Restart","Random Character Button","Rare Cards Sparkle","Relic Stats","StSLib","everything is the same but u backflip on backflip"],"gold_per_floor":[137,137,10,65,99,99,151,151,177,227,227,27,27,71,71,172,172,207,207,242,73,133,133,147,223,223,223,287,80,150,203,203,276,276,311,311,329,390,430,430,489,531,556,609,111,125,125,138,138,138,138,138,0,51,51],"floor_reached":56,"language":"KOR","playtime":2930,"items_purged":["Normality","Strike_G"],"score":2074,"play_id":"3ea78356-a7a5-4adb-81eb-aa01c065260d","local_time":"20210211191631","is_ascension_mode":true,"campfire_choices":[{"data":"HandOfGreed","floor":6.0,"key":"SMITH"},{"data":"Neutralize","floor":8.0,"key":"SMITH"},{"floor":11.0,"key":"REST"},{"data":"Bouncing Flask","floor":15.0,"key":"SMITH"},{"data":"Malaise","floor":23.0,"key":"SMITH"},{"floor":32.0,"key":"REST"},{"data":"Catalyst","floor":40.0,"key":"SMITH"},{"floor":47,"key":"REST"},{"floor":49,"key":"RECALL"},{"data":"Well Laid Plans","floor":52,"key":"SMITH"}],"circlet_count":0,"master_deck":["AscendersBane","Strike_G","Strike_G","Strike_G+1","Defend_G+1","Defend_G","Defend_G+1","Defend_G","Survivor","Neutralize+1","HandOfGreed+1","Bouncing Flask+1","Dagger Throw","Reflex+1","Die Die Die","Terror+1","PiercingWail","Malaise+1","Catalyst+1","Dagger Throw","Calculated Gamble","PiercingWail","Footwork","Footwork","Wraith Form v2","Blade Dance+1","Night Terror","Well Laid Plans+1","Injury","Adrenaline","Crippling Poison+1"],"relics":["Ring of the Snake","Anchor","War Paint","White Beast Statue","Lantern","SacredBark","Potion Belt","PreservedInsect","Pantograph","Kunai","Cursed Key","Singing Bowl","TungstenRod","Omamori","Sling","Orichalcum","Letter Opener"],"acts_visited":["Exordium","TheCity","TheBeyond","TheEnding"],"potions_floor_usage":[41,42,44,46,46,50,50,50,54,55,55,55,55,55,55],"damage_taken":[{"damage":0.0,"enemies":"Jaw Worm","floor":1.0,"turns":4.0},{"damage":0.0,"enemies":"2 Louse","floor":4.0,"turns":5.0},{"damage":4.0,"enemies":"Small Slimes","floor":5.0,"turns":4.0},{"damage":10.0,"enemies":"Gremlin Nob","floor":7.0,"turns":3.0},{"damage":6.0,"enemies":"Lagavulin","floor":10.0,"turns":6.0},{"damage":0.0,"enemies":"Looter","floor":14.0,"turns":3.0},{"damage":21.0,"enemies":"Hexaghost","floor":16.0,"turns":9.0},{"damage":6.0,"enemies":"2 Thieves","floor":18.0,"turns":4.0},{"damage":2.0,"enemies":"Chosen","floor":20.0,"turns":5.0},{"damage":10.0,"enemies":"Centurion and Healer","floor":22.0,"turns":9.0},{"damage":0.0,"enemies":"Snake Plant","floor":24.0,"turns":3.0},{"damage":13.0,"enemies":"Slavers","floor":25.0,"turns":7.0},{"damage":0.0,"enemies":"Cultist and Chosen","floor":28.0,"turns":4.0},{"damage":2.0,"enemies":"Centurion and Healer","floor":30.0,"turns":8.0},{"damage":7.0,"enemies":"Book of Stabbing","floor":31.0,"turns":6.0},{"damage":23.0,"enemies":"Automaton","floor":33.0,"turns":14.0},{"damage":0.0,"enemies":"Orb Walker","floor":35.0,"turns":4.0},{"damage":0.0,"enemies":"3 Shapes","floor":37.0,"turns":11.0},{"damage":3.0,"enemies":"Jaw Worm Horde","floor":38.0,"turns":8.0},{"damage":15.0,"enemies":"Sphere and 2 Shapes","floor":39.0,"turns":11.0},{"damage":57,"enemies":"Giant Head","floor":41,"turns":11},{"damage":0,"enemies":"Maw","floor":42,"turns":8},{"damage":19,"enemies":"Reptomancer","floor":44,"turns":9},{"damage":13,"enemies":"Transient","floor":46,"turns":6},{"damage":1,"enemies":"Writhing Mass","floor":48,"turns":6},{"damage":28,"enemies":"Awakened One","floor":50,"turns":18},{"damage":31,"enemies":"Shield and Spear","floor":54,"turns":9},{"damage":54,"enemies":"The Heart","floor":55,"turns":11}],"seed_played":"-4803302023058611253","potions_obtained":[{"floor":1.0,"key":"LiquidMemories"},{"floor":7.0,"key":"PowerPotion"},{"floor":14.0,"key":"Explosive Potion"},{"floor":16.0,"key":"Swift Potion"},{"floor":18.0,"key":"Poison Potion"},{"floor":20.0,"key":"Ancient Potion"},{"floor":22.0,"key":"Energy Potion"},{"floor":24.0,"key":"Energy Potion"},{"floor":25.0,"key":"Swift Potion"},{"floor":28.0,"key":"FearPotion"},{"floor":30.0,"key":"PowerPotion"},{"floor":31.0,"key":"Dexterity Potion"},{"floor":33.0,"key":"Strength Potion"},{"floor":35.0,"key":"Dexterity Potion"},{"floor":37.0,"key":"Regen Potion"},{"floor":38.0,"key":"DuplicationPotion"},{"floor":41,"key":"DuplicationPotion"},{"floor":42,"key":"SkillPotion"},{"floor":44,"key":"EntropicBrew"},{"floor":46,"key":"EssenceOfSteel"},{"floor":48,"key":"GamblersBrew"},{"floor":54,"key":"Weak Potion"}],"is_trial":false,"path_per_floor":["M","?","$","M","M","R","E","R","T","E","R","$","?","M","R","B",null,"M","?","M","$","M","R","M","E","T","?","M","$","M","E","R","B",null,"M","?","M","M","M","R","E","M","T","E","$","M","R","M","R","B",null,"R","$","E","B",null],"character_chosen":"THE_SILENT","items_purchased":["Dagger Throw","Terror","Lantern","Potion Belt","SteroidPotion","AttackPotion","Omamori","Sling","Orichalcum","DuplicationPotion","Strength Potion"],"campfire_rested":3,"item_purchase_floors":[3,12,12,21,29,29,45,45,45,53,53],"current_hp_per_floor":[59,39,39,39,35,35,25,25,25,19,38,38,43,43,43,22,59,53,53,51,51,41,41,41,28,28,28,28,28,26,19,40,42,64,64,64,64,61,46,46,39,39,39,20,20,9,30,29,29,26,61,61,61,32,3],"gold":51,"neow_bonus":"RANDOM_COLORLESS_2","is_daily":false,"chose_seed":false,"campfire_upgraded":6,"win_rate":0.0,"timestamp":1613038591,"path_taken":["M","?","$","M","M","R","E","R","T","E","R","$","?","M","R","BOSS","M","?","M","$","M","R","M","E","T","?","M","$","M","E","R","BOSS","M","?","M","M","M","R","E","M","T","E","$","?","R","M","R","BOSS","R","$","E","BOSS"],"items_purchased_type":["Card","Card","Relic","Relic","Potion","Potion","Relic","Relic","Relic","Potion","Potion"],"build_version":"2020-12-22","purchased_purges":2,"victory":true,"max_hp_per_floor":[66,66,66,66,66,66,66,66,66,66,66,66,71,71,71,71,71,71,71,71,71,71,71,71,71,71,71,71,71,71,71,71,71,71,71,71,71,71,71,71,71,71,71,71,71,73,73,73,73,73,73,73,73,75,75],"relic_stats":{"Singing Bowl":4,"counters":[28,206],"Pantograph":75,"PreservedInsect":312,"Kunai":[49],"Letter Opener":[15],"War Paint":["Reflex","Defend_G"],"Orichalcum":[126],"Cursed Key":1,"obtain_stats":[{"Potion Belt":21,"Lantern":12,"Singing Bowl":41,"SacredBark":17,"PreservedInsect":25,"Omamori":45,"Letter Opener":54,"War Paint":9,"Orichalcum":45,"Cursed Key":34,"Sling":45,"White Beast Statue":10,"Anchor":7,"Pantograph":26,"Kunai":31,"TungstenRod":44,"Ring of the Snake":0},{"Potion Belt":9,"Lantern":5,"Singing Bowl":21,"SacredBark":7,"PreservedInsect":12,"Omamori":23,"Letter Opener":27,"War Paint":4,"Orichalcum":23,"Cursed Key":16,"Sling":23,"White Beast Statue":5,"Anchor":4,"Pantograph":12,"Kunai":15,"TungstenRod":23,"Ring of the Snake":0},{"Potion Belt":43,"Lantern":22,"Singing Bowl":139,"SacredBark":34,"PreservedInsect":62,"Omamori":156,"Letter Opener":195,"War Paint":16,"Orichalcum":156,"Cursed Key":94,"Sling":156,"White Beast Statue":22,"Anchor":16,"Pantograph":62,"Kunai":80,"TungstenRod":156,"Ring of the Snake":0}],"TungstenRod":50,"Ring of the Snake":[56]},"card_choices":[{"not_picked":["Apotheosis","Sadistic Nature"],"picked":"HandOfGreed","floor":0.0},{"not_picked":["Blade Dance","Acrobatics"],"picked":"Bouncing Flask","floor":1.0},{"not_picked":["Outmaneuver","Finisher"],"picked":"Reflex","floor":4.0},{"not_picked":["Underhanded Strike","Endless Agony","Poisoned Stab"],"picked":"SKIP","floor":5.0},{"not_picked":["Blade Dance","Escape Plan","Noxious Fumes"],"picked":"SKIP","floor":7.0},{"not_picked":["Setup","Phantasmal Killer"],"picked":"Die Die Die","floor":10.0},{"not_picked":["Dodge and Roll","Eviscerate"],"picked":"PiercingWail","floor":14.0},{"not_picked":["Venomology","Adrenaline"],"picked":"Malaise","floor":16.0},{"not_picked":["Cloak And Dagger","Outmaneuver","Choke"],"picked":"SKIP","floor":18.0},{"not_picked":["Slice","Bane"],"picked":"Calculated Gamble","floor":20.0},{"not_picked":["Poisoned Stab","Deflect","Sucker Punch"],"picked":"SKIP","floor":22.0},{"not_picked":["Leg Sweep","PiercingWail","Dagger Throw"],"picked":"SKIP","floor":24.0},{"not_picked":["Accuracy","Bane"],"picked":"PiercingWail","floor":25.0},{"not_picked":["Dodge and Roll","Dagger Spray"],"picked":"Footwork","floor":28.0},{"not_picked":["Terror","Calculated Gamble","PiercingWail"],"picked":"SKIP","floor":30.0},{"not_picked":["Quick Slash","Blade Dance"],"picked":"Footwork","floor":31.0},{"not_picked":["Adrenaline","Bullet Time"],"picked":"Wraith Form v2","floor":33.0},{"not_picked":["Quick Slash","Calculated Gamble"],"picked":"Blade Dance+1","floor":35.0},{"not_picked":["Cloak And Dagger","Bane","Skewer"],"picked":"SKIP","floor":37.0},{"not_picked":["PiercingWail","Sucker Punch+1","Masterful Stab+1"],"picked":"SKIP","floor":38.0},{"not_picked":["Acrobatics","Prepared","Flechettes"],"picked":"SKIP","floor":39.0},{"not_picked":["Dodge and Roll","PiercingWail"],"picked":"Night Terror","floor":41},{"not_picked":["Cloak And Dagger","Masterful Stab"],"picked":"Well Laid Plans","floor":42},{"not_picked":["Riddle With Holes","Underhanded Strike"],"picked":"Adrenaline","floor":44},{"not_picked":["Quick Slash","Blade Dance","Underhanded Strike+1"],"picked":"Singing Bowl","floor":46},{"not_picked":["Tactician","Blade Dance"],"picked":"Crippling Poison+1","floor":48},{"not_picked":["Predator","Backflip","Endless Agony"],"picked":"Singing Bowl","floor":54}],"player_experience":1511748,"relics_obtained":[{"floor":7.0,"key":"Anchor"},{"floor":9.0,"key":"War Paint"},{"floor":10.0,"key":"White Beast Statue"},{"floor":25.0,"key":"PreservedInsect"},{"floor":26.0,"key":"Pantograph"},{"floor":31.0,"key":"Kunai"},{"floor":41,"key":"Singing Bowl"},{"floor":44,"key":"TungstenRod"},{"floor":54,"key":"Letter Opener"}],"event_choices":[{"damage_healed":0.0,"max_hp_gain":0.0,"max_hp_loss":0.0,"gold_gain":0.0,"event_name":"Shining Light","player_choice":"Entered Light","floor":2.0,"gold_loss":0.0,"damage_taken":20.0,"cards_upgraded":["Strike_G","Defend_G"]},{"damage_healed":0.0,"max_hp_gain":5.0,"max_hp_loss":0.0,"gold_gain":0.0,"event_name":"Big Fish","player_choice":"Donut","floor":13.0,"gold_loss":0.0,"damage_taken":0.0},{"damage_healed":0.0,"max_hp_gain":0.0,"max_hp_loss":0.0,"gold_gain":0.0,"cards_transformed":["Strike_G","Defend_G"],"event_name":"Drug Dealer","player_choice":"Became Test Subject","floor":19.0,"gold_loss":0.0,"damage_taken":0.0,"cards_obtained":["Catalyst","Dagger Throw"]},{"damage_healed":0.0,"max_hp_gain":0.0,"max_hp_loss":0.0,"gold_gain":0.0,"event_name":"Ghosts","player_choice":"Ignored","floor":27.0,"gold_loss":0.0,"damage_taken":0.0},{"damage_healed":0.0,"max_hp_gain":0.0,"max_hp_loss":0.0,"gold_gain":0.0,"event_name":"Accursed Blacksmith","player_choice":"Forge","floor":36.0,"gold_loss":0.0,"damage_taken":0.0,"cards_upgraded":["Terror"]}],"is_beta":false,"boss_relics":[{"not_picked":["HoveringKite","Calling Bell"],"picked":"SacredBark"},{"not_picked":["Ring of the Serpent","Busted Crown"],"picked":"Cursed Key"}],"items_purged_floors":[3,29],"is_endless":false,"potions_floor_spawned":[1,7,14,16,18,20,22,24,25,28,30,31,33,35,37,38,39,41,42,44,46,48,54],"ascension_level":17}}