{"host":"tzz1a4lp7gkxiavd","time":1613031680,"event":{"mods":["BaseMod","Marisa£®ÏF”Í°°ƒß¿Ì…≥£©","Minty Spire (QoL Compilation)","Remilia£®¿Ÿ√◊¿Ú—«£©","The Servant 0.9.4","Youmu£®ªÍ∆«—˝√Œ£©","Yuyuko","°æπ¶ƒ‹Mod°øNeowΩ±¿¯"],"gold_per_floor":[119,44,59,59,59,91,91,106,133,208,11,11,41,41,41,136,136,154,154,172,37,48,48,48],"floor_reached":23,"language":"ZHS","playtime":990,"items_purged":["Strike_G","Strike_G+1","Strike_G"],"score":207,"play_id":"1bfee686-72f9-4e72-9bbb-d38df75d6ce6","local_time":"20210211162120","is_ascension_mode":true,"campfire_choices":[{"floor":7,"key":"REST"},{"floor":12,"key":"REST"},{"floor":15,"key":"REST"}],"circlet_count":0,"master_deck":["Strike_G","Defend_G","Defend_G","Defend_G","Defend_G","Defend_G","Survivor","Neutralize","Unload","Poisoned Stab+1","Noxious Fumes","Unload","Deadly Poison"],"relics":["Ring of the Snake","Whetstone","Blood Vial","Membership Card","ScarletDevilRocket","SacredBark","MealTicket"],"acts_visited":["Exordium","TheCity"],"potions_floor_usage":[16,22],"damage_taken":[{"damage":0,"enemies":"Cultist","floor":1,"turns":3},{"damage":1,"enemies":"Jaw Worm","floor":3,"turns":3},{"damage":40,"enemies":"Lagavulin","floor":6,"turns":7},{"damage":0,"enemies":"2 Louse","floor":8,"turns":1},{"damage":20,"enemies":"3 Sentries","floor":13,"turns":9},{"damage":51,"enemies":"Slime Boss","floor":16,"turns":13},{"damage":20,"enemies":"Spheric Guardian","floor":18,"turns":6},{"damage":19,"enemies":"3 Byrds","floor":20,"turns":6},{"damage":9,"enemies":"Cultist and Chosen","floor":22,"turns":6},{"damage":0,"enemies":"Slavers","floor":23,"turns":1}],"seed_played":"-6299043657932651113","potions_obtained":[{"floor":6,"key":"DistilledChaos"},{"floor":16,"key":"LiquidMemories"},{"floor":22,"key":"SkillPotion"}],"is_trial":false,"path_per_floor":["M","$","M","?","T","E","R","M","T","?","$","R","E","?","R","B",null,"M","?","M","$","M","E"],"character_chosen":"THE_SILENT","items_purchased":["Membership Card","MealTicket"],"campfire_rested":3,"item_purchase_floors":[11,21],"current_hp_per_floor":[70,70,69,69,69,29,50,50,50,39,39,60,42,42,63,14,70,50,50,33,33,26,28,28],"gold":48,"neow_bonus":"ONE_RANDOM_RARE_CARD","is_daily":false,"chose_seed":false,"campfire_upgraded":0,"win_rate":0.0,"timestamp":1613031680,"path_taken":["M","$","M","?","?","E","R","?","T","?","$","R","E","?","R","BOSS","M","?","M","$","M","E"],"items_purchased_type":["Relic","Relic"],"build_version":"2020-12-22","purchased_purges":3,"victory":false,"max_hp_per_floor":[70,70,70,70,70,70,70,70,70,70,70,70,70,70,70,70,70,70,70,70,70,70,70,70],"card_choices":[{"not_picked":["Sucker Punch","Deflect"],"picked":"Poisoned Stab","floor":1},{"not_picked":["Acrobatics","Dagger Spray","Bane"],"picked":"SKIP","floor":3},{"not_picked":["PiercingWail","Prepared","Bane"],"picked":"SKIP","floor":6},{"not_picked":["Endless Agony","Dagger Spray","Cloak And Dagger"],"picked":"SKIP","floor":8},{"not_picked":["Blade Dance","Calculated Gamble","Bane"],"picked":"SKIP","floor":13},{"not_picked":["Die Die Die","Bullet Time"],"picked":"Unload","floor":16},{"not_picked":["Distraction","Accuracy+1"],"picked":"Deadly Poison","floor":18},{"not_picked":["Blade Dance","Backflip","PiercingWail"],"picked":"SKIP","floor":20},{"not_picked":["Accuracy","Prepared","Infinite Blades"],"picked":"SKIP","floor":22}],"player_experience":142083,"relics_obtained":[{"floor":6,"key":"Whetstone"},{"floor":9,"key":"Blood Vial"},{"floor":13,"key":"ScarletDevilRocket"}],"event_choices":[{"damage_healed":0,"gold_gain":0,"cards_transformed":["Strike_G"],"player_choice":"Change","damage_taken":0,"max_hp_gain":0,"max_hp_loss":0,"event_name":"Living Wall","floor":4,"gold_loss":0,"cards_obtained":["Noxious Fumes"]},{"damage_healed":0,"gold_gain":75,"player_choice":"Gather Gold","damage_taken":11,"max_hp_gain":0,"max_hp_loss":0,"event_name":"World of Goop","floor":10,"gold_loss":0},{"damage_healed":0,"gold_gain":0,"player_choice":"Ignored","damage_taken":0,"max_hp_gain":0,"max_hp_loss":0,"event_name":"Shining Light","floor":14,"gold_loss":0},{"damage_healed":0,"gold_gain":0,"player_choice":"Ignored","damage_taken":0,"max_hp_gain":0,"max_hp_loss":0,"event_name":"Ghosts","floor":19,"gold_loss":0}],"is_beta":false,"boss_relics":[{"not_picked":["Velvet Choker","Busted Crown"],"picked":"SacredBark"}],"items_purged_floors":[2,11,21],"is_endless":false,"potions_floor_spawned":[6,16,22],"killed_by":"Slavers","ascension_level":1}}