{"host":"ooetke516h53yqww","time":1613070817,"event":{"mods":["100% Spire Juice","2.2 Compatiblity","Abigail Mod","Act Like it!","Astrologer","Bartender","BaseMod","Beaked The Cultist","Better Match","Better Third Choice","Conspire","Elementarium","Friendly Minions","Hallownest","Hermit","HololiveMod","Hubris","Infinite Spire","Kiyohime????","Lobotomy","LobotomyExtend","Mari Mod (Legacy)","Mari\u0027s V1 Patch","Menagerie","Minty Spire (QoL Compilation)","Morshu Shopkeeper","Prisma Mod","Random Character Button","Reliquary","Replay The Spire","Robot Space Explorer","Spicy Shops","StSLib","Td1madao Mod","The Alterego","The Bug Knight","The Marked","The Poker Player","The Senshi","TheSwordswoman","Uncapped","WarShipGirlsR/????R mod","Yakumo Yukari mod","Yohane!"],"gold_per_floor":[84,84,96,21,36,73,73,95,95,95,95,95,156,171,171,286,286,286,331,350,27,27,52,52,80,106,137,149,165,209,57,57,162,162,177,177,189,217,217,217,247,264,264,264,290,317,317,349,349,349,349],"floor_reached":50,"language":"ENG","playtime":2488,"items_purged":["hubris:Gluttony"],"score":1269,"play_id":"7e806170-d60c-40d7-af45-2067caa48058","local_time":"20210211141337","is_ascension_mode":true,"campfire_choices":[{"data":"Hololive_CallAkiRosenthal","floor":10,"key":"SMITH"},{"data":"Hololive_CallUruhaRushia","floor":12,"key":"SMITH"},{"data":"Hololive_CallUruhaRushia","floor":15,"key":"SMITH"},{"data":"Hololive_DDD","floor":24,"key":"SMITH"},{"data":"Hololive_CallAZKi","floor":32,"key":"SMITH"},{"data":"Hololive_BeCareful","floor":40,"key":"SMITH"},{"floor":44,"key":"RECALL"},{"data":"Hololive_CallYukihanaLamy","floor":49,"key":"SMITH"}],"circlet_count":0,"master_deck":["AscendersBane","Hololive_CallUruhaRushia+1","Hololive_CallUruhaRushia+1","Hololive_CallShirakamiFubuki+1","Hololive_CallRoboco","Hololive_CallAkiRosenthal+1","Hololive_CallTokoyamiTowa","Hololive_Rebirth+1","Hololive_CocoNews+1","Hololive_Psychosis","Hololive_DDD+1","Hololive_CallYukihanaLamy+1","Hololive_CandyCastle+1","Hololive_HuntDinosaur+1","Hololive_CocoNews+1","Hololive_CallAmaneKanata+1","Hololive_CallAmaneKanata+1","Hololive_CallAkiRosenthal+1","Hololive_CallAZKi+1","Hololive_FlareMind+1","Hololive_BeCareful+1","Hololive_CallYukihanaLamy+1"],"relics":["Hololive_TheStar","LetterFromLob","reliquary:PrincelyHelmet","reliquary:PurpleTingedLeaf","MealTicket","theSenshi:FeatherClipsRelic","Astrolabe","Whetstone","reliquary:IridiumChain","reliquary:SilkGlove","Art of War","Ice Cream","Ancient Tea Set","Guide Book","SlaversCollar","WingedGreaves","Bird Faced Urn","reliquary:Boomerang","reliquary:RoseTintedGlasses","White_Cape"],"acts_visited":["Exordium","TheCity","TheBeyond"],"potions_floor_usage":[37,42],"damage_taken":[{"damage":0.0,"enemies":"conspire:RoseBush","floor":1.0,"turns":4.0},{"damage":4,"enemies":"2 Louse","floor":3,"turns":3},{"damage":0,"enemies":"Cultist","floor":5,"turns":3},{"damage":0,"enemies":"Replay:BlueRogue","floor":6,"turns":4},{"damage":0,"enemies":"Looter","floor":8,"turns":3},{"damage":0,"enemies":"HollowMod:MossKnight","floor":13,"turns":6},{"damage":0,"enemies":"Exordium Thugs","floor":14,"turns":3},{"damage":6,"enemies":"Slime Boss","floor":16,"turns":9},{"damage":14,"enemies":"conspire:FuzzyDice","floor":19,"turns":8},{"damage":3,"enemies":"Spheric Guardian","floor":20,"turns":6},{"damage":0,"enemies":"HollowMod:Nosk","floor":23,"turns":7},{"damage":0,"enemies":"conspire:HollyBat","floor":25,"turns":6},{"damage":0,"enemies":"conspire:Head Lice","floor":27,"turns":6},{"damage":0,"enemies":"3 Cultists","floor":28,"turns":5},{"damage":15,"enemies":"Centurion and Healer","floor":29,"turns":5},{"damage":0,"enemies":"conspire:SneckoGhost","floor":30,"turns":4},{"damage":0,"enemies":"Champ","floor":33,"turns":8},{"damage":8,"enemies":"3 Shapes","floor":35,"turns":5},{"damage":21,"enemies":"3 Darklings","floor":37,"turns":6},{"damage":3,"enemies":"Spire Growth","floor":38,"turns":5},{"damage":0,"enemies":"HollowMod:StalkingDevout","floor":41,"turns":5},{"damage":0,"enemies":"Transient","floor":42,"turns":5},{"damage":0,"enemies":"R_Hoarder","floor":48,"turns":6},{"damage":54,"enemies":"Awakened One","floor":50,"turns":4}],"seed_played":"-95782544609460990","potions_obtained":[{"floor":5,"key":"Weak Potion"},{"floor":13,"key":"BlessingOfTheForge"},{"floor":14,"key":"Fire Potion"},{"floor":37,"key":"FearPotion"},{"floor":38,"key":"Energy Potion"}],"is_trial":false,"path_per_floor":["M","?","M","$","M","E","?","M","T","R","?","R","E","M","R","B",null,"M","M","M","$","?","E","R","M","T","E","M","M","E","$","R","B",null,"M","AVR","M","M","?","R","E","M","T","R","T","T","?","E","R","B"],"character_chosen":"Hololive_HololiveCharacter","items_purchased":["Whetstone","reliquary:IridiumChain","Guide Book"],"campfire_rested":0,"item_purchase_floors":[21,21,31],"current_hp_per_floor":[32,32,28,28,28,28,28,28,28,28,28,28,30,35,35,35,35,35,27,31,35,35,35,35,35,35,35,35,28,35,35,35,35,35,33,33,18,21,45,45,45,45,45,45,45,45,45,46,46,0,0],"gold":349,"neow_bonus":"TRANSFORM_TWO_CARDS","is_daily":false,"chose_seed":false,"campfire_upgraded":7,"win_rate":0.0,"timestamp":1613070817,"path_taken":["M","?","M","$","M","E","?","M","T","R","?","R","E","M","R","BOSS","M","?","M","$","?","E","R","M","T","E","M","M","E","?","R","BOSS","M","AVR","M","M","?","R","E","?","T","R","?","?","?","E","R","BOSS"],"items_purchased_type":["Relic","Relic","Relic"],"build_version":"2020-12-22","purchased_purges":1,"victory":false,"max_hp_per_floor":[35,35,35,35,35,35,35,35,35,35,35,35,35,35,35,35,35,35,35,35,35,35,35,35,35,35,35,35,35,35,35,35,35,35,35,35,35,35,45,45,45,45,45,45,45,45,45,46,46,46,46],"card_choices":[{"not_picked":["Hololive_CallOzoraSubaru","Hololive_RevenueBasedLive","Hololive_CallCivia"],"picked":"Hololive_CallTokoyamiTowa","floor":1.0},{"not_picked":["Hololive_Rebound","Hololive_Watashimo","Hololive_LuckPotion","Hololive_Trident"],"picked":"SKIP","floor":3},{"not_picked":["Hololive_Breathe","Hololive_Psychosis","Hololive_StrengthChampion"],"picked":"Hololive_Rebirth","floor":5},{"not_picked":["Hololive_CallSpadeEcho","Hololive_Watashimo","Hololive_LuckPotion","Hololive_RevenueBasedLive"],"picked":"SKIP","floor":6},{"not_picked":["Hololive_SoulCatcher","Hololive_BringToTrial","Hololive_Rebound"],"picked":"Hololive_CocoNews","floor":8},{"not_picked":["Hololive_CallDoris","Hololive_FlyingPonyTail","Hololive_CallMinatoAqua"],"picked":"Hololive_Psychosis","floor":13},{"not_picked":["Hololive_CallAkaiHaato","Hololive_Trident","Hololive_CallMinatoAqua","Hololive_Breathe"],"picked":"SKIP","floor":14},{"not_picked":["Hololive_DiamondStrike","Hololive_OpenUp","Hololive_FlareMind"],"picked":"Hololive_DDD","floor":16},{"not_picked":["Hololive_LuckPotion","Hololive_OvertimeWork","Hololive_CallShiranuiFlare"],"picked":"Hololive_CocoNews","floor":19},{"not_picked":["Hololive_CallAkiRosenthal","Hololive_StrengthChampion","Hololive_Breathe"],"picked":"Hololive_CallAmaneKanata+1","floor":20},{"not_picked":["Hololive_OvertimeWork","Hololive_FlyingPonyTail","Hololive_Drill"],"picked":"Hololive_CallAkiRosenthal+1","floor":23},{"not_picked":["Hololive_CallTokoyamiTowa","Hololive_FlyingPonyTail","Hololive_Rebound","Hololive_LuckPotion+1"],"picked":"SKIP","floor":25},{"not_picked":["Hololive_Recruit","Hololive_DevilCharm","Hololive_HuntDinosaur","Hololive_CallMomosuzuNene+1"],"picked":"SKIP","floor":27},{"not_picked":["Hololive_Teleport","Hololive_CallRosalyn","Hololive_OvertimeWork"],"picked":"Hololive_CallAZKi","floor":28},{"not_picked":["Hololive_RevenueBasedLive","Hololive_FlyingPonyTail","Hololive_CallFriendA","Hololive_Trident"],"picked":"SKIP","floor":29},{"not_picked":["Hololive_CallDoris","Hololive_CocoNews","Hololive_CallFriendA"],"picked":"Hololive_FlareMind","floor":30},{"not_picked":["Hololive_Recruit","Hololive_AWSL","Hololive_OpenUp"],"picked":"Hololive_BeCareful","floor":33},{"not_picked":["Hololive_Trident+1","Hololive_FlyingPonyTail","Hololive_Spy","Hololive_Drill"],"picked":"SKIP","floor":35},{"not_picked":["Hololive_Breathe","Hololive_Trident","Hololive_HuntDinosaur","Hololive_CallAkaiHaato"],"picked":"SKIP","floor":37},{"not_picked":["Hololive_BringToTrial","Hololive_CallHimemoriLuna","Hololive_RevenueBasedLive+1"],"picked":"Hololive_BeCareful","floor":38},{"not_picked":["Hololive_Trident+1","Hololive_LuckPotion","Hololive_Drill"],"picked":"Hololive_CallYukihanaLamy","floor":41},{"not_picked":["Hololive_Breathe","Hololive_Drill","Hololive_Sequa","Hololive_CocoNews"],"picked":"SKIP","floor":42},{"not_picked":["Hololive_Sequa","Hololive_OvertimeWork","Hololive_CallMomosuzuNene","Hololive_StrengthChampion"],"picked":"SKIP","floor":48}],"player_experience":1549910,"relics_obtained":[{"floor":1.0,"key":"LetterFromLob"},{"floor":6,"key":"reliquary:PrincelyHelmet"},{"floor":9,"key":"reliquary:PurpleTingedLeaf"},{"floor":13,"key":"theSenshi:FeatherClipsRelic"},{"floor":23,"key":"reliquary:SilkGlove"},{"floor":26,"key":"Art of War"},{"floor":27,"key":"Ice Cream"},{"floor":30,"key":"Ancient Tea Set"},{"floor":41,"key":"Bird Faced Urn"},{"floor":45,"key":"reliquary:Boomerang"},{"floor":46,"key":"reliquary:RoseTintedGlasses"},{"floor":48,"key":"White_Cape"}],"event_choices":[{"damage_healed":0,"gold_gain":0,"player_choice":"Gave Potion","damage_taken":0,"relics_obtained":["MealTicket"],"max_hp_gain":0,"max_hp_loss":0,"event_name":"WeMeetAgain","floor":11,"gold_loss":0},{"damage_healed":0,"gold_gain":0,"player_choice":"Copied","damage_taken":0,"max_hp_gain":0,"max_hp_loss":0,"event_name":"Duplicator","floor":22,"gold_loss":0,"cards_obtained":["Hololive_CallAmaneKanata"]},{"cards_removed":["Hololive_BeCareful"],"damage_healed":14,"gold_gain":0,"player_choice":"Offered Rare","damage_taken":0,"max_hp_gain":10,"max_hp_loss":0,"event_name":"Bonfire Elementals","floor":39,"gold_loss":0},{"cards_removed":["Hololive_CallSakuraMiko"],"damage_healed":0,"gold_gain":0,"player_choice":"Purged","damage_taken":0,"max_hp_gain":0,"max_hp_loss":0,"event_name":"Purifier","floor":47,"gold_loss":0}],"is_beta":false,"boss_relics":[{"not_picked":["Replay:Bronze Core","Abe\u0027s Treasure"],"picked":"Astrolabe"},{"not_picked":["beaked:SacredDeck","Kintsugi"],"picked":"SlaversCollar"}],"items_purged_floors":[4],"is_endless":false,"potions_floor_spawned":[5,13,14,16,20,27,28,30,33,37,38],"killed_by":"Awakened One","ascension_level":12}}