{"host":"8is2j71l4wmybkoi","time":1613051427,"event":{"mods":["AchievementEnabler","BaseMod","Colored Map","Minty Spire (QoL Compilation)","Rare Cards Sparkle","StSLib","SuperFastMode"],"gold_per_floor":[20,20,30,49,60,60,80,97,97,97,97],"floor_reached":10,"language":"KOR","playtime":319,"items_purged":[],"score":124,"play_id":"ab62ae21-cf0e-4ff9-9140-c6cb055a8e40","local_time":"20210211225027","is_ascension_mode":true,"campfire_choices":[{"data":"Bash","floor":6,"key":"SMITH"}],"circlet_count":0,"master_deck":["AscendersBane","Strike_R","Strike_R","Strike_R","Defend_R","Defend_R","Defend_R","Defend_R","Bash+1","Rampage","Dual Wield","Pommel Strike","Dropkick"],"relics":["Burning Blood","Toxic Egg 2"],"acts_visited":["Exordium"],"potions_floor_usage":[4,8,10],"damage_taken":[{"damage":12,"enemies":"Cultist","floor":1,"turns":4},{"damage":3,"enemies":"2 Louse","floor":3,"turns":3},{"damage":9,"enemies":"Small Slimes","floor":4,"turns":4},{"damage":14,"enemies":"Blue Slaver","floor":5,"turns":4},{"damage":14,"enemies":"Exordium Wildlife","floor":7,"turns":3},{"damage":10,"enemies":"Large Slime","floor":8,"turns":5},{"damage":60,"enemies":"3 Sentries","floor":10,"turns":7}],"seed_played":"1117277645765197156","potions_obtained":[{"floor":2,"key":"BloodPotion"},{"floor":2,"key":"Ancient Potion"},{"floor":4,"key":"Energy Potion"},{"floor":5,"key":"PowerPotion"},{"floor":7,"key":"AttackPotion"}],"is_trial":false,"path_per_floor":["M","?","M","M","M","R","M","M","T","E"],"character_chosen":"IRONCLAD","items_purchased":[],"campfire_rested":0,"item_purchase_floors":[],"current_hp_per_floor":[62,62,65,75,67,67,59,55,55,0,0],"gold":97,"neow_bonus":"TRANSFORM_TWO_CARDS","is_daily":false,"chose_seed":false,"campfire_upgraded":1,"win_rate":0.0,"timestamp":1613051427,"path_taken":["M","?","M","M","M","R","M","M","T","E"],"items_purchased_type":[],"build_version":"2020-12-22","purchased_purges":0,"victory":false,"max_hp_per_floor":[75,75,75,75,75,75,75,75,75,75,75],"card_choices":[{"not_picked":["Wild Strike","Reckless Charge"],"picked":"Pommel Strike","floor":1},{"not_picked":["Flex","Headbutt"],"picked":"Dropkick","floor":3},{"not_picked":["Flex","Armaments","Clash"],"picked":"SKIP","floor":4},{"not_picked":["True Grit","Twin Strike","Anger"],"picked":"SKIP","floor":5},{"not_picked":["Anger","True Grit","Body Slam"],"picked":"SKIP","floor":7},{"not_picked":["Flex","Juggernaut","Dual Wield"],"picked":"SKIP","floor":8}],"player_experience":1147190,"relics_obtained":[{"floor":9,"key":"Toxic Egg 2"}],"event_choices":[{"damage_healed":0,"gold_gain":0,"player_choice":"Got Potions","damage_taken":0,"max_hp_gain":0,"max_hp_loss":0,"event_name":"Lab","floor":2,"gold_loss":0}],"is_beta":false,"boss_relics":[],"items_purged_floors":[],"is_endless":false,"potions_floor_spawned":[4,5,7],"killed_by":"3 Sentries","ascension_level":20}}