{"host":"pah2xi72mkoh8qg3","time":1613066001,"event":{"mods":["BaseMod","Colored Powertips","Conspire","FoggyMod","Highlight Path","Minty Spire (QoL Compilation)","Reliquary","Replay The Spire","RumiaBox-露米娅的神秘盒子","Shop Mod","StSLib","Waifu the Spire"],"gold_per_floor":[114,114,114,114,114,114,143,143,166,192,192,36,56,56,56],"floor_reached":14,"language":"ZHS","playtime":309,"items_purged":[],"score":149,"play_id":"a492d44d-efc1-4ab6-ab92-110e7231d95a","local_time":"20210212015321","is_ascension_mode":true,"campfire_choices":[{"floor":6,"key":"RECALL"},{"data":"ClearTheMind","floor":8,"key":"SMITH"}],"circlet_count":0,"master_deck":["conspire:GhostlyStrike","conspire:GhostlyStrike","conspire:GhostlyStrike","conspire:GhostlyStrike+1","conspire:GhostlyDefend","conspire:GhostlyDefend","conspire:GhostlyDefend","conspire:GhostlyDefend","Eruption+1","Vigilance","Wallop","Regret","ClearTheMind+1","FlyingSleeves","CrushJoints"],"relics":["Busted Crown","reliquary:ExpiredCoupon","Replay:Wax Seal","reliquary:Stiletto","reliquary:Solitaire","ReplayTheSpireMod:Lightbulb","GodSword5","ZombieArmy"],"acts_visited":["Exordium"],"potions_floor_usage":[7],"damage_taken":[{"damage":0,"enemies":"Jaw Worm","floor":1,"turns":3},{"damage":30,"enemies":"Lagavulin","floor":7,"turns":5},{"damage":16,"enemies":"Gremlin Nob","floor":10,"turns":4},{"damage":0,"enemies":"2 Louse","floor":13,"turns":2},{"damage":10,"enemies":"3 Sentries","floor":14,"turns":2}],"seed_played":"-1697660844937568960","potions_obtained":[{"floor":1,"key":"PowerPotion"},{"floor":10,"key":"SpeedPotion"}],"is_trial":false,"path_per_floor":["M","?","?","T","?","R","E","R","T","E","?","$","M","E"],"character_chosen":"WATCHER","items_purchased":["ZombieArmy"],"campfire_rested":0,"item_purchase_floors":[12],"current_hp_per_floor":[72,58,58,58,55,55,25,25,25,9,9,9,9,0,0],"gold":56,"neow_bonus":"BOSS_RELIC","is_daily":false,"chose_seed":false,"campfire_upgraded":1,"win_rate":0.0,"timestamp":1613066001,"path_taken":["M","?","?","?","?","R","E","R","T","E","?","?","?","E"],"items_purchased_type":["Relic"],"build_version":"2020-12-22","purchased_purges":0,"victory":false,"max_hp_per_floor":[72,72,72,72,72,72,72,72,72,72,72,72,72,72,72],"card_choices":[{"not_picked":[],"picked":"Wallop","floor":1},{"not_picked":[],"picked":"ClearTheMind","floor":7},{"not_picked":[],"picked":"FlyingSleeves","floor":10},{"not_picked":[],"picked":"CrushJoints","floor":13}],"player_experience":330715,"relics_obtained":[{"floor":4,"key":"Replay:Wax Seal"},{"floor":7,"key":"reliquary:Solitaire"},{"floor":9,"key":"ReplayTheSpireMod:Lightbulb"},{"floor":10,"key":"GodSword5"}],"event_choices":[{"damage_healed":0,"gold_gain":0,"player_choice":"Entered Light","damage_taken":14,"max_hp_gain":0,"max_hp_loss":0,"event_name":"Shining Light","floor":2,"gold_loss":0,"cards_upgraded":["Eruption","Strike_P"]},{"damage_healed":0,"gold_gain":0,"player_choice":"Box","damage_taken":0,"relics_obtained":["reliquary:ExpiredCoupon"],"max_hp_gain":0,"max_hp_loss":0,"event_name":"Big Fish","floor":3,"gold_loss":0,"cards_obtained":["Regret"]},{"damage_healed":0,"gold_gain":0,"player_choice":"Success","damage_taken":3,"relics_obtained":["reliquary:Stiletto"],"max_hp_gain":0,"max_hp_loss":0,"event_name":"Scrap Ooze","floor":5,"gold_loss":0},{"damage_healed":0,"gold_gain":0,"player_choice":"Agree","damage_taken":0,"max_hp_gain":0,"max_hp_loss":0,"event_name":"conspire:LoneGhost","floor":11,"gold_loss":0}],"is_beta":false,"boss_relics":[],"items_purged_floors":[],"is_endless":false,"potions_floor_spawned":[1,10],"killed_by":"3 Sentries","ascension_level":1}}