{"host":"6xsbn6ynqlzwllfm","time":1613082018,"event":{"mods":["2.2 Compatiblity","BaseMod","Bestiary","Colored Map","Colored Powertips","Curses Come First","Downfall","Highlight Path","Keyboard Shortcuts","Minty Spire (QoL Compilation)","Relic Stats","Slay the Relics Exporter","StSLib","SuperFastMode"],"gold_per_floor":[99,99,9,29,129,145,145,45,62,62,80,114,214,229,247,349,349,249,268,287,307,407,421,501,533,552,552,585,173,198,198,210,310,310,310,325,325,373,1372,1372,1372,1405,1405,1425,1453,1468,1063,1077,1088,1088],"floor_reached":51,"language":"ENG","playtime":3273,"items_purged":["bronze:Strike","bronze:Strike","bronze:Defend"],"score":1071,"play_id":"480a6de4-0c83-42b0-b1f0-68e4ed4be745","local_time":"20210211172018","is_ascension_mode":true,"campfire_choices":[{"floor":1,"key":"RECALL"},{"data":"bronze:Boost","floor":8,"key":"SMITH"},{"data":"bronze:CutThrough","floor":10,"key":"SMITH"},{"data":"bronze:Assembly","floor":18,"key":"SMITH"},{"data":"bronze:Flail","floor":27,"key":"SMITH"},{"data":"bronze:Assembly","floor":35,"key":"SMITH"},{"data":"1","floor":40,"key":"LIFT"}],"circlet_count":0,"master_deck":["bronze:Defend","bronze:Defend","bronze:Defend","bronze:Replicate+1","bronze:Goto+1","bronze:Boost+1","bronze:ChildClass","bronze:CutThrough+1","bronze:CutThrough","bronze:Flail+1","downfall:Haunted","downfall:Haunted","Injury","Clumsy","Normality","bronze:Verify","bronze:Flail","bronze:Assembly+1","J.A.X.","bronze:DelayedGuard","bronze:Deprecate","bronze:Frontload","bronze:Assembly+1","bronze:Iterate+1","bronze:Flail+1","Normality","Normality","Injury","bronze:Assembly","expansioncontent:YouAreMine","expansioncontent:AwakenDeath","expansioncontent:YouAreMine","bronze:ClassDefault","bronze:Frontload+1"],"relics":["SacredBark","Darkstone Periapt","downfall:HeartBlessingRed","bronze:SilverBullet","Du-Vu Doll","bronze:MakeshiftBattery","downfall:HeartBlessingGreen","MutagenicStrength","Pear","Ancient Tea Set","Pen Nib","Bag of Preparation","Guardian:PocketSentry","Sundial","Cursed Key","Girya","Anchor","Oddly Smooth Stone","Lee\u0027s Waffle","Lantern","TungstenRod"],"acts_visited":["Exordium","TheCity","TheBeyond"],"potions_floor_usage":[14,28,42],"damage_taken":[{"damage":0,"enemies":"downfall:FleeingMerchant","floor":3,"turns":4},{"damage":0,"enemies":"Small Slimes","floor":4,"turns":3},{"damage":0,"enemies":"Cultist","floor":6,"turns":4},{"damage":0,"enemies":"2 Louse","floor":9,"turns":3},{"damage":0,"enemies":"2 Fungi Beasts","floor":11,"turns":3},{"damage":17,"enemies":"Lagavulin","floor":12,"turns":4},{"damage":6,"enemies":"Exordium Thugs","floor":14,"turns":2},{"damage":0,"enemies":"Large Slime","floor":15,"turns":2},{"damage":37,"enemies":"DF_ARCHETYPE_STREAMLINE","floor":16,"turns":6},{"damage":6,"enemies":"Chosen","floor":19,"turns":3},{"damage":21,"enemies":"Shell Parasite","floor":20,"turns":4},{"damage":0,"enemies":"Shelled Parasite and Fungi","floor":21,"turns":1},{"damage":53,"enemies":"downfall:Augmenter","floor":22,"turns":5},{"damage":0,"enemies":"Snecko","floor":23,"turns":3},{"damage":32,"enemies":"Slavers","floor":25,"turns":3},{"damage":28,"enemies":"Snake Plant","floor":26,"turns":3},{"damage":6,"enemies":"Book of Stabbing","floor":28,"turns":2},{"damage":3,"enemies":"downfall:FleeingMerchant","floor":29,"turns":4},{"damage":0,"enemies":"Gremlin Leader","floor":30,"turns":3},{"damage":15,"enemies":"Chosen and Byrds","floor":32,"turns":2},{"damage":45,"enemies":"IC_MUSHROOM_ARCHETYPE","floor":33,"turns":5},{"damage":3,"enemies":"Orb Walker","floor":36,"turns":2},{"damage":20,"enemies":"2 Orb Walkers","floor":38,"turns":3},{"damage":14,"enemies":"Nemesis","floor":42,"turns":7},{"damage":0,"enemies":"3 Darklings","floor":44,"turns":1},{"damage":0,"enemies":"Reptomancer","floor":45,"turns":2},{"damage":24,"enemies":"Maw","floor":46,"turns":5},{"damage":0,"enemies":"downfall:FleeingMerchant","floor":47,"turns":3},{"damage":0,"enemies":"Spire Growth","floor":48,"turns":2},{"damage":0,"enemies":"Sphere and 2 Shapes","floor":49,"turns":1},{"damage":5,"enemies":"WA_ARCHETYPE_DIVINITY","floor":50,"turns":5}],"seed_played":"4597994393311439617","potions_obtained":[{"floor":4,"key":"Strength Potion"},{"floor":6,"key":"FairyPotion"},{"floor":9,"key":"FairyPotion"},{"floor":14,"key":"Fruit Juice"},{"floor":16,"key":"SpeedPotion"},{"floor":22,"key":"SteroidPotion"},{"floor":28,"key":"AttackPotion"},{"floor":32,"key":"EssenceOfSteel"},{"floor":42,"key":"LiquidMemories"},{"floor":48,"key":"Fire Potion"}],"is_trial":false,"path_per_floor":["R","?","$","M","?","M","T","R","M","R","M","E","?","M","M","B",null,"R","M","M","M","?","M","T","E","M","R","E","$","E","?","M","B",null,"R","M","?","?","?","R","T","E","?","M","E","M","$","M","M","B",null],"character_chosen":"THE_AUTOMATON","items_purchased":["Bag of Preparation","Guardian:PocketSentry","Lee\u0027s Waffle","Lantern","TungstenRod"],"campfire_rested":0,"item_purchase_floors":[29,29,47,47,47],"current_hp_per_floor":[70,70,70,70,70,70,70,70,70,70,70,53,88,92,92,55,115,115,109,88,88,35,35,45,13,63,63,57,54,54,95,80,35,125,125,122,122,102,114,114,120,106,96,96,96,72,150,150,150,145],"gold":1088,"neow_bonus":"BOSS_RELIC","is_daily":false,"chose_seed":false,"campfire_upgraded":5,"win_rate":0.0,"timestamp":1613082018,"path_taken":["R","?","?","M","?","M","T","R","M","R","M","E","?","M","M","BOSS","R","M","M","M","?","M","T","E","M","R","E","?","E","?","M","BOSS","R","M","?","?","?","R","T","E","?","M","E","?","$","M","M","BOSS"],"items_purchased_type":["Relic","Relic","Relic","Relic","Relic"],"build_version":"2020-12-22","purchased_purges":3,"victory":true,"max_hp_per_floor":[70,70,70,70,70,70,70,70,70,70,70,70,105,115,115,115,115,115,115,115,115,115,115,125,125,125,125,125,125,125,125,125,125,125,125,125,125,125,137,137,143,143,143,143,143,143,150,150,150,150],"relic_stats":{"Darkstone Periapt":48,"Lee\u0027s Waffle":78,"counters":[31,98],"Sundial":[6],"Pen Nib":[6],"Bag of Preparation":[26],"Cursed Key":1,"obtain_stats":[{"Darkstone Periapt":7,"Girya":38,"Lee\u0027s Waffle":47,"Lantern":47,"bronze:BronzeCore":0,"Pear":24,"downfall:HeartBlessingRed":8,"SacredBark":0,"Oddly Smooth Stone":45,"downfall:HeartBlessingGreen":18,"Pen Nib":28,"Bag of Preparation":29,"Guardian:PocketSentry":29,"Ancient Tea Set":25,"Cursed Key":34,"Du-Vu Doll":13,"Anchor":42,"Sundial":30,"MutagenicStrength":22,"bronze:SilverBullet":12,"bronze:MakeshiftBattery":17,"TungstenRod":47},{"Darkstone Periapt":3,"Girya":23,"Lee\u0027s Waffle":28,"Lantern":28,"bronze:BronzeCore":0,"Pear":14,"downfall:HeartBlessingRed":3,"SacredBark":0,"Oddly Smooth Stone":26,"downfall:HeartBlessingGreen":9,"Pen Nib":17,"Bag of Preparation":18,"Guardian:PocketSentry":18,"Ancient Tea Set":15,"Cursed Key":21,"Du-Vu Doll":6,"Anchor":24,"Sundial":19,"MutagenicStrength":13,"bronze:SilverBullet":6,"bronze:MakeshiftBattery":9,"TungstenRod":28},{"Darkstone Periapt":11,"Girya":73,"Lee\u0027s Waffle":90,"Lantern":90,"bronze:BronzeCore":0,"Pear":47,"downfall:HeartBlessingRed":11,"SacredBark":0,"Oddly Smooth Stone":82,"downfall:HeartBlessingGreen":31,"Pen Nib":55,"Bag of Preparation":59,"Guardian:PocketSentry":59,"Ancient Tea Set":50,"Cursed Key":69,"Du-Vu Doll":21,"Anchor":79,"Sundial":62,"MutagenicStrength":44,"bronze:SilverBullet":21,"bronze:MakeshiftBattery":31,"TungstenRod":90}],"TungstenRod":2},"card_choices":[{"not_picked":["bronze:Overheat","bronze:Constructor"],"picked":"bronze:Boost","floor":3},{"not_picked":["bronze:BitShift","bronze:Refactor"],"picked":"bronze:ChildClass","floor":4},{"not_picked":["bronze:WildBeam","bronze:Turbo"],"picked":"bronze:CutThrough","floor":6},{"not_picked":["bronze:CutThrough","bronze:Philosophize"],"picked":"bronze:CloningBeam","floor":9},{"not_picked":["bronze:Turbo","bronze:ChildClass"],"picked":"bronze:CutThrough","floor":11},{"not_picked":["bronze:BugBarrage","bronze:Frontload"],"picked":"bronze:Flail","floor":12},{"not_picked":["bronze:Branch","bronze:DelayedSlice","bronze:Constructor"],"picked":"SKIP","floor":14},{"not_picked":["bronze:OilSpill","bronze:WildBeam"],"picked":"bronze:Flail","floor":15},{"not_picked":["bronze:Break","bronze:TinkerersToolbox"],"picked":"bronze:Assembly","floor":16},{"not_picked":["bronze:GetLatest","bronze:DigitalCarnage+1","bronze:Overheat"],"picked":"SKIP","floor":19},{"not_picked":["bronze:Shield+1","bronze:Branch","bronze:Repair+1"],"picked":"SKIP","floor":21},{"not_picked":[],"picked":"J.A.X.","floor":22},{"not_picked":["bronze:Optimize+1","bronze:ChildClass","bronze:Overload"],"picked":"SKIP","floor":23},{"not_picked":["bronze:Deprecate","bronze:BugBarrage","bronze:Frontload"],"picked":"SKIP","floor":28},{"not_picked":["bronze:Deprecate","bronze:BugBarrage"],"picked":"bronze:Frontload","floor":28},{"not_picked":["bronze:BugBarrage+1","bronze:Shield+1","bronze:BuggyMess"],"picked":"SKIP","floor":29},{"not_picked":["bronze:Branch","bronze:Overheat","bronze:DelayedGuard"],"picked":"SKIP","floor":32},{"not_picked":["bronze:ShipIt","bronze:Break"],"picked":"bronze:Assembly","floor":33},{"not_picked":["bronze:Terminator+1","bronze:Overheat"],"picked":"bronze:Iterate+1","floor":36},{"not_picked":["bronze:FollowUp+1","bronze:Constructor+1"],"picked":"bronze:Flail+1","floor":38},{"not_picked":["bronze:CloningBeam","bronze:FineTuning"],"picked":"bronze:Assembly","floor":42},{"not_picked":["expansioncontent:GuardianWhirl","expansioncontent:LastStand"],"picked":"expansioncontent:YouAreMine","floor":43},{"not_picked":["expansioncontent:InvincibleStrength","expansioncontent:PolyBeam"],"picked":"expansioncontent:AwakenDeath","floor":43},{"not_picked":["expansioncontent:LastStand","expansioncontent:Chronoboost"],"picked":"expansioncontent:YouAreMine","floor":43},{"not_picked":["bronze:WildBeam+1","bronze:Shield+1","bronze:FollowUp+1"],"picked":"SKIP","floor":44},{"not_picked":["bronze:BronzeArmor+1","bronze:ForceShield+1","bronze:Format"],"picked":"SKIP","floor":45},{"not_picked":["bronze:WildBeam","bronze:DelayedSlice+1","bronze:Branch"],"picked":"SKIP","floor":46},{"not_picked":["bronze:DelayedGuard","bronze:DarkDash+1","bronze:Constructor+1"],"picked":"SKIP","floor":47},{"not_picked":["bronze:BuggyMess+1","bronze:Frontload+1"],"picked":"bronze:ClassDefault","floor":48},{"not_picked":["bronze:Constructor","bronze:BuggyMess+1"],"picked":"bronze:Frontload+1","floor":49}],"player_experience":1723118,"relics_obtained":[{"floor":7,"key":"Darkstone Periapt"},{"floor":12,"key":"bronze:SilverBullet"},{"floor":22,"key":"MutagenicStrength"},{"floor":24,"key":"Pear"},{"floor":25,"key":"Ancient Tea Set"},{"floor":28,"key":"Pen Nib"},{"floor":30,"key":"Sundial"},{"floor":38,"key":"Girya"},{"floor":42,"key":"Anchor"},{"floor":45,"key":"Oddly Smooth Stone"}],"event_choices":[{"damage_healed":41,"gold_gain":0,"player_choice":"Heal","damage_taken":0,"max_hp_gain":0,"max_hp_loss":0,"event_name":"The Library","floor":31,"gold_loss":0},{"cards_removed":["bronze:CloningBeam"],"damage_healed":0,"gold_gain":0,"player_choice":"Removed Attack","damage_taken":0,"max_hp_gain":0,"max_hp_loss":0,"event_name":"Falling","floor":37,"gold_loss":0},{"damage_healed":0,"gold_gain":0,"player_choice":"Fight","damage_taken":0,"max_hp_gain":0,"max_hp_loss":0,"event_name":"Mysterious Sphere","floor":38,"gold_loss":0}],"is_beta":false,"boss_relics":[{"not_picked":["Sozu","Black Star"],"picked":"bronze:MakeshiftBattery"},{"not_picked":["Busted Crown","SlaversCollar"],"picked":"Cursed Key"}],"items_purged_floors":[3,29,47],"is_endless":false,"potions_floor_spawned":[4,6,9,14,16,22,25,28,32,33,42,46,48],"ascension_level":2}}