{"host":"3nces2ajq3sg92g2","time":1613036895,"event":{"mods":["ATMod(阿瑾Mod)","Act Like it!","Arknights","BaseMod","Colored Map","Downfall","Highlight Path","Minty Spire (QoL Compilation)","MostiFishMod","Quick Restart","Relic Filter Mod","Relic Stats","Reliquary","Shop Mod","Spicy Shops","StSLib","TestMod","The Animator","WarShipGirlsR/战舰少女R mod","[IsaacMod]以撒尖塔","【功能Mod】聪明的最终Boss","【遗物卡牌】REMEMod","篝火指南"],"gold_per_floor":[118,128,143,-1377,-1363,-1337,-1326,-1292,-1266,-1266,-1248,-1233,-1198,-1187,-1187,-1086,-1086,-1074,-1058,-1058,-1058],"floor_reached":20,"language":"ZHS","playtime":1628,"items_purged":[],"score":358,"play_id":"ce52880a-705f-4c8f-a186-3931b8dacd4d","local_time":"20210211174815","is_ascension_mode":true,"campfire_choices":[{"data":"REME_Fury","floor":10,"key":"SMITH"},{"data":"MostiFishMod:FlyOverUtopia","floor":15,"key":"SMITH"}],"circlet_count":0,"master_deck":["Strike_R","Strike_R","Strike_R","Strike_R","Strike_R","Defend_R","Defend_R","Defend_R","Defend_R","Bash","SuicideKing","AT_FamilyPortrait","REME_Fury+1","Pommel Strike","Twin Strike","Ghostly Armor","Inflame","Headbutt","Cleave","Sword Boomerang","Uppercut","Intimidate","MostiFishMod:FlyOverUtopia+1","REME_Scribble","Metallicize","MostiFishMod:DarkDeal","Rampage","Spot Weakness"],"relics":["Burning Blood","AT_ATBox","DaveBox","testmod-TestBox","REME_ComplimentaryCards","HushsDoor","BelialBook","testmod-BlackFramedGlasses","ExusiaiGun","SynthV:TestCard","SynthV:MejaisSoulstealer","testmod-Déjàvu","reliquary:SilkGlove","Orichalcum","testmod-Hope","Cursed Key","Damocles","AT_BellDemon","ImprovedEquipment","reliquary:TatteredRug"],"acts_visited":["Exordium","TheCity"],"potions_floor_usage":[5,8,16,20],"damage_taken":[{"damage":0,"enemies":"Small Slimes","floor":1,"turns":1},{"damage":3,"enemies":"ats:Genji","floor":2,"turns":2},{"damage":0,"enemies":"2 Louse","floor":3,"turns":1},{"damage":14,"enemies":"Lots of Slimes","floor":5,"turns":2},{"damage":4,"enemies":"Gremlin Nob","floor":6,"turns":1},{"damage":0,"enemies":"Large Slime","floor":7,"turns":1},{"damage":0,"enemies":"3 Sentries","floor":8,"turns":1},{"damage":0,"enemies":"Exordium Thugs","floor":11,"turns":1},{"damage":0,"enemies":"Exordium Wildlife","floor":12,"turns":1},{"damage":0,"enemies":"Lagavulin","floor":13,"turns":1},{"damage":0,"enemies":"2 Fungi Beasts","floor":14,"turns":2},{"damage":4,"enemies":"Hexaghost","floor":16,"turns":2},{"damage":0,"enemies":"Shell Parasite","floor":18,"turns":1},{"damage":0,"enemies":"Chosen","floor":19,"turns":1},{"damage":0,"enemies":"Snake Plant","floor":20,"turns":1}],"seed_played":"7684928580152023646","potions_obtained":[{"floor":1,"key":"ColorlessPotion"},{"floor":2,"key":"Guardian:BlockOnCardUsePotion"},{"floor":5,"key":"Explosive Potion"},{"floor":7,"key":"champ:CounterPotion"},{"floor":12,"key":"BlessingOfTheForge"},{"floor":19,"key":"Regen Potion"}],"is_trial":false,"path_per_floor":["M","M","M","$","M","E","M","E","T","R","M","M","E","M","R","B",null,"M","M","M"],"character_chosen":"IRONCLAD","items_purchased":["Inflame","SynthV:MejaisSoulstealer","Damocles"],"campfire_rested":0,"item_purchase_floors":[4,4,17],"current_hp_per_floor":[80,80,80,80,77,80,80,80,80,80,80,80,80,80,80,80,70,70,72,0,0],"gold":-1058,"neow_bonus":"ONE_RANDOM_RARE_CARD","is_daily":false,"chose_seed":false,"campfire_upgraded":2,"win_rate":0.0,"timestamp":1613036895,"path_taken":["M","M","M","$","M","E","M","E","T","R","M","M","E","M","R","BOSS","M","M","M"],"items_purchased_type":["Card","Relic","Relic"],"build_version":"2020-12-22","purchased_purges":0,"victory":false,"max_hp_per_floor":[80,80,80,80,80,80,80,80,80,80,80,80,80,80,80,80,70,70,72,72,72],"relic_stats":{"counters":[15,19],"Orichalcum":[6],"Cursed Key":0,"obtain_stats":[{"KeepersGift":0,"AT_BellDemon":18,"Damocles":17,"AT_ATBox":0,"testmod-TestBox":0,"SynthV:MejaisSoulstealer":4,"reliquary:SilkGlove":8,"DaveBox":0,"ImprovedEquipment":19,"BelialBook":0,"reliquary:TatteredRug":19,"ExusiaiGun":0,"Orichalcum":9,"Cursed Key":17,"Burning Blood":0,"testmod-BlackFramedGlasses":0,"SynthV:TestCard":1,"testmod-Hope":13,"testmod-Déjàvu":6,"HushsDoor":0,"REME_ComplimentaryCards":0},{"KeepersGift":0,"AT_BellDemon":13,"Damocles":12,"AT_ATBox":0,"testmod-TestBox":0,"SynthV:MejaisSoulstealer":3,"reliquary:SilkGlove":7,"DaveBox":0,"ImprovedEquipment":14,"BelialBook":0,"reliquary:TatteredRug":14,"ExusiaiGun":0,"Orichalcum":7,"Cursed Key":12,"Burning Blood":0,"testmod-BlackFramedGlasses":0,"SynthV:TestCard":1,"testmod-Hope":10,"testmod-Déjàvu":5,"HushsDoor":0,"REME_ComplimentaryCards":0},{"KeepersGift":0,"AT_BellDemon":17,"Damocles":16,"AT_ATBox":0,"testmod-TestBox":0,"SynthV:MejaisSoulstealer":4,"reliquary:SilkGlove":9,"DaveBox":0,"ImprovedEquipment":18,"BelialBook":0,"reliquary:TatteredRug":18,"ExusiaiGun":0,"Orichalcum":9,"Cursed Key":16,"Burning Blood":0,"testmod-BlackFramedGlasses":0,"SynthV:TestCard":1,"testmod-Hope":12,"testmod-Déjàvu":7,"HushsDoor":0,"REME_ComplimentaryCards":0}],"Burning Blood":17},"card_choices":[{"not_picked":[],"picked":"SuicideKing","floor":0},{"not_picked":["Inflame","REME_Cut"],"picked":"Pommel Strike","floor":1},{"not_picked":["AT_BodySlamDance","Havoc","Sword Boomerang","Rampage"],"picked":"Twin Strike","floor":2},{"not_picked":["Perfected Strike","MostiFishMod:#F4004","Sever Soul","Disarm"],"picked":"Ghostly Armor","floor":3},{"not_picked":["Inflame","Feel No Pain","Havoc","Disarm"],"picked":"Headbutt","floor":5},{"not_picked":["Perfected Strike","True Grit","Pommel Strike","Exhume"],"picked":"Cleave","floor":6},{"not_picked":["Headbutt","Second Wind","Clash","Evolve"],"picked":"Sword Boomerang","floor":7},{"not_picked":["Anger","Havoc","Bomb","Fire Breathing"],"picked":"Uppercut","floor":8},{"not_picked":["Flex","True Grit","Seeing Red","Combust"],"picked":"Intimidate","floor":11},{"not_picked":["Armaments","Twin Strike","Havoc","Cleave"],"picked":"MostiFishMod:FlyOverUtopia","floor":12},{"not_picked":["Feel No Pain","MostiFishMod:Chiaki","Rampage","Sentinel"],"picked":"REME_Scribble","floor":13},{"not_picked":["REME_SingleHolding","Warcry","Clash","Carnage"],"picked":"Metallicize","floor":14},{"not_picked":["MostiFishMod:WingOfPhoenix","Exhume","Barricade","AT_Dispersion"],"picked":"MostiFishMod:DarkDeal","floor":16},{"not_picked":["Anger+1","Pommel Strike","Perfected Strike+1","AT_BodySlamDance"],"picked":"Rampage","floor":18},{"not_picked":["AT_GerminateFire","Anger","Wild Strike","Headbutt"],"picked":"Spot Weakness","floor":19}],"player_experience":102693,"relics_obtained":[{"floor":1,"key":"SynthV:TestCard"},{"floor":6,"key":"testmod-Déjàvu"},{"floor":8,"key":"reliquary:SilkGlove"},{"floor":9,"key":"Orichalcum"},{"floor":13,"key":"testmod-Hope"},{"floor":18,"key":"AT_BellDemon"},{"floor":19,"key":"ImprovedEquipment"},{"floor":19,"key":"reliquary:TatteredRug"}],"event_choices":[],"is_beta":false,"boss_relics":[{"not_picked":["testmod-EnergyCheck","TimeKeys"],"picked":"Cursed Key"},{"not_picked":[]}],"items_purged_floors":[],"is_endless":false,"potions_floor_spawned":[1,2,5,7,12,19],"killed_by":"Snake Plant","ascension_level":2}}