{"host":"J","time":1613073235,"event":{"mods":["BaseMod","Minty Spire (QoL Compilation)","Reliquary","StSLib","The Marked"],"gold_per_floor":[118,137,137,11,11,11,42,42,42,42,58,58,89,103,103,201,201,213,223,235,97,22,22,22,22,22,54,68,102,121,121,121,216,216,227,237,237,253,270,298,298,311,311,321,332,12,12,27,27,27],"floor_reached":51,"language":"ENG","playtime":2367,"items_purged":["theMarked:Strike","theMarked:Strike"],"score":754,"play_id":"9635916a-c957-4ae0-8309-fed9f9bce4e8","local_time":"20210211205355","is_ascension_mode":false,"campfire_choices":[{"data":"theMarked:SoldierOfQuellstein","floor":6.0,"key":"SMITH"},{"data":"theMarked:Parkour","floor":8.0,"key":"SMITH"},{"data":"theMarked:ResourceFulStrike","floor":10.0,"key":"SMITH"},{"data":"theMarked:Convert","floor":15.0,"key":"SMITH"},{"data":"theMarked:ComboAttacks","floor":23.0,"key":"SMITH"},{"data":"theMarked:SelfDefenseTraining","floor":25.0,"key":"SMITH"},{"floor":32.0,"key":"REST"},{"data":"theMarked:Toughness","floor":41.0,"key":"SMITH"},{"data":"RitualDagger","floor":47.0,"key":"SMITH"},{"data":"theMarked:TakeOffHeels","floor":49.0,"key":"SMITH"}],"circlet_count":0,"master_deck":["theMarked:Defend","theMarked:Defend","theMarked:Defend","theMarked:SoldierOfQuellstein+1","theMarked:ResourceFulStrike+1","theMarked:BanishingStrike","theMarked:ChainLightning","theMarked:Convert+1","theMarked:Vacuum","theMarked:HeightenedSenses+1","theMarked:EnhanceMovement+1","theMarked:ComboAttacks+1","theMarked:StartUp","theMarked:SelfDefenseTraining+1","theMarked:WardOff","theMarked:TwofoldDefense","theMarked:Indomitable+1","theMarked:BanishingWave+1","RitualDagger+1","theMarked:Toughness+1","theMarked:AttractMetal+1","theMarked:BanishingStrike","theMarked:BanishingStrike+1","theMarked:Parkour+1","theMarked:StartUp+1","Dark Shackles","theMarked:TakeOffHeels+1","theMarked:Opportunist+1"],"relics":["theMarked:ArtifactOfAir","Kunai","reliquary:JackalopeAntler","Eternal Feather","reliquary:RedCape","MealTicket","Lizard Tail","Ornamental Fan","Art of War","Empty Cage","Mango","The Courier","HandDrill"],"acts_visited":["Exordium","TheCity","TheBeyond"],"potions_floor_usage":[50],"damage_taken":[{"damage":0.0,"enemies":"Small Slimes","floor":1.0,"turns":3.0},{"damage":0.0,"enemies":"2 Louse","floor":2.0,"turns":2.0},{"damage":14.0,"enemies":"Gremlin Nob","floor":7.0,"turns":3.0},{"damage":0.0,"enemies":"Cultist","floor":11.0,"turns":2.0},{"damage":12.0,"enemies":"3 Sentries","floor":13.0,"turns":6.0},{"damage":1.0,"enemies":"3 Louse","floor":14.0,"turns":3.0},{"damage":48.0,"enemies":"Hexaghost","floor":16.0,"turns":10.0},{"damage":0.0,"enemies":"3 Byrds","floor":18.0,"turns":5.0},{"damage":0.0,"enemies":"Spheric Guardian","floor":19.0,"turns":3.0},{"damage":18.0,"enemies":"Shelled Parasite and Fungi","floor":20.0,"turns":4.0},{"damage":5.0,"enemies":"Book of Stabbing","floor":27.0,"turns":6.0},{"damage":23.0,"enemies":"Snake Plant","floor":28.0,"turns":6.0},{"damage":5.0,"enemies":"Gremlin Leader","floor":29.0,"turns":5.0},{"damage":0.0,"enemies":"Sentry and Sphere","floor":30.0,"turns":6.0},{"damage":21.0,"enemies":"Champ","floor":33.0,"turns":14.0},{"damage":7.0,"enemies":"3 Shapes","floor":35.0,"turns":4.0},{"damage":2.0,"enemies":"Orb Walker","floor":36.0,"turns":4.0},{"damage":18.0,"enemies":"Transient","floor":38.0,"turns":5.0},{"damage":14.0,"enemies":"3 Darklings","floor":39.0,"turns":5.0},{"damage":17.0,"enemies":"Nemesis","floor":40.0,"turns":9.0},{"damage":13.0,"enemies":"Maw","floor":42.0,"turns":5.0},{"damage":0.0,"enemies":"Sphere and 2 Shapes","floor":44.0,"turns":3.0},{"damage":3.0,"enemies":"4 Shapes","floor":45.0,"turns":6.0},{"damage":22.0,"enemies":"Spire Growth","floor":48.0,"turns":6.0},{"damage":27,"enemies":"Awakened One","floor":50,"turns":13}],"seed_played":"4252238055176141337","potions_obtained":[{"floor":0.0,"key":"AttackPotion"},{"floor":0.0,"key":"AttackPotion"},{"floor":0.0,"key":"Ancient Potion"},{"floor":2.0,"key":"Fire Potion"},{"floor":13.0,"key":"Dexterity Potion"},{"floor":14.0,"key":"SkillPotion"},{"floor":18.0,"key":"PowerPotion"},{"floor":20.0,"key":"Block Potion"},{"floor":28.0,"key":"FearPotion"},{"floor":38.0,"key":"ColorlessPotion"},{"floor":40.0,"key":"FearPotion"},{"floor":42.0,"key":"Swift Potion"},{"floor":44.0,"key":"BlessingOfTheForge"}],"is_trial":false,"path_per_floor":["M","M","?","$","?","R","E","R","T","R","M","?","E","M","R","B",null,"M","M","M","$","?","R","?","R","T","E","M","E","M","?","R","B",null,"M","M","?","M","M","E","R","M","T","M","M","$","R","M","R","B",null],"character_chosen":"THE_DEFAULT","items_purchased":["theMarked:ChainLightning","theMarked:StartUp","theMarked:SelfDefenseTraining","HandDrill","Dark Shackles","theMarked:TakeOffHeels"],"campfire_rested":1,"item_purchase_floors":[4,21,21,46,46,46],"current_hp_per_floor":[70,70,70,70,70,70,56,56,56,56,56,61,49,48,54,6,75,75,75,57,57,57,66,66,75,75,70,47,42,42,36,70,49,75,68,66,66,48,34,31,46,33,33,33,30,45,60,38,53,26],"gold":27,"neow_bonus":"THREE_SMALL_POTIONS","is_daily":false,"chose_seed":false,"campfire_upgraded":9,"win_rate":0.0,"timestamp":1613073235,"path_taken":["M","M","?","$","?","R","E","R","T","R","?","?","E","M","R","BOSS","M","M","M","$","?","R","?","R","T","E","?","E","M","?","R","BOSS","M","M","?","M","M","E","R","M","T","M","M","$","R","M","R","BOSS"],"items_purchased_type":["Card","Card","Card","Relic","Card","Card"],"build_version":"2020-12-18","purchased_purges":2,"victory":true,"max_hp_per_floor":[70,70,70,70,70,70,70,70,70,70,70,75,75,75,75,75,75,75,75,75,75,75,75,75,75,75,75,75,75,75,75,75,75,75,75,75,75,75,75,89,89,89,89,89,89,89,89,89,89,89],"card_choices":[{"not_picked":["theMarked:HeightenedSenses","theMarked:TheMission"],"picked":"theMarked:ResourceFulStrike","floor":1.0},{"not_picked":["theMarked:CreepingChasm","theMarked:Parry"],"picked":"theMarked:BanishingStrike","floor":2.0},{"not_picked":["theMarked:MysticalArsenal","theMarked:Friction"],"picked":"theMarked:Parkour","floor":7.0},{"not_picked":["theMarked:Improvise","theMarked:Parry"],"picked":"theMarked:Convert","floor":11.0},{"not_picked":["theMarked:HeightenedSenses","theMarked:TakeCover","theMarked:GodGivenPower"],"picked":"SKIP","floor":13.0},{"not_picked":["theMarked:ChainLightning","theMarked:ElectricStrings","theMarked:TakeCover"],"picked":"SKIP","floor":14.0},{"not_picked":["theMarked:UnarmedFury","theMarked:FavorableWinds"],"picked":"theMarked:Vacuum","floor":16.0},{"not_picked":["theMarked:SwordAndMagic+1","theMarked:Static+1"],"picked":"theMarked:HeightenedSenses+1","floor":18.0},{"not_picked":["theMarked:CreepingChasm+1","theMarked:Static"],"picked":"theMarked:EnhanceMovement+1","floor":19.0},{"not_picked":["theMarked:ChainLightning","theMarked:Electrify+1"],"picked":"theMarked:ComboAttacks","floor":20.0},{"not_picked":["theMarked:WastefulAttack","theMarked:Aftermath"],"picked":"theMarked:WardOff","floor":27.0},{"not_picked":["theMarked:Overcharge+1","theMarked:Improvise+1"],"picked":"theMarked:TwofoldDefense","floor":28.0},{"not_picked":["theMarked:Electrocute","theMarked:LightningStrikesTwice"],"picked":"theMarked:Indomitable+1","floor":29.0},{"not_picked":["theMarked:Heritage+1","theMarked:Seal"],"picked":"theMarked:BanishingWave+1","floor":30.0},{"not_picked":["theMarked:UnarmedFury","theMarked:EternalStudent"],"picked":"theMarked:Toughness","floor":33.0},{"not_picked":["theMarked:WardOff","theMarked:Improvise"],"picked":"theMarked:AttractMetal+1","floor":35.0},{"not_picked":["theMarked:RepellingDischarge","theMarked:Improvise"],"picked":"theMarked:BanishingStrike","floor":36.0},{"not_picked":["theMarked:SelfDefenseTraining","theMarked:Maelstrom","theMarked:RepellingDischarge+1"],"picked":"SKIP","floor":38.0},{"not_picked":["theMarked:Standoff+1","theMarked:RepellingDischarge+1"],"picked":"theMarked:BanishingStrike+1","floor":39.0},{"not_picked":["theMarked:Overthink","theMarked:WardOff"],"picked":"theMarked:Parkour+1","floor":40.0},{"not_picked":["theMarked:TunnelVision+1","theMarked:ElectricStrings","theMarked:Overthink"],"picked":"SKIP","floor":42.0},{"not_picked":["theMarked:TakeOffHeels","theMarked:Reabsorb"],"picked":"theMarked:StartUp+1","floor":44.0},{"not_picked":["theMarked:Aftermath+1","theMarked:TwofoldDefense","theMarked:ChainLightning+1"],"picked":"SKIP","floor":45.0},{"not_picked":["theMarked:BanishingStrike","theMarked:ChannelForce"],"picked":"theMarked:Opportunist+1","floor":48.0}],"player_experience":1245729,"relics_obtained":[{"floor":7.0,"key":"Kunai"},{"floor":9.0,"key":"reliquary:JackalopeAntler"},{"floor":13.0,"key":"Eternal Feather"},{"floor":26.0,"key":"MealTicket"},{"floor":27.0,"key":"Lizard Tail"},{"floor":27.0,"key":"Ornamental Fan"},{"floor":29.0,"key":"Art of War"},{"floor":40.0,"key":"Mango"},{"floor":43.0,"key":"The Courier"}],"event_choices":[{"damage_healed":0.0,"max_hp_gain":0.0,"max_hp_loss":0.0,"gold_gain":0.0,"event_name":"Shining Light","player_choice":"Ignored","floor":3.0,"gold_loss":0.0,"damage_taken":0.0},{"cards_removed":["theMarked:Strike"],"damage_healed":0.0,"max_hp_gain":0.0,"max_hp_loss":0.0,"gold_gain":0.0,"event_name":"Bonfire Elementals","player_choice":"Offered Basic","floor":5.0,"gold_loss":0.0,"damage_taken":0.0},{"damage_healed":0.0,"max_hp_gain":5.0,"max_hp_loss":0.0,"gold_gain":0.0,"event_name":"Big Fish","player_choice":"Donut","floor":12.0,"gold_loss":0.0,"damage_taken":0.0},{"cards_removed":["theMarked:Strike"],"damage_healed":0.0,"max_hp_gain":0.0,"max_hp_loss":0.0,"gold_gain":0.0,"event_name":"Beggar","player_choice":"Gave Gold","floor":22.0,"gold_loss":75.0,"damage_taken":0.0},{"damage_healed":0.0,"max_hp_gain":0.0,"max_hp_loss":0.0,"gold_gain":0.0,"event_name":"WeMeetAgain","player_choice":"Gave Potion","floor":24.0,"gold_loss":0.0,"damage_taken":0.0,"relics_obtained":["reliquary:FerryPass"]},{"damage_healed":0.0,"max_hp_gain":0.0,"max_hp_loss":0.0,"gold_gain":0.0,"event_name":"Nest","player_choice":"Joined the Cult","floor":31.0,"gold_loss":0.0,"damage_taken":6.0,"cards_obtained":["RitualDagger"]},{"cards_removed":["theMarked:Parkour"],"damage_healed":0.0,"max_hp_gain":0.0,"max_hp_loss":0.0,"gold_gain":0.0,"event_name":"Falling","player_choice":"Removed Attack","floor":37.0,"gold_loss":0.0,"damage_taken":0.0}],"is_beta":true,"boss_relics":[{"not_picked":["SlaversCollar","Black Star"],"picked":"reliquary:RedCape"},{"not_picked":["reliquary:Craggleroot","reliquary:KinkedSpring"],"picked":"Empty Cage"}],"items_purged_floors":[4,46],"is_endless":false,"potions_floor_spawned":[2,13,14,18,20,28,38,40,42,44,45],"ascension_level":0}}