{"host":"c2ypwvkuo6d4slur","time":1613025854,"event":{"mods":["BaseMod","Colored Map","Minty Spire (QoL Compilation)","StSLib","Together in Spire"],"gold_per_floor":[109,119,136,136,136,167,167,200,200,228,106,121,135,151,151,251,251,267,281,295,127,139,139,171,171,171,171,206,226,242,242,242,346,346,359,379,101,111,111,141,141,176,176,193,205,221,221,71,71,71,71,71,71,96,96],"floor_reached":56,"language":"ENG","playtime":3521,"items_purged":["Pain","Strike_G","Strike_G","Parasite"],"score":1321,"play_id":"0459410f-7324-4e09-aa38-4c51fd7159a3","local_time":"20210210224414","is_ascension_mode":false,"campfire_choices":[{"data":"Corpse Explosion","floor":7,"key":"SMITH"},{"data":"Noxious Fumes","floor":15,"key":"SMITH"},{"data":"Calculated Gamble","floor":23,"key":"SMITH"},{"data":"Deadly Poison","floor":27,"key":"SMITH"},{"data":"Deadly Poison","floor":32,"key":"SMITH"},{"data":"Leg Sweep","floor":41,"key":"SMITH"},{"data":"Secret Technique","floor":49,"key":"SMITH"},{"data":"Calculated Gamble","floor":52,"key":"SMITH"}],"circlet_count":0,"master_deck":["Defend_G","Defend_G","Defend_G","Defend_G","Defend_G","Survivor","Neutralize","Corpse Explosion+1","Poisoned Stab","Calculated Gamble+1","Noxious Fumes+1","Deadly Poison+1","Deadly Poison+1","PiercingWail","Burst","Blur+1","Leg Sweep+1","Footwork+1","Acrobatics+1","Escape Plan","Adrenaline","Skewer+1","Catalyst+1","Dodge and Roll","Catalyst+1","Concentrate","Well Laid Plans+1","Calculated Gamble+1","Secret Technique+1"],"relics":["Ring of the Snake","Matryoshka","WarpedTongs","Lizard Tail","Girya","Centennial Puzzle","Tough Bandages","White Beast Statue","Velvet Choker","Thread and Needle","Frozen Egg 2","Mercury Hourglass","TungstenRod","Astrolabe","DollysMirror","Art of War","Oddly Smooth Stone"],"acts_visited":["Exordium","TheCity","TheBeyond","TheEnding"],"potions_floor_usage":[6],"damage_taken":[{"damage":1,"enemies":"Jaw Worm","floor":1,"turns":2},{"damage":0,"enemies":"Small Slimes","floor":2,"turns":1},{"damage":0,"enemies":"Cultist","floor":3,"turns":2},{"damage":0,"enemies":"Gremlin Nob","floor":6,"turns":2},{"damage":14,"enemies":"Lagavulin","floor":8,"turns":5},{"damage":2,"enemies":"3 Sentries","floor":10,"turns":3},{"damage":0,"enemies":"Exordium Thugs","floor":12,"turns":1},{"damage":0,"enemies":"Red Slaver","floor":13,"turns":1},{"damage":0,"enemies":"Looter","floor":14,"turns":1},{"damage":0,"enemies":"Hexaghost","floor":16,"turns":4},{"damage":0,"enemies":"3 Byrds","floor":18,"turns":1},{"damage":0,"enemies":"Spheric Guardian","floor":19,"turns":1},{"damage":0,"enemies":"Cultist and Chosen","floor":20,"turns":3},{"damage":0,"enemies":"3 Cultists","floor":22,"turns":1},{"damage":0,"enemies":"Gremlin Leader","floor":24,"turns":3},{"damage":0,"enemies":"Book of Stabbing","floor":28,"turns":2},{"damage":0,"enemies":"Snake Plant","floor":29,"turns":1},{"damage":0,"enemies":"Centurion and Healer","floor":30,"turns":1},{"damage":0,"enemies":"Collector","floor":33,"turns":1},{"damage":0,"enemies":"3 Darklings","floor":35,"turns":1},{"damage":0,"enemies":"Orb Walker","floor":36,"turns":1},{"damage":0,"enemies":"Writhing Mass","floor":38,"turns":2},{"damage":0,"enemies":"Nemesis","floor":40,"turns":1},{"damage":0,"enemies":"Reptomancer","floor":42,"turns":1},{"damage":0,"enemies":"Maw","floor":44,"turns":2},{"damage":0,"enemies":"Spire Growth","floor":45,"turns":1},{"damage":0,"enemies":"3 Darklings","floor":46,"turns":1},{"damage":0,"enemies":"Time Eater","floor":50,"turns":1},{"damage":0,"enemies":"Shield and Spear","floor":54,"turns":2},{"damage":7,"enemies":"The Heart","floor":55,"turns":3}],"seed_played":"-6855287882934030581","potions_obtained":[{"floor":0,"key":"FearPotion"},{"floor":0,"key":"FearPotion"},{"floor":0,"key":"Fire Potion"},{"floor":10,"key":"DuplicationPotion"},{"floor":13,"key":"DuplicationPotion"},{"floor":25,"key":"DuplicationPotion"}],"is_trial":false,"path_per_floor":["M","M","M","?","?","E","R","E","T","E","$","M","M","M","R","B",null,"M","M","M","$","M","R","E","?","T","R","E","M","M","?","R","B",null,"M","M","$","M","?","E","R","E","T","M","M","M","?","$","R","B",null,"R","$","E","B",null],"character_chosen":"THE_SILENT","items_purchased":["Deadly Poison","Leg Sweep","DollysMirror"],"campfire_rested":0,"item_purchase_floors":[11,21,37],"current_hp_per_floor":[69,69,69,62,62,62,62,48,48,46,46,46,46,46,46,46,70,70,70,70,70,70,70,70,70,70,70,70,70,70,70,70,70,70,70,70,70,70,70,70,70,70,70,70,70,70,70,67,67,67,67,67,67,67,60],"gold":96,"neow_bonus":"THREE_SMALL_POTIONS","is_daily":false,"chose_seed":false,"campfire_upgraded":8,"win_rate":0.0,"timestamp":1613025854,"path_taken":["M","M","M","?","?","E","R","E","T","E","$","?","M","M","R","BOSS","M","M","M","$","M","R","E","?","T","R","E","?","M","?","R","BOSS","M","M","$","M","?","E","R","E","T","M","?","M","?","$","R","BOSS","R","$","E","BOSS"],"items_purchased_type":["Card","Card","Relic"],"build_version":"2020-12-22","purchased_purges":4,"victory":true,"max_hp_per_floor":[70,70,70,70,70,70,70,70,70,70,70,70,70,70,70,70,70,70,70,70,70,70,70,70,70,70,70,70,70,70,70,70,70,70,70,70,70,70,70,70,70,70,70,70,70,70,70,67,67,67,67,67,67,67,67],"card_choices":[{"not_picked":["Deadly Poison","Bouncing Flask"],"picked":"Corpse Explosion","floor":1},{"not_picked":["Slice","Outmaneuver","Deflect"],"picked":"SKIP","floor":2},{"not_picked":["Outmaneuver","Prepared"],"picked":"Poisoned Stab","floor":3},{"not_picked":["Concentrate","Choke"],"picked":"Calculated Gamble","floor":6},{"not_picked":["Choke","Blade Dance","Dagger Throw"],"picked":"SKIP","floor":8},{"not_picked":["Catalyst","Expertise"],"picked":"Noxious Fumes","floor":10},{"not_picked":["Underhanded Strike","Die Die Die"],"picked":"Deadly Poison","floor":12},{"not_picked":["Outmaneuver","Underhanded Strike","Masterful Stab"],"picked":"SKIP","floor":13},{"not_picked":["Acrobatics","Cloak And Dagger"],"picked":"PiercingWail","floor":14},{"not_picked":["After Image","Phantasmal Killer"],"picked":"Burst","floor":16},{"not_picked":["Blade Dance","Endless Agony"],"picked":"Blur+1","floor":18},{"not_picked":["Deflect+1","Sucker Punch+1","Poisoned Stab"],"picked":"SKIP","floor":19},{"not_picked":["Deadly Poison","Quick Slash","Choke"],"picked":"SKIP","floor":20},{"not_picked":["Riddle With Holes","Prepared+1"],"picked":"Footwork+1","floor":22},{"not_picked":["Choke","Deflect","Caltrops"],"picked":"SKIP","floor":24},{"not_picked":["Deadly Poison","Corpse Explosion","Backflip"],"picked":"SKIP","floor":28},{"not_picked":["Infinite Blades+1","Dodge and Roll"],"picked":"Acrobatics+1","floor":29},{"not_picked":["Accuracy+1","Deadly Poison"],"picked":"Escape Plan","floor":30},{"not_picked":["A Thousand Cuts+1","Unload"],"picked":"Adrenaline","floor":33},{"not_picked":["Deadly Poison+1","Terror+1"],"picked":"Dodge and Roll","floor":35},{"not_picked":["Slice","Deadly Poison","Endless Agony+1"],"picked":"SKIP","floor":36},{"not_picked":["Dodge and Roll","Outmaneuver","Caltrops+1"],"picked":"SKIP","floor":38},{"not_picked":["Predator+1","Blade Dance","Storm of Steel"],"picked":"SKIP","floor":40},{"not_picked":["Leg Sweep","Deadly Poison+1"],"picked":"Well Laid Plans+1","floor":42},{"not_picked":["Dodge and Roll+1","Dagger Throw","Deadly Poison+1"],"picked":"SKIP","floor":44},{"not_picked":["Glass Knife","Footwork+1"],"picked":"Calculated Gamble","floor":45},{"not_picked":["Footwork+1","Deflect","PiercingWail+1"],"picked":"SKIP","floor":46},{"not_picked":["Bandage Up","Purity"],"picked":"Secret Technique","floor":47},{"not_picked":["Envenom+1","Slice+1","Blade Dance+1"],"picked":"SKIP","floor":54}],"player_experience":43712,"relics_obtained":[{"floor":6,"key":"Lizard Tail"},{"floor":8,"key":"Girya"},{"floor":9,"key":"Centennial Puzzle"},{"floor":9,"key":"Tough Bandages"},{"floor":10,"key":"White Beast Statue"},{"floor":24,"key":"Thread and Needle"},{"floor":26,"key":"Frozen Egg 2"},{"floor":26,"key":"Mercury Hourglass"},{"floor":28,"key":"TungstenRod"},{"floor":40,"key":"Art of War"},{"floor":54,"key":"Oddly Smooth Stone"}],"event_choices":[{"damage_healed":0,"gold_gain":0,"player_choice":"Success","damage_taken":7,"relics_obtained":["Matryoshka"],"max_hp_gain":0,"max_hp_loss":0,"event_name":"Scrap Ooze","floor":4,"gold_loss":0},{"damage_healed":0,"gold_gain":0,"player_choice":"Rummage","damage_taken":0,"relics_obtained":["WarpedTongs"],"max_hp_gain":0,"max_hp_loss":0,"event_name":"Accursed Blacksmith","floor":5,"gold_loss":0,"cards_obtained":["Pain"]},{"damage_healed":0,"gold_gain":0,"player_choice":"Got Potions","damage_taken":0,"max_hp_gain":0,"max_hp_loss":0,"event_name":"Lab","floor":25,"gold_loss":0},{"damage_healed":0,"gold_gain":0,"player_choice":"Ignored","damage_taken":0,"max_hp_gain":0,"max_hp_loss":0,"event_name":"The Mausoleum","floor":31,"gold_loss":0},{"damage_healed":0,"gold_gain":0,"cards_transformed":["Endless Agony"],"player_choice":"Transformed","damage_taken":0,"max_hp_gain":0,"max_hp_loss":0,"event_name":"Transmorgrifier","floor":39,"gold_loss":0,"cards_obtained":["Concentrate"]},{"damage_healed":0,"gold_gain":0,"player_choice":"Memory 1","damage_taken":0,"max_hp_gain":0,"max_hp_loss":0,"event_name":"SensoryStone","floor":47,"gold_loss":0}],"is_beta":false,"boss_relics":[{"not_picked":["Snecko Eye","Ring of the Serpent"],"picked":"Velvet Choker"},{"not_picked":["Sozu","Coffee Dripper"],"picked":"Astrolabe"}],"items_purged_floors":[11,21,37,48],"is_endless":false,"potions_floor_spawned":[10,12,13,14,16,18,19,20,22,24,28,29,30,33,35,36,38,40,42,44,45,46,54],"ascension_level":0}}