{"host":"swn8ychr123rw3gf","time":1613055424,"event":{"mods":["BaseMod","Minty Spire (QoL Compilation)","StSLib"],"gold_per_floor":[109,109,34,51,67,94,94,194,194,214,78,91,91,106,106,106,106],"floor_reached":16,"language":"ZHS","playtime":455,"items_purged":["Strike_R"],"score":173,"play_id":"00373fc7-648d-413e-8ef1-dc666246a084","local_time":"20210211225704","is_ascension_mode":true,"campfire_choices":[{"data":"Limit Break","floor":13,"key":"SMITH"},{"data":"Armaments","floor":15,"key":"SMITH"}],"circlet_count":0,"master_deck":["AscendersBane","Strike_R","Strike_R","Strike_R","Strike_R","Defend_R","Defend_R","Defend_R","Defend_R","Bash","Heavy Blade","True Grit","Reaper","Armaments+1","Pommel Strike","Flex","Shrug It Off","Limit Break+1","Uppercut"],"relics":["Burning Blood","Bird Faced Urn","Art of War","Meat on the Bone","InkBottle"],"acts_visited":["Exordium"],"potions_floor_usage":[14,16],"damage_taken":[{"damage":10.0,"enemies":"Small Slimes","floor":1.0,"turns":3.0},{"damage":1.0,"enemies":"Cultist","floor":4.0,"turns":4.0},{"damage":0.0,"enemies":"2 Louse","floor":5.0,"turns":2.0},{"damage":24.0,"enemies":"Gremlin Nob","floor":6.0,"turns":4.0},{"damage":5.0,"enemies":"Blue Slaver","floor":10.0,"turns":5.0},{"damage":9,"enemies":"3 Louse","floor":12,"turns":3},{"damage":25,"enemies":"Lots of Slimes","floor":14,"turns":5},{"damage":59,"enemies":"The Guardian","floor":16,"turns":8}],"seed_played":"4670079529772621038","potions_obtained":[{"floor":4.0,"key":"Swift Potion"},{"floor":10.0,"key":"Regen Potion"},{"floor":12,"key":"Fruit Juice"}],"is_trial":false,"path_per_floor":["M","?","$","M","M","E","?","?","T","M","$","M","R","M","R","B"],"character_chosen":"IRONCLAD","items_purchased":["Limit Break"],"campfire_rested":0,"item_purchase_floors":[11],"current_hp_per_floor":[64,64,64,68,68,50,38,38,38,46,46,55,55,53,53,0,0],"gold":106,"neow_bonus":"ONE_RARE_RELIC","is_daily":false,"chose_seed":false,"campfire_upgraded":2,"win_rate":0.0,"timestamp":1613055424,"path_taken":["M","?","?","?","M","E","?","?","T","M","$","M","R","M","R","BOSS"],"items_purchased_type":["Card"],"build_version":"2020-12-22","purchased_purges":1,"victory":false,"max_hp_per_floor":[68,68,68,68,68,68,68,68,68,68,68,68,68,73,73,73,73],"card_choices":[{"not_picked":["Wild Strike","Clash"],"picked":"Heavy Blade","floor":1.0},{"not_picked":["Fire Breathing","Anger"],"picked":"Armaments","floor":4.0},{"not_picked":["Armaments","Sword Boomerang"],"picked":"Pommel Strike","floor":5.0},{"not_picked":["Metallicize","Combust"],"picked":"Flex","floor":6.0},{"not_picked":["Clothesline","Shockwave"],"picked":"Shrug It Off","floor":10.0},{"not_picked":["Corruption","Metallicize","Warcry"],"picked":"SKIP","floor":12},{"not_picked":["Searing Blow","Reckless Charge"],"picked":"Uppercut","floor":14}],"player_experience":466515,"relics_obtained":[{"floor":6.0,"key":"Art of War"},{"floor":9.0,"key":"InkBottle"}],"event_choices":[{"damage_healed":0.0,"max_hp_gain":0.0,"max_hp_loss":0.0,"gold_gain":0.0,"event_name":"Match and Keep!","player_choice":"2 cards matched","floor":2.0,"gold_loss":0.0,"damage_taken":0.0,"cards_obtained":["True Grit","Reaper"]},{"damage_healed":0.0,"max_hp_gain":0.0,"max_hp_loss":0.0,"gold_gain":0.0,"event_name":"Scrap Ooze","player_choice":"Success","floor":7.0,"gold_loss":0.0,"damage_taken":12.0,"relics_obtained":["Meat on the Bone"]},{"damage_healed":0.0,"max_hp_gain":0.0,"max_hp_loss":0.0,"gold_gain":100.0,"event_name":"Wheel of Change","player_choice":"Gold","floor":8.0,"gold_loss":0.0,"damage_taken":0.0}],"is_beta":false,"boss_relics":[],"items_purged_floors":[3],"is_endless":false,"potions_floor_spawned":[4,10,12],"killed_by":"The Guardian","ascension_level":14}}