{"host":"cijhj3091wf4aho3","time":1613029683,"event":{"mods":["BaseMod","Colored Map","Colored Powertips","Downfall","Friendly Minions","GifTheSpireLib","Highlight Path","Minty Spire (QoL Compilation)","Permanent Neow","Random Character Button","Relic Sorter","Relic Stats","StSLib","everything is the same but u backflip on backflip","slay the spire mod where everything is the same but ironclad has a cowboy hat"],"gold_per_floor":[99,115,125,8,22,22,22,35,69,81,81,91,91,191,211,315,315,315,331,381,397,597,334,334,349,382,382,57,124,124,174,188,288,288,288,298,311,321,371,54,124,422,440,467,367,417,435,469,484,484],"floor_reached":51,"language":"ENG","playtime":3815,"items_purged":["bronze:Strike","bronze:Replicate","bronze:Strike","Parasite"],"score":781,"play_id":"e722cedd-3a7a-4935-a29b-602b4cd59cba","local_time":"20210210234803","is_ascension_mode":false,"campfire_choices":[{"data":"bronze:Mutator","floor":1.0,"key":"SMITH"},{"data":"bronze:Goto","floor":11.0,"key":"SMITH"},{"data":"bronze:MaxOutput","floor":13.0,"key":"SMITH"},{"data":"bronze:OilSpill","floor":18.0,"key":"SMITH"},{"data":"bronze:Deprecate","floor":27.0,"key":"SMITH"},{"data":"bronze:Shell","floor":30.0,"key":"SMITH"},{"data":"bronze:OilSpill","floor":35.0,"key":"SMITH"},{"floor":45,"key":"REST"}],"circlet_count":0,"master_deck":["bronze:Strike","bronze:Strike","bronze:Defend","bronze:Defend+1","bronze:Defend","bronze:Goto+1","bronze:Mutator+1","bronze:Deprecate+1","bronze:Shell+1","bronze:MaxOutput+1","bronze:OilSpill+1","bronze:BronzeOrb","bronze:Backtrace","bronze:OilSpill+1","bronze:ForLoop+1","bronze:DelayedSlice","Impatience","bronze:Backtrace","bronze:BugBarrage+1"],"relics":["bronze:BronzeCore","Art of War","downfall:CloakOfManyFaces","CultistMask","FaceOfCleric","NlothsMask","GremlinMask","SsserpentHead","Sozu","War Paint","Question Card","Anchor","Runic Pyramid","Membership Card","FossilizedHelix","InkBottle","Smiling Mask","downfall:HeartBlessingGreen","PreservedInsect"],"acts_visited":["Exordium","TheCity","TheBeyond"],"potions_floor_usage":[],"damage_taken":[{"damage":7.0,"enemies":"2 Louse","floor":2.0,"turns":4.0},{"damage":0.0,"enemies":"Small Slimes","floor":3.0,"turns":3.0},{"damage":0.0,"enemies":"downfall:FleeingMerchant","floor":4.0,"turns":4.0},{"damage":0.0,"enemies":"Cultist","floor":5.0,"turns":6.0},{"damage":0.0,"enemies":"3 Louse","floor":8.0,"turns":6.0},{"damage":3.0,"enemies":"3 Sentries","floor":9.0,"turns":12.0},{"damage":9.0,"enemies":"Lots of Slimes","floor":10.0,"turns":7.0},{"damage":11.0,"enemies":"Exordium Thugs","floor":12.0,"turns":6.0},{"damage":11.0,"enemies":"downfall:FaceTrader","floor":14.0,"turns":6.0},{"damage":0.0,"enemies":"Lots of Slimes","floor":15.0,"turns":2.0},{"damage":11.0,"enemies":"WA_ARCHETYPE_RETAIN","floor":16.0,"turns":10.0},{"damage":0.0,"enemies":"3 Byrds","floor":19.0,"turns":4.0},{"damage":0.0,"enemies":"Spheric Guardian","floor":21.0,"turns":4.0},{"damage":0.0,"enemies":"downfall:FleeingMerchant","floor":23.0,"turns":4.0},{"damage":0.0,"enemies":"Shelled Parasite and Fungi","floor":25.0,"turns":7.0},{"damage":12.0,"enemies":"Slavers","floor":26.0,"turns":9.0},{"damage":0.0,"enemies":"downfall:FleeingMerchant","floor":28.0,"turns":4.0},{"damage":0.0,"enemies":"Cultist and Chosen","floor":29.0,"turns":8.0},{"damage":9.0,"enemies":"Centurion and Healer","floor":32.0,"turns":7.0},{"damage":0.0,"enemies":"SI_MIRROR_ARCHETYPE","floor":33.0,"turns":8.0},{"damage":1.0,"enemies":"3 Darklings","floor":36.0,"turns":6.0},{"damage":14.0,"enemies":"3 Shapes","floor":37.0,"turns":7.0},{"damage":0.0,"enemies":"Writhing Mass","floor":38.0,"turns":6.0},{"damage":5.0,"enemies":"downfall:FleeingMerchant","floor":40.0,"turns":4.0},{"damage":0,"enemies":"downfall:FleeingMerchant","floor":42,"turns":1},{"damage":12,"enemies":"Spire Growth","floor":43,"turns":5},{"damage":42,"enemies":"Nemesis","floor":44,"turns":7},{"damage":0,"enemies":"Transient","floor":47,"turns":5},{"damage":6,"enemies":"Reptomancer","floor":48,"turns":7},{"damage":19,"enemies":"3 Darklings","floor":49,"turns":4},{"damage":4,"enemies":"DF_ARCHETYPE_ORBS","floor":50,"turns":7}],"seed_played":"-197469660772718536","potions_obtained":[{"floor":5.0,"key":"AttackPotion"},{"floor":8.0,"key":"EssenceOfSteel"},{"floor":9.0,"key":"Guardian:BlockOnCardUsePotion"},{"floor":10.0,"key":"Dexterity Potion"},{"floor":14.0,"key":"Explosive Potion"}],"is_trial":false,"path_per_floor":["R","M","M","$","M","?","T","M","E","M","R","M","R","?","M","B",null,"R","M","?","M","?","$","T","M","E","R","$","M","R","?","M","B",null,"R","M","M","M","?","$","T","$","M","E","R","?","M","E","M","B",null],"character_chosen":"THE_AUTOMATON","items_purchased":["bronze:Shield","War Paint","Anchor","bronze:Backtrace","Membership Card","FossilizedHelix","bronze:Backtrace"],"campfire_rested":1,"item_purchase_floors":[4,23,28,28,40,40,42],"current_hp_per_floor":[63,56,56,56,56,61,61,61,58,49,49,38,38,27,28,18,70,70,71,71,72,72,73,73,74,63,63,64,65,65,65,57,58,79,79,79,66,67,67,63,63,64,53,12,36,36,37,32,14,11],"gold":484,"neow_bonus":"THREE_RARE_CARDS","is_daily":false,"chose_seed":false,"campfire_upgraded":7,"win_rate":0.0,"timestamp":1613029683,"path_taken":["R","M","M","$","M","?","T","M","E","M","R","M","R","?","M","BOSS","R","M","?","M","?","$","T","M","E","R","$","?","R","?","M","BOSS","R","M","M","M","?","$","T","?","M","E","R","?","M","E","M","BOSS"],"items_purchased_type":["Card","Relic","Relic","Card","Relic","Relic","Card"],"build_version":"2020-12-22","purchased_purges":4,"victory":true,"max_hp_per_floor":[63,63,63,63,63,68,68,68,68,68,68,68,68,68,69,70,70,70,71,71,72,72,73,73,74,75,75,76,77,77,77,78,79,79,79,80,81,82,82,83,83,81,82,83,83,83,84,85,86,87],"relic_stats":{"Sozu":9,"SsserpentHead":350,"FaceOfCleric":22,"counters":[31,180],"PreservedInsect":0,"Art of War":[11],"War Paint":["bronze:Defend","bronze:Defend"],"Question Card":15,"Smiling Mask":0,"obtain_stats":[{"bronze:BronzeCore":0,"GremlinMask":14,"downfall:HeartBlessingGreen":45,"PreservedInsect":48,"War Paint":23,"Question Card":26,"Smiling Mask":44,"Sozu":17,"SsserpentHead":14,"Anchor":28,"FaceOfCleric":14,"Ornamental Fan":7,"CultistMask":14,"Art of War":9,"downfall:CloakOfManyFaces":14,"Membership Card":40,"FossilizedHelix":40,"InkBottle":41,"NlothsMask":14,"Runic Pyramid":34},{"bronze:BronzeCore":0,"GremlinMask":9,"downfall:HeartBlessingGreen":27,"PreservedInsect":29,"War Paint":14,"Question Card":16,"Smiling Mask":27,"Sozu":11,"SsserpentHead":9,"Anchor":17,"FaceOfCleric":9,"Ornamental Fan":4,"CultistMask":9,"Art of War":6,"downfall:CloakOfManyFaces":9,"Membership Card":24,"FossilizedHelix":24,"InkBottle":24,"NlothsMask":9,"Runic Pyramid":20},{"bronze:BronzeCore":0,"GremlinMask":54,"downfall:HeartBlessingGreen":157,"PreservedInsect":169,"War Paint":78,"Question Card":94,"Smiling Mask":157,"Sozu":66,"SsserpentHead":54,"Anchor":98,"FaceOfCleric":54,"Ornamental Fan":17,"CultistMask":54,"Art of War":35,"downfall:CloakOfManyFaces":54,"Membership Card":144,"FossilizedHelix":144,"InkBottle":144,"NlothsMask":54,"Runic Pyramid":121}],"InkBottle":[17]},"card_choices":[{"not_picked":["bronze:Hardcode","bronze:Verify"],"picked":"bronze:Mutator","floor":0.0},{"not_picked":["bronze:OilSpill","bronze:DelayedGuard"],"picked":"bronze:Deprecate","floor":2.0},{"not_picked":["bronze:CutThrough","bronze:HyperBeam","bronze:DelayedGuard"],"picked":"SKIP","floor":3.0},{"not_picked":["bronze:ForceShield","bronze:Fortify"],"picked":"bronze:Shell","floor":4.0},{"not_picked":["bronze:InfiniteBeams","bronze:WildBeam","bronze:FineTuning"],"picked":"SKIP","floor":5.0},{"not_picked":["bronze:CutThrough","bronze:Allocate"],"picked":"bronze:MaxOutput","floor":8.0},{"not_picked":["bronze:Mutator","bronze:Overheat","bronze:Shield"],"picked":"SKIP","floor":9.0},{"not_picked":["bronze:Deprecate","bronze:Repair"],"picked":"bronze:OilSpill","floor":10.0},{"not_picked":["bronze:WildBeam","bronze:WhirlingStrike","bronze:DigitalCarnage"],"picked":"SKIP","floor":12.0},{"not_picked":["bronze:DelayedGuard","bronze:Shield"],"picked":"bronze:BronzeOrb","floor":14.0},{"not_picked":["bronze:GetLatest","bronze:DelayedSlice","bronze:BuggyMess"],"picked":"SKIP","floor":15.0},{"not_picked":["bronze:Philosophize","bronze:BuggyMess","bronze:ForLoop"],"picked":"SKIP","floor":19.0},{"not_picked":["bronze:Deprecate+1","bronze:Invalidate","bronze:Refactor+1"],"picked":"SKIP","floor":21.0},{"not_picked":["bronze:FineTuning","bronze:Turbo","bronze:CutThrough"],"picked":"SKIP","floor":23.0},{"not_picked":["bronze:Invalidate","bronze:Shield+1","bronze:BugBarrage"],"picked":"SKIP","floor":25.0},{"not_picked":["bronze:Iterate+1","bronze:InfiniteLoop","bronze:FineTuning"],"picked":"SKIP","floor":26.0},{"not_picked":["bronze:Frontload","bronze:CutThrough","bronze:SpaghettiCode","bronze:DelayedGuard"],"picked":"SKIP","floor":28.0},{"not_picked":["bronze:Frontload","bronze:Overheat+1","bronze:DelayedGuard","bronze:Constructor+1"],"picked":"SKIP","floor":29.0},{"not_picked":["bronze:Repulsor","bronze:DelayedGuard","bronze:Shield"],"picked":"bronze:OilSpill","floor":32.0},{"not_picked":["bronze:Shield","bronze:Repulsor","bronze:BronzeArmor","bronze:FineTuning"],"picked":"SKIP","floor":36.0},{"not_picked":["bronze:Branch+1","bronze:Philosophize","bronze:Boost","bronze:ItsAFeature+1"],"picked":"SKIP","floor":37.0},{"not_picked":["bronze:Refactor","bronze:Frontload+1","bronze:Boost+1"],"picked":"bronze:ForLoop+1","floor":38.0},{"not_picked":["bronze:FineTuning","bronze:InfiniteBeams+1","bronze:Branch","bronze:Turbo"],"picked":"SKIP","floor":40},{"not_picked":["bronze:Frontload+1","bronze:Assembly","bronze:DelayedSlice","bronze:ForLoop+1"],"picked":"SKIP","floor":42},{"not_picked":["bronze:BronzeArmor+1","bronze:MaxOutput+1","bronze:FineTuning","bronze:ChosenStrike+1"],"picked":"SKIP","floor":43},{"not_picked":["bronze:BuggyMess","bronze:Allocate","bronze:Shield"],"picked":"bronze:BugBarrage+1","floor":44},{"not_picked":["bronze:ForceShield","bronze:WildBeam","bronze:BugBarrage","bronze:Overheat"],"picked":"SKIP","floor":47},{"not_picked":["bronze:BronzeOrb","bronze:BitShift+1","bronze:ThunderWave","bronze:BuggyMess+1"],"picked":"SKIP","floor":48},{"not_picked":["bronze:Turbo","bronze:CloningBeam","bronze:Optimize+1","bronze:Return+1"],"picked":"SKIP","floor":49}],"player_experience":578559,"relics_obtained":[{"floor":7.0,"key":"Ornamental Fan"},{"floor":9.0,"key":"Art of War"},{"floor":14.0,"key":"downfall:CloakOfManyFaces"},{"floor":26.0,"key":"Question Card"},{"floor":41,"key":"InkBottle"},{"floor":44,"key":"Smiling Mask"},{"floor":48,"key":"PreservedInsect"}],"event_choices":[{"damage_healed":0.0,"max_hp_gain":5.0,"max_hp_loss":0.0,"gold_gain":0.0,"event_name":"Big Fish","player_choice":"Donut","floor":6.0,"gold_loss":0.0,"damage_taken":0.0},{"cards_removed":["bronze:Defend"],"damage_healed":0,"gold_gain":0,"player_choice":"Removed Skill","damage_taken":0,"max_hp_gain":0,"max_hp_loss":0,"event_name":"Falling","floor":46,"gold_loss":0}],"is_beta":false,"boss_relics":[{"not_picked":["Calling Bell","bronze:PlatinumCore"],"picked":"Sozu"},{"not_picked":["Philosopher\u0027s Stone","Black Star"],"picked":"Runic Pyramid"}],"items_purged_floors":[4,23,28,42],"is_endless":false,"potions_floor_spawned":[5,8,9,10,14,25,26,32,33,37,38,44,47,48],"ascension_level":0}}