{"host":"fpyz1np99lc1z3pg","time":1613041575,"event":{"mods":["BaseMod","BetterRewards","Defuse TimeMaze Blight","Downfall","Friendly Minions","Hubris","Infinite Spire","Koishi","Minty Spire (QoL Compilation)","READ ME - Guardian Mod","Remilia£®¿Ÿ√◊¿Ú—«£©","Replay The Spire","StSLib","Td1madao Mod","The Bug Knight","The Construct","The Hierophant","The Jungle","The Servant 0.9.4","Youmu£®ªÍ∆«—˝√Œ£©"],"gold_per_floor":[99,110,120,120,130,155,155,255,284,311,311,31,31,41,55,55,55],"floor_reached":16,"language":"ZHS","playtime":1385,"items_purged":["hubris:Despair"],"score":110,"play_id":"e31afa5b-1731-4761-8e14-257a8da83a56","local_time":"20210211190615","is_ascension_mode":false,"campfire_choices":[{"floor":1,"key":"RECALL"},{"floor":11,"key":"REST"}],"circlet_count":0,"master_deck":["HollowMod:NailStrikeStart","HollowMod:NailStrikeStart","HollowMod:NailStrikeStart","HollowMod:NailStrikeStart","HollowMod:QuickDashStart","HollowMod:QuickDashStart","HollowMod:QuickDashStart","HollowMod:QuickDashStart","HollowMod:FocusHealStart","HollowMod:PogoStrike","HollowMod:DoubleDash","HollowMod:SiblingsShadow","HollowMod:HowlingWraiths","HollowMod:FallenFury","hubris:Gluttony","HollowMod:NewInfectedGuardian","Doubt","Normality","HollowMod:GreatSlash","Normality","HollowMod:DungDefenderAura","expansioncontent:DashGenerateEvil","HollowMod:MantisMark","HollowMod:BlackTendrils","HollowMod:CycloneSlash"],"relics":["HollowMod:VesselMask","FossilizedHelix","hubris:64BitClover","downfall:ExtraCursedKey","Anchor"],"acts_visited":["Exordium"],"potions_floor_usage":[16,16],"damage_taken":[{"damage":3,"enemies":"Cultist","floor":2,"turns":5},{"damage":2,"enemies":"Small Slimes","floor":3,"turns":4},{"damage":1,"enemies":"Jaw Worm","floor":5,"turns":5},{"damage":25,"enemies":"Gremlin Nob","floor":6,"turns":4},{"damage":19,"enemies":"3 Sentries","floor":9,"turns":7},{"damage":0,"enemies":"downfall:FleeingMerchant","floor":12,"turns":4},{"damage":0,"enemies":"Exordium Thugs","floor":14,"turns":4},{"damage":0,"enemies":"3 Louse","floor":15,"turns":4},{"damage":112,"enemies":"DF_ARCHETYPE_STREAMLINE","floor":16,"turns":14}],"seed_played":"2947143405169194145","potions_obtained":[{"floor":2,"key":"construct:ShiftPotion"},{"floor":6,"key":"Adrenaline Potion"},{"floor":9,"key":"LiquidMemories"},{"floor":14,"key":"EssenceOfSteel"}],"is_trial":false,"path_per_floor":["R","M","M","?","M","E","T","?","E","T","R","$","?","M","M","B"],"character_chosen":"THE_BUGKNIGHT","items_purchased":["expansioncontent:DashGenerateEvil"],"campfire_rested":1,"item_purchase_floors":[12],"current_hp_per_floor":[82,79,82,82,82,57,57,62,43,43,69,75,75,81,82,0,0],"gold":55,"neow_bonus":"TEN_PERCENT_HP_BONUS","is_daily":false,"chose_seed":false,"campfire_upgraded":0,"win_rate":0.0,"timestamp":1613041575,"path_taken":["R","M","M","?","M","E","T","?","E","?","R","$","?","?","M","BOSS"],"items_purchased_type":["Card"],"build_version":"2020-12-22","purchased_purges":1,"victory":false,"max_hp_per_floor":[82,82,82,82,82,82,82,87,87,87,87,87,87,87,87,87,87],"card_choices":[{"not_picked":["HollowMod:SiblingsSouls","HollowMod:NewLittleFool"],"picked":"HollowMod:DoubleDash","floor":2},{"not_picked":["HollowMod:LifebloodCocoon","HollowMod:ChannelNail"],"picked":"HollowMod:SiblingsShadow","floor":3},{"not_picked":["HollowMod:ElderbugsWisdom","HollowMod:InfectionAssault"],"picked":"HollowMod:HowlingWraiths","floor":5},{"not_picked":["HollowMod:NewGlowingWomb","HollowMod:HeavyBlow"],"picked":"HollowMod:FallenFury","floor":6},{"not_picked":["HollowMod:DreamGate","HollowMod:LifebloodCocoon"],"picked":"HollowMod:GreatSlash","floor":9},{"not_picked":["HollowMod:ChannelNail","HollowMod:BaldurShell"],"picked":"HollowMod:DungDefenderAura","floor":12},{"not_picked":["HollowMod:HeavyBlow","HollowMod:FallenFury"],"picked":"HollowMod:BlackTendrils","floor":14},{"not_picked":["HollowMod:HowlingWraiths","HollowMod:ShapeofUnn"],"picked":"HollowMod:CycloneSlash","floor":15}],"player_experience":286096,"relics_obtained":[{"floor":6,"key":"FossilizedHelix"},{"floor":7,"key":"hubris:64BitClover"},{"floor":9,"key":"Anchor"}],"event_choices":[],"is_beta":false,"boss_relics":[],"items_purged_floors":[12],"is_endless":false,"potions_floor_spawned":[2,6,9,14],"killed_by":"DF_ARCHETYPE_STREAMLINE","ascension_level":0}}