{"host":"j5j96s76v36ug78u","time":1613037201,"event":{"mods":["BaseMod","Better Third Choice","Hermit","Highlight Path","JesterMod","Jorbs\u0027s Wanderer Trilogy","Marisa????????","Minty Spire (QoL Compilation)","Onozuka Komachi Mod","Potion Indicator Mod","Reliquary","Robot Space Explorer","StSLib","The Animator","The Blue Laboratory","The Bug Knight","The Clintock","The Cursed","The Hayseed","The Marked","The Spell Scribe","The Valiant"],"gold_per_floor":[127,140,150,168,20,67,67,109,109,113,113],"floor_reached":10,"language":"ENG","playtime":2276,"items_purged":[],"score":90,"play_id":"acc66cc9-7b53-44fa-a6b3-d94c5539db1f","local_time":"20210211065321","is_ascension_mode":true,"campfire_choices":[{"floor":7,"key":"REST"}],"circlet_count":0,"master_deck":["animator:Strike_NoGameNoLife","animator:Defend_NoGameNoLife","animator:Strike","animator:Strike","animator:Strike","animator:Defend","animator:Defend","animator:Defend","animator:DolaSchwi","animator:DolaCouronne","animator:Jibril","animator:IrohaTamaki","animator:DolaRiku","animator:DolaRiku","animator:DolaRiku","animator:Chris","animator:Togame","animator:DolaStephanie","animator:OrikoMikuni"],"relics":["animator:LivingPicture","animator:TheMissingPiece","animator:PurgingStone","Orrery","reliquary:QuartzCube","reliquary:WeakTea"],"acts_visited":["Exordium"],"potions_floor_usage":[6],"damage_taken":[{"damage":0,"enemies":"Cultist","floor":1,"turns":5},{"damage":7,"enemies":"Jaw Worm","floor":2,"turns":6},{"damage":15,"enemies":"Small Slimes","floor":3,"turns":5},{"damage":11,"enemies":"Red Slaver","floor":4,"turns":6},{"damage":11,"enemies":"3 Sentries","floor":6,"turns":8},{"damage":17,"enemies":"Lagavulin","floor":8,"turns":10},{"damage":35,"enemies":"Gremlin Nob","floor":10,"turns":4}],"seed_played":"2576930541300302","potions_obtained":[{"floor":4,"key":"EssenceOfSteel"}],"is_trial":false,"path_per_floor":["M","M","M","M","$","E","R","E","T","E"],"character_chosen":"THE_ANIMATOR","items_purchased":["Orrery"],"campfire_rested":1,"item_purchase_floors":[5],"current_hp_per_floor":[72,65,50,40,40,29,50,33,33,0,0],"gold":113,"neow_bonus":"TEN_PERCENT_HP_BONUS","is_daily":false,"chose_seed":false,"campfire_upgraded":0,"win_rate":0.0,"timestamp":1613037201,"path_taken":["M","M","M","?","$","E","R","E","T","E"],"items_purchased_type":["Relic"],"build_version":"2020-12-22","purchased_purges":0,"victory":false,"max_hp_per_floor":[72,72,72,73,73,73,73,73,73,73,73],"card_choices":[{"not_picked":["animator:DolaCouronne","animator:DwarfShaman"],"picked":"animator:Jibril","floor":1},{"not_picked":["animator:SayakaMiki","animator:ZankiKiguchi","animator:AcuraTooru"],"picked":"SKIP","floor":2},{"not_picked":["animator:Gluttony","animator:Vanir"],"picked":"animator:IrohaTamaki","floor":3},{"not_picked":["animator:FielNirvalen","animator:DolaCouronne"],"picked":"animator:DolaRiku","floor":4},{"not_picked":["animator:FielNirvalen","animator:ZankiKiguchi"],"picked":"animator:DolaRiku","floor":5},{"not_picked":["animator:Shiro","animator:FielNirvalen"],"picked":"animator:DolaRiku","floor":5},{"not_picked":["animator:Sloth","animator:DolaRiku"],"picked":"animator:Chris","floor":5},{"not_picked":["animator:MumenRider","animator:ElricAlphonse"],"picked":"animator:Togame","floor":5},{"not_picked":["animator:DolaCouronne","animator:ElricAlphonse"],"picked":"animator:DolaStephanie","floor":6},{"not_picked":["animator:HighElfArcher","animator:UneriGinkaku"],"picked":"animator:OrikoMikuni","floor":8}],"player_experience":201942,"relics_obtained":[{"floor":6,"key":"reliquary:QuartzCube"},{"floor":8,"key":"reliquary:WeakTea"}],"event_choices":[],"is_beta":false,"boss_relics":[],"items_purged_floors":[],"is_endless":false,"potions_floor_spawned":[4],"killed_by":"Gremlin Nob","ascension_level":3}}