{"host":"mqhvlr3kpxebko0t","time":1613028032,"event":{"mods":["AchievementEnabler","BaseMod","Colored Map","Colored Powertips","KOR Keyword Fix","Keyboard Shortcuts","Minty Spire (QoL Compilation)","StSLib","SuperFastMode"],"gold_per_floor":[109,109,109,34,53,86,86,112,138,173,183,200,200,86,86,165,165,179,79,4,4,18,18,29,46,46,46,46],"floor_reached":27,"language":"KOR","playtime":388,"items_purged":["Strike_R","Strike_R","Strike_R"],"score":512,"play_id":"b380ae97-3652-4133-85c3-fcbd0c7a8c76","local_time":"20210211162032","is_ascension_mode":true,"campfire_choices":[{"data":"Blood for Blood","floor":7,"key":"SMITH"},{"data":"Evolve","floor":15,"key":"SMITH"},{"data":"Uppercut","floor":23,"key":"SMITH"}],"circlet_count":0,"master_deck":["AscendersBane","Defend_R","Defend_R","Defend_R","Bash","Second Wind","Combust","Wild Strike","Blood for Blood+1","Evolve+1","Impervious","Uppercut+1","Metallicize","Dropkick+1"],"relics":["Burning Blood","NeowsBlessing","Blood Vial","Omamori","Vajra","The Courier","Eternal Feather","Runic Cube"],"acts_visited":["Exordium","TheCity"],"potions_floor_usage":[8,25,25],"damage_taken":[{"damage":0,"enemies":"Jaw Worm","floor":1,"turns":1},{"damage":0,"enemies":"Small Slimes","floor":5,"turns":1},{"damage":0,"enemies":"Gremlin Nob","floor":6,"turns":1},{"damage":21,"enemies":"3 Sentries","floor":8,"turns":8},{"damage":24,"enemies":"Gremlin Nob","floor":10,"turns":4},{"damage":0,"enemies":"Cultist","floor":11,"turns":2},{"damage":21,"enemies":"Large Slime","floor":12,"turns":5},{"damage":16,"enemies":"Slime Boss","floor":16,"turns":8},{"damage":29,"enemies":"2 Thieves","floor":18,"turns":5},{"damage":5,"enemies":"Chosen","floor":22,"turns":6},{"damage":23,"enemies":"Sentry and Sphere","floor":24,"turns":5},{"damage":40,"enemies":"Shelled Parasite and Fungi","floor":25,"turns":5},{"damage":28,"enemies":"Slavers","floor":27,"turns":1}],"seed_played":"-6149301730571675698","potions_obtained":[{"floor":6,"key":"ColorlessPotion"},{"floor":8,"key":"LiquidBronze"},{"floor":12,"key":"BloodPotion"},{"floor":25,"key":"ElixirPotion"}],"is_trial":false,"path_per_floor":["M","?","?","$","M","E","R","E","T","E","M","M","T","$","R","B",null,"M","$","?","$","M","R","M","M","T","E"],"character_chosen":"IRONCLAD","items_purchased":["Evolve"],"campfire_rested":0,"item_purchase_floors":[14],"current_hp_per_floor":[74,74,74,74,75,75,75,60,60,44,52,39,39,39,45,37,66,45,45,45,45,48,54,39,22,22,0,0],"gold":46,"neow_bonus":"THREE_ENEMY_KILL","is_daily":false,"chose_seed":false,"campfire_upgraded":3,"win_rate":0.0,"timestamp":1613028032,"path_taken":["M","?","?","$","M","E","R","E","T","E","M","?","?","$","R","BOSS","M","$","?","$","M","R","M","?","T","E"],"items_purchased_type":["Card"],"build_version":"2020-12-22","purchased_purges":3,"victory":false,"max_hp_per_floor":[75,75,75,75,75,75,75,75,75,75,75,75,75,75,75,75,75,75,75,75,75,75,75,75,75,75,75,75],"card_choices":[{"not_picked":["Clothesline","Warcry"],"picked":"Second Wind","floor":1},{"not_picked":["Clash","Dark Embrace"],"picked":"Wild Strike","floor":5},{"not_picked":["Inflame","Flex"],"picked":"Blood for Blood","floor":6},{"not_picked":["Combust","Dual Wield","Iron Wave"],"picked":"SKIP","floor":8},{"not_picked":["Armaments","Clash","Cleave"],"picked":"SKIP","floor":10},{"not_picked":["Fiend Fire","Thunderclap","Havoc"],"picked":"SKIP","floor":11},{"not_picked":["Reckless Charge","Armaments","Headbutt"],"picked":"SKIP","floor":12},{"not_picked":["Demon Form","Bludgeon"],"picked":"Impervious","floor":16},{"not_picked":["Perfected Strike","Heavy Blade","Combust"],"picked":"SKIP","floor":18},{"not_picked":["Armaments","Flex","Hemokinesis"],"picked":"SKIP","floor":22},{"not_picked":["Exhume","Uppercut"],"picked":"Dropkick+1","floor":24},{"not_picked":["Uppercut","Dark Embrace","Flex"],"picked":"SKIP","floor":25}],"player_experience":708475,"relics_obtained":[{"floor":6,"key":"Blood Vial"},{"floor":8,"key":"Omamori"},{"floor":9,"key":"Vajra"},{"floor":10,"key":"The Courier"},{"floor":13,"key":"Eternal Feather"}],"event_choices":[{"damage_healed":0,"gold_gain":0,"player_choice":"Ignored","damage_taken":0,"max_hp_gain":0,"max_hp_loss":0,"event_name":"Shining Light","floor":2,"gold_loss":0},{"damage_healed":0,"gold_gain":0,"cards_transformed":["Strike_R"],"player_choice":"Change","damage_taken":0,"max_hp_gain":0,"max_hp_loss":0,"event_name":"Living Wall","floor":3,"gold_loss":0,"cards_obtained":["Combust"]},{"damage_healed":0,"gold_gain":0,"cards_transformed":["Strike_R","Defend_R"],"player_choice":"Transformed Cards","damage_taken":0,"max_hp_gain":0,"max_hp_loss":0,"event_name":"Designer","floor":20,"gold_loss":75,"cards_obtained":["Uppercut","Metallicize"]}],"is_beta":false,"boss_relics":[{"not_picked":["Velvet Choker","SlaversCollar"],"picked":"Runic Cube"}],"items_purged_floors":[4,14,19],"is_endless":false,"potions_floor_spawned":[6,8,12,22,25],"killed_by":"Slavers","ascension_level":20}}