{"host":"9kesdg97wkrx2bva","time":1613024934,"event":{"mods":["AchievementEnabler","BaseMod","Colored Map","GifTheSpireLib","Infinite Spire","Minty Spire (QoL Compilation)","Replay The Spire","StSLib"],"gold_per_floor":[15,65,22,34,34,34,54,54,79,79,109,109,121,134,134,207,207,222,64,78,78,3,3,3,23,50,50,50,50,50],"floor_reached":29,"language":"ENG","playtime":651,"items_purged":["Strike_B"],"score":420,"play_id":"de7b8273-bc4a-4db1-9e37-e8e56b6c47b1","local_time":"20210211002854","is_ascension_mode":true,"campfire_choices":[{"data":"Zap","floor":6,"key":"SMITH"},{"data":"Dualcast","floor":8,"key":"SMITH"},{"data":"Lockon","floor":10,"key":"SMITH"},{"floor":15,"key":"REST"},{"data":"Mirror Shield","floor":23,"key":"SMITH"},{"data":"Creative AI","floor":27,"key":"SMITH"}],"circlet_count":0,"master_deck":["AscendersBane","Defend_B","Defend_B","Defend_B","Defend_B","Zap+1","Dualcast+1","Lockon+1","Double Energy","Hologram","Creative AI+1","Cold Snap","FTL","Mirror Shield+1","Cold Snap","Capacitor","Coolheaded","Self Repair","Fusion","ReplayTheSpireMod:Black Plague"],"relics":["Cracked Core","Emotion Chip","Pen Nib","Strawberry","Replay:Wax Seal","Sozu","Juzu Bracelet"],"acts_visited":["Exordium","TheCity"],"potions_floor_usage":[11,11,18],"damage_taken":[{"damage":7,"enemies":"Jaw Worm","floor":1,"turns":2},{"damage":6,"enemies":"Cultist","floor":4,"turns":3},{"damage":7,"enemies":"Small Slimes","floor":7,"turns":2},{"damage":27,"enemies":"3 Sentries","floor":11,"turns":6},{"damage":3,"enemies":"2 Fungi Beasts","floor":13,"turns":4},{"damage":11,"enemies":"3 Louse","floor":14,"turns":3},{"damage":22,"enemies":"Slime Boss","floor":16,"turns":9},{"damage":5,"enemies":"Shell Parasite","floor":18,"turns":4},{"damage":0,"enemies":"Spheric Guardian","floor":20,"turns":6},{"damage":11,"enemies":"Snecko","floor":25,"turns":6},{"damage":35,"enemies":"Slavers","floor":29,"turns":2}],"seed_played":"6192432355289460479","potions_obtained":[{"floor":4,"key":"SkillPotion"},{"floor":7,"key":"Reflective Coating"},{"floor":16,"key":"Block Potion"}],"is_trial":false,"path_per_floor":["M","?","$","M","T","R","M","R","T","R","E","?","M","M","R","B",null,"M","$","M","?","?","R","?","M","T","R","?","E"],"character_chosen":"DEFECT","items_purchased":["Double Energy","Capacitor"],"campfire_rested":1,"item_purchase_floors":[3,19],"current_hp_per_floor":[57,57,57,51,51,51,44,44,51,51,24,17,14,3,26,4,60,55,55,55,55,55,55,55,51,51,51,32,0,0],"gold":50,"neow_bonus":"ONE_RARE_RELIC","is_daily":false,"chose_seed":false,"campfire_upgraded":5,"win_rate":0.0,"timestamp":1613024934,"path_taken":["M","?","?","?","?","R","M","R","T","R","E","?","M","M","R","BOSS","M","$","M","?","?","R","?","?","T","R","?","E"],"items_purchased_type":["Card","Card"],"build_version":"2020-12-22","purchased_purges":1,"victory":false,"max_hp_per_floor":[71,71,71,71,71,71,71,71,78,78,78,78,78,78,78,78,78,78,78,78,78,78,78,78,78,78,78,78,78,78],"card_choices":[{"not_picked":["Stack","ReplaySolidLightProjector"],"picked":"Lockon","floor":1},{"not_picked":["Blizzard","Melter"],"picked":"Hologram","floor":4},{"not_picked":["Sweeping Beam","Turbo","Time Bomb"],"picked":"SKIP","floor":7},{"not_picked":["Panic Button","Coolheaded"],"picked":"Creative AI","floor":11},{"not_picked":["Coolheaded","Streamline"],"picked":"Cold Snap","floor":13},{"not_picked":["Compile Driver","Hologram"],"picked":"FTL","floor":14},{"not_picked":["Multi-Cast","ReplayTheSpireMod:Fabricate Wheel"],"picked":"Mirror Shield","floor":16},{"not_picked":["Leap","Lockon"],"picked":"Cold Snap","floor":18},{"not_picked":["ReplayTheSpireMod:GoodbyeWorld","Aggregate"],"picked":"Coolheaded","floor":20},{"not_picked":["Beam Cell","ReplayGash"],"picked":"Fusion","floor":25},{"not_picked":["infinitespire:FinalStrike","infinitespire:Execution"],"picked":"ReplayTheSpireMod:Black Plague","floor":28}],"player_experience":1024152,"relics_obtained":[{"floor":5,"key":"Pen Nib"},{"floor":9,"key":"Strawberry"},{"floor":11,"key":"Replay:Wax Seal"},{"floor":26,"key":"Juzu Bracelet"}],"event_choices":[{"damage_healed":0,"gold_gain":50,"player_choice":"Pray","damage_taken":0,"max_hp_gain":0,"max_hp_loss":0,"event_name":"Golden Shrine","floor":2,"gold_loss":0},{"cards_removed":["Strike_B"],"damage_healed":0,"gold_gain":0,"player_choice":"Card Removal","damage_taken":7,"max_hp_gain":0,"max_hp_loss":0,"event_name":"Golden Wing","floor":12,"gold_loss":0},{"damage_healed":0,"gold_gain":0,"player_choice":"Read","damage_taken":0,"max_hp_gain":0,"max_hp_loss":0,"event_name":"The Library","floor":21,"gold_loss":0,"cards_obtained":["Self Repair"]},{"cards_removed":["Strike_B"],"damage_healed":0,"gold_gain":0,"player_choice":"Gave Gold","damage_taken":0,"max_hp_gain":0,"max_hp_loss":0,"event_name":"Beggar","floor":22,"gold_loss":75},{"cards_removed":["Strike_B"],"damage_healed":0,"gold_gain":0,"player_choice":"Purged","damage_taken":0,"max_hp_gain":0,"max_hp_loss":0,"event_name":"Purifier","floor":24,"gold_loss":0}],"is_beta":false,"boss_relics":[{"not_picked":["Calling Bell","Fusion Hammer"],"picked":"Sozu"}],"items_purged_floors":[19],"is_endless":false,"potions_floor_spawned":[4,7,16,18],"killed_by":"Slavers","ascension_level":18}}