{"host":"ynimr9ugvc6f046i","time":1613017067,"event":{"mods":["2.2 Compatiblity","BaseMod","Colored Map","DeckTracker","Highlight Path","Keyboard Shortcuts","Minty Spire (QoL Compilation)","Permanent Neow","Quick Restart","StSLib","SuperFastMode"],"gold_per_floor":[114,114,125,138,156,156,185,185,185,213,213,240,327,371,383,469,481,493,493],"floor_reached":18,"language":"KOR","playtime":473,"items_purged":[],"score":476,"play_id":"3a735fc5-c382-46df-9996-bcd8f3bf01df","local_time":"20210211131747","is_ascension_mode":true,"campfire_choices":[{"floor":6.0,"key":"REST"},{"floor":8.0,"key":"REST"},{"floor":15.0,"key":"RECALL"}],"circlet_count":0,"master_deck":["AscendersBane","Strike_P+1","Strike_P+1","Strike_P","Strike_P+1","Defend_P+1","Defend_P+1","Defend_P+1","Defend_P","Eruption","Vigilance","LessonLearned+1","WheelKick","InnerPeace","MentalFortress","CrushJoints+1","Vault"],"relics":["Fusion Hammer","Pantograph","Nunchaku","Ornamental Fan","Torii","MawBank","Bottled Lightning","Black Star"],"acts_visited":["Exordium","TheCity"],"potions_floor_usage":[],"damage_taken":[{"damage":0.0,"enemies":"Small Slimes","floor":1.0,"turns":2.0},{"damage":7.0,"enemies":"Jaw Worm","floor":3.0,"turns":3.0},{"damage":0.0,"enemies":"2 Louse","floor":4.0,"turns":2.0},{"damage":0.0,"enemies":"2 Fungi Beasts","floor":5.0,"turns":3.0},{"damage":38.0,"enemies":"3 Sentries","floor":7.0,"turns":13.0},{"damage":22.0,"enemies":"Lagavulin","floor":10.0,"turns":6.0},{"damage":18.0,"enemies":"3 Sentries","floor":12.0,"turns":9.0},{"damage":0.0,"enemies":"Gremlin Nob","floor":14.0,"turns":3.0},{"damage":31.0,"enemies":"Hexaghost","floor":16.0,"turns":9.0},{"damage":20,"enemies":"Spheric Guardian","floor":18,"turns":8}],"seed_played":"-355099627105543822","potions_obtained":[{"floor":1.0,"key":"Dexterity Potion"},{"floor":4.0,"key":"EntropicBrew"},{"floor":10.0,"key":"StancePotion"}],"is_trial":false,"path_per_floor":["M","?","M","M","M","R","E","R","T","E","?","E","?","E","R","B",null,"M"],"character_chosen":"WATCHER","items_purchased":[],"campfire_rested":2,"item_purchase_floors":[],"current_hp_per_floor":[61,35,28,28,28,48,10,30,30,8,30,12,1,1,1,20,56,36,36],"gold":493,"neow_bonus":"BOSS_RELIC","is_daily":false,"chose_seed":false,"campfire_upgraded":0,"win_rate":0.0,"timestamp":1613017067,"path_taken":["M","?","M","M","M","R","E","R","T","E","?","E","?","E","R","BOSS","M"],"items_purchased_type":[],"build_version":"2020-12-22","purchased_purges":0,"victory":false,"max_hp_per_floor":[68,68,68,68,68,68,68,68,68,68,68,68,68,68,68,68,68,68,68],"card_choices":[{"not_picked":["Perseverance","Protect"],"picked":"WheelKick","floor":1.0},{"not_picked":["ThirdEye","Pray"],"picked":"CrushJoints","floor":3.0},{"not_picked":["Indignation","BowlingBash","CrushJoints"],"picked":"SKIP","floor":4.0},{"not_picked":["Nirvana","LessonLearned","Halt"],"picked":"SKIP","floor":5.0},{"not_picked":["CarveReality","PathToVictory"],"picked":"InnerPeace","floor":7.0},{"not_picked":["Indignation","Protect"],"picked":"MentalFortress","floor":10.0},{"not_picked":["SpiritShield","EmptyBody","Evaluate"],"picked":"SKIP","floor":12.0},{"not_picked":["CrushJoints","CutThroughFate","Fasting2"],"picked":"SKIP","floor":14.0},{"not_picked":["DevaForm","MasterReality"],"picked":"Vault","floor":16.0}],"player_experience":575481,"relics_obtained":[{"floor":7.0,"key":"Nunchaku"},{"floor":9.0,"key":"Ornamental Fan"},{"floor":10.0,"key":"Torii"},{"floor":12.0,"key":"MawBank"},{"floor":14.0,"key":"Bottled Lightning"}],"event_choices":[{"damage_healed":0.0,"max_hp_gain":0.0,"max_hp_loss":0.0,"gold_gain":0.0,"event_name":"Scrap Ooze","player_choice":"Success","floor":2.0,"gold_loss":0.0,"damage_taken":26.0,"relics_obtained":["Pantograph"]},{"damage_healed":22.0,"max_hp_gain":0.0,"max_hp_loss":0.0,"gold_gain":0.0,"event_name":"Big Fish","player_choice":"Banana","floor":11.0,"gold_loss":0.0,"damage_taken":0.0},{"damage_healed":0.0,"max_hp_gain":0.0,"max_hp_loss":0.0,"gold_gain":75.0,"event_name":"World of Goop","player_choice":"Gather Gold","floor":13.0,"gold_loss":0.0,"damage_taken":11.0}],"is_beta":false,"boss_relics":[{"not_picked":["Calling Bell","Astrolabe"],"picked":"Black Star"}],"items_purged_floors":[],"is_endless":false,"potions_floor_spawned":[1,4,10],"killed_by":"Spheric Guardian","ascension_level":20}}