{"host":"Qube","time":1613017876,"event":{"mods":["AchievementEnabler","BaseMod","Colored Map","Colored Powertips","Highlight Path","Minty Spire (QoL Compilation)","Permanent Neow","Quick Restart","Random Character Button","StSLib"],"gold_per_floor":[116,116,130,130,130,163,163,206,276,290,290,306,306,337,337,433,433,456,13,13,52,52,52,52],"floor_reached":23,"language":"ENG","playtime":1040,"items_purged":[],"score":464,"play_id":"19636a63-ced6-4dfe-8ef4-bb78978b7b56","local_time":"20210210203116","is_ascension_mode":true,"campfire_choices":[{"floor":7.0,"key":"REST"},{"floor":11.0,"key":"REST"},{"data":"Machine Learning","floor":13.0,"key":"SMITH"},{"data":"Rainbow","floor":15.0,"key":"SMITH"}],"circlet_count":0,"master_deck":["AscendersBane","Strike_B","Strike_B","Defend_B","Defend_B","Defend_B","Defend_B","Zap","Dualcast","Ball Lightning","Streamline","Hologram","Cold Snap","BootSequence","Leap","Machine Learning+1","Self Repair","Rainbow+1","Fission","Conserve Battery","HandOfGreed","Loop","Glacier","Darkness","Multi-Cast","Streamline"],"relics":["Cracked Core","Blood Vial","Golden Idol","Dream Catcher","Incense Burner","The Courier","Anchor","Inserter","DataDisk","TheAbacus"],"acts_visited":["Exordium","TheCity"],"potions_floor_usage":[21,23],"damage_taken":[{"damage":0.0,"enemies":"Cultist","floor":1.0,"turns":3.0},{"damage":0.0,"enemies":"Small Slimes","floor":3.0,"turns":2.0},{"damage":20.0,"enemies":"Lagavulin","floor":6.0,"turns":5.0},{"damage":42.0,"enemies":"Gremlin Nob","floor":8.0,"turns":4.0},{"damage":0.0,"enemies":"2 Louse","floor":10.0,"turns":2.0},{"damage":0.0,"enemies":"Large Slime","floor":12.0,"turns":5.0},{"damage":0.0,"enemies":"Lagavulin","floor":14.0,"turns":7.0},{"damage":33.0,"enemies":"The Guardian","floor":16.0,"turns":12.0},{"damage":11.0,"enemies":"Chosen","floor":18.0,"turns":7.0},{"damage":20,"enemies":"3 Byrds","floor":21,"turns":6},{"damage":63,"enemies":"Slavers","floor":23,"turns":4}],"seed_played":"8544170483597804744","potions_obtained":[{"floor":1.0,"key":"FearPotion"},{"floor":3.0,"key":"DistilledChaos"},{"floor":12.0,"key":"FearPotion"},{"floor":14.0,"key":"Regen Potion"},{"floor":16.0,"key":"SpeedPotion"},{"floor":18.0,"key":"EssenceOfSteel"}],"is_trial":false,"path_per_floor":["M","?","M","?","?","E","R","E","T","M","R","M","R","E","R","B",null,"M","$","?","M","?","E"],"character_chosen":"DEFECT","items_purchased":["DataDisk","HandOfGreed","TheAbacus","Loop"],"campfire_rested":2,"item_purchase_floors":[19,19,19,19],"current_hp_per_floor":[66,66,68,68,44,26,47,7,7,9,30,32,32,41,41,17,58,56,56,56,38,38,0,0],"gold":52,"neow_bonus":"RANDOM_COMMON_RELIC","is_daily":false,"chose_seed":false,"campfire_upgraded":2,"win_rate":0.0,"timestamp":1613017876,"path_taken":["M","?","M","?","?","E","R","E","T","M","R","M","R","E","R","BOSS","M","$","?","M","?","E"],"items_purchased_type":["Relic","Card","Relic","Card"],"build_version":"2020-12-18","purchased_purges":0,"victory":false,"max_hp_per_floor":[71,71,71,71,71,71,71,71,71,71,71,71,71,71,71,71,71,71,71,71,71,71,71,71],"card_choices":[{"not_picked":["Stack","Sweeping Beam"],"picked":"Ball Lightning","floor":1.0},{"not_picked":["Barrage","Turbo"],"picked":"Streamline","floor":3.0},{"not_picked":["Force Field","Scrape"],"picked":"Hologram","floor":6.0},{"not_picked":["Conserve Battery","Darkness"],"picked":"Cold Snap","floor":7.0},{"not_picked":["Hologram","Heatsinks"],"picked":"BootSequence","floor":8.0},{"not_picked":["Reprogram","Heatsinks"],"picked":"Leap","floor":10.0},{"not_picked":["Hello World","Rebound"],"picked":"Machine Learning","floor":11.0},{"not_picked":["Tempest","Coolheaded"],"picked":"Self Repair","floor":12.0},{"not_picked":["Turbo","Hologram"],"picked":"Rainbow","floor":14.0},{"not_picked":["Core Surge","All For One"],"picked":"Fission","floor":16.0},{"not_picked":["Turbo","Rebound"],"picked":"Conserve Battery","floor":18.0},{"not_picked":["Turbo","Stack"],"picked":"Darkness","floor":21}],"player_experience":1148236,"relics_obtained":[{"floor":6.0,"key":"Dream Catcher"},{"floor":8.0,"key":"Incense Burner"},{"floor":9.0,"key":"The Courier"},{"floor":14.0,"key":"Anchor"}],"event_choices":[{"damage_healed":0.0,"max_hp_gain":0.0,"max_hp_loss":0.0,"gold_gain":0.0,"event_name":"Scrap Ooze","player_choice":"Fled","floor":2.0,"gold_loss":0.0,"damage_taken":0.0},{"damage_healed":0.0,"max_hp_gain":0.0,"max_hp_loss":0.0,"gold_gain":0.0,"event_name":"Liars Game","player_choice":"Ignored","floor":4.0,"gold_loss":0.0,"damage_taken":0.0},{"damage_healed":0.0,"max_hp_gain":0.0,"max_hp_loss":0.0,"gold_gain":0.0,"event_name":"Golden Idol","player_choice":"Take Damage","floor":5.0,"gold_loss":0.0,"damage_taken":24.0,"relics_obtained":["Golden Idol"]},{"damage_healed":0.0,"max_hp_gain":0.0,"max_hp_loss":0.0,"gold_gain":0.0,"event_name":"The Library","player_choice":"Read","floor":20.0,"gold_loss":0.0,"damage_taken":0.0,"cards_obtained":["Glacier"]},{"damage_healed":0,"gold_gain":0,"cards_transformed":["Strike_B","Strike_B"],"player_choice":"Became Test Subject","damage_taken":0,"max_hp_gain":0,"max_hp_loss":0,"event_name":"Drug Dealer","floor":22,"gold_loss":0,"cards_obtained":["Multi-Cast","Streamline"]}],"is_beta":true,"boss_relics":[{"not_picked":["Calling Bell","Ectoplasm"],"picked":"Inserter"}],"items_purged_floors":[],"is_endless":false,"potions_floor_spawned":[1,3,12,14,16,18],"killed_by":"Slavers","ascension_level":20}}