{"host":"sav7uxregyirlf69","time":1613008732,"event":{"mods":["AchievementEnabler","BaseMod","Colored Map","DeckTracker","Keyboard Shortcuts","Minty Spire (QoL Compilation)","READ ME - Guardian Mod","StSLib","SuperFastMode"],"gold_per_floor":[128,140,152,177,7,7,41,41,68,84,95,109,109,109,109,109,109],"floor_reached":16,"language":"KOR","playtime":250,"items_purged":["Strike_G"],"score":200,"play_id":"46651725-5141-417a-acb4-4d5d07639f8c","local_time":"20210211105852","is_ascension_mode":true,"campfire_choices":[{"data":"Crippling Poison","floor":6,"key":"SMITH"},{"floor":8,"key":"REST"},{"data":"Glass Knife","floor":13,"key":"SMITH"},{"data":"Neutralize","floor":15,"key":"SMITH"}],"circlet_count":0,"master_deck":["AscendersBane","Strike_G","Strike_G","Strike_G","Defend_G","Defend_G","Defend_G","Defend_G","Survivor","Neutralize+1","Footwork","Dagger Throw","Blade Dance","Crippling Poison+1","Glass Knife+1"],"relics":["Ring of the Snake","MawBank","Orichalcum","Boot"],"acts_visited":["Exordium"],"potions_floor_usage":[7,16,16,16,16,16],"damage_taken":[{"damage":9,"enemies":"Jaw Worm","floor":1,"turns":8},{"damage":4,"enemies":"Cultist","floor":4,"turns":6},{"damage":28,"enemies":"Lagavulin","floor":7,"turns":8},{"damage":2,"enemies":"Small Slimes","floor":10,"turns":3},{"damage":2,"enemies":"3 Louse","floor":11,"turns":2},{"damage":0,"enemies":"2 Fungi Beasts","floor":12,"turns":2},{"damage":36,"enemies":"Slime Boss","floor":16,"turns":6}],"seed_played":"-4326213807181718379","potions_obtained":[{"floor":4,"key":"Fire Potion"},{"floor":11,"key":"SkillPotion"},{"floor":12,"key":"EntropicBrew"}],"is_trial":false,"path_per_floor":["M","?","$","M","$","R","E","R","T","M","M","M","R","?","R","B"],"character_chosen":"THE_SILENT","items_purchased":["Blade Dance","Crippling Poison"],"campfire_rested":1,"item_purchase_floors":[5,5],"current_hp_per_floor":[50,50,50,46,46,46,18,37,37,35,33,33,33,26,26,0,0],"gold":109,"neow_bonus":"RANDOM_COMMON_RELIC","is_daily":false,"chose_seed":false,"campfire_upgraded":3,"win_rate":0.0,"timestamp":1613008732,"path_taken":["M","?","?","M","$","R","E","R","T","M","?","M","R","?","R","BOSS"],"items_purchased_type":["Card","Card"],"build_version":"2020-12-22","purchased_purges":1,"victory":false,"max_hp_per_floor":[66,66,66,66,66,66,66,66,66,66,66,66,66,66,66,66,66],"card_choices":[{"not_picked":["Deadly Poison","PiercingWail"],"picked":"Footwork","floor":1},{"not_picked":["Flying Knee","Choke"],"picked":"Dagger Throw","floor":4},{"not_picked":["PiercingWail","Deflect","Distraction"],"picked":"SKIP","floor":7},{"not_picked":["Quick Slash","Escape Plan"],"picked":"Glass Knife","floor":10},{"not_picked":["Slice","Outmaneuver","Dodge and Roll"],"picked":"SKIP","floor":11},{"not_picked":["Acrobatics","Dash","Backflip"],"picked":"SKIP","floor":12}],"player_experience":1553788,"relics_obtained":[{"floor":7,"key":"Orichalcum"},{"floor":9,"key":"Boot"}],"event_choices":[{"cards_removed":["Defend_G"],"damage_healed":0,"gold_gain":0,"player_choice":"Purged","damage_taken":0,"max_hp_gain":0,"max_hp_loss":0,"event_name":"Purifier","floor":2,"gold_loss":0},{"cards_removed":["Strike_G"],"damage_healed":0,"gold_gain":0,"player_choice":"Card Removal","damage_taken":7,"max_hp_gain":0,"max_hp_loss":0,"event_name":"Golden Wing","floor":14,"gold_loss":0}],"is_beta":false,"boss_relics":[],"items_purged_floors":[5],"is_endless":false,"potions_floor_spawned":[4,11,12],"killed_by":"Slime Boss","ascension_level":20}}