{"host":"kjehzzhcyp0nyrrl","time":1613054997,"event":{"mods":["100% Spire Juice","AchievementEnabler","BaseMod","Hermit","Keyboard Shortcuts","Koishi","Minty Spire (QoL Compilation)","StSLib","SuperFastMode","The Dragon Tamer","everything is the same but u backflip on backflip"],"gold_per_floor":[117,117,134,134,23,23,23,23,47,47,61,87,87,114,114,210,210,223,26,44,44,44,44],"floor_reached":22,"language":"KOR","playtime":407,"items_purged":["Strike_R","Strike_R"],"score":269,"play_id":"b002cc10-0b47-4404-a1a5-6762a25dbfb7","local_time":"20210211234957","is_ascension_mode":true,"campfire_choices":[{"data":"Rampage","floor":6.0,"key":"SMITH"},{"data":"True Grit","floor":8.0,"key":"SMITH"},{"data":"Bash","floor":10.0,"key":"SMITH"},{"floor":15.0,"key":"RECALL"}],"circlet_count":0,"master_deck":["Strike_R","Defend_R","Defend_R","Defend_R","Defend_R","Bash+1","Whirlwind","True Grit+1","Rampage+1","Double Tap","Evolve","Flash of Steel"],"relics":["Burning Blood","NeowsBlessing","FaceOfCleric","MealTicket","Potion Belt","Matryoshka","InkBottle","Charon\u0027s Ashes","Empty Cage"],"acts_visited":["Exordium","TheCity"],"potions_floor_usage":[16,22,22],"damage_taken":[{"damage":0.0,"enemies":"Jaw Worm","floor":1.0,"turns":1.0},{"damage":0.0,"enemies":"Cultist","floor":3.0,"turns":1.0},{"damage":0.0,"enemies":"2 Louse","floor":4.0,"turns":1.0},{"damage":8.0,"enemies":"Red Slaver","floor":11.0,"turns":4.0},{"damage":21.0,"enemies":"3 Sentries","floor":12.0,"turns":8.0},{"damage":32.0,"enemies":"Gremlin Nob","floor":14.0,"turns":4.0},{"damage":17,"enemies":"Slime Boss","floor":16,"turns":6},{"damage":45,"enemies":"Chosen","floor":18,"turns":6},{"damage":24,"enemies":"Shell Parasite","floor":20,"turns":5},{"damage":38,"enemies":"Snecko","floor":22,"turns":4}],"seed_played":"3915717074182640876","potions_obtained":[{"floor":1.0,"key":"AttackPotion"},{"floor":12.0,"key":"CultistPotion"},{"floor":14.0,"key":"PowerPotion"},{"floor":16,"key":"GamblersBrew"},{"floor":20,"key":"EssenceOfSteel"}],"is_trial":false,"path_per_floor":["M","?","M","M","$","R","?","R","T","R","M","E","?","E","R","B",null,"M","$","M","?","M"],"character_chosen":"IRONCLAD","items_purchased":["Rampage","Flash of Steel"],"campfire_rested":0,"item_purchase_floors":[5,19],"current_hp_per_floor":[78,78,81,82,82,82,82,82,82,82,81,67,67,42,42,32,73,35,50,33,16,0,0],"gold":44,"neow_bonus":"THREE_ENEMY_KILL","is_daily":false,"chose_seed":false,"campfire_upgraded":3,"win_rate":0.0,"timestamp":1613054997,"path_taken":["M","?","M","?","$","R","?","R","T","R","M","E","?","E","R","BOSS","M","$","M","?","M"],"items_purchased_type":["Card","Card"],"build_version":"2020-12-22","purchased_purges":2,"victory":false,"max_hp_per_floor":[80,80,81,82,82,82,82,82,82,82,83,84,84,85,85,86,86,87,87,88,93,93,93],"card_choices":[{"not_picked":["Disarm","Thunderclap"],"picked":"Whirlwind","floor":1.0},{"not_picked":["Shrug It Off","Heavy Blade"],"picked":"True Grit","floor":3.0},{"not_picked":["Warcry","Immolate","Clash"],"picked":"SKIP","floor":4.0},{"not_picked":["Twin Strike","Combust"],"picked":"Iron Wave","floor":11.0},{"not_picked":["Clothesline","Heavy Blade","Body Slam"],"picked":"SKIP","floor":12.0},{"not_picked":["Spot Weakness","Clothesline","Carnage"],"picked":"SKIP","floor":14.0},{"not_picked":["Impervious","Bludgeon"],"picked":"Double Tap","floor":16},{"not_picked":["Iron Wave","Shockwave"],"picked":"Evolve","floor":18},{"not_picked":["True Grit","Infernal Blade+1","Combust"],"picked":"SKIP","floor":20}],"player_experience":397887,"relics_obtained":[{"floor":9.0,"key":"Potion Belt"},{"floor":12.0,"key":"Matryoshka"},{"floor":14.0,"key":"Charon\u0027s Ashes"}],"event_choices":[{"damage_healed":0.0,"max_hp_gain":0.0,"max_hp_loss":0.0,"gold_gain":0.0,"event_name":"FaceTrader","player_choice":"Trade","floor":2.0,"gold_loss":0.0,"damage_taken":0.0,"relics_obtained":["FaceOfCleric"]},{"damage_healed":0.0,"max_hp_gain":0.0,"max_hp_loss":0.0,"gold_gain":0.0,"event_name":"Dead Adventurer","player_choice":"Searched \u00272\u0027 times","floor":7.0,"gold_loss":0.0,"damage_taken":0.0,"relics_obtained":["MealTicket"]},{"cards_removed":["Iron Wave"],"damage_healed":0.0,"max_hp_gain":0.0,"max_hp_loss":0.0,"gold_gain":0.0,"event_name":"WeMeetAgain","player_choice":"Gave Card","floor":13.0,"gold_loss":0.0,"damage_taken":0.0,"relics_obtained":["InkBottle"]},{"damage_healed":0,"gold_gain":0,"player_choice":"Shed Blood","damage_taken":22,"max_hp_gain":5,"max_hp_loss":0,"event_name":"Forgotten Altar","floor":21,"gold_loss":0}],"is_beta":false,"boss_relics":[{"not_picked":["Snecko Eye","Black Star"],"picked":"Empty Cage"}],"items_purged_floors":[5,19],"is_endless":false,"potions_floor_spawned":[1,12,14,16,20],"killed_by":"Snecko","ascension_level":8}}