{"host":"rolltorest","time":1613020350,"event":{"mods":["BaseMod","Minty Spire (QoL Compilation)","Relic Stats","Slay the Relics Exporter","StSLib"],"gold_per_floor":[113,124,49,199,210,243,1,33,113,25,55,55,68,87,87,162,162,174,174,35,35,35,60,60,77,100,110,142,142,142],"floor_reached":29,"language":"ENG","playtime":1048,"items_purged":["Doubt"],"score":562,"play_id":"001c959b-0662-4d8a-ba54-82205b21db6c","local_time":"20210210211230","is_ascension_mode":true,"campfire_choices":[{"data":"Eruption","floor":12,"key":"SMITH"},{"data":"Conclude","floor":15,"key":"SMITH"},{"data":"TalkToTheHand","floor":24,"key":"SMITH"}],"circlet_count":0,"master_deck":["AscendersBane","Eruption+1","Vigilance","Consecrate","TalkToTheHand","FollowUp","Conclude+1","Wireheading","Consecrate","Sanctity","Adaptation","BowlingBash","CutThroughFate","CarveReality","Brilliance","TalkToTheHand+1","CutThroughFate","WheelKick","InnerPeace","Evaluate","CrushJoints","Indignation","Fasting2","Protect","FlyingSleeves+1","FlurryOfBlows"],"relics":["Runic Dome","Unceasing Top","Blood Vial","HornCleat","Ice Cream","Pandora\u0027s Box","Gremlin Horn","Boot","Du-Vu Doll"],"acts_visited":["Exordium","TheCity"],"potions_floor_usage":[5,6],"damage_taken":[{"damage":0,"enemies":"Jaw Worm","floor":1,"turns":2},{"damage":7,"enemies":"Small Slimes","floor":2,"turns":4},{"damage":0,"enemies":"2 Louse","floor":5,"turns":2},{"damage":17,"enemies":"3 Sentries","floor":6,"turns":7},{"damage":10,"enemies":"Gremlin Nob","floor":8,"turns":3},{"damage":4,"enemies":"Lagavulin","floor":11,"turns":6},{"damage":0,"enemies":"Exordium Thugs","floor":13,"turns":2},{"damage":2,"enemies":"2 Fungi Beasts","floor":14,"turns":3},{"damage":5,"enemies":"Slime Boss","floor":16,"turns":6},{"damage":0,"enemies":"Spheric Guardian","floor":18,"turns":3},{"damage":20,"enemies":"Slavers","floor":23,"turns":5},{"damage":8,"enemies":"2 Thieves","floor":25,"turns":2},{"damage":0,"enemies":"Snecko","floor":27,"turns":3},{"damage":40,"enemies":"Book of Stabbing","floor":28,"turns":6},{"damage":10,"enemies":"Snake Plant","floor":29,"turns":1}],"seed_played":"2477242975213232018","potions_obtained":[{"floor":1,"key":"Fire Potion"},{"floor":5,"key":"CultistPotion"},{"floor":6,"key":"SkillPotion"},{"floor":18,"key":"DuplicationPotion"}],"is_trial":false,"path_per_floor":["M","M","?","?","M","E","$","E","T","$","E","R","M","M","R","B",null,"M","?","$","?","?","E","R","M","T","M","E","M"],"character_chosen":"WATCHER","items_purchased":["Wireheading","Consecrate","Fire Potion","Adaptation","BowlingBash","Fasting2","Protect"],"campfire_rested":0,"item_purchase_floors":[7,7,7,10,10,20,20],"current_hp_per_floor":[61,54,54,54,54,37,37,27,27,27,25,25,27,27,27,24,57,59,59,59,59,68,48,48,42,42,44,6,0,0],"gold":142,"neow_bonus":"BOSS_RELIC","is_daily":false,"chose_seed":false,"campfire_upgraded":3,"win_rate":0.0,"timestamp":1613020350,"path_taken":["M","M","?","?","M","E","$","E","T","$","E","R","M","M","R","BOSS","M","?","$","?","?","E","R","?","T","M","E","M"],"items_purchased_type":["Card","Card","Potion","Card","Card","Card","Card"],"build_version":"2020-12-18","purchased_purges":1,"victory":false,"max_hp_per_floor":[68,68,68,68,68,68,68,68,68,68,68,68,68,68,68,68,68,68,68,68,68,68,68,68,68,68,68,68,68,68],"relic_stats":{"Blood Vial":18,"Gremlin Horn":[1,1],"counters":[15,55],"Pandora\u0027s Box":["TalkToTheHand","CutThroughFate","WheelKick","InnerPeace","Evaluate","CrushJoints","Swivel"],"Boot":[0],"obtain_stats":[{"Blood Vial":8,"Ice Cream":11,"Du-Vu Doll":28,"Runic Dome":0,"HornCleat":9,"Gremlin Horn":23,"Pandora\u0027s Box":17,"PureWater":0,"Boot":26,"Unceasing Top":6},{"Blood Vial":5,"Ice Cream":6,"Du-Vu Doll":14,"Runic Dome":0,"HornCleat":5,"Gremlin Horn":11,"Pandora\u0027s Box":9,"PureWater":0,"Boot":12,"Unceasing Top":4},{"Blood Vial":18,"Ice Cream":24,"Du-Vu Doll":54,"Runic Dome":0,"HornCleat":18,"Gremlin Horn":43,"Pandora\u0027s Box":35,"PureWater":0,"Boot":45,"Unceasing Top":15}],"Unceasing Top":[4]},"card_choices":[{"not_picked":["Study","WreathOfFlame"],"picked":"Consecrate","floor":1},{"not_picked":["ThirdEye","Weave"],"picked":"TalkToTheHand","floor":2},{"not_picked":["Worship","Evaluate"],"picked":"FollowUp","floor":5},{"not_picked":["ThirdEye","SignatureMove"],"picked":"Conclude","floor":6},{"not_picked":["Prostrate","Alpha"],"picked":"Sanctity","floor":8},{"not_picked":["FollowUp","EmptyBody"],"picked":"CutThroughFate","floor":11},{"not_picked":["Study","WaveOfTheHand","BowlingBash"],"picked":"SKIP","floor":13},{"not_picked":["Perseverance","EmptyMind"],"picked":"CarveReality","floor":14},{"not_picked":["Ragnarok","Judgement"],"picked":"Brilliance","floor":16},{"not_picked":["ThirdEye","ForeignInfluence"],"picked":"Indignation","floor":18},{"not_picked":["Consecrate+1","FlyingSleeves","InnerPeace"],"picked":"SKIP","floor":23},{"not_picked":["Prostrate","Nirvana+1"],"picked":"FlyingSleeves+1","floor":25},{"not_picked":["FlyingSleeves","Worship","Consecrate+1"],"picked":"SKIP","floor":27},{"not_picked":["Wish","Swivel"],"picked":"FlurryOfBlows","floor":28}],"player_experience":1946362,"relics_obtained":[{"floor":6,"key":"Unceasing Top"},{"floor":8,"key":"Blood Vial"},{"floor":9,"key":"HornCleat"},{"floor":11,"key":"Ice Cream"},{"floor":23,"key":"Gremlin Horn"},{"floor":26,"key":"Boot"},{"floor":28,"key":"Du-Vu Doll"}],"event_choices":[{"cards_removed":["Strike_P"],"damage_healed":0,"gold_gain":0,"player_choice":"Card Removal","damage_taken":0,"max_hp_gain":0,"max_hp_loss":0,"event_name":"The Cleric","floor":3,"gold_loss":75},{"damage_healed":0,"gold_gain":150,"player_choice":"AGREE","damage_taken":0,"max_hp_gain":0,"max_hp_loss":0,"event_name":"Liars Game","floor":4,"gold_loss":0,"cards_obtained":["Doubt"]},{"cards_removed":["Swivel"],"damage_healed":0,"gold_gain":0,"player_choice":"Elegance","damage_taken":0,"max_hp_gain":0,"max_hp_loss":0,"event_name":"Back to Basics","floor":19,"gold_loss":0},{"damage_healed":0,"gold_gain":0,"player_choice":"Ignored","damage_taken":0,"max_hp_gain":0,"max_hp_loss":0,"event_name":"The Mausoleum","floor":21,"gold_loss":0},{"damage_healed":9,"gold_gain":0,"player_choice":"Full Heal","damage_taken":0,"max_hp_gain":0,"max_hp_loss":0,"event_name":"Wheel of Change","floor":22,"gold_loss":0}],"is_beta":true,"boss_relics":[{"not_picked":["SlaversCollar","Black Star"],"picked":"Pandora\u0027s Box"}],"items_purged_floors":[7],"is_endless":false,"potions_floor_spawned":[1,5,6,11,18,23,25],"killed_by":"Snake Plant","ascension_level":20}}