{"host":"c6u7e77myxvw4d0m","time":1613025011,"event":{"mods":["AchievementEnabler","BaseMod","Bestiary","Colored Map","Colored Powertips","Minty Spire (QoL Compilation)","Rare Cards Sparkle","Relic Stats","everything is the same but u backflip on backflip"],"gold_per_floor":[360,377,41,41,59,59,92,92,92,107,127,137,152,183,183,261,261,276,296,140,140,158,158,158],"floor_reached":23,"language":"ENG","playtime":1903,"items_purged":["Parasite","Strike_G"],"score":410,"play_id":"a77e009e-4583-4e66-8d90-6d6be174a4fc","local_time":"20210211083011","is_ascension_mode":true,"campfire_choices":[{"data":"Poisoned Stab","floor":6.0,"key":"SMITH"},{"data":"Die Die Die","floor":8.0,"key":"SMITH"},{"data":"Blade Dance","floor":15.0,"key":"SMITH"}],"circlet_count":0,"master_deck":["AscendersBane","Strike_G","Strike_G","Strike_G","Strike_G","Defend_G","Defend_G","Defend_G","Defend_G","Defend_G","Survivor","Neutralize","Poisoned Stab+1","Dagger Spray","Footwork","Die Die Die+1","Cloak And Dagger","Endless Agony","Calculated Gamble","Choke","Tools of the Trade","Blade Dance+1","Deadly Poison","Acrobatics","Wraith Form v2","Well Laid Plans","A Thousand Cuts","Blur+1"],"relics":["Ring of the Snake","Membership Card","Question Card","Meat on the Bone","Vajra","Cursed Key"],"acts_visited":["Exordium","TheCity"],"potions_floor_usage":[23,23],"damage_taken":[{"damage":0.0,"enemies":"2 Louse","floor":1.0,"turns":4.0},{"damage":0.0,"enemies":"Cultist","floor":2.0,"turns":3.0},{"damage":0.0,"enemies":"Small Slimes","floor":5.0,"turns":2.0},{"damage":8.0,"enemies":"Gremlin Nob","floor":7.0,"turns":3.0},{"damage":0.0,"enemies":"3 Louse","floor":10.0,"turns":1.0},{"damage":0.0,"enemies":"2 Fungi Beasts","floor":11.0,"turns":1.0},{"damage":0.0,"enemies":"Exordium Wildlife","floor":12.0,"turns":3.0},{"damage":6.0,"enemies":"Exordium Thugs","floor":13.0,"turns":3.0},{"damage":18.0,"enemies":"3 Sentries","floor":14.0,"turns":7.0},{"damage":4.0,"enemies":"The Guardian","floor":16.0,"turns":13.0},{"damage":0,"enemies":"Chosen","floor":18,"turns":4},{"damage":22,"enemies":"3 Byrds","floor":19,"turns":4},{"damage":15,"enemies":"3 Cultists","floor":22,"turns":6},{"damage":45,"enemies":"Book of Stabbing","floor":23,"turns":3}],"seed_played":"-247470383390542361","potions_obtained":[{"floor":1.0,"key":"Strength Potion"},{"floor":5.0,"key":"LiquidMemories"},{"floor":10.0,"key":"AttackPotion"},{"floor":14.0,"key":"SteroidPotion"},{"floor":19,"key":"CunningPotion"}],"is_trial":false,"path_per_floor":["M","M","$","?","M","R","E","R","T","M","M","M","M","E","R","B",null,"M","M","$","?","M","E"],"character_chosen":"THE_SILENT","items_purchased":["Membership Card","Footwork","Die Die Die","Cloak And Dagger","A Thousand Cuts","SteroidPotion"],"campfire_rested":0,"item_purchase_floors":[3,3,3,3,20,20],"current_hp_per_floor":[59,59,59,59,59,59,51,51,51,51,51,51,45,39,39,35,56,56,34,34,47,32,0,0],"gold":158,"neow_bonus":"TWO_FIFTY_GOLD","is_daily":false,"chose_seed":false,"campfire_upgraded":3,"win_rate":0.0,"timestamp":1613025011,"path_taken":["M","M","$","?","M","R","E","R","T","M","?","M","M","E","R","BOSS","BOSS","M","M","$","?","M","E"],"items_purchased_type":["Relic","Card","Card","Card","Card","Potion"],"build_version":"2020-12-22","purchased_purges":2,"victory":false,"max_hp_per_floor":[66,66,63,63,63,63,63,63,63,63,63,63,63,63,63,63,63,63,63,63,63,63,63,63],"relic_stats":{"counters":[14,57],"Question Card":10,"Cursed Key":0,"obtain_stats":[{"Vajra":14,"Membership Card":3,"Question Card":7,"Cursed Key":17,"Ring of the Snake":0,"Meat on the Bone":9},{"Vajra":9,"Membership Card":2,"Question Card":4,"Cursed Key":10,"Ring of the Snake":0,"Meat on the Bone":4},{"Vajra":27,"Membership Card":7,"Question Card":12,"Cursed Key":40,"Ring of the Snake":0,"Meat on the Bone":12}],"Ring of the Snake":[29],"Meat on the Bone":12},"card_choices":[{"not_picked":["Dodge and Roll","Acrobatics"],"picked":"Poisoned Stab","floor":1.0},{"not_picked":["Distraction","Deflect"],"picked":"Dagger Spray","floor":2.0},{"not_picked":["Finisher","Flying Knee"],"picked":"Endless Agony","floor":5.0},{"not_picked":["Flechettes","Concentrate"],"picked":"Calculated Gamble","floor":7.0},{"not_picked":["PiercingWail","Caltrops","Backflip"],"picked":"Choke","floor":10.0},{"not_picked":["Outmaneuver","Eviscerate","Dodge and Roll"],"picked":"Tools of the Trade","floor":11.0},{"not_picked":["Dagger Throw","Poisoned Stab","Distraction"],"picked":"Blade Dance","floor":12.0},{"not_picked":["Deflect","PiercingWail","Poisoned Stab"],"picked":"Deadly Poison","floor":13.0},{"not_picked":["Quick Slash","Deadly Poison","Bane"],"picked":"Acrobatics","floor":14.0},{"not_picked":["Burst","After Image","Bullet Time"],"picked":"Wraith Form v2","floor":16},{"not_picked":["Setup+1","Dagger Spray","Slice"],"picked":"Well Laid Plans","floor":18},{"not_picked":["Skewer","Reflex","Dash","Dagger Throw"],"picked":"SKIP","floor":19},{"not_picked":["Dodge and Roll","Slice","Tools of the Trade"],"picked":"Blur+1","floor":22}],"player_experience":776077,"relics_obtained":[{"floor":7.0,"key":"Question Card"},{"floor":9.0,"key":"Meat on the Bone"},{"floor":14.0,"key":"Vajra"}],"event_choices":[{"damage_healed":0.0,"max_hp_gain":0.0,"max_hp_loss":0.0,"gold_gain":0.0,"event_name":"FaceTrader","player_choice":"Leave","floor":4.0,"gold_loss":0.0,"damage_taken":0.0},{"damage_healed":13,"gold_gain":0,"player_choice":"Heal","damage_taken":0,"max_hp_gain":0,"max_hp_loss":0,"event_name":"The Library","floor":21,"gold_loss":0}],"is_beta":false,"boss_relics":[{"not_picked":["HoveringKite","Empty Cage"],"picked":"Cursed Key"}],"items_purged_floors":[3,20],"is_endless":false,"potions_floor_spawned":[1,5,10,14,19],"killed_by":"Book of Stabbing","ascension_level":20}}