{"host":"h18ghvg9w8zr1me3","time":1613054345,"event":{"mods":["Act Like it!","BaseMod","Hallownest","Minty Spire (QoL Compilation)","StSLib"],"gold_per_floor":[113,113,127,142,160,160,178,213,213,213,35,35,35,45,45,142,142,161,171,171,171],"floor_reached":20,"language":"ZHS","playtime":1579,"items_purged":[],"score":184,"play_id":"cfc2591f-2ebc-48f0-b823-3c9c2e58e264","local_time":"20210211223905","is_ascension_mode":true,"campfire_choices":[{"data":"Mayhem","floor":6,"key":"SMITH"},{"data":"Adrenaline","floor":10,"key":"SMITH"},{"data":"A Thousand Cuts","floor":13,"key":"SMITH"},{"data":"Footwork","floor":15,"key":"SMITH"}],"circlet_count":0,"master_deck":["Strike_G","Strike_G","Strike_G","Strike_G","Strike_G","Defend_G","Defend_G","Defend_G","Defend_G","Defend_G","Survivor","Neutralize","Mayhem+1","Tactician","All Out Attack","Well Laid Plans","Escape Plan","Blade Dance","Adrenaline+1","A Thousand Cuts+1","Acrobatics","Footwork+1","Night Terror","Outmaneuver","Prepared"],"relics":["Ring of the Snake","Hallownest:DreamNailRelic","Vajra","Question Card","HoveringKite"],"acts_visited":["Hallownest:Greenpath","Hallownest:CityofTears"],"potions_floor_usage":[7,7,19],"damage_taken":[{"damage":0,"enemies":"Hallownest:monsterHuskWarrior","floor":1,"turns":5},{"damage":0,"enemies":"2_ Uuma","floor":3,"turns":8},{"damage":2,"enemies":"Hallownest:2_MossCreeps","floor":4,"turns":6},{"damage":8,"enemies":"Hallownest:monsterFoolEater","floor":5,"turns":4},{"damage":3,"enemies":"Hallownest:Guard_and_Warrior","floor":7,"turns":7},{"damage":18,"enemies":"Hallownest:eliteVengeflyKing","floor":8,"turns":9},{"damage":3,"enemies":"Hallownest:MossCreep_and_Mosskin","floor":14,"turns":5},{"damage":7,"enemies":"Hallownest:BossFalseKnight","floor":16,"turns":10},{"damage":0,"enemies":"Hallownest:3_Youths","floor":18,"turns":3},{"damage":22,"enemies":"Hallownest:Guard_and_Sentry","floor":19,"turns":3},{"damage":1,"enemies":"Hallownest:2_Flukemon","floor":20,"turns":2}],"seed_played":"-1278118839153757894","potions_obtained":[{"floor":3,"key":"Poison Potion"},{"floor":4,"key":"ColorlessPotion"},{"floor":5,"key":"Weak Potion"},{"floor":16,"key":"Explosive Potion"},{"floor":18,"key":"SteroidPotion"}],"is_trial":false,"path_per_floor":["M","?","M","M","M","R","M","E","T","R","$","?","R","M","R","B",null,"M","M","M"],"character_chosen":"THE_SILENT","items_purchased":["A Thousand Cuts","Acrobatics"],"campfire_rested":0,"item_purchase_floors":[11,11],"current_hp_per_floor":[63,63,63,61,53,53,50,32,32,32,32,32,32,29,29,22,63,63,41,40,40],"gold":171,"neow_bonus":"RANDOM_COLORLESS_2","is_daily":false,"chose_seed":false,"campfire_upgraded":4,"win_rate":0.0,"timestamp":1613054345,"path_taken":["M","?","?","M","?","R","M","E","T","R","$","?","R","M","R","BOSS","M","M","M"],"items_purchased_type":["Card","Card"],"build_version":"2020-12-22","purchased_purges":0,"victory":false,"max_hp_per_floor":[63,63,63,63,63,63,63,63,63,63,63,63,63,63,63,63,63,63,63,63,63],"card_choices":[{"not_picked":["Secret Weapon","Violence"],"picked":"Mayhem","floor":0},{"not_picked":["Masterful Stab","PiercingWail"],"picked":"Tactician","floor":1},{"not_picked":["Backflip","Underhanded Strike"],"picked":"All Out Attack","floor":3},{"not_picked":["Deflect","Backflip"],"picked":"Well Laid Plans","floor":4},{"not_picked":["Deadly Poison","Caltrops"],"picked":"Escape Plan","floor":5},{"not_picked":["Sucker Punch","Terror"],"picked":"Blade Dance","floor":7},{"not_picked":["Sucker Punch","Leg Sweep"],"picked":"Adrenaline","floor":8},{"not_picked":["Bouncing Flask","Calculated Gamble","Distraction"],"picked":"Footwork","floor":14},{"not_picked":["Burst","Malaise","Corpse Explosion"],"picked":"Night Terror","floor":16},{"not_picked":["Catalyst","Predator+1","Crippling Poison"],"picked":"Outmaneuver","floor":18},{"not_picked":["Catalyst","Predator","PiercingWail"],"picked":"Prepared","floor":19}],"player_experience":87433,"relics_obtained":[{"floor":8,"key":"Vajra"},{"floor":9,"key":"Question Card"}],"event_choices":[],"is_beta":false,"boss_relics":[{"not_picked":["Sozu","Velvet Choker"],"picked":"HoveringKite"}],"items_purged_floors":[],"is_endless":false,"potions_floor_spawned":[3,4,5,16,18],"killed_by":"Hallownest:2_Flukemon","ascension_level":1}}