{"host":"it04jaz8eul1eh3d","time":1613031470,"event":{"mods":["AchievementEnabler","BaseMod","Colored Map","DeckTracker","Keyboard Shortcuts","Minty Spire (QoL Compilation)","SuperFastMode"],"gold_per_floor":[114,189,7,7,32,70,70,70,70,85,10,34,64,64,64,189,189,205,220,220,220,243,243,277,302,302,302,302,327,54,70,70,70,70],"floor_reached":33,"language":"KOR","playtime":905,"items_purged":["Injury"],"score":278,"play_id":"f4062923-060a-4d75-af35-6b8ad9cdc5b2","local_time":"20210211171750","is_ascension_mode":true,"campfire_choices":[{"floor":7,"key":"REST"},{"floor":15,"key":"REST"},{"floor":23,"key":"REST"},{"floor":27,"key":"REST"},{"floor":32,"key":"REST"}],"circlet_count":0,"master_deck":["Strike_G+1","Strike_G+1","Strike_G+1","Strike_G+1","Strike_G+1","Defend_G+1","Defend_G+1","Defend_G+1","Defend_G+1","Defend_G+1","Survivor","Neutralize","Dagger Spray","Blade Dance","Dagger Spray","Noxious Fumes+1","Backflip","Backstab","Bane","Noxious Fumes","Corpse Explosion","Acrobatics","Crippling Poison","Blade Dance+1","Catalyst+1","Panache","Backflip+1"],"relics":["Ring of the Serpent","Golden Idol","Juzu Bracelet","Matryoshka","Enchiridion","Toxic Egg 2","Nunchaku","Oddly Smooth Stone"],"acts_visited":["Exordium","TheCity"],"potions_floor_usage":[24,33,33],"damage_taken":[{"damage":1,"enemies":"2 Louse","floor":1,"turns":2},{"damage":0,"enemies":"Small Slimes","floor":5,"turns":3},{"damage":36,"enemies":"Lagavulin","floor":6,"turns":11},{"damage":0,"enemies":"Cultist","floor":10,"turns":4},{"damage":11,"enemies":"Large Slime","floor":12,"turns":4},{"damage":29,"enemies":"Hexaghost","floor":16,"turns":9},{"damage":25,"enemies":"Chosen","floor":18,"turns":6},{"damage":8,"enemies":"3 Byrds","floor":19,"turns":3},{"damage":17,"enemies":"Cultist and Chosen","floor":22,"turns":5},{"damage":16,"enemies":"Book of Stabbing","floor":24,"turns":7},{"damage":5,"enemies":"Centurion and Healer","floor":25,"turns":5},{"damage":6,"enemies":"3 Cultists","floor":29,"turns":6},{"damage":23,"enemies":"Shelled Parasite and Fungi","floor":31,"turns":5},{"damage":53,"enemies":"Collector","floor":33,"turns":6}],"seed_played":"6773719795326544099","potions_obtained":[{"floor":1,"key":"SteroidPotion"},{"floor":5,"key":"LiquidMemories"},{"floor":10,"key":"LiquidBronze"},{"floor":25,"key":"EssenceOfSteel"}],"is_trial":false,"path_per_floor":["M","?","$","?","M","E","R","?","T","M","$","M","?","?","R","B",null,"M","M","?","?","M","R","E","M","T","R","?","M","$","M","R","B"],"character_chosen":"THE_SILENT","items_purchased":["Dagger Spray","Noxious Fumes","Backflip","Catalyst+1","Panache"],"campfire_rested":5,"item_purchase_floors":[3,3,3,30,30],"current_hp_per_floor":[69,58,58,58,58,22,43,43,43,43,43,32,32,32,53,24,70,45,37,37,21,4,25,9,4,4,25,48,42,42,19,40,0,0],"gold":70,"neow_bonus":"THREE_CARDS","is_daily":false,"chose_seed":false,"campfire_upgraded":0,"win_rate":0.0,"timestamp":1613031470,"path_taken":["M","?","$","?","M","E","R","?","T","M","$","M","?","?","R","BOSS","M","M","?","?","M","R","E","M","T","R","?","M","$","M","R","BOSS"],"items_purchased_type":["Card","Card","Card","Card","Card"],"build_version":"2020-12-22","purchased_purges":1,"victory":false,"max_hp_per_floor":[70,70,70,70,70,70,70,70,70,70,70,70,70,70,70,70,70,70,70,70,70,70,70,70,70,70,70,70,70,70,70,70,70,70],"card_choices":[{"not_picked":["Poisoned Stab","Escape Plan"],"picked":"Dagger Spray","floor":0},{"not_picked":["Eviscerate","Dagger Throw"],"picked":"Blade Dance","floor":1},{"not_picked":["Flechettes","Prepared","Flying Knee"],"picked":"SKIP","floor":5},{"not_picked":["Cloak And Dagger","Backflip"],"picked":"Backstab","floor":6},{"not_picked":["Dodge and Roll","Underhanded Strike"],"picked":"Bane","floor":10},{"not_picked":["Deflect","Acrobatics"],"picked":"Noxious Fumes","floor":12},{"not_picked":["Night Terror","Glass Knife"],"picked":"Corpse Explosion","floor":16},{"not_picked":["Slice","PiercingWail","Cloak And Dagger"],"picked":"SKIP","floor":18},{"not_picked":["Blur","Dash+1"],"picked":"Acrobatics","floor":19},{"not_picked":["Underhanded Strike","Reflex+1"],"picked":"Crippling Poison","floor":22},{"not_picked":["Flying Knee","Poisoned Stab"],"picked":"Blade Dance+1","floor":24},{"not_picked":["Slice+1","Dagger Throw","Backstab"],"picked":"SKIP","floor":25},{"not_picked":["Leg Sweep+1","Deflect+1","Night Terror+1"],"picked":"SKIP","floor":29},{"not_picked":["Quick Slash+1","Bane+1"],"picked":"Backflip+1","floor":31}],"player_experience":165232,"relics_obtained":[{"floor":6,"key":"Juzu Bracelet"},{"floor":9,"key":"Matryoshka"},{"floor":21,"key":"Enchiridion"},{"floor":24,"key":"Toxic Egg 2"},{"floor":26,"key":"Nunchaku"},{"floor":26,"key":"Oddly Smooth Stone"}],"event_choices":[{"damage_healed":0,"gold_gain":75,"player_choice":"Gather Gold","damage_taken":11,"max_hp_gain":0,"max_hp_loss":0,"event_name":"World of Goop","floor":2,"gold_loss":0},{"damage_healed":0,"gold_gain":0,"player_choice":"Take Wound","damage_taken":0,"relics_obtained":["Golden Idol"],"max_hp_gain":0,"max_hp_loss":0,"event_name":"Golden Idol","floor":4,"gold_loss":0,"cards_obtained":["Injury"]},{"damage_healed":0,"gold_gain":0,"player_choice":"Upgraded","damage_taken":0,"max_hp_gain":0,"max_hp_loss":0,"event_name":"Upgrade Shrine","floor":8,"gold_loss":0,"cards_upgraded":["Noxious Fumes"]},{"damage_healed":0,"gold_gain":30,"player_choice":"Searched \u00272\u0027 times","damage_taken":0,"max_hp_gain":0,"max_hp_loss":0,"event_name":"Dead Adventurer","floor":13,"gold_loss":0},{"damage_healed":0,"gold_gain":0,"player_choice":"Ignored","damage_taken":0,"max_hp_gain":0,"max_hp_loss":0,"event_name":"Liars Game","floor":14,"gold_loss":0},{"damage_healed":0,"gold_gain":0,"player_choice":"Simplicity","damage_taken":0,"max_hp_gain":0,"max_hp_loss":0,"event_name":"Back to Basics","floor":20,"gold_loss":0,"cards_upgraded":["Strike_G","Strike_G","Strike_G","Strike_G","Strike_G","Defend_G","Defend_G","Defend_G","Defend_G","Defend_G"]},{"damage_healed":0,"gold_gain":0,"player_choice":"Obtained Book","damage_taken":16,"max_hp_gain":0,"max_hp_loss":0,"event_name":"Cursed Tome","floor":21,"gold_loss":0},{"damage_healed":23,"gold_gain":0,"player_choice":"Heal","damage_taken":0,"max_hp_gain":0,"max_hp_loss":0,"event_name":"The Library","floor":28,"gold_loss":0}],"is_beta":false,"boss_relics":[{"not_picked":["Philosopher\u0027s Stone","HoveringKite"],"picked":"Ring of the Serpent"}],"items_purged_floors":[11],"is_endless":false,"potions_floor_spawned":[1,5,10,19,25,29],"killed_by":"Collector","ascension_level":1}}