{"host":"ihsge0lre3slh6sc","time":1613042461,"event":{"mods":["Act Like it!","Arknights","BaseMod","CapriCore","Highlight Path","Lobotomy","LobotomyExtend","Minty Spire (QoL Compilation)","MostiFishMod","Quick Restart","Shop Mod","StSLib","TestMod","The Alterego","The Immortal","Waifu the Spire","WarShipGirlsR/战舰少女R mod","[IsaacMod]以撒尖塔","【遗物卡牌】REMEMod","篝火指南"],"gold_per_floor":[128,128,171,141,111,111,188,188,188,222,242,334,334],"floor_reached":12,"language":"ZHS","playtime":1708,"items_purged":[],"score":88,"play_id":"3512d044-0cfe-4829-8f99-8a0825f46e08","local_time":"20210211192101","is_ascension_mode":false,"campfire_choices":[{"data":"alterego_mod:Mirror","floor":6,"key":"SMITH"},{"data":"alterego_mod:Belts","floor":8,"key":"SMITH"}],"circlet_count":0,"master_deck":["alterego_mod:Strike","alterego_mod:Strike","alterego_mod:Strike","alterego_mod:Strike","alterego_mod:Defend","alterego_mod:Defend","alterego_mod:Defend","alterego_mod:Defend","alterego_mod:Impale+1","alterego_mod:BigMeatyClaws","alterego_mod:BrynhildrsRune","BloodyBrimstone","BloodyBrimstone","Normality","alterego_mod:Belts+1","MostiFishMod:ButterFly+1","alterego_mod:InsideBaseball","alterego_mod:Mirror+1","alterego_mod:Birthday","alterego_mod:TrashNCrash"],"relics":["alterego_mod:MasochisticConstitution","HushsDoor","testmod-TestBox","DaveBox","REME_ComplimentaryCards","BloodDonationMachine","testmod-ObsoleteBoomerang","BionicSphere","GuppysPaw","SynthV:TestCard","LetterFromLob","Whetstone","testmod-Fortitude","testmod-Hope"],"acts_visited":["Exordium"],"potions_floor_usage":[],"damage_taken":[{"damage":0.0,"enemies":"Small Slimes","floor":1.0,"turns":2.0},{"damage":0,"enemies":"Cultist","floor":3,"turns":3},{"damage":0,"enemies":"Jaw Worm","floor":5,"turns":1},{"damage":0,"enemies":"Exordium Wildlife","floor":7,"turns":1},{"damage":18,"enemies":"3 Sentries","floor":10,"turns":3},{"damage":0,"enemies":"3 Louse","floor":11,"turns":2},{"damage":13,"enemies":"Lagavulin","floor":12,"turns":3}],"seed_played":"-3520231602447760746","potions_obtained":[{"floor":10,"key":"FairyPotion"}],"is_trial":false,"path_per_floor":["M","?","M","?","M","R","M","R","T","E","M","E"],"character_chosen":"The_Alterego","items_purchased":[],"campfire_rested":0,"item_purchase_floors":[],"current_hp_per_floor":[68,68,69,69,69,69,55,55,55,35,41,24,24],"gold":334,"neow_bonus":"ONE_RARE_RELIC","is_daily":false,"chose_seed":false,"campfire_upgraded":2,"win_rate":0.0,"timestamp":1613042461,"path_taken":["M","?","M","?","?","R","M","R","T","E","M","E"],"items_purchased_type":[],"build_version":"2020-12-22","purchased_purges":0,"victory":false,"max_hp_per_floor":[68,68,69,69,69,69,67,67,67,65,65,60,60],"card_choices":[{"not_picked":[],"picked":"BloodyBrimstone","floor":0.0},{"not_picked":[],"picked":"BloodyBrimstone","floor":0.0},{"not_picked":["alterego_mod:DeftHands","alterego_mod:Maid","alterego_mod:BeGentle"],"picked":"SKIP","floor":1.0},{"not_picked":["alterego_mod:Stockings","alterego_mod:Punishment","alterego_mod:1TonWallop","alterego_mod:BreastValley"],"picked":"alterego_mod:Mirror","floor":3},{"not_picked":[],"picked":"alterego_mod:Birthday","floor":4},{"not_picked":[],"picked":"alterego_mod:TrashNCrash","floor":4},{"not_picked":["alterego_mod:Undulate","alterego_mod:DestructionOfProperty","alterego_mod:Rip","alterego_mod:GachaTicket","alterego_mod:Cooking"],"picked":"SKIP","floor":5},{"not_picked":["alterego_mod:Support","alterego_mod:Skirt","alterego_mod:1TonWallop","alterego_mod:Bloomers","alterego_mod:Cycle"],"picked":"SKIP","floor":7},{"not_picked":["alterego_mod:Mirror","alterego_mod:PerceptionDisorder","alterego_mod:DeftHands","alterego_mod:Cooking","alterego_mod:Cycle"],"picked":"SKIP","floor":10},{"not_picked":["alterego_mod:Tantrum","alterego_mod:Jiggle","alterego_mod:Valentines","alterego_mod:Mirror","alterego_mod:Bounce"],"picked":"SKIP","floor":11}],"player_experience":738260,"relics_obtained":[{"floor":1.0,"key":"SynthV:TestCard"},{"floor":1.0,"key":"LetterFromLob"},{"floor":9,"key":"Whetstone"},{"floor":10,"key":"testmod-Fortitude"},{"floor":12,"key":"testmod-Hope"}],"event_choices":[{"damage_healed":0,"gold_gain":0,"player_choice":"3 cards matched","damage_taken":0,"max_hp_gain":0,"max_hp_loss":0,"event_name":"Match and Keep!","floor":2,"gold_loss":0,"cards_obtained":["alterego_mod:Belts","MostiFishMod:ButterFly","alterego_mod:InsideBaseball"]}],"is_beta":false,"boss_relics":[],"items_purged_floors":[],"is_endless":false,"potions_floor_spawned":[1,3,10],"killed_by":"Lagavulin","ascension_level":0}}