{"host":"qp7xs8nuzfsyommi","time":1613058973,"event":{"mods":["2.2 Compatiblity","BaseMod","Colored Powertips","DeckTracker","Highlight Path","Minty Spire (QoL Compilation)","Permanent Neow","Quick Restart","StSLib"],"gold_per_floor":[110,122,139,6,18,33,33,33,33,33,51,84,84,109,109,109,109],"floor_reached":16,"language":"ENG","playtime":755,"items_purged":[],"score":208,"play_id":"3d4fa6c8-619d-4232-8e8a-cfe1d2d3b00a","local_time":"20210211105613","is_ascension_mode":true,"campfire_choices":[{"floor":8,"key":"REST"},{"data":"Go for the Eyes","floor":10,"key":"SMITH"},{"floor":15,"key":"REST"}],"circlet_count":0,"master_deck":["AscendersBane","Strike_B","Strike_B","Strike_B","Strike_B","Defend_B","Defend_B","Defend_B","Defend_B","Zap","Dualcast","Cold Snap","Go for the Eyes+1","Barrage","Genetic Algorithm","Fusion","Hyperbeam","Streamline","Chill","Turbo+1","Coolheaded+1"],"relics":["Runic Pyramid","Golden Idol","Turnip","Toxic Egg 2"],"acts_visited":["Exordium"],"potions_floor_usage":[5,12,12],"damage_taken":[{"damage":13,"enemies":"Cultist","floor":1,"turns":5},{"damage":1,"enemies":"2 Louse","floor":2,"turns":3},{"damage":7,"enemies":"Small Slimes","floor":3,"turns":4},{"damage":16,"enemies":"3 Louse","floor":5,"turns":4},{"damage":2,"enemies":"2 Fungi Beasts","floor":6,"turns":3},{"damage":0,"enemies":"Large Slime","floor":11,"turns":4},{"damage":33,"enemies":"Lagavulin","floor":12,"turns":9},{"damage":6,"enemies":"Looter","floor":14,"turns":3},{"damage":30,"enemies":"Slime Boss","floor":16,"turns":9}],"seed_played":"-5487041209532953467","potions_obtained":[{"floor":1,"key":"SkillPotion"},{"floor":5,"key":"Block Potion"},{"floor":6,"key":"Energy Potion"}],"is_trial":false,"path_per_floor":["M","M","M","$","M","M","?","R","T","R","M","E","$","M","R","B"],"character_chosen":"DEFECT","items_purchased":["Genetic Algorithm","Fusion"],"campfire_rested":2,"item_purchase_floors":[4,4],"current_hp_per_floor":[51,50,43,43,27,25,25,44,44,44,44,11,11,5,24,0,0],"gold":109,"neow_bonus":"BOSS_RELIC","is_daily":false,"chose_seed":false,"campfire_upgraded":1,"win_rate":0.0,"timestamp":1613058973,"path_taken":["M","M","?","$","M","M","?","R","T","R","M","E","$","M","R","BOSS"],"items_purchased_type":["Card","Card"],"build_version":"2020-12-22","purchased_purges":0,"victory":false,"max_hp_per_floor":[71,71,71,71,71,71,64,64,64,64,64,64,64,64,64,64,64],"card_choices":[{"not_picked":["Force Field","Leap"],"picked":"Cold Snap","floor":1},{"not_picked":["FTL","Tempest"],"picked":"Go for the Eyes","floor":2},{"not_picked":["Go for the Eyes","Scrape"],"picked":"Barrage","floor":3},{"not_picked":["Cold Snap","BootSequence"],"picked":"Hyperbeam","floor":5},{"not_picked":["Steam Power","Barrage"],"picked":"Streamline","floor":6},{"not_picked":["Chaos","Cold Snap"],"picked":"Chill","floor":11},{"not_picked":["Undo+1","Leap+1"],"picked":"Turbo+1","floor":12},{"not_picked":["Rebound","Sunder"],"picked":"Coolheaded+1","floor":14}],"player_experience":1858293,"relics_obtained":[{"floor":9,"key":"Turnip"},{"floor":12,"key":"Toxic Egg 2"}],"event_choices":[{"damage_healed":0,"gold_gain":0,"player_choice":"Lose Max HP","damage_taken":0,"relics_obtained":["Golden Idol"],"max_hp_gain":0,"max_hp_loss":7,"event_name":"Golden Idol","floor":7,"gold_loss":0}],"is_beta":false,"boss_relics":[],"items_purged_floors":[],"is_endless":false,"potions_floor_spawned":[1,5,6],"killed_by":"Slime Boss","ascension_level":20}}