{"host":"3e3mwsgb9gfqiuxm","time":1613013188,"event":{"mods":["Act Like it!","BaseMod","BetterRewards","Colored Powertips","Downfall","Gensokyo","Hermit","Infinite Spire","Koishi","Marisa????????","Minty Spire (QoL Compilation)","Quick Restart","Reimu??????","Remilia??????","Replay The Spire","Shop Mod","StSLib","SuperFastMode","The Animator","The Bug Knight","The Cursed","The Jungle","The Servant 0.9.4","everything is the same but u backflip on backflip"],"gold_per_floor":[99,113,133,139,139,170,170,181,181,223,243,243,91,132,152,278,341,350,373,373,384,425,325,366,366,159,168,186,206,206,76,98,206,206,206,517,536,545,580,614,614,514,545,545],"floor_reached":43,"language":"ENG","playtime":2197,"items_purged":["Strike_RM","EmergencyRegeneration","BloodHunter"],"score":603,"play_id":"23dbc7ed-ccbd-43a0-b97f-f1f9d95743f4","local_time":"20210210221308","is_ascension_mode":false,"campfire_choices":[{"data":"ScarletShoot","floor":1.0,"key":"SMITH"},{"data":"TricksterDevil","floor":12.0,"key":"SMITH"},{"data":"HeartBreak","floor":23.0,"key":"SMITH"},{"data":"Gensokyo:TekeTeke","floor":30.0,"key":"SMITH"},{"floor":35.0,"key":"DIG"},{"floor":42,"key":"RECALL"}],"circlet_count":0,"master_deck":["RedMoon","ScarletShoot+1","MiserableFate","DiffusionOfMisfortune","VampireKiss","ScarletDevilSign+1","BloodRain","TricksterDevil+1","LeisurelyOfLord","FavorOfDestiny","BloodAndWine","ScarletMeister+1","LeisurelyOfLord","NightLord","LeisurelyOfLord","ForecastOfChange+1","HeartBreak+1","MillenniumVampire","NightLord+1","Pot Of Greed","Pot Of Greed","Gensokyo:TekeTeke+1","Pot Of Greed","Stigmanizer+1","MastersStateliness+1","ScarletCoffin","DemonKingCradle+1","Gensokyo:ReactiveArmor"],"relics":["ScarletHat","NeowsBlessing","Strawberry","Replay:Bottled Snecko","CeramicFish","Gensokyo:CelestialsFlawlessClothing","AntiCross","Lee\u0027s Waffle","Dream Catcher","Pandora\u0027s Box","Bag of Marbles","RedLine:ReiMu","downfall:HeartBlessingGreen","Grinning Jar","Gensokyo:SongOfSouls","Guide Book","infinitespire:PuzzleCube","Replay:Mystery Machine","Bag of Marbles","Centennial Puzzle","Replay:Fungal Core","Smiling Mask","Oddly Smooth Stone","Akabeko","downfall:HeartBlessingBlue","Bronze Scales"],"acts_visited":["Gensokyo:Gensokyo","Gensokyo:Gensokyoer","Gensokyo:Gensokyoest"],"potions_floor_usage":[39,40,43],"damage_taken":[{"damage":0.0,"enemies":"Gensokyo:3_Fairies","floor":2.0,"turns":2.0},{"damage":0.0,"enemies":"Gensokyo:2_Kodama","floor":3.0,"turns":1.0},{"damage":0.0,"enemies":"downfall:FleeingMerchant","floor":4.0,"turns":1.0},{"damage":21.0,"enemies":"Gensokyo:Aya","floor":6.0,"turns":4.0},{"damage":6.0,"enemies":"Gensokyo:Gryphon","floor":8.0,"turns":3.0},{"damage":10.0,"enemies":"Gensokyo:Mamizou","floor":10.0,"turns":9.0},{"damage":0.0,"enemies":"Gensokyo:Kitsune","floor":11.0,"turns":2.0},{"damage":0.0,"enemies":"Gensokyo:Aya","floor":14.0,"turns":4.0},{"damage":6.0,"enemies":"Gensokyo:2_Rabbits","floor":15.0,"turns":3.0},{"damage":7.0,"enemies":"WA_ARCHETYPE_RETAIN","floor":16.0,"turns":3.0},{"damage":0.0,"enemies":"Gensokyo:CosmicMonolith","floor":19.0,"turns":2.0},{"damage":0.0,"enemies":"Gensokyo:Chomper","floor":21.0,"turns":2.0},{"damage":22.0,"enemies":"Gensokyo:Slime_Group","floor":22.0,"turns":3.0},{"damage":31.0,"enemies":"Gensokyo:3_Gloops","floor":29.0,"turns":3.0},{"damage":29.0,"enemies":"Gensokyo:Wraith","floor":32.0,"turns":4.0},{"damage":26.0,"enemies":"SI_MIRROR_ARCHETYPE","floor":33.0,"turns":6.0},{"damage":10.0,"enemies":"Gensokyo:3_Bats","floor":36.0,"turns":2.0},{"damage":12,"enemies":"Gensokyo:3_Boulders","floor":37,"turns":3},{"damage":3,"enemies":"Gensokyo:Rafflesia","floor":39,"turns":4},{"damage":10,"enemies":"Gensokyo:Dusk_and_Dawn","floor":40,"turns":3},{"damage":86,"enemies":"Nightmare","floor":43,"turns":7}],"seed_played":"-4415724281522412618","potions_obtained":[{"floor":3.0,"key":"hexamod:SoulburnPotion"},{"floor":8.0,"key":"Fire Potion"},{"floor":14.0,"key":"LiquidBronze"},{"floor":15.0,"key":"DuplicationPotion"},{"floor":15.0,"key":"LiquidMemories"},{"floor":22.0,"key":"AttackPotion"},{"floor":29.0,"key":"EssenceOfSteel"},{"floor":33.0,"key":"Doom Potion"},{"floor":33.0,"key":"hexamod:SoulburnPotion"},{"floor":39,"key":"SkillPotion"},{"floor":40,"key":"PowerPotion"},{"floor":40,"key":"DuplicationPotion"},{"floor":40,"key":"Energy Potion"}],"is_trial":false,"path_per_floor":["R","M","M","$","?","E","T","M","?","E","M","R","$","E","M","B",null,"R","M","AVR","M","M","R","T","?","COS","?","?","M","R","$","M","B",null,"R","M","M","?","M","M","T","R","NM"],"character_chosen":"REMILIA","items_purchased":["ScarletDevilSign+1","BloodRain","Lee\u0027s Waffle","MastersStateliness+1"],"campfire_rested":0,"item_purchase_floors":[4,4,13,31],"current_hp_per_floor":[75,75,75,75,72,52,52,46,26,18,21,21,89,89,83,87,89,89,89,89,89,72,72,72,72,72,72,72,57,57,57,32,23,81,81,71,59,59,70,60,60,70,13,13],"gold":545,"neow_bonus":"THREE_ENEMY_KILL","is_daily":false,"chose_seed":false,"campfire_upgraded":4,"win_rate":0.0,"timestamp":1613013188,"path_taken":["R","M","M","$","?","E","T","M","?","E","M","R","?","E","M","BOSS","R","M","AVR","M","M","R","T","?","COS","?","?","?","R","?","M","BOSS","R","M","M","?","M","M","T","R","NM"],"items_purchased_type":["Card","Card","Relic","Card"],"build_version":"2020-12-22","purchased_purges":3,"victory":false,"max_hp_per_floor":[75,75,75,75,82,82,82,82,82,82,82,82,89,89,89,89,89,89,89,89,89,89,89,89,89,89,81,81,81,81,81,81,81,81,81,81,81,81,81,81,81,91,91,91],"card_choices":[{"not_picked":["NightDance","SuperhumanBloodyKnife"],"picked":"MiserableFate","floor":2.0},{"not_picked":["ReincarnationDial","NightDance"],"picked":"DiffusionOfMisfortune","floor":3.0},{"not_picked":["VampireFantasy","UnstableMagic"],"picked":"VampireKiss","floor":4.0},{"not_picked":["ScarletGensokyo","FitfulNightmare","CharismaGuard"],"picked":"SKIP","floor":6.0},{"not_picked":["BloodyMagicSquare","UltimateOffering","BloodHunter"],"picked":"SKIP","floor":8.0},{"not_picked":["EndlessAdversity","BloodAndWine"],"picked":"TricksterDevil","floor":10.0},{"not_picked":["ScarletImprint","BadLadyScramble"],"picked":"LeisurelyOfLord","floor":11.0},{"not_picked":["DevilSight","BloodHunter"],"picked":"FavorOfDestiny","floor":14.0},{"not_picked":["DiffusionOfMisfortune","UnstableMagic"],"picked":"BloodAndWine","floor":15.0},{"not_picked":["CurseOfVladTepes","CeilingFear"],"picked":"ScarletMeister","floor":16.0},{"not_picked":["NightDance","ScarletImprint"],"picked":"MillenniumVampire","floor":19.0},{"not_picked":["UnderTheZenith","BloodAndWine","MiserableFate+1"],"picked":"SKIP","floor":21.0},{"not_picked":["EndlessAdversity","BlasphemousPunishment"],"picked":"NightLord+1","floor":22.0},{"not_picked":["Gensokyo:EightFeetTall","Gensokyo:GapWoman"],"picked":"Gensokyo:TekeTeke","floor":27.0},{"not_picked":["FavorOfDestiny","StarOfDavid"],"picked":"Stigmanizer","floor":29.0},{"not_picked":["UnderTheZenith","VampireKiss+1"],"picked":"ScarletCoffin","floor":32.0},{"not_picked":["ForecastOfChange","CurseOfVladTepes"],"picked":"DemonKingCradle","floor":33.0},{"not_picked":["FavorOfDestiny+1","EndlessAdversity+1","TwelveNightmare+1"],"picked":"SKIP","floor":36.0},{"not_picked":["BloodyTrap","NightDance+1","BadLadyScramble"],"picked":"SKIP","floor":37},{"not_picked":["ScarletSymphony","ScarletDevilSign+1","MastersStateliness"],"picked":"SKIP","floor":39},{"not_picked":["FitfulNightmare+1","DiffusionOfMisfortune","MastersStateliness"],"picked":"SKIP","floor":40},{"not_picked":["RedRainbow","Ultimatum","RedMagic+1"],"picked":"SKIP","floor":43}],"player_experience":1366008,"relics_obtained":[{"floor":6.0,"key":"Replay:Bottled Snecko"},{"floor":7.0,"key":"CeramicFish"},{"floor":10.0,"key":"AntiCross"},{"floor":14.0,"key":"Dream Catcher"},{"floor":24.0,"key":"Grinning Jar"},{"floor":33.0,"key":"Bag of Marbles"},{"floor":33.0,"key":"Centennial Puzzle"},{"floor":35.0,"key":"Smiling Mask"},{"floor":37,"key":"Oddly Smooth Stone"},{"floor":40,"key":"Akabeko"},{"floor":43,"key":"Bronze Scales"}],"event_choices":[],"is_beta":false,"boss_relics":[{"not_picked":["Replay:Grab Bag","Honey Jar"],"picked":"Pandora\u0027s Box"},{"not_picked":["Replay:Bronze Core","Ring of Chaos"],"picked":"Replay:Fungal Core"}],"items_purged_floors":[4,20,31],"is_endless":true,"potions_floor_spawned":[3,8,14,15,16,29,33,39,40],"killed_by":"Nightmare","ascension_level":0}}