{"host":"lehbxtjrpalkmwwj","time":1613054324,"event":{"mods":["ATMod(°¢èªMod)","Aspiration","BaseMod","Challenge The Spire","Colored Map","Colored Powertips","Conspire","Dota2Spire","Energized Spire","Hunter ÁÔÈË","Minty Spire (QoL Compilation)","Quick Restart","Relic Stats","Reliquary","Replay The Spire","Spicy Shops","StSLib","TestMod","The Cursed","The IronCluck","The Poker Player","Waifu the Spire","Wide Potions","[IsaacMod]ÒÔÈö¼âËþ","¡¾ÒÅÎï¿¨ÅÆ¡¿REMEMod","É³µñ²ÄÖÊ°ümod","óô»ðÖ¸ÄÏ"],"gold_per_floor":[117,132,150,5,30,165,165,290,290,420,583,714,269,281,281,482,482,495,520,581,581,622,778,778,778],"floor_reached":24,"language":"ZHS","playtime":815,"items_purged":[],"score":386,"play_id":"f90ffacd-d918-4264-b5b8-2ef85d441cad","local_time":"20210211223844","is_ascension_mode":true,"campfire_choices":[{"floor":7.0,"key":"RECALL"},{"floor":15.0,"key":"DIG"}],"circlet_count":0,"master_deck":["Defend_B","Defend_B","Defend_B","Defend_B","Zap","Dualcast","EpicFetus","Meteor Strike","AT_FamilyPortrait","Beam Cell","Gash","Sweeping Beam","Rip and Tear","Tempest","Chaos","Streamline","Seek","Creative AI","Tempest","Machine Learning","Go for the Eyes","Reboot","Bite","Bite","Bite","Bite","Bite","aspiration:Polymerization","Mirror Shield"],"relics":["Cracked Core","HushsDoor","AT_ATBox","testmod-TestBox","REME_ComplimentaryCards","testmod-D_4","BookofShadows","NeowsBlessing","reliquary:PartyBalloon","AT_TheCollector","Void","reliquary:RosewoodLute","Matryoshka","Oddly Smooth Stone","aspiration:HatOfInfinitePower","GnawedLeaf","TheBean","Lantern","Happy Flower","Runic Pyramid","Dota2Spire:MagicBottle","AT_MibuBalloonWealth","Bag of Preparation"],"acts_visited":["Exordium","TheCity"],"potions_floor_usage":[23],"damage_taken":[{"damage":0.0,"enemies":"Cultist","floor":1.0,"turns":1.0},{"damage":0.0,"enemies":"Small Slimes","floor":2.0,"turns":1.0},{"damage":0.0,"enemies":"Jaw Worm","floor":3.0,"turns":1.0},{"damage":0.0,"enemies":"conspire:MimicChest","floor":5.0,"turns":3.0},{"damage":5.0,"enemies":"Gremlin Nob","floor":6.0,"turns":3.0},{"damage":10.0,"enemies":"Lagavulin","floor":8.0,"turns":4.0},{"damage":8.0,"enemies":"Gremlin Nob","floor":10.0,"turns":3.0},{"damage":22.0,"enemies":"Gremlin Nob","floor":11.0,"turns":3.0},{"damage":0.0,"enemies":"Lagavulin","floor":12.0,"turns":3.0},{"damage":0.0,"enemies":"2 Fungi Beasts","floor":14.0,"turns":2.0},{"damage":3.0,"enemies":"The Guardian","floor":16.0,"turns":3.0},{"damage":12.0,"enemies":"Chosen","floor":18.0,"turns":2.0},{"damage":16.0,"enemies":"2 Thieves","floor":20.0,"turns":2.0},{"damage":6.0,"enemies":"Snecko","floor":22.0,"turns":3.0},{"damage":58,"enemies":"Book of Stabbing","floor":23,"turns":7}],"seed_played":"-6171453115909673957","potions_obtained":[{"floor":6.0,"key":"FocusPotion"},{"floor":8.0,"key":"REME_GoldPotion"},{"floor":16.0,"key":"Dota2Spire:Clarity"},{"floor":18.0,"key":"REME_GoldPotion"}],"is_trial":false,"path_per_floor":["M","M","M","$","?","E","R","E","T","E","?","E","$","M","R_BF","B",null,"M","T","M","?","M","E","?"],"character_chosen":"DEFECT","items_purchased":["reliquary:PartyBalloon","TheBean","Lantern","Creative AI"],"campfire_rested":0,"item_purchase_floors":[4,13,13,13],"current_hp_per_floor":[75,75,75,75,75,70,70,60,60,52,30,30,30,30,30,59,71,59,59,43,43,39,3,0,0],"gold":778,"neow_bonus":"THREE_ENEMY_KILL","is_daily":false,"chose_seed":false,"campfire_upgraded":0,"win_rate":0.0,"timestamp":1613054324,"path_taken":["M","?","M","?","?","E","R","E","T","E","?","E","$","M","R_BF","BOSS","M","?","M","?","M","E","?"],"items_purchased_type":["Relic","Relic","Relic","Card"],"build_version":"2020-12-22","purchased_purges":0,"victory":false,"max_hp_per_floor":[75,75,75,75,75,75,75,75,75,75,75,75,75,75,75,75,75,75,75,75,52,52,52,52,52],"relic_stats":{"Happy Flower":[5],"counters":[15,41],"Bag of Preparation":[0],"obtain_stats":[{"KeepersGift":0,"BookofShadows":0,"Lantern":13,"AT_ATBox":0,"testmod-TestBox":0,"NeowsBlessing":0,"Happy Flower":15,"reliquary:PartyBalloon":4,"GnawedLeaf":12,"AT_MibuBalloonWealth":19,"Oddly Smooth Stone":10,"Bag of Preparation":23,"reliquary:RosewoodLute":8,"Dota2Spire:MagicBottle":19,"Matryoshka":9,"TheBean":13,"testmod-D_4":0,"AT_TheCollector":5,"Void":6,"Cracked Core":0,"HushsDoor":0,"aspiration:HatOfInfinitePower":11,"REME_ComplimentaryCards":0,"Runic Pyramid":17},{"KeepersGift":0,"BookofShadows":0,"Lantern":9,"AT_ATBox":0,"testmod-TestBox":0,"NeowsBlessing":0,"Happy Flower":10,"reliquary:PartyBalloon":3,"GnawedLeaf":9,"AT_MibuBalloonWealth":12,"Oddly Smooth Stone":7,"Bag of Preparation":15,"reliquary:RosewoodLute":6,"Dota2Spire:MagicBottle":12,"Matryoshka":6,"TheBean":9,"testmod-D_4":0,"AT_TheCollector":4,"Void":5,"Cracked Core":0,"HushsDoor":0,"aspiration:HatOfInfinitePower":8,"REME_ComplimentaryCards":0,"Runic Pyramid":11},{"KeepersGift":0,"BookofShadows":0,"Lantern":22,"AT_ATBox":0,"testmod-TestBox":0,"NeowsBlessing":0,"Happy Flower":24,"reliquary:PartyBalloon":3,"GnawedLeaf":22,"AT_MibuBalloonWealth":29,"Oddly Smooth Stone":16,"Bag of Preparation":41,"reliquary:RosewoodLute":13,"Dota2Spire:MagicBottle":29,"Matryoshka":13,"TheBean":22,"testmod-D_4":0,"AT_TheCollector":6,"Void":9,"Cracked Core":0,"HushsDoor":0,"aspiration:HatOfInfinitePower":19,"REME_ComplimentaryCards":0,"Runic Pyramid":27}]},"card_choices":[{"not_picked":[],"picked":"EpicFetus","floor":0.0},{"not_picked":["Pulse","AT_HeatAcrobatics"],"picked":"Beam Cell","floor":1.0},{"not_picked":["Cancel","Blizzard"],"picked":"Gash","floor":2.0},{"not_picked":["Steam","Redo"],"picked":"Sweeping Beam","floor":3.0},{"not_picked":["Coolheaded","BasicCrystalCard"],"picked":"Rip and Tear","floor":5.0},{"not_picked":["Stack","Redo"],"picked":"Tempest","floor":6.0},{"not_picked":["ReplaySolidLightProjector","Barrage","Aggregate"],"picked":"SKIP","floor":8.0},{"not_picked":["Stack","Panic Button"],"picked":"Chaos","floor":10.0},{"not_picked":["Bomb","Darkness"],"picked":"Streamline","floor":11.0},{"not_picked":["Ball Lightning","Streamline"],"picked":"Seek","floor":12.0},{"not_picked":["BasicCrystalCard","Sweeping Beam"],"picked":"Tempest","floor":14.0},{"not_picked":["Rainbow","ElectricPowerLearning"],"picked":"Machine Learning","floor":16.0},{"not_picked":["Leap","AT_HeatAcrobatics"],"picked":"Go for the Eyes","floor":18.0},{"not_picked":["BasicCrystalCard","Steam+1"],"picked":"Reboot","floor":20.0},{"not_picked":["Streamline","ReplayTheSpireMod:System Scan+1"],"picked":"aspiration:Polymerization","floor":22.0},{"not_picked":["Distribution","Conserve Battery","REME_Whirling"],"picked":"Mirror Shield","floor":23}],"player_experience":165474,"relics_obtained":[{"floor":5.0,"key":"AT_TheCollector"},{"floor":6.0,"key":"Void"},{"floor":8.0,"key":"reliquary:RosewoodLute"},{"floor":9.0,"key":"Matryoshka"},{"floor":10.0,"key":"Oddly Smooth Stone"},{"floor":11.0,"key":"aspiration:HatOfInfinitePower"},{"floor":12.0,"key":"GnawedLeaf"},{"floor":15.0,"key":"Happy Flower"},{"floor":19.0,"key":"Dota2Spire:MagicBottle"},{"floor":19.0,"key":"AT_MibuBalloonWealth"},{"floor":23,"key":"Bag of Preparation"}],"event_choices":[{"damage_healed":0.0,"max_hp_gain":0.0,"max_hp_loss":0.0,"gold_gain":30.0,"event_name":"Dead Adventurer","player_choice":"Searched \u00272\u0027 times","floor":11.0,"gold_loss":0.0,"damage_taken":0.0},{"damage_healed":0.0,"max_hp_gain":0.0,"max_hp_loss":23.0,"gold_gain":0.0,"event_name":"Vampires","player_choice":"Became a vampire","floor":21.0,"gold_loss":0.0,"damage_taken":0.0,"cards_obtained":["Bite","Bite","Bite","Bite","Bite"]}],"is_beta":false,"boss_relics":[{"not_picked":["Snecko Eye","energizedSpire:UnstableMolecules"],"picked":"Runic Pyramid"},{"not_picked":[]}],"items_purged_floors":[],"is_endless":false,"potions_floor_spawned":[6,8,16,18],"ascension_level":5}}