{"host":"za1qviwhp34x909e","time":1613040079,"event":{"mods":["BaseMod","Colored Map","Colored Powertips","Highlight Path","Minty Spire (QoL Compilation)","Quick Restart"],"gold_per_floor":[111,111,122,139,139,139,174,174,174,174,187,201,201,224,224,343,343,367,282,282,58,58,97,113,113,113,138,174,174,174,192,192,311,311,332,332,357,287,287,321,321,355,355,355,370,370,393,209,209,209,209],"floor_reached":50,"language":"ENG","playtime":2040,"items_purged":["Pain","Dodge and Roll"],"score":903,"play_id":"fb3dc472-e8e9-4df8-8edb-e3e2e38abaa3","local_time":"20210211044119","is_ascension_mode":true,"campfire_choices":[{"data":"Blade Dance","floor":6,"key":"SMITH"},{"data":"Poisoned Stab","floor":8,"key":"SMITH"},{"floor":10,"key":"REST"},{"data":"Adrenaline","floor":15,"key":"SMITH"},{"data":"Backflip","floor":25,"key":"SMITH"},{"floor":32,"key":"REST"},{"data":"Wraith Form v2","floor":41,"key":"SMITH"},{"floor":44,"key":"REST"},{"data":"Well Laid Plans","floor":46,"key":"SMITH"},{"floor":49,"key":"RECALL"}],"circlet_count":0,"master_deck":["Strike_G","Strike_G","Strike_G","Strike_G","Strike_G","Defend_G","Defend_G","Defend_G","Defend_G","Defend_G","Survivor","Neutralize","Slice","Slice","Blade Dance+1","Poisoned Stab+1","Cloak And Dagger","Adrenaline+1","Die Die Die","Slice","Terror","Cloak And Dagger","Acrobatics","Backflip+1","Dodge and Roll","Dash","Well Laid Plans+1","Wraith Form v2+1","Backflip","Dark Shackles","Bandage Up","Terror","Blade Dance+1","Backflip","Slice+1","Storm of Steel","Bandage Up"],"relics":["Ring of the Snake","NeowsBlessing","WarpedTongs","Pantograph","StrikeDummy","Golden Idol","Cursed Key","Vajra","Omamori","MealTicket","Lantern","StoneCalendar","WristBlade","HornCleat","Strawberry"],"acts_visited":["Exordium","TheCity","TheBeyond"],"potions_floor_usage":[7,16,33,50],"damage_taken":[{"damage":0,"enemies":"2 Louse","floor":1,"turns":1},{"damage":1,"enemies":"Cultist","floor":3,"turns":1},{"damage":0,"enemies":"Small Slimes","floor":4,"turns":1},{"damage":41,"enemies":"Gremlin Nob","floor":7,"turns":4},{"damage":5,"enemies":"Red Slaver","floor":11,"turns":2},{"damage":1,"enemies":"Large Slime","floor":12,"turns":4},{"damage":3,"enemies":"2 Fungi Beasts","floor":14,"turns":3},{"damage":39,"enemies":"Slime Boss","floor":16,"turns":13},{"damage":10,"enemies":"2 Thieves","floor":18,"turns":4},{"damage":0,"enemies":"Gremlin Leader","floor":23,"turns":4},{"damage":0,"enemies":"Spheric Guardian","floor":24,"turns":3},{"damage":0,"enemies":"3 Cultists","floor":27,"turns":4},{"damage":30,"enemies":"Book of Stabbing","floor":28,"turns":6},{"damage":4,"enemies":"Snake Plant","floor":31,"turns":3},{"damage":67,"enemies":"Collector","floor":33,"turns":9},{"damage":2,"enemies":"3 Darklings","floor":35,"turns":4},{"damage":0,"enemies":"Orb Walker","floor":37,"turns":3},{"damage":0,"enemies":"Reptomancer","floor":40,"turns":5},{"damage":41,"enemies":"Nemesis","floor":42,"turns":9},{"damage":0,"enemies":"Sphere and 2 Shapes","floor":45,"turns":5},{"damage":21,"enemies":"Spire Growth","floor":47,"turns":4},{"damage":74,"enemies":"Time Eater","floor":50,"turns":9}],"seed_played":"8028609840468684053","potions_obtained":[{"floor":3,"key":"Swift Potion"},{"floor":5,"key":"Block Potion"},{"floor":5,"key":"ColorlessPotion"},{"floor":5,"key":"FairyPotion"},{"floor":11,"key":"Weak Potion"},{"floor":12,"key":"SmokeBomb"},{"floor":37,"key":"FearPotion"},{"floor":40,"key":"CultistPotion"}],"is_trial":false,"path_per_floor":["M","?","M","M","?","R","E","R","T","R","M","M","?","M","R","B",null,"M","?","?","$","?","E","M","R","T","M","E","?","?","M","R","B",null,"M","?","M","$","?","E","R","E","T","R","M","R","M","$","R","B"],"character_chosen":"THE_SILENT","items_purchased":["Cloak And Dagger","Acrobatics","Strength Potion","Terror","Bandage Up"],"campfire_rested":3,"item_purchase_floors":[21,21,21,38,48],"current_hp_per_floor":[63,63,62,62,62,62,21,21,21,42,37,36,36,33,33,19,54,44,44,44,44,44,44,44,44,44,44,14,14,14,10,29,12,52,50,40,44,59,59,65,65,31,31,52,56,56,39,54,54,0,0],"gold":209,"neow_bonus":"THREE_ENEMY_KILL","is_daily":false,"chose_seed":false,"campfire_upgraded":6,"win_rate":0.0,"timestamp":1613040079,"path_taken":["M","?","M","?","?","R","E","R","T","R","?","M","?","M","R","BOSS","M","?","?","$","?","E","M","R","T","M","E","?","?","M","R","BOSS","M","?","M","$","?","E","R","E","T","R","M","R","?","$","R","BOSS"],"items_purchased_type":["Card","Card","Potion","Card","Card"],"build_version":"2020-12-22","purchased_purges":2,"victory":false,"max_hp_per_floor":[70,70,70,70,70,70,70,70,70,70,70,70,65,65,65,65,65,65,65,65,65,65,65,65,65,65,65,65,65,65,65,65,65,65,65,65,65,65,65,65,65,72,72,72,72,72,72,72,72,72,72],"card_choices":[{"not_picked":["Prepared","Outmaneuver"],"picked":"Slice","floor":1},{"not_picked":["Bullet Time","PiercingWail"],"picked":"Slice","floor":3},{"not_picked":["Quick Slash","Dodge and Roll"],"picked":"Blade Dance","floor":4},{"not_picked":["Underhanded Strike","Setup"],"picked":"Poisoned Stab","floor":7},{"not_picked":["Setup","Choke"],"picked":"Dodge and Roll","floor":11},{"not_picked":["Dash","Heel Hook"],"picked":"Cloak And Dagger","floor":12},{"not_picked":["Sucker Punch","Dagger Throw"],"picked":"Adrenaline","floor":14},{"not_picked":["Grand Finale","Malaise"],"picked":"Die Die Die","floor":16},{"not_picked":["Escape Plan","Reflex"],"picked":"Slice","floor":18},{"not_picked":["Deadly Poison+1","Dagger Spray"],"picked":"Backflip","floor":23},{"not_picked":["Choke","Riddle With Holes+1","Quick Slash+1"],"picked":"SKIP","floor":24},{"not_picked":["Prepared","Quick Slash"],"picked":"Dodge and Roll","floor":27},{"not_picked":["Riddle With Holes+1","Choke"],"picked":"Dash","floor":28},{"not_picked":["Underhanded Strike","Dagger Spray+1"],"picked":"Well Laid Plans","floor":31},{"not_picked":["Corpse Explosion","Die Die Die"],"picked":"Wraith Form v2","floor":33},{"not_picked":["Acrobatics+1","Sucker Punch"],"picked":"Backflip","floor":35},{"not_picked":["Trip","Dramatic Entrance"],"picked":"Dark Shackles","floor":36},{"not_picked":["Jack Of All Trades","Panacea"],"picked":"Bandage Up","floor":36},{"not_picked":["Sucker Punch","Underhanded Strike+1","Bane"],"picked":"SKIP","floor":37},{"not_picked":["Prepared+1","Tactician"],"picked":"Backflip","floor":40},{"not_picked":["Dodge and Roll+1","Heel Hook+1","Acrobatics"],"picked":"SKIP","floor":42},{"not_picked":["Deadly Poison+1","Deflect"],"picked":"Slice+1","floor":45},{"not_picked":["Outmaneuver+1","Bane+1"],"picked":"Storm of Steel","floor":47}],"player_experience":667006,"relics_obtained":[{"floor":7,"key":"Pantograph"},{"floor":9,"key":"StrikeDummy"},{"floor":23,"key":"Omamori"},{"floor":26,"key":"MealTicket"},{"floor":28,"key":"Lantern"},{"floor":40,"key":"HornCleat"},{"floor":42,"key":"Strawberry"}],"event_choices":[{"damage_healed":0,"gold_gain":0,"player_choice":"Rummage","damage_taken":0,"relics_obtained":["WarpedTongs"],"max_hp_gain":0,"max_hp_loss":0,"event_name":"Accursed Blacksmith","floor":2,"gold_loss":0,"cards_obtained":["Pain"]},{"damage_healed":0,"gold_gain":0,"player_choice":"Got Potions","damage_taken":0,"max_hp_gain":0,"max_hp_loss":0,"event_name":"Lab","floor":5,"gold_loss":0},{"damage_healed":0,"gold_gain":0,"player_choice":"Lose Max HP","damage_taken":0,"relics_obtained":["Golden Idol"],"max_hp_gain":0,"max_hp_loss":5,"event_name":"Golden Idol","floor":13,"gold_loss":0},{"damage_healed":0,"gold_gain":0,"player_choice":"Obtained Relic","damage_taken":0,"relics_obtained":["Vajra"],"max_hp_gain":0,"max_hp_loss":0,"event_name":"Addict","floor":19,"gold_loss":85},{"damage_healed":0,"gold_gain":0,"player_choice":"Read","damage_taken":0,"max_hp_gain":0,"max_hp_loss":0,"event_name":"The Library","floor":20,"gold_loss":0,"cards_obtained":["Terror"]},{"damage_healed":0,"gold_gain":0,"player_choice":"Ignored","damage_taken":0,"max_hp_gain":0,"max_hp_loss":0,"event_name":"Ghosts","floor":22,"gold_loss":0},{"damage_healed":0,"gold_gain":0,"player_choice":"Ignored","damage_taken":0,"max_hp_gain":0,"max_hp_loss":0,"event_name":"Vampires","floor":29,"gold_loss":0},{"damage_healed":0,"gold_gain":0,"player_choice":"Opened","damage_taken":0,"relics_obtained":["StoneCalendar"],"max_hp_gain":0,"max_hp_loss":0,"event_name":"The Mausoleum","floor":30,"gold_loss":0},{"damage_healed":0,"gold_gain":0,"player_choice":"Memory 3","damage_taken":10,"max_hp_gain":0,"max_hp_loss":0,"event_name":"SensoryStone","floor":36,"gold_loss":0},{"damage_healed":0,"gold_gain":0,"player_choice":"Copied","damage_taken":0,"max_hp_gain":0,"max_hp_loss":0,"event_name":"Duplicator","floor":39,"gold_loss":0,"cards_obtained":["Blade Dance"]}],"is_beta":false,"boss_relics":[{"not_picked":["Velvet Choker","Runic Pyramid"],"picked":"Cursed Key"},{"not_picked":["Coffee Dripper","Calling Bell"],"picked":"WristBlade"}],"items_purged_floors":[21,48],"is_endless":false,"potions_floor_spawned":[3,11,12,14,23,27,28,31,37,40,45,47],"killed_by":"Time Eater","ascension_level":9}}