{"host":"1bzbl1adcbkdzqlf","time":1613006752,"event":{"mods":["BaseMod","Minty Spire (QoL Compilation)","Slay the Relics Exporter"],"gold_per_floor":[362,378,159,178,192,233,233,233,233,87,129,129,157,199,199,199,199],"floor_reached":16,"language":"ENG","playtime":1847,"items_purged":["Injury"],"score":186,"play_id":"ffef03cd-e6ec-4dbb-ac11-18a4c6ff3c54","local_time":"20210210192552","is_ascension_mode":true,"campfire_choices":[{"floor":7,"key":"REST"},{"floor":12,"key":"REST"},{"data":"Whirlwind","floor":15,"key":"SMITH"}],"circlet_count":0,"master_deck":["AscendersBane","Strike_R","Strike_R","Strike_R","Strike_R","Strike_R","Defend_R","Defend_R","Defend_R","Defend_R","Bash","Rampage","Intimidate","Feed","Whirlwind+1","Shrug It Off","Carnage","Flame Barrier","Thunderclap","Cleave"],"relics":["Burning Blood","CeramicFish","Kunai","HornCleat","Chemical X","PreservedInsect","Juzu Bracelet"],"acts_visited":["Exordium"],"potions_floor_usage":[4,6,16],"damage_taken":[{"damage":5,"enemies":"Jaw Worm","floor":1,"turns":6},{"damage":9,"enemies":"Cultist","floor":2,"turns":5},{"damage":7,"enemies":"Small Slimes","floor":4,"turns":2},{"damage":21,"enemies":"Exordium Thugs","floor":5,"turns":6},{"damage":37,"enemies":"3 Sentries","floor":6,"turns":8},{"damage":20,"enemies":"Lagavulin","floor":11,"turns":5},{"damage":9,"enemies":"Looter","floor":13,"turns":5},{"damage":2,"enemies":"Gremlin Nob","floor":14,"turns":3},{"damage":63,"enemies":"The Guardian","floor":16,"turns":8}],"seed_played":"-5067838961614634799","potions_obtained":[{"floor":2,"key":"ColorlessPotion"},{"floor":5,"key":"ColorlessPotion"},{"floor":11,"key":"EssenceOfSteel"}],"is_trial":false,"path_per_floor":["M","M","$","M","M","E","R","?","T","$","E","R","M","E","R","B"],"character_chosen":"IRONCLAD","items_purchased":["Feed","Chemical X"],"campfire_rested":2,"item_purchase_floors":[3,10],"current_hp_per_floor":[73,70,70,72,60,29,54,42,42,42,28,53,53,60,60,0,0],"gold":199,"neow_bonus":"TWO_FIFTY_GOLD","is_daily":false,"chose_seed":false,"campfire_upgraded":1,"win_rate":0.0,"timestamp":1613006752,"path_taken":["M","M","$","M","M","E","R","?","T","$","E","R","M","E","R","BOSS"],"items_purchased_type":["Card","Relic"],"build_version":"2020-12-22","purchased_purges":1,"victory":false,"max_hp_per_floor":[80,80,80,83,86,86,86,86,86,86,86,86,89,92,92,92,92],"card_choices":[{"not_picked":["Havoc","Fire Breathing"],"picked":"Rampage","floor":1},{"not_picked":["Headbutt","Perfected Strike"],"picked":"Intimidate","floor":2},{"not_picked":["Anger","Havoc"],"picked":"Whirlwind","floor":4},{"not_picked":["Armaments","Flex"],"picked":"Shrug It Off","floor":5},{"not_picked":["Dark Embrace","Wild Strike"],"picked":"Carnage","floor":6},{"not_picked":["Reaper","Shockwave"],"picked":"Flame Barrier","floor":11},{"not_picked":["Sword Boomerang","Perfected Strike"],"picked":"Thunderclap","floor":13},{"not_picked":["Metallicize","Heavy Blade"],"picked":"Cleave","floor":14}],"player_experience":422754,"relics_obtained":[{"floor":6,"key":"CeramicFish"},{"floor":9,"key":"HornCleat"},{"floor":11,"key":"PreservedInsect"},{"floor":14,"key":"Juzu Bracelet"}],"event_choices":[{"damage_healed":0,"gold_gain":0,"player_choice":"Success","damage_taken":12,"relics_obtained":["Kunai"],"max_hp_gain":0,"max_hp_loss":0,"event_name":"Scrap Ooze","floor":8,"gold_loss":0}],"is_beta":false,"boss_relics":[],"items_purged_floors":[3],"is_endless":false,"potions_floor_spawned":[2,5,11],"killed_by":"The Guardian","ascension_level":11}}