{"host":"mgjbkrm6zb65cm01","time":1613040177,"event":{"mods":["ATMod(°¢èªMod)","BaseMod","Conspire","Good Game Mod","Minty Spire (QoL Compilation)","Quick Restart","Relic Stats","Spicy Shops","StSLib","UnlockEverythingMod","noobMod"],"gold_per_floor":[116,133,152,169,149,149,184,203,228,257,278,307,10,82,82,196,196,220,229,256,281,301,301,301,301,301,301,335,347,377,9,9,122,122,143,143,165,174,174,174,199,199,226,19,44,44,44,0,0,0,0,0,0,35,35],"floor_reached":56,"language":"ZHS","playtime":3125,"items_purged":["Strike_G","Strike_G"],"score":1267,"play_id":"6ab07a1b-a0c6-4d2a-bea7-ea7fc19ab837","local_time":"20210211184257","is_ascension_mode":false,"campfire_choices":[{"data":"AT_ShrugMaster","floor":6.0,"key":"SMITH"},{"data":"Infinite Blades","floor":15.0,"key":"SMITH"},{"data":"Noxious Fumes","floor":23.0,"key":"SMITH"},{"floor":25.0,"key":"RECALL"},{"floor":27.0,"key":"REST"},{"data":"AT_FocusSwordFire","floor":29.0,"key":"SMITH"},{"data":"Neutralize","floor":32.0,"key":"SMITH"},{"data":"Panache","floor":40.0,"key":"SMITH"},{"data":"Envenom","floor":42.0,"key":"SMITH"},{"floor":47.0,"key":"REST"},{"data":"Poisoned Stab","floor":49.0,"key":"SMITH"},{"data":"Catalyst","floor":52,"key":"SMITH"}],"circlet_count":0,"master_deck":["Strike_G","Defend_G","Defend_G","Defend_G","Defend_G","Survivor","Neutralize+1","AT_ShrugMaster+1","Bullet Time","AT_FocusSwordFire+1","Blade Dance","AT_WindFlip","Dodge and Roll","Backstab","Infinite Blades+1","Noxious Fumes+1","Quick Slash","Corpse Explosion","AT_WindFlip","Necronomicurse","Flying Knee+1","Cloak And Dagger","Poisoned Stab+1","Grand Finale","Masterful Stab","Catalyst+1","Accuracy","Poisoned Stab+1","Prepared","All Out Attack","Deflect","Envenom+1","Deflect+1","Concentrate+1","Panache+1","Cloak And Dagger+1","Escape Plan","Acrobatics+1","Sucker Punch+1"],"relics":["Ring of the Snake","REME:ComplimentaryCards","ice","AT_ATBox","NeowsBlessing","Potion Belt","CeramicFish","Juzu Bracelet","Philosopher\u0027s Stone","Necronomicon","Question Card","MawBank","SlaversCollar","Ninja Scroll","Pear","Red Mask","Happy Flower"],"acts_visited":["Exordium","TheCity","TheBeyond","TheEnding"],"potions_floor_usage":[50,55],"damage_taken":[{"damage":0.0,"enemies":"Cultist","floor":1.0,"turns":1.0},{"damage":0.0,"enemies":"Jaw Worm","floor":2.0,"turns":1.0},{"damage":0.0,"enemies":"2 Louse","floor":3.0,"turns":1.0},{"damage":4.0,"enemies":"Looter","floor":4.0,"turns":3.0},{"damage":7.0,"enemies":"Lagavulin","floor":7.0,"turns":9.0},{"damage":10.0,"enemies":"Lots of Slimes","floor":8.0,"turns":3.0},{"damage":0.0,"enemies":"Exordium Wildlife","floor":10.0,"turns":3.0},{"damage":0.0,"enemies":"Looter","floor":11.0,"turns":3.0},{"damage":0.0,"enemies":"2 Fungi Beasts","floor":12.0,"turns":2.0},{"damage":10.0,"enemies":"Lagavulin Event","floor":14.0,"turns":5.0},{"damage":4.0,"enemies":"Slime Boss","floor":16.0,"turns":8.0},{"damage":16.0,"enemies":"conspire:FuzzyDice","floor":18.0,"turns":5.0},{"damage":8.0,"enemies":"Chosen","floor":20.0,"turns":4.0},{"damage":5.0,"enemies":"Centurion and Healer","floor":21.0,"turns":5.0},{"damage":18.0,"enemies":"Snake Plant","floor":22.0,"turns":4.0},{"damage":23.0,"enemies":"Book of Stabbing","floor":28.0,"turns":5.0},{"damage":43.0,"enemies":"Automaton","floor":33.0,"turns":7.0},{"damage":2.0,"enemies":"Orb Walker","floor":35.0,"turns":3.0},{"damage":16.0,"enemies":"3 Shapes","floor":37.0,"turns":3.0},{"damage":26.0,"enemies":"Spire Growth","floor":41.0,"turns":5.0},{"damage":7.0,"enemies":"Writhing Mass","floor":45.0,"turns":4.0},{"damage":49,"enemies":"Awakened One","floor":50,"turns":8},{"damage":29,"enemies":"Shield and Spear","floor":54,"turns":5},{"damage":78,"enemies":"The Heart","floor":55,"turns":7}],"seed_played":"3301141061946394841","potions_obtained":[{"floor":1.0,"key":"EssenceOfSteel"},{"floor":2.0,"key":"Weak Potion"},{"floor":5.0,"key":"Strength Potion"},{"floor":7.0,"key":"Strength Potion"},{"floor":11.0,"key":"Strength Potion"},{"floor":14.0,"key":"LiquidMemories"},{"floor":18.0,"key":"CunningPotion"},{"floor":20.0,"key":"LiquidBronze"},{"floor":21.0,"key":"SkillPotion"},{"floor":37.0,"key":"SkillPotion"},{"floor":54,"key":"Weak Potion"}],"is_trial":false,"path_per_floor":["M","M","M","M","?","R","E","M","T","M","M","M","$","?","R","B",null,"M","?","M","M","M","R","?","R","T","R","E","R","?","$","R","B",null,"M","?","M","?","?","R","M","R","T","$","M","T","R","?","R","B",null,"R","$","E","B",null],"character_chosen":"THE_SILENT","items_purchased":["Noxious Fumes","Accuracy","Poisoned Stab","Prepared","All Out Attack","Deflect","Escape Plan","Ninja Scroll","Fire Potion"],"campfire_rested":2,"item_purchase_floors":[13,31,31,31,31,31,44,44,44],"current_hp_per_floor":[70,70,70,66,66,66,59,49,49,49,49,49,49,39,39,35,70,54,38,30,25,7,7,7,7,7,28,5,5,5,5,5,28,74,72,72,56,56,56,56,30,30,30,30,23,33,60,60,60,11,93,93,93,64,55],"gold":35,"neow_bonus":"THREE_ENEMY_KILL","is_daily":false,"chose_seed":false,"campfire_upgraded":9,"win_rate":0.0,"timestamp":1613040177,"path_taken":["M","M","M","?","?","R","E","?","T","M","M","M","$","?","R","BOSS","M","?","M","M","M","R","?","R","T","R","E","R","?","$","R","BOSS","M","?","M","?","?","R","M","R","T","$","M","?","R","?","R","BOSS","R","$","E","BOSS"],"items_purchased_type":["Card","Card","Card","Card","Card","Card","Card","Relic","Potion"],"build_version":"2020-12-22","purchased_purges":2,"victory":true,"max_hp_per_floor":[70,70,70,70,70,70,70,70,70,70,70,70,70,70,70,70,70,70,70,70,70,70,70,70,70,70,70,70,70,70,70,70,74,74,76,76,83,83,83,83,83,83,83,83,83,93,93,93,93,93,93,93,93,93,151],"relic_stats":{"Happy Flower":[2],"counters":[24,104],"CeramicFish":243,"Juzu Bracelet":2,"Necronomicon":[7],"Question Card":8,"MawBank":36,"obtain_stats":[{"Potion Belt":7,"AT_ATBox":0,"Pear":46,"NeowsBlessing":0,"Happy Flower":54,"CeramicFish":9,"ice":0,"Juzu Bracelet":14,"Question Card":26,"MawBank":28,"SlaversCollar":34,"REME:ComplimentaryCards":0,"Ninja Scroll":44,"Philosopher\u0027s Stone":17,"Necronomicon":19,"Red Mask":48,"Ring of the Snake":0},{"Potion Belt":5,"AT_ATBox":0,"Pear":21,"NeowsBlessing":0,"Happy Flower":23,"CeramicFish":6,"ice":0,"Juzu Bracelet":10,"Question Card":15,"MawBank":16,"SlaversCollar":17,"REME:ComplimentaryCards":0,"Ninja Scroll":20,"Philosopher\u0027s Stone":11,"Necronomicon":12,"Red Mask":21,"Ring of the Snake":0},{"Potion Belt":15,"AT_ATBox":0,"Pear":84,"NeowsBlessing":0,"Happy Flower":97,"CeramicFish":18,"ice":0,"Juzu Bracelet":31,"Question Card":57,"MawBank":62,"SlaversCollar":69,"REME:ComplimentaryCards":0,"Ninja Scroll":80,"Philosopher\u0027s Stone":39,"Necronomicon":44,"Red Mask":84,"Ring of the Snake":0}],"Ring of the Snake":[48]},"card_choices":[{"not_picked":["Flying Knee","Backflip"],"picked":"AT_FocusSwordFire","floor":1.0},{"not_picked":["Terror","Catalyst"],"picked":"Blade Dance","floor":2.0},{"not_picked":["AT_ShadowStep","Underhanded Strike"],"picked":"AT_WindFlip","floor":3.0},{"not_picked":["PiercingWail","Eviscerate","Reflex"],"picked":"SKIP","floor":4.0},{"not_picked":["Tactician","Underhanded Strike","Deadly Poison"],"picked":"SKIP","floor":7.0},{"not_picked":["Sucker Punch","Slice","Quick Slash"],"picked":"SKIP","floor":8.0},{"not_picked":["Slice","PiercingWail"],"picked":"Dodge and Roll","floor":10.0},{"not_picked":["PiercingWail","Deflect"],"picked":"Backstab","floor":11.0},{"not_picked":["AT_KingSlayer","Prepared"],"picked":"Infinite Blades","floor":12.0},{"not_picked":["Riddle With Holes","Sucker Punch"],"picked":"Quick Slash","floor":14.0},{"not_picked":["AT_MyraUnstableElement","Unload"],"picked":"Corpse Explosion","floor":16.0},{"not_picked":["PiercingWail","Deadly Poison"],"picked":"AT_WindFlip","floor":18.0},{"not_picked":["Backflip","Blade Dance"],"picked":"Flying Knee+1","floor":20.0},{"not_picked":["conspire:PoisonWeapons","Bane"],"picked":"Cloak And Dagger","floor":21.0},{"not_picked":["Infinite Blades","Slice+1"],"picked":"Poisoned Stab+1","floor":22.0},{"not_picked":["Dash","Acrobatics+1","Deadly Poison"],"picked":"Grand Finale","floor":28.0},{"not_picked":["Bullet Time","Night Terror","Glass Knife"],"picked":"Envenom","floor":33.0},{"not_picked":["Acrobatics","Poisoned Stab+1","Masterful Stab+1"],"picked":"Deflect+1","floor":35.0},{"not_picked":["Underhanded Strike","Deflect+1","Acrobatics"],"picked":"Concentrate+1","floor":37.0},{"not_picked":["AT_PowerWithin","Forethought","The Bomb"],"picked":"Panache","floor":38.0},{"not_picked":["Footwork+1","Slice","Poisoned Stab"],"picked":"Cloak And Dagger+1","floor":41.0},{"not_picked":["Masterful Stab","AT_WindFlip+1","Poisoned Stab+1"],"picked":"Acrobatics+1","floor":45.0},{"not_picked":["Dagger Spray","Skewer","Endless Agony"],"picked":"Sucker Punch+1","floor":54}],"player_experience":146921,"relics_obtained":[{"floor":7.0,"key":"Potion Belt"},{"floor":9.0,"key":"CeramicFish"},{"floor":14.0,"key":"Juzu Bracelet"},{"floor":19.0,"key":"Necronomicon"},{"floor":26.0,"key":"Question Card"},{"floor":28.0,"key":"MawBank"},{"floor":46.0,"key":"Pear"},{"floor":54,"key":"Happy Flower"}],"event_choices":[{"damage_healed":0.0,"max_hp_gain":0.0,"max_hp_loss":0.0,"gold_gain":0.0,"event_name":"The Woman in Blue","player_choice":"Bought 1 Potion","floor":5.0,"gold_loss":0.0,"damage_taken":0.0},{"damage_healed":0.0,"max_hp_gain":0.0,"max_hp_loss":0.0,"gold_gain":30.0,"event_name":"Dead Adventurer","player_choice":"Searched \u00272\u0027 times","floor":14.0,"gold_loss":0.0,"damage_taken":0.0},{"damage_healed":0.0,"max_hp_gain":0.0,"max_hp_loss":0.0,"gold_gain":0.0,"event_name":"Cursed Tome","player_choice":"Obtained Book","floor":19.0,"gold_loss":0.0,"damage_taken":16.0},{"cards_removed":["Strike_G"],"damage_healed":0.0,"max_hp_gain":0.0,"max_hp_loss":0.0,"gold_gain":0.0,"event_name":"Purifier","player_choice":"Purged","floor":24.0,"gold_loss":0.0,"damage_taken":0.0},{"damage_healed":0.0,"max_hp_gain":0.0,"max_hp_loss":0.0,"gold_gain":0.0,"cards_transformed":["Strike_G","Defend_G"],"event_name":"Drug Dealer","player_choice":"Became Test Subject","floor":30.0,"gold_loss":0.0,"damage_taken":0.0,"cards_obtained":["Masterful Stab","Catalyst"]},{"damage_healed":0.0,"max_hp_gain":0.0,"max_hp_loss":0.0,"gold_gain":0.0,"event_name":"conspire:Investor","player_choice":"Leave","floor":36.0,"gold_loss":0.0,"damage_taken":0.0},{"damage_healed":0.0,"max_hp_gain":0.0,"max_hp_loss":0.0,"gold_gain":0.0,"event_name":"SensoryStone","player_choice":"Memory 1","floor":38.0,"gold_loss":0.0,"damage_taken":0.0},{"damage_healed":0.0,"max_hp_gain":0.0,"max_hp_loss":0.0,"gold_gain":0.0,"event_name":"Tomb of Lord Red Mask","player_choice":"Paid","floor":48.0,"gold_loss":44.0,"damage_taken":0.0,"relics_obtained":["Red Mask"]}],"is_beta":false,"boss_relics":[{"not_picked":["Sozu","HoveringKite"],"picked":"Philosopher\u0027s Stone"},{"not_picked":["conspire:RoyalGoblet","Cursed Key"],"picked":"SlaversCollar"}],"items_purged_floors":[13,31],"is_endless":false,"potions_floor_spawned":[1,2,7,11,14,18,20,21,37,54],"ascension_level":0}}