{"host":"Likez","time":1613017470,"event":{"mods":["BaseMod","Downfall","Minty Spire (QoL Compilation)","StSLib","The Animator","The Cursed","The Senshi","The Servant 0.9.4"],"gold_per_floor":[115,115,215,225,244,244,277,291,291,308,308,101,101,118,118,218,218,231,231,43,60,60,60,60,70,152,152,152,163,178,191,191,191,191],"floor_reached":33,"language":"ENG","playtime":1184,"items_purged":[],"score":274,"play_id":"2ec8c0ad-0e6d-4709-826b-e21562802f76","local_time":"20210211012430","is_ascension_mode":false,"campfire_choices":[{"floor":6,"key":"RECALL"},{"data":"Flex","floor":13,"key":"SMITH"},{"data":"Bash","floor":15,"key":"SMITH"},{"data":"Double Tap","floor":23,"key":"SMITH"},{"floor":32,"key":"REST"}],"circlet_count":0,"master_deck":["Defend_R","Defend_R","Defend_R","Defend_R","Bash+1","Headbutt","Flex+1","Clash","Blood for Blood","Clash","Anger","Anger","Cleave","Double Tap+1","RitualDagger","Metamorphosis","Writhe","Bite","Bite","Bite","Bite","Bite","Warcry+1"],"relics":["Burning Blood","theSenshi:SailorFukuRelic","ClockworkSouvenir","SlaversCollar","Bird Faced Urn","Toxic Egg 2"],"acts_visited":["Exordium","TheCity"],"potions_floor_usage":[7,25,29,30,31,33],"damage_taken":[{"damage":2,"enemies":"2 Louse","floor":1,"turns":5},{"damage":1,"enemies":"Cultist","floor":4,"turns":3},{"damage":2,"enemies":"Small Slimes","floor":5,"turns":3},{"damage":15,"enemies":"Gremlin Nob","floor":7,"turns":4},{"damage":21,"enemies":"3 Louse","floor":8,"turns":3},{"damage":0,"enemies":"Blue Slaver","floor":10,"turns":2},{"damage":0,"enemies":"2 Fungi Beasts","floor":14,"turns":2},{"damage":40,"enemies":"The Guardian","floor":16,"turns":5},{"damage":17,"enemies":"Shell Parasite","floor":18,"turns":4},{"damage":20,"enemies":"3 Byrds","floor":21,"turns":4},{"damage":19,"enemies":"Sentry and Sphere","floor":25,"turns":4},{"damage":27,"enemies":"Snake Plant","floor":29,"turns":2},{"damage":16,"enemies":"3 Cultists","floor":30,"turns":4},{"damage":31,"enemies":"Cultist and Chosen","floor":31,"turns":7},{"damage":81,"enemies":"Champ","floor":33,"turns":7}],"seed_played":"-1116228193803880469","potions_obtained":[{"floor":4,"key":"HeartOfIron"},{"floor":8,"key":"Guardian:BlockOnCardUsePotion"},{"floor":16,"key":"Guardian:BlockOnCardUsePotion"},{"floor":18,"key":"AttackPotion"},{"floor":21,"key":"Slimebound:ThreeZeroPotion"},{"floor":30,"key":"Guardian:BlockOnCardUsePotion"},{"floor":31,"key":"Fruit Juice"}],"is_trial":false,"path_per_floor":["M","?","?","M","M","R","E","M","T","M","?","$","R","M","R","B",null,"M","?","$","M","?","R","?","M","T","?","$","M","M","M","R","B"],"character_chosen":"IRONCLAD","items_purchased":["Anger","ClockworkSouvenir","Metamorphosis"],"campfire_rested":1,"item_purchase_floors":[12,12,20],"current_hp_per_floor":[80,80,80,80,80,80,71,56,56,62,80,80,80,80,80,46,80,69,63,63,49,49,49,75,62,62,56,56,39,35,33,51,0,0],"gold":191,"neow_bonus":"","is_daily":false,"chose_seed":false,"campfire_upgraded":3,"win_rate":0.0,"timestamp":1613017470,"path_taken":["M","?","?","M","M","R","E","?","T","M","?","$","R","M","R","BOSS","M","?","$","M","?","R","?","M","T","?","$","M","?","M","R","BOSS"],"items_purchased_type":["Card","Relic","Card"],"build_version":"2020-11-17","purchased_purges":0,"victory":false,"max_hp_per_floor":[80,80,80,80,80,80,80,80,80,80,80,80,80,80,80,80,80,80,80,80,80,80,80,80,80,80,56,56,56,56,61,61,61,61],"card_choices":[{"not_picked":["Sword Boomerang","Twin Strike"],"picked":"Headbutt","floor":1},{"not_picked":["Body Slam","Sword Boomerang"],"picked":"Flex","floor":4},{"not_picked":["Blood for Blood","Armaments"],"picked":"Clash","floor":5},{"not_picked":["Metallicize","Shrug It Off"],"picked":"Blood for Blood","floor":7},{"not_picked":["Combust","Sword Boomerang"],"picked":"Clash","floor":8},{"not_picked":["Impervious","Shrug It Off"],"picked":"Anger","floor":10},{"not_picked":["Shockwave","True Grit"],"picked":"Cleave","floor":14},{"not_picked":["Feed","Impervious"],"picked":"Double Tap","floor":16},{"not_picked":["Flame Barrier","Shrug It Off","Flex"],"picked":"SKIP","floor":18},{"not_picked":["Body Slam+1","Sever Soul+1","Dropkick"],"picked":"SKIP","floor":21},{"not_picked":["Clothesline","Perfected Strike+1","Warcry"],"picked":"SKIP","floor":25},{"not_picked":["Ghostly Armor+1","Clash"],"picked":"Warcry+1","floor":29},{"not_picked":["Sever Soul","Iron Wave","Twin Strike"],"picked":"SKIP","floor":30},{"not_picked":["Searing Blow","Body Slam+1","Iron Wave"],"picked":"SKIP","floor":31}],"player_experience":0,"relics_obtained":[{"floor":7,"key":"theSenshi:SailorFukuRelic"},{"floor":26,"key":"Toxic Egg 2"}],"event_choices":[{"damage_healed":0,"gold_gain":0,"player_choice":"Ignored","damage_taken":0,"max_hp_gain":0,"max_hp_loss":0,"event_name":"Liars Game","floor":2,"gold_loss":0},{"damage_healed":0,"gold_gain":100,"player_choice":"Pray","damage_taken":0,"max_hp_gain":0,"max_hp_loss":0,"event_name":"Golden Shrine","floor":3,"gold_loss":0},{"damage_healed":26,"gold_gain":0,"player_choice":"Banana","damage_taken":0,"max_hp_gain":0,"max_hp_loss":0,"event_name":"Big Fish","floor":11,"gold_loss":0},{"damage_healed":0,"gold_gain":0,"player_choice":"Joined the Cult","damage_taken":6,"max_hp_gain":0,"max_hp_loss":0,"event_name":"Nest","floor":19,"gold_loss":0,"cards_obtained":["RitualDagger"]},{"damage_healed":0,"gold_gain":0,"player_choice":"Opened","damage_taken":0,"relics_obtained":["Bird Faced Urn"],"max_hp_gain":0,"max_hp_loss":0,"event_name":"The Mausoleum","floor":22,"gold_loss":0,"cards_obtained":["Writhe"]},{"damage_healed":26,"gold_gain":0,"player_choice":"Heal","damage_taken":0,"max_hp_gain":0,"max_hp_loss":0,"event_name":"The Library","floor":24,"gold_loss":0},{"damage_healed":0,"gold_gain":0,"player_choice":"Became a vampire","damage_taken":0,"max_hp_gain":0,"max_hp_loss":24,"event_name":"Vampires","floor":27,"gold_loss":0,"cards_obtained":["Bite","Bite","Bite","Bite","Bite"]}],"is_beta":true,"boss_relics":[{"not_picked":["Tiny House","SacredBark"],"picked":"SlaversCollar"}],"items_purged_floors":[],"is_endless":false,"potions_floor_spawned":[4,8,16,18,21,30,31],"killed_by":"Champ","ascension_level":0}}