{"host":"fortuna","time":1613047770,"event":{"mods":["100% Spire Juice","Act Like it!","Arknights","BaseMod","CapriCore","Gensokyo","Hallownest","Koishi","Minty Spire (QoL Compilation)","MostiFishMod","Reimu£®≤©¿ˆ¡È√Œ£©","Relic Stats","StSLib","The Animator","The Bug Knight","The Immortal","Waifu the Spire","WarShipGirlsR/’ΩΩ¢…Ÿ≈ÆR mod","Yakumo Yukari mod"],"gold_per_floor":[109,109,126,137,153,184,184,214,214,239,252,8,36,36,36,134,134,152,152,152,152,152,178,190,218,218,218,250,175,201,201,201,304,304,323,340,356,113,131,159,159,159,184,184,184,213,226,254,254,254,254],"floor_reached":50,"language":"ZHS","playtime":5562,"items_purged":["HollowMod:QuickDashStart","HollowMod:GreatSlash"],"score":889,"play_id":"3fbfada7-c285-4ab2-a16e-aa0c876af897","local_time":"20210211204930","is_ascension_mode":true,"campfire_choices":[{"data":"HollowMod:Weaversong","floor":7.0,"key":"SMITH"},{"data":"HollowMod:HerrahsAnger","floor":15.0,"key":"SMITH"},{"data":"HollowMod:HornetsHelp","floor":27.0,"key":"SMITH"},{"data":"HollowMod:HuntersJournal","floor":32.0,"key":"SMITH"},{"data":"HollowMod:GrimmsGift","floor":42,"key":"SMITH"},{"data":"HollowMod:HerrahsAnger","floor":49,"key":"SMITH"}],"circlet_count":0,"master_deck":["HollowMod:NailStrikeStart","HollowMod:NailStrikeStart","HollowMod:QuickDashStart","HollowMod:QuickDashStart","HollowMod:QuickDashStart","HollowMod:FocusHealStart","HollowMod:PogoStrike","HollowMod:Weaversong+1","HollowMod:QuirrelsAssistance","HollowMod:SharpenedNail","HollowMod:ZotesMagnificence","HollowMod:HornetsHelp","HollowMod:ElderbugsWisdom+1","HollowMod:GrimmsGift","HollowMod:CycloneSlash","HollowMod:HerrahsAnger+1","MostiFishMod:ButterFly","HollowMod:HornetsHelp+1","HollowMod:FallenFury","HollowMod:MidwifesHunger","HollowMod:CloakDash","HollowMod:NewLittleFool","HollowMod:Weaversong","HollowMod:HuntersJournal+1","HollowMod:MidwifesHunger","HollowMod:DungDefenderAura","HollowMod:Weaversong","HollowMod:GrimmsGift+1","HollowMod:HerrahsAnger+1"],"relics":["HollowMod:VesselMask","DaveBox","GuanYuAspect","SynthV:TestCard","Hallownest:DreamNailRelic","Mummified Hand","Centennial Puzzle","Kunai","Omamori","Black Star","Red Mask","Boot","Tiny Chest","Mastiff:ReiMu","Question Card","Orichalcum","HollowMod:StagPassRelic","Happy Flower","Ice Cream","Blue Candle","Shuriken","RhineFirstAidKit","Civilization","Lizard Tail","Akabeko","Hallownest:KingsIdolRelic","Ancient Tea Set","Singing Bowl","Hallownest:BeastSealRelic","Oddly Smooth Stone","Eternal Feather","Bag of Marbles","Ornamental Fan"],"acts_visited":["Hallownest:Greenpath","Hallownest:CityofTears","Hallownest:KingdomsEdge"],"potions_floor_usage":[],"damage_taken":[{"damage":5.0,"enemies":"Hallownest:2_Tiktiks_and_1_Crawlid","floor":1.0,"turns":2.0},{"damage":7.0,"enemies":"Hallownest:monsterHuskGuard","floor":3.0,"turns":2.0},{"damage":6.0,"enemies":"Hallownest:2_MossCreeps","floor":4.0,"turns":2.0},{"damage":11.0,"enemies":"Hallownest:Guard_and_Warrior","floor":5.0,"turns":3.0},{"damage":0.0,"enemies":"Hallownest:eliteMossKnight","floor":6.0,"turns":2.0},{"damage":11.0,"enemies":"Hallownest:eliteCrystalGuardian","floor":8.0,"turns":3.0},{"damage":8.0,"enemies":"Hallownest:eliteVengeflyKing","floor":10.0,"turns":3.0},{"damage":19.0,"enemies":"Hallownest:1_Ooma_and_2_Uuma","floor":11.0,"turns":3.0},{"damage":0.0,"enemies":"Hallownest:eliteCrystalGuardian","floor":13.0,"turns":2.0},{"damage":58.0,"enemies":"Hallownest:BossHornet","floor":16.0,"turns":8.0},{"damage":3.0,"enemies":"Hallownest:3_Youths","floor":18.0,"turns":4.0},{"damage":0.0,"enemies":"Hallownest:Nosk","floor":23.0,"turns":3.0},{"damage":6.0,"enemies":"Hallownest:Guard_and_Sentry","floor":24.0,"turns":3.0},{"damage":19.0,"enemies":"Hallownest:eliteWatcherKnight","floor":25.0,"turns":8.0},{"damage":12.0,"enemies":"Hallownest:eliteSoulWarrior","floor":28.0,"turns":4.0},{"damage":0.0,"enemies":"Hallownest:Nosk","floor":30.0,"turns":4.0},{"damage":11.0,"enemies":"Hallownest:BossSoulMaster","floor":33.0,"turns":4.0},{"damage":1,"enemies":"Hallownest:3_Siblings","floor":35,"turns":3},{"damage":6,"enemies":"Hallownest:2_Littles","floor":36,"turns":3},{"damage":0,"enemies":"Hallownest:2_Great","floor":37,"turns":3},{"damage":11,"enemies":"Hallownest:Xero_Hu_Marmu","floor":39,"turns":2},{"damage":0,"enemies":"Hallownest:StalkingDevout","floor":40,"turns":4},{"damage":0,"enemies":"Hallownest:eliteHiveKnight","floor":46,"turns":2},{"damage":0,"enemies":"Hallownest:monsterPrimalAspid","floor":47,"turns":2},{"damage":0,"enemies":"Hallownest:eliteCollector","floor":48,"turns":3},{"damage":90,"enemies":"Hallownest:BossHollowKnight","floor":50,"turns":1}],"seed_played":"8249440730115968079","potions_obtained":[{"floor":1.0,"key":"Weak Potion"},{"floor":4.0,"key":"LiquidMemories"},{"floor":5.0,"key":"ZuzhouPotion:ReiMu"},{"floor":11.0,"key":"Regen Potion"},{"floor":25.0,"key":"Block Potion"},{"floor":28.0,"key":"DistilledChaos"},{"floor":46,"key":"DistilledChaos"}],"is_trial":false,"path_per_floor":["M","?","M","M","M","E","R","E","T","E","M","$","E","?","R","B",null,"M","?","?","?","?","E","M","E","T","R","E","$","E","?","R","B",null,"M","M","M","$","M","E","?","R","T","T","?","E","M","E","R","B"],"character_chosen":"THE_BUGKNIGHT","items_purchased":["HollowMod:HerrahsAnger","MostiFishMod:ButterFly","Civilization"],"campfire_rested":0,"item_purchase_floors":[12,12,38],"current_hp_per_floor":[38,38,36,38,37,38,38,34,34,34,26,26,38,38,38,21,38,38,38,38,34,34,38,38,34,34,34,38,38,38,38,38,38,38,38,38,38,38,40,43,35,35,35,35,35,49,56,62,64,0,0],"gold":254,"neow_bonus":"THREE_RARE_CARDS","is_daily":false,"chose_seed":false,"campfire_upgraded":6,"win_rate":0.0,"timestamp":1613047770,"path_taken":["M","?","?","M","M","E","R","E","T","E","M","$","E","?","R","BOSS","M","?","?","?","?","E","M","E","T","R","E","$","E","?","R","BOSS","M","M","M","?","M","E","?","R","T","?","?","E","M","E","R","BOSS"],"items_purchased_type":["Card","Card","Relic"],"build_version":"2020-12-18","purchased_purges":2,"victory":false,"max_hp_per_floor":[38,38,38,38,38,38,38,38,38,38,38,38,38,38,38,38,38,38,38,38,38,38,38,38,38,38,38,38,38,38,38,38,38,38,38,38,38,38,41,45,45,45,45,45,45,52,59,64,64,64,64],"relic_stats":{"Happy Flower":[10],"Singing Bowl":4,"counters":[26,83],"Blue Candle":[0],"Eternal Feather":2,"Orichalcum":[18],"Boot":[465],"Question Card":11,"Centennial Puzzle":[36],"Lizard Tail":16,"Mummified Hand":[51],"Shuriken":[21],"Ornamental Fan":[0],"Tiny Chest":1,"Black Star":7,"Kunai":[48],"obtain_stats":[{"Ice Cream":28,"DaveBox":0,"Singing Bowl":44,"HollowMod:VesselMask":0,"Hallownest:DreamNailRelic":2,"Boot":22,"HollowMod:StagPassRelic":26,"Ancient Tea Set":43,"Civilization":38,"Centennial Puzzle":8,"Lizard Tail":40,"RhineFirstAidKit":34,"GuanYuAspect":0,"Mummified Hand":6,"Mastiff:ReiMu":23,"Tiny Chest":23,"Red Mask":19,"Kunai":10,"Hallownest:BeastSealRelic":45,"Happy Flower":28,"Blue Candle":30,"Oddly Smooth Stone":46,"Eternal Feather":46,"Omamori":13,"Orichalcum":25,"Hallownest:KingsIdolRelic":41,"Question Card":25,"Akabeko":40,"SynthV:TestCard":1,"Shuriken":30,"Ornamental Fan":48,"Black Star":17,"Bag of Marbles":48},{"Ice Cream":15,"DaveBox":0,"Singing Bowl":22,"HollowMod:VesselMask":0,"Hallownest:DreamNailRelic":1,"Boot":11,"HollowMod:StagPassRelic":14,"Ancient Tea Set":22,"Civilization":20,"Centennial Puzzle":6,"Lizard Tail":22,"RhineFirstAidKit":17,"GuanYuAspect":0,"Mummified Hand":5,"Mastiff:ReiMu":12,"Tiny Chest":12,"Red Mask":11,"Kunai":7,"Hallownest:BeastSealRelic":22,"Happy Flower":15,"Blue Candle":16,"Oddly Smooth Stone":23,"Eternal Feather":23,"Omamori":9,"Orichalcum":14,"Hallownest:KingsIdolRelic":22,"Question Card":14,"Akabeko":22,"SynthV:TestCard":1,"Shuriken":16,"Ornamental Fan":25,"Black Star":10,"Bag of Marbles":25},{"Ice Cream":52,"DaveBox":0,"Singing Bowl":75,"HollowMod:VesselMask":0,"Hallownest:DreamNailRelic":2,"Boot":34,"HollowMod:StagPassRelic":48,"Ancient Tea Set":75,"Civilization":69,"Centennial Puzzle":14,"Lizard Tail":75,"RhineFirstAidKit":60,"GuanYuAspect":0,"Mummified Hand":11,"Mastiff:ReiMu":37,"Tiny Chest":37,"Red Mask":34,"Kunai":17,"Hallownest:BeastSealRelic":75,"Happy Flower":52,"Blue Candle":56,"Oddly Smooth Stone":77,"Eternal Feather":77,"Omamori":22,"Orichalcum":48,"Hallownest:KingsIdolRelic":75,"Question Card":48,"Akabeko":75,"SynthV:TestCard":2,"Shuriken":56,"Ornamental Fan":82,"Black Star":30,"Bag of Marbles":82}]},"card_choices":[{"not_picked":["HollowMod:SlysStrikes","HollowMod:MidwifesHunger"],"picked":"HollowMod:Weaversong","floor":0.0},{"not_picked":["HollowMod:HuntersJournal","HollowMod:DescendingDark"],"picked":"HollowMod:GreatSlash","floor":1.0},{"not_picked":["HollowMod:TaintedHusks","HollowMod:SoulEater","HollowMod:VengefulVoid","HollowMod:NewJinnsSoul"],"picked":"HollowMod:QuirrelsAssistance","floor":3.0},{"not_picked":["HollowMod:RecoilStrike","HollowMod:DoubleDash","HollowMod:LifebloodCocoon","HollowMod:LuriensSpire"],"picked":"HollowMod:SharpenedNail","floor":4.0},{"not_picked":["HollowMod:InfectedAttack","HollowMod:NewLittleFool","HollowMod:NewJinnsSoul","HollowMod:TaintedHusks"],"picked":"HollowMod:ZotesMagnificence","floor":5.0},{"not_picked":["HollowMod:PureVessel","HollowMod:SoulSplash","HollowMod:DoubleDash","HollowMod:ShadowDash"],"picked":"HollowMod:HornetsHelp","floor":6.0},{"not_picked":["HollowMod:DesolateDive","HollowMod:CloakDash","HollowMod:NewLittleFool","HollowMod:SharpenedNail"],"picked":"HollowMod:ElderbugsWisdom","floor":8.0},{"not_picked":["HollowMod:SoulStrike","HollowMod:ZotesMagnificence","HollowMod:SiblingsSouls","HollowMod:BaldurShell"],"picked":"HollowMod:GrimmsGift","floor":10.0},{"not_picked":["HollowMod:AbyssShriek","HollowMod:VengefulVoid","HollowMod:DreamGate","HollowMod:SoulSplash"],"picked":"HollowMod:CycloneSlash","floor":11.0},{"not_picked":["HollowMod:CloakDash","HollowMod:SoulVessel","HollowMod:InfectedCysts","HollowMod:AbyssShriek"],"picked":"HollowMod:HornetsHelp","floor":13.0},{"not_picked":["HollowMod:VoidDash","HollowMod:NewInfectedGuardian","HollowMod:LordofShades","HollowMod:PureVessel"],"picked":"HollowMod:MidwifesHunger","floor":16.0},{"not_picked":["HollowMod:GoodIntentions","HollowMod:InfectedAttack","HollowMod:SharpenedShadows","HollowMod:SoulSplash"],"picked":"HollowMod:CloakDash","floor":18.0},{"not_picked":["HollowMod:InfectedAttack","HollowMod:SoulStrike","HollowMod:LifebloodCocoon","HollowMod:GrimmsGift","HollowMod:VengefulSpirit"],"picked":"SKIP","floor":23.0},{"not_picked":["HollowMod:CoiledNail+1","HollowMod:BlackTendrils","HollowMod:CrystalDash+1","HollowMod:HeavyBlow"],"picked":"HollowMod:NewLittleFool","floor":24.0},{"not_picked":["HollowMod:GoodIntentions","HollowMod:ChannelNail","HollowMod:CoiledNail+1","HollowMod:GreatSlash+1"],"picked":"HollowMod:Weaversong","floor":25.0},{"not_picked":["HollowMod:ShadowDash","HollowMod:BlackTendrils","HollowMod:VoidDash","HollowMod:ChannelNail","HollowMod:Hiveblood","HollowMod:SoulEater"],"picked":"SKIP","floor":28.0},{"not_picked":["HollowMod:SoulVessel","HollowMod:FastStrike","HollowMod:PerfectDash","HollowMod:Grubsong","HollowMod:MawleksShell"],"picked":"HollowMod:HuntersJournal","floor":30.0},{"not_picked":["HollowMod:HornetsHelp","HollowMod:NewInfectedGuardian","HollowMod:Weaversong","HollowMod:LifebloodCore","HollowMod:AwokenDreamNail"],"picked":"HollowMod:MidwifesHunger","floor":33.0},{"not_picked":["HollowMod:SharpenedNail+1","HollowMod:CloakDash","HollowMod:SoulSplash+1","HollowMod:ShapeofUnn+1","HollowMod:ShadowDash+1"],"picked":"HollowMod:DungDefenderAura","floor":35},{"not_picked":["HollowMod:WraithStrike","HollowMod:CycloneSlash","HollowMod:LifebloodCocoon+1","HollowMod:GoodIntentions+1","HollowMod:TaintedHusks","HollowMod:BaldurShell"],"picked":"SKIP","floor":36},{"not_picked":["HollowMod:DreamGate+1","HollowMod:CoiledNail","HollowMod:HeavyBlow","HollowMod:MonomonsArchive","HollowMod:DoubleDash+1"],"picked":"HollowMod:Weaversong","floor":37},{"not_picked":["HollowMod:DescendingDark+1","HollowMod:SiblingsSouls","HollowMod:SharpenedNail","HollowMod:BaldurShell","HollowMod:SoulStrike","HollowMod:BlackTendrils+1"],"picked":"SKIP","floor":39},{"not_picked":["HollowMod:SharpenedShadows","HollowMod:SoulStrike+1","HollowMod:CycloneSlash","HollowMod:SoulMaster","HollowMod:AbyssShriek+1"],"picked":"HollowMod:GrimmsGift","floor":40},{"not_picked":["HollowMod:DungDefenderAura+1","HollowMod:SoulSplash","HollowMod:NewGlowingWomb+1","HollowMod:DoubleDash+1","HollowMod:SoulShaman","HollowMod:PerfectDash"],"picked":"Singing Bowl","floor":46},{"not_picked":["HollowMod:HeavyBlow","HollowMod:SoulStrike+1","HollowMod:NewLittleFool","HollowMod:DashSlash+1","HollowMod:GreatSlash","HollowMod:VengefulVoid"],"picked":"Singing Bowl","floor":47},{"not_picked":["HollowMod:ElderbugsWisdom","HollowMod:DescendingDark","HollowMod:SoulMaster","HollowMod:Hiveblood","HollowMod:DoubleDash"],"picked":"HollowMod:HerrahsAnger","floor":48}],"player_experience":347356,"relics_obtained":[{"floor":1.0,"key":"SynthV:TestCard"},{"floor":6.0,"key":"Mummified Hand"},{"floor":8.0,"key":"Centennial Puzzle"},{"floor":10.0,"key":"Kunai"},{"floor":13.0,"key":"Omamori"},{"floor":23.0,"key":"Tiny Chest"},{"floor":23.0,"key":"Mastiff:ReiMu"},{"floor":25.0,"key":"Question Card"},{"floor":25.0,"key":"Orichalcum"},{"floor":26.0,"key":"HollowMod:StagPassRelic"},{"floor":28.0,"key":"Happy Flower"},{"floor":28.0,"key":"Ice Cream"},{"floor":30.0,"key":"Blue Candle"},{"floor":30.0,"key":"Shuriken"},{"floor":40,"key":"Lizard Tail"},{"floor":40,"key":"Akabeko"},{"floor":43,"key":"Ancient Tea Set"},{"floor":44,"key":"Singing Bowl"},{"floor":46,"key":"Oddly Smooth Stone"},{"floor":46,"key":"Eternal Feather"},{"floor":48,"key":"Bag of Marbles"},{"floor":48,"key":"Ornamental Fan"}],"event_choices":[],"is_beta":true,"boss_relics":[{"not_picked":["FixedStarFall","HereWithMe"],"picked":"Black Star"},{"not_picked":["Transparent","Calling Bell"],"picked":"RhineFirstAidKit"}],"items_purged_floors":[29,38],"is_endless":false,"potions_floor_spawned":[1,4,5,8,11,18,25,28,37,39,46,47],"killed_by":"Hallownest:BossHollowKnight","ascension_level":1}}