{"host":"tner83jrcdd0m6a5","time":1613024917,"event":{"mods":["AchievementEnabler","BaseMod","Bestiary","Colored Map","Colored Powertips","DeckTracker","Highlight Path","Keyboard Shortcuts","Minty Spire (QoL Compilation)","Quick Restart","Rare Cards Sparkle","Relic Stats","Slay-I","SuperFastMode"],"gold_per_floor":[110,126,126,126,142,142,159,187,187,205,268,268,268,281,281,384,384,396,410,97,47,65,65,95,113,113,113,293,293,307,319,319,319,319],"floor_reached":33,"language":"ENG","playtime":1180,"items_purged":["Strike_G"],"score":348,"play_id":"ce630abd-2769-407c-9fbc-0ee5e06e50eb","local_time":"20210211062837","is_ascension_mode":true,"campfire_choices":[{"data":"Survivor","floor":6.0,"key":"SMITH"},{"floor":13.0,"key":"REST"},{"data":"Finisher","floor":15.0,"key":"SMITH"},{"data":"Cloak And Dagger","floor":23,"key":"SMITH"},{"data":"Adrenaline","floor":27,"key":"SMITH"},{"floor":29,"key":"REST"},{"data":"Cloak And Dagger","floor":32,"key":"SMITH"}],"circlet_count":0,"master_deck":["Strike_G","Strike_G","Strike_G","Defend_G","Defend_G","Defend_G+1","Defend_G","Defend_G","Survivor+1","Neutralize","Cloak And Dagger+1","Masterful Stab","Endless Agony+1","Adrenaline+1","Finisher+1","Die Die Die","Backstab","Cloak And Dagger+1","Backflip","Slice+1","Backflip","Cloak And Dagger+1"],"relics":["Ring of the Serpent","NeowsBlessing","Pocketwatch","Prayer Wheel","Pear","Letter Opener","StrikeDummy","Toy Ornithopter"],"acts_visited":["Exordium","TheCity"],"potions_floor_usage":[16,16,19,25,33,33],"damage_taken":[{"damage":0.0,"enemies":"Small Slimes","floor":1.0,"turns":1.0},{"damage":0.0,"enemies":"Jaw Worm","floor":2.0,"turns":1.0},{"damage":0.0,"enemies":"Cultist","floor":5.0,"turns":1.0},{"damage":6.0,"enemies":"Gremlin Gang","floor":7.0,"turns":6.0},{"damage":25.0,"enemies":"Lagavulin","floor":8.0,"turns":10.0},{"damage":0.0,"enemies":"Looter","floor":10.0,"turns":4.0},{"damage":10.0,"enemies":"3 Sentries","floor":11.0,"turns":8.0},{"damage":0.0,"enemies":"Blue Slaver","floor":14.0,"turns":2.0},{"damage":15,"enemies":"Slime Boss","floor":16,"turns":10},{"damage":0,"enemies":"Spheric Guardian","floor":18,"turns":1},{"damage":12,"enemies":"2 Thieves","floor":19,"turns":3},{"damage":16,"enemies":"Snake Plant","floor":22,"turns":3},{"damage":18,"enemies":"Gremlin Leader","floor":24,"turns":8},{"damage":0,"enemies":"Chosen and Byrds","floor":25,"turns":2},{"damage":0,"enemies":"3 Cultists","floor":30,"turns":4},{"damage":14,"enemies":"Centurion and Healer","floor":31,"turns":3},{"damage":48,"enemies":"Automaton","floor":33,"turns":8}],"seed_played":"4764016213419539870","potions_obtained":[{"floor":8.0,"key":"GhostInAJar"},{"floor":10.0,"key":"Strength Potion"},{"floor":11.0,"key":"Dexterity Potion"},{"floor":18,"key":"PowerPotion"},{"floor":24,"key":"Ancient Potion"},{"floor":25,"key":"Fruit Juice"},{"floor":30,"key":"Swift Potion"}],"is_trial":false,"path_per_floor":["M","M","?","?","M","R","M","E","T","M","?","?","R","M","R","B",null,"M","M","$","?","M","R","E","M","T","R","?","R","M","M","R","B"],"character_chosen":"THE_SILENT","items_purchased":["Letter Opener"],"campfire_rested":2,"item_purchase_floors":[20],"current_hp_per_floor":[70,70,63,63,63,63,57,32,32,32,32,16,40,40,40,25,80,80,68,68,68,52,52,34,39,39,39,20,45,45,31,31,0,0],"gold":319,"neow_bonus":"THREE_ENEMY_KILL","is_daily":false,"chose_seed":false,"campfire_upgraded":5,"win_rate":0.0,"timestamp":1613024917,"path_taken":["M","M","?","?","?","R","?","E","T","M","?","?","R","M","R","BOSS","M","M","$","?","?","R","E","M","T","R","?","R","?","M","R","BOSS"],"items_purchased_type":["Relic"],"build_version":"2020-12-22","purchased_purges":1,"victory":false,"max_hp_per_floor":[70,70,70,70,70,70,70,70,70,70,80,80,80,80,80,80,80,80,80,80,80,80,80,80,85,85,85,85,85,85,85,85,85,85],"relic_stats":{"counters":[17,75],"Prayer Wheel":8,"Letter Opener":[65],"obtain_stats":[{"Pear":11,"NeowsBlessing":0,"Prayer Wheel":9,"Letter Opener":20,"StrikeDummy":24,"Ring of the Serpent":17,"Toy Ornithopter":26,"Ring of the Snake":0,"Pocketwatch":8},{"Pear":7,"NeowsBlessing":0,"Prayer Wheel":5,"Letter Opener":11,"StrikeDummy":13,"Ring of the Serpent":9,"Toy Ornithopter":14,"Ring of the Snake":0,"Pocketwatch":5},{"Pear":31,"NeowsBlessing":0,"Prayer Wheel":19,"Letter Opener":47,"StrikeDummy":58,"Ring of the Serpent":43,"Toy Ornithopter":60,"Ring of the Snake":0,"Pocketwatch":19}],"Toy Ornithopter":10,"Pocketwatch":[37]},"card_choices":[{"not_picked":["Blade Dance","Prepared"],"picked":"Cloak And Dagger","floor":1.0},{"not_picked":["Slice","Dodge and Roll"],"picked":"Masterful Stab","floor":2.0},{"not_picked":["Dagger Throw","Slice","Sucker Punch"],"picked":"SKIP","floor":5.0},{"not_picked":["Quick Slash","Deflect","Flechettes"],"picked":"SKIP","floor":7.0},{"not_picked":["Deadly Poison","Acrobatics","Poisoned Stab"],"picked":"SKIP","floor":8.0},{"not_picked":["Deadly Poison","Backflip"],"picked":"Endless Agony","floor":10.0},{"not_picked":["Deflect","Dagger Throw","Dash"],"picked":"SKIP","floor":10.0},{"not_picked":["Backflip","PiercingWail"],"picked":"Adrenaline","floor":11.0},{"not_picked":["Dodge and Roll","Terror"],"picked":"Finisher","floor":14.0},{"not_picked":["Acrobatics","Skewer","Deflect"],"picked":"SKIP","floor":14.0},{"not_picked":["Grand Finale","Night Terror"],"picked":"Die Die Die","floor":16},{"not_picked":["Calculated Gamble","Sucker Punch+1"],"picked":"Backstab","floor":18},{"not_picked":["Underhanded Strike+1","Poisoned Stab+1","Deflect"],"picked":"SKIP","floor":18},{"not_picked":["Deadly Poison","Underhanded Strike"],"picked":"Cloak And Dagger","floor":19},{"not_picked":["Blade Dance","Masterful Stab","Escape Plan"],"picked":"SKIP","floor":19},{"not_picked":["Blade Dance","Masterful Stab","Escape Plan"],"picked":"SKIP","floor":19},{"not_picked":["Grand Finale","Riddle With Holes"],"picked":"Backflip","floor":22},{"not_picked":["Sucker Punch","Noxious Fumes+1"],"picked":"Slice+1","floor":22},{"not_picked":["Footwork","Sucker Punch"],"picked":"Backflip","floor":24},{"not_picked":["Calculated Gamble","Skewer","Dagger Throw"],"picked":"SKIP","floor":25},{"not_picked":["Predator","Poisoned Stab","Quick Slash"],"picked":"SKIP","floor":25},{"not_picked":["Poisoned Stab","Catalyst"],"picked":"Cloak And Dagger","floor":30},{"not_picked":["Flechettes","Flying Knee","Dagger Throw"],"picked":"SKIP","floor":30},{"not_picked":["Dagger Spray+1","PiercingWail","Cloak And Dagger"],"picked":"SKIP","floor":31},{"not_picked":["Well Laid Plans","Calculated Gamble+1","Dagger Throw"],"picked":"SKIP","floor":31}],"player_experience":374823,"relics_obtained":[{"floor":8.0,"key":"Pocketwatch"},{"floor":9.0,"key":"Prayer Wheel"},{"floor":11.0,"key":"Pear"},{"floor":24,"key":"StrikeDummy"},{"floor":26,"key":"Toy Ornithopter"}],"event_choices":[{"cards_removed":["Strike_G"],"damage_healed":0.0,"max_hp_gain":0.0,"max_hp_loss":0.0,"gold_gain":0.0,"event_name":"Golden Wing","player_choice":"Card Removal","floor":3.0,"gold_loss":0.0,"damage_taken":7.0},{"damage_healed":0.0,"max_hp_gain":0.0,"max_hp_loss":0.0,"gold_gain":0.0,"event_name":"Accursed Blacksmith","player_choice":"Forge","floor":4.0,"gold_loss":0.0,"damage_taken":0.0,"cards_upgraded":["Cloak And Dagger"]},{"damage_healed":0.0,"max_hp_gain":0.0,"max_hp_loss":0.0,"gold_gain":0.0,"event_name":"Dead Adventurer","player_choice":"Searched \u00272\u0027 times","floor":11.0,"gold_loss":0.0,"damage_taken":0.0},{"damage_healed":0.0,"max_hp_gain":0.0,"max_hp_loss":0.0,"gold_gain":0.0,"event_name":"Shining Light","player_choice":"Entered Light","floor":12.0,"gold_loss":0.0,"damage_taken":16.0,"cards_upgraded":["Endless Agony","Defend_G"]},{"damage_healed":0,"gold_gain":0,"player_choice":"Bet on Owner","damage_taken":0,"max_hp_gain":0,"max_hp_loss":0,"event_name":"The Joust","floor":21,"gold_loss":50},{"damage_healed":0,"gold_gain":180,"player_choice":"GOLD GOLD ","damage_taken":19,"max_hp_gain":0,"max_hp_loss":0,"event_name":"Knowing Skull","floor":28,"potions_obtained":[],"gold_loss":0,"cards_obtained":[]}],"is_beta":false,"boss_relics":[{"not_picked":["Philosopher\u0027s Stone","Velvet Choker"],"picked":"Ring of the Serpent"}],"items_purged_floors":[20],"is_endless":false,"potions_floor_spawned":[8,10,11,18,24,25,30],"killed_by":"Automaton","ascension_level":4}}