{"host":"t1puqh5lxz8sp6fn","time":1613021806,"event":{"mods":["AchievementEnabler","BaseMod","Colored Powertips","Minty Spire (QoL Compilation)","Rare Cards Sparkle","Relic Stats","StSLib"],"gold_per_floor":[116,132,207,207,224,259,286,300,300,300,319,319,319,330,330,405,405,415,184,184,14,14,14,27,27,27,39,39,39,39],"floor_reached":29,"playtime":854,"items_purged":["Strike_G"],"score":390,"play_id":"921659b1-af94-41a4-a5a6-b83e8b632303","local_time":"20210211023646","is_ascension_mode":true,"campfire_choices":[{"data":"Envenom","floor":10.0,"key":"SMITH"},{"data":"Footwork","floor":13.0,"key":"SMITH"},{"data":"Blade Dance","floor":15.0,"key":"SMITH"},{"data":"Phantasmal Killer","floor":23,"key":"SMITH"},{"data":"Accuracy","floor":28,"key":"SMITH"}],"circlet_count":0,"master_deck":["AscendersBane","Strike_G","Strike_G","Strike_G","Strike_G","Defend_G","Defend_G","Defend_G","Defend_G","Defend_G","Survivor","Neutralize","All Out Attack+1","Blade Dance+1","Accuracy+1","Finisher","Underhanded Strike","Envenom+1","Footwork+1","Acrobatics","Phantasmal Killer+1","Infinite Blades","Catalyst","Deadly Poison","Blade Dance+1","Blade Dance+1"],"relics":["Ring of the Serpent","NeowsBlessing","Blood Vial","Odd Mushroom","HornCleat","ClockworkSouvenir","Snake Skull","Bottled Tornado"],"acts_visited":["Exordium","TheCity"],"potions_floor_usage":[16,29],"damage_taken":[{"damage":0.0,"enemies":"2 Louse","floor":1.0,"turns":2.0},{"damage":0.0,"enemies":"Cultist","floor":2.0,"turns":1.0},{"damage":0.0,"enemies":"Small Slimes","floor":5.0,"turns":1.0},{"damage":18.0,"enemies":"Gremlin Nob","floor":6.0,"turns":5.0},{"damage":2.0,"enemies":"The Mushroom Lair","floor":7.0,"turns":4.0},{"damage":0.0,"enemies":"3 Louse","floor":8.0,"turns":1.0},{"damage":0.0,"enemies":"Blue Slaver","floor":11.0,"turns":3.0},{"damage":9.0,"enemies":"Exordium Thugs","floor":14.0,"turns":6.0},{"damage":4,"enemies":"Hexaghost","floor":16,"turns":7},{"damage":7,"enemies":"Spheric Guardian","floor":18,"turns":5},{"damage":17,"enemies":"2 Thieves","floor":24,"turns":2},{"damage":8,"enemies":"Shelled Parasite and Fungi","floor":27,"turns":4},{"damage":40,"enemies":"Slavers","floor":29,"turns":3}],"seed_played":"2849856145261505388","potions_obtained":[{"floor":2.0,"key":"Weak Potion"},{"floor":5.0,"key":"Block Potion"},{"floor":8.0,"key":"BlessingOfTheForge"},{"floor":11.0,"key":"FearPotion"},{"floor":24,"key":"SpeedPotion"}],"is_trial":false,"path_per_floor":["M","M","?","?","M","E","?","M","T","R","M","?","R","M","R","B",null,"M","$","?","$","?","R","M","$","T","M","R","E"],"character_chosen":"THE_SILENT","items_purchased":["ClockworkSouvenir","Snake Skull","Deadly Poison"],"campfire_rested":0,"item_purchase_floors":[19,21,21],"current_hp_per_floor":[59,59,48,48,48,30,30,32,32,32,34,39,39,32,32,30,61,56,56,56,56,56,56,41,41,41,35,35,0,0],"gold":39,"neow_bonus":"THREE_ENEMY_KILL","is_daily":false,"chose_seed":false,"campfire_upgraded":5,"win_rate":0.0,"timestamp":1613021806,"path_taken":["M","M","?","?","?","E","?","M","T","R","M","?","R","M","R","BOSS","M","$","?","$","?","R","?","?","T","M","R","E"],"items_purchased_type":["Relic","Relic","Card"],"build_version":"2020-12-13","purchased_purges":1,"victory":false,"max_hp_per_floor":[66,66,66,66,66,66,66,66,66,66,66,71,71,71,71,71,71,71,71,71,71,71,71,71,71,71,71,71,71,71],"relic_stats":{"Blood Vial":18,"counters":[13,44],"Snake Skull":[28],"obtain_stats":[{"Blood Vial":6,"HornCleat":9,"NeowsBlessing":0,"Snake Skull":21,"Odd Mushroom":7,"Bottled Tornado":26,"Ring of the Serpent":17,"Ring of the Snake":0,"ClockworkSouvenir":19},{"Blood Vial":4,"HornCleat":6,"NeowsBlessing":0,"Snake Skull":10,"Odd Mushroom":5,"Bottled Tornado":11,"Ring of the Serpent":9,"Ring of the Snake":0,"ClockworkSouvenir":10},{"Blood Vial":9,"HornCleat":14,"NeowsBlessing":0,"Snake Skull":35,"Odd Mushroom":13,"Bottled Tornado":37,"Ring of the Serpent":30,"Ring of the Snake":0,"ClockworkSouvenir":35}]},"card_choices":[{"not_picked":["Quick Slash","Underhanded Strike"],"picked":"All Out Attack","floor":1.0},{"not_picked":["Concentrate","Underhanded Strike"],"picked":"Blade Dance","floor":2.0},{"not_picked":["Blade Dance","Reflex"],"picked":"Accuracy","floor":5.0},{"not_picked":["Dodge and Roll","Bane"],"picked":"Finisher","floor":6.0},{"not_picked":["Bane","Catalyst"],"picked":"Underhanded Strike","floor":7.0},{"not_picked":["Catalyst","Accuracy"],"picked":"Envenom","floor":8.0},{"not_picked":["Backflip","Blade Dance"],"picked":"Footwork","floor":11.0},{"not_picked":["Flying Knee","Outmaneuver"],"picked":"Acrobatics","floor":14.0},{"not_picked":["Night Terror","Adrenaline"],"picked":"Phantasmal Killer","floor":16},{"not_picked":["Bane","Outmaneuver"],"picked":"Infinite Blades","floor":18},{"not_picked":["Caltrops+1","Distraction","Prepared"],"picked":"SKIP","floor":24},{"not_picked":["Backflip","Finisher"],"picked":"Blade Dance+1","floor":27}],"player_experience":507889,"relics_obtained":[{"floor":6.0,"key":"Blood Vial"},{"floor":7.0,"key":"Odd Mushroom"},{"floor":9.0,"key":"HornCleat"},{"floor":26,"key":"Bottled Tornado"}],"event_choices":[{"damage_healed":0.0,"max_hp_gain":0.0,"max_hp_loss":0.0,"gold_gain":75.0,"event_name":"World of Goop","player_choice":"Gather Gold","floor":3.0,"gold_loss":0.0,"damage_taken":11.0},{"damage_healed":0.0,"max_hp_gain":0.0,"max_hp_loss":0.0,"gold_gain":0.0,"event_name":"Upgrade Shrine","player_choice":"Upgraded","floor":4.0,"gold_loss":0.0,"damage_taken":0.0,"cards_upgraded":["All Out Attack"]},{"damage_healed":0.0,"max_hp_gain":0.0,"max_hp_loss":0.0,"gold_gain":0.0,"event_name":"Mushrooms","player_choice":"Fought Mushrooms","floor":7.0,"gold_loss":0.0,"damage_taken":0.0},{"damage_healed":0.0,"max_hp_gain":5.0,"max_hp_loss":0.0,"gold_gain":0.0,"event_name":"Big Fish","player_choice":"Donut","floor":12.0,"gold_loss":0.0,"damage_taken":0.0},{"damage_healed":0,"gold_gain":0,"player_choice":"Read","damage_taken":0,"max_hp_gain":0,"max_hp_loss":0,"event_name":"The Library","floor":20,"gold_loss":0,"cards_obtained":["Catalyst"]},{"damage_healed":0,"gold_gain":0,"player_choice":"Copied","damage_taken":0,"max_hp_gain":0,"max_hp_loss":0,"event_name":"Duplicator","floor":22,"gold_loss":0,"cards_obtained":["Blade Dance"]}],"is_beta":false,"boss_relics":[{"not_picked":["Tiny House","Velvet Choker"],"picked":"Ring of the Serpent"}],"items_purged_floors":[19],"is_endless":false,"potions_floor_spawned":[2,5,8,11,14,24],"killed_by":"Slavers","ascension_level":15}}