{"host":"1focbxb2e8qu7ccd","time":1613079178,"event":{"mods":["AchievementEnabler","BaseMod","Bestiary","Highlight Path","Minty Spire (QoL Compilation)","Relic Stats"],"gold_per_floor":[109,127,143,154,168,168,195,195,248,277,152,152,163,77,77,152,152,164,164,182,193,193,193,193],"floor_reached":23,"language":"ENG","playtime":926,"items_purged":["Strike_G"],"score":436,"play_id":"61e8b2c4-cbd6-49c3-a7c6-f01bb8825808","local_time":"20210211163258","is_ascension_mode":true,"campfire_choices":[{"data":"Blade Dance","floor":6,"key":"SMITH"},{"floor":8,"key":"REST"},{"data":"Catalyst","floor":12,"key":"SMITH"},{"data":"Bouncing Flask","floor":15,"key":"SMITH"}],"circlet_count":0,"master_deck":["AscendersBane","Strike_G","Strike_G","Strike_G","Strike_G","Defend_G","Defend_G","Defend_G","Defend_G","Defend_G","Survivor","Neutralize","Calculated Gamble","Calculated Gamble","Blade Dance+1","Poisoned Stab","Backstab","Catalyst+1","Blade Dance","Bouncing Flask+1","Catalyst","Corpse Explosion","Backflip+1","Catalyst"],"relics":["Ring of the Snake","Regal Pillow","PreservedInsect","Snake Skull","Tiny Chest","SacredBark","NlothsMask"],"acts_visited":["Exordium","TheCity"],"potions_floor_usage":[20,21],"damage_taken":[{"damage":9,"enemies":"Cultist","floor":1,"turns":6},{"damage":4,"enemies":"Small Slimes","floor":2,"turns":5},{"damage":9,"enemies":"Jaw Worm","floor":3,"turns":5},{"damage":3,"enemies":"3 Louse","floor":4,"turns":6},{"damage":1,"enemies":"Looter","floor":5,"turns":3},{"damage":14,"enemies":"3 Sentries","floor":10,"turns":7},{"damage":5,"enemies":"Blue Slaver","floor":13,"turns":3},{"damage":2,"enemies":"The Guardian","floor":16,"turns":3},{"damage":28,"enemies":"2 Thieves","floor":18,"turns":4},{"damage":15,"enemies":"Shell Parasite","floor":20,"turns":2},{"damage":12,"enemies":"Centurion and Healer","floor":21,"turns":4},{"damage":10,"enemies":"Book of Stabbing","floor":23,"turns":1}],"seed_played":"1252348890123019463","potions_obtained":[{"floor":2,"key":"AttackPotion"},{"floor":3,"key":"Poison Potion"},{"floor":13,"key":"EssenceOfSteel"}],"is_trial":false,"path_per_floor":["M","M","M","M","M","R","T","R","T","E","$","R","M","$","R","B",null,"M","?","M","M","T","E"],"character_chosen":"THE_SILENT","items_purchased":["Blade Dance","Catalyst"],"campfire_rested":1,"item_purchase_floors":[11,14],"current_hp_per_floor":[50,46,37,34,33,33,33,66,66,52,52,52,47,47,47,45,61,33,33,18,6,6,0,0],"gold":193,"neow_bonus":"RANDOM_COMMON_RELIC","is_daily":false,"chose_seed":false,"campfire_upgraded":3,"win_rate":0.0,"timestamp":1613079178,"path_taken":["M","M","M","M","M","R","?","R","T","E","$","R","M","$","R","BOSS","M","?","?","?","?","E"],"items_purchased_type":["Card","Card"],"build_version":"2020-12-22","purchased_purges":1,"victory":false,"max_hp_per_floor":[66,66,66,66,66,66,66,66,66,66,66,66,66,66,66,66,66,66,66,66,66,66,66,66],"relic_stats":{"Regal Pillow":14,"counters":[12,49],"Tiny Chest":1,"PreservedInsect":76,"Snake Skull":[35],"obtain_stats":[{"Regal Pillow":0,"SacredBark":17,"Tiny Chest":10,"PreservedInsect":7,"Snake Skull":9,"Ring of the Snake":0,"NlothsMask":19},{"Regal Pillow":0,"SacredBark":8,"Tiny Chest":6,"PreservedInsect":5,"Snake Skull":5,"Ring of the Snake":0,"NlothsMask":9},{"Regal Pillow":0,"SacredBark":38,"Tiny Chest":32,"PreservedInsect":25,"Snake Skull":25,"Ring of the Snake":0,"NlothsMask":42}],"Ring of the Snake":[24]},"card_choices":[{"not_picked":["Backflip","Concentrate"],"picked":"Calculated Gamble","floor":1},{"not_picked":["Outmaneuver","Infinite Blades"],"picked":"Calculated Gamble","floor":2},{"not_picked":["Dagger Throw","All Out Attack"],"picked":"Blade Dance","floor":3},{"not_picked":["Acrobatics","Riddle With Holes"],"picked":"Poisoned Stab","floor":4},{"not_picked":["Prepared","Calculated Gamble"],"picked":"Backstab","floor":5},{"not_picked":["Bane","Poisoned Stab"],"picked":"Catalyst","floor":10},{"not_picked":["Dash","Unload"],"picked":"Bouncing Flask","floor":13},{"not_picked":["Envenom","Grand Finale"],"picked":"Corpse Explosion","floor":16},{"not_picked":["Outmaneuver","Prepared","Cloak And Dagger"],"picked":"SKIP","floor":18},{"not_picked":["Expertise","Outmaneuver"],"picked":"Backflip+1","floor":20},{"not_picked":["Prepared","Reflex"],"picked":"Catalyst","floor":21}],"player_experience":934836,"relics_obtained":[{"floor":7,"key":"PreservedInsect"},{"floor":9,"key":"Snake Skull"},{"floor":10,"key":"Tiny Chest"}],"event_choices":[{"damage_healed":0,"gold_gain":0,"player_choice":"Trade","damage_taken":0,"relics_obtained":["NlothsMask"],"max_hp_gain":0,"max_hp_loss":0,"event_name":"FaceTrader","floor":19,"gold_loss":0}],"is_beta":false,"boss_relics":[{"not_picked":["Ectoplasm","Tiny House"],"picked":"SacredBark"}],"items_purged_floors":[11],"is_endless":false,"potions_floor_spawned":[2,3,10,13,18],"killed_by":"Book of Stabbing","ascension_level":20}}