{"host":"0z6l31g9ps0v9zzp","time":1613035326,"event":{"mods":["Act Like it!","BaseMod","CapriCore","Gensokyo","Minty Spire (QoL Compilation)","MostiFishMod","StSLib","[IsaacMod]ÒÔÈö¼âËþ"],"gold_per_floor":[117,117,127,36,48,82,53,53,53,78,90,90,90,101,101,175,175,188,188,208,220,236,261,261,98,178,178,178,178,191,216,216,293,293,311,311,311,311,311,340,340,367,367,367,367,400,400,418,418,418,418,418,418,451,451],"floor_reached":56,"language":"ZHS","playtime":2287,"items_purged":["Pain","Strike_G","Strike_G","Strike_G","Survivor","Defend_G"],"score":2458,"play_id":"6342e313-99ac-4a52-81ab-7e574c460d65","local_time":"20210211172206","is_ascension_mode":true,"campfire_choices":[{"floor":15.0,"key":"REST"},{"data":"MostiFishMod:HiddenBlade","floor":29,"key":"SMITH"},{"data":"Accuracy","floor":32,"key":"SMITH"},{"data":"Acrobatics","floor":44,"key":"SMITH"},{"data":"Adrenaline","floor":47,"key":"SMITH"},{"floor":49,"key":"RECALL"},{"data":"After Image","floor":52,"key":"SMITH"}],"circlet_count":0,"master_deck":["AscendersBane","Defend_G","Defend_G","Defend_G","Defend_G","MostiFishMod:PerfectParry","After Image+1","Acrobatics+1","Blade Dance","Reflex+1","Adrenaline","Tactician+1","Accuracy+1","Blade Dance","MostiFishMod:HiddenBlade+1","Acrobatics+1","MostiFishMod:LethalBlade","Adrenaline+1","Master of Strategy","Crippling Poison"],"relics":["Ring of the Snake","DaveBox","HushsDoor","NeowsBlessing","ShadowXiaoBlade","BFFS","SynthV:TestCard","Art of War","Matryoshka","Pear","BookOfRevelations","HowToJump","Juzu Bracelet","Gensokyo:LunaticRedEyes","RhineSuit","Damocles","GuppysHairball","Orichalcum","Bottled Tornado","Oddly Smooth Stone","Boot","GuppysTail","Kunai","Gensokyo:ChorusOfJoy","DiscerningMonocle","Shuriken","TheBean","Blue Candle","Prayer Wheel","SynthV:C4","Orrery","PillsDrop","Omamori","Regal Pillow","ChiXiaoBlade","GuppysPaw","Damocles","Vajra","ThornShield","Bronze Scales","ForgetMeNow","Medical Kit","Unceasing Top","MealTicket","SharpPlug","Incense Burner","The Specimen","Technique","PreservedInsect","Whetstone","Singing Bowl","AnarchistCookbook","Tingsha","Bag of Preparation","StrikeDummy","InkBottle","Ginger","UnicornStump","Bottled Lightning","BirthdayGift-Icosahedron","Pantograph","Letter Opener","Strawberry"],"acts_visited":["Exordium","Gensokyo:Gensokyo","Gensokyo:Gensokyoer","TheEnding"],"potions_floor_usage":[55,55,55],"damage_taken":[{"damage":0.0,"enemies":"Gensokyo:Python","floor":1.0,"turns":1.0},{"damage":0.0,"enemies":"Gensokyo:2_Kodama","floor":3.0,"turns":1.0},{"damage":0.0,"enemies":"Gensokyo:Gryphon","floor":5.0,"turns":2.0},{"damage":11.0,"enemies":"Gensokyo:Cirno","floor":6.0,"turns":6.0},{"damage":13.0,"enemies":"Gensokyo:Aya","floor":10.0,"turns":6.0},{"damage":8.0,"enemies":"Gensokyo:3_Kodama","floor":11.0,"turns":3.0},{"damage":7.0,"enemies":"Gensokyo:Python_and_Kodama","floor":14.0,"turns":3.0},{"damage":0.0,"enemies":"Gensokyo:Reimu","floor":16.0,"turns":7.0},{"damage":0,"enemies":"Gensokyo:3_Dogs","floor":18,"turns":4},{"damage":0,"enemies":"Gensokyo:CosmicMonolith","floor":20,"turns":1},{"damage":0,"enemies":"Gensokyo:Slime_Group","floor":21,"turns":3},{"damage":0,"enemies":"Gensokyo:Monolith_and_Dog","floor":22,"turns":4},{"damage":0,"enemies":"Gensokyo:Reisen","floor":23,"turns":2},{"damage":0,"enemies":"Gensokyo:Swordslinger","floor":30,"turns":2},{"damage":0,"enemies":"Gensokyo:Tenshi","floor":31,"turns":2},{"damage":0,"enemies":"Gensokyo:Eternal_Rivals","floor":33,"turns":6},{"damage":0,"enemies":"Gensokyo:3_Boulders","floor":35,"turns":1},{"damage":0,"enemies":"Gensokyo:Kasen","floor":40,"turns":2},{"damage":0,"enemies":"Gensokyo:Doremy","floor":42,"turns":2},{"damage":0,"enemies":"Gensokyo:Marisa","floor":46,"turns":1},{"damage":0,"enemies":"Gensokyo:3_Bats","floor":48,"turns":1},{"damage":0,"enemies":"Gensokyo:Yuyuko","floor":50,"turns":1},{"damage":0,"enemies":"Shield and Spear","floor":54,"turns":1},{"damage":0,"enemies":"Delirium","floor":55,"turns":5}],"seed_played":"7246264569292461572","potions_obtained":[{"floor":1.0,"key":"LiquidMemories"},{"floor":5.0,"key":"PowerPotion"},{"floor":14.0,"key":"Explosive Potion"},{"floor":16.0,"key":"FearPotion"},{"floor":31,"key":"CultistPotion"}],"is_trial":false,"path_per_floor":["M","?","M","COS","M","E","$","?","T","E","M","?","?","M","R","B",null,"M","?","M","M","M","E","?","$","T","?","$","R","M","E","R","B",null,"M","?","?","$","?","E","$","E","T","R","$","E","R","M","R","B",null,"R","$","E","B",null],"character_chosen":"THE_SILENT","items_purchased":["Acrobatics","Damocles","GuppysHairball","Tactician","DiscerningMonocle","Shuriken","Potion Belt","GhostInAJar","DuplicationPotion","Prayer Wheel","SynthV:C4","Orrery","GhostInAJar","Strength Potion","GuppysPaw","Damocles","Bronze Scales","ForgetMeNow","Medical Kit","Incense Burner","The Specimen","Technique","Tingsha","Adrenaline","Master of Strategy","Bottled Lightning","BirthdayGift-Icosahedron","Crippling Poison","LiquidBronze"],"campfire_rested":1,"item_purchase_floors":[7,17,17,17,25,25,25,25,25,28,28,28,28,28,34,34,38,38,38,41,41,41,45,45,45,53,53,53,53],"current_hp_per_floor":[59,65,65,65,65,54,54,44,44,31,23,23,23,16,40,40,50,50,50,50,50,50,50,50,50,50,50,50,50,50,50,50,50,33,33,33,33,33,33,33,33,35,35,35,35,37,37,41,41,41,41,41,41,50,50],"gold":451,"neow_bonus":"THREE_ENEMY_KILL","is_daily":false,"chose_seed":false,"campfire_upgraded":5,"win_rate":0.0,"timestamp":1613035326,"path_taken":["M","?","M","COS","?","E","$","?","T","E","M","?","?","M","R","BOSS","M","?","M","M","M","E","?","$","T","?","?","R","M","E","R","BOSS","M","?","?","$","?","E","$","E","T","R","?","E","R","M","R","BOSS","R","$","E","BOSS"],"items_purchased_type":["Card","Relic","Relic","Card","Relic","Relic","Relic","Potion","Potion","Relic","Relic","Relic","Potion","Potion","Relic","Relic","Relic","Relic","Relic","Relic","Relic","Relic","Relic","Card","Card","Relic","Relic","Card","Potion"],"build_version":"2020-12-22","purchased_purges":6,"victory":true,"max_hp_per_floor":[66,72,72,72,72,72,72,82,82,82,82,82,82,82,82,82,53,53,53,53,53,53,53,53,53,53,53,53,53,53,53,53,53,33,33,33,33,33,33,33,33,35,35,35,35,37,37,41,41,41,41,41,41,50,50],"card_choices":[{"not_picked":["Underhanded Strike","Poisoned Stab","Dodge and Roll"],"picked":"SKIP","floor":1.0},{"not_picked":["MostiFishMod:FrostNova","PiercingWail","Heel Hook","Quick Slash"],"picked":"MostiFishMod:PerfectParry","floor":3.0},{"not_picked":["Cloak And Dagger","Quick Slash","Backflip","Flechettes"],"picked":"After Image","floor":5.0},{"not_picked":["Flechettes","Distraction","Well Laid Plans","Endless Agony","Infinite Blades"],"picked":"SKIP","floor":6.0},{"not_picked":["Deflect","Outmaneuver","MostiFishMod:PerfectParry","Dagger Throw"],"picked":"Blade Dance","floor":10.0},{"not_picked":["Reflex","All Out Attack","Catalyst","Acrobatics","Deadly Poison"],"picked":"SKIP","floor":11.0},{"not_picked":["All Out Attack","Catalyst","Acrobatics","Deadly Poison"],"picked":"Reflex","floor":11.0},{"not_picked":["Choke","Envenom","Deadly Poison","Leg Sweep","Bane"],"picked":"SKIP","floor":14.0},{"not_picked":["Grand Finale","MostiFishMod:Listen","MostiFishMod:Wind","Bullet Time"],"picked":"Adrenaline","floor":16.0},{"not_picked":["Outmaneuver","Bane","Flechettes","Backstab"],"picked":"Accuracy","floor":18},{"not_picked":["Dagger Throw","Quick Slash","Outmaneuver","Dodge and Roll","Distraction"],"picked":"SKIP","floor":20},{"not_picked":["Slice","Tactician","MostiFishMod:FrostNova","Catalyst"],"picked":"Blade Dance","floor":21},{"not_picked":["Flechettes","MostiFishMod:FrostNova","Predator","Quick Slash"],"picked":"MostiFishMod:FullyArmed","floor":22},{"not_picked":["Choke","MostiFishMod:Wind","Slice","Dagger Spray"],"picked":"MostiFishMod:HiddenBlade","floor":23},{"not_picked":["Backstab","MostiFishMod:HiddenBlade","Flying Knee","Choke"],"picked":"Acrobatics+1","floor":28},{"not_picked":["Endless Agony","Deadly Poison","Deflect","Blur+1","Bouncing Flask"],"picked":"SKIP","floor":30},{"not_picked":["Flying Knee","Caltrops","Prepared","Doppelganger","Acrobatics+1"],"picked":"SKIP","floor":30},{"not_picked":["Heel Hook","Prepared","Quick Slash","Flying Knee","Terror"],"picked":"SKIP","floor":31},{"not_picked":["MostiFishMod:Neurotoxin","MostiFishMod:WinterMarkForm","Grand Finale","Wraith Form v2"],"picked":"MostiFishMod:LethalBlade","floor":33},{"not_picked":["Bouncing Flask","MostiFishMod:FrostNova","Grand Finale","Concentrate","MostiFishMod:PerfectParry"],"picked":"SKIP","floor":35},{"not_picked":["Blade Dance","Sucker Punch+1","Dagger Throw","Eviscerate","Dodge and Roll+1"],"picked":"SKIP","floor":35},{"not_picked":["Underhanded Strike","MostiFishMod:PoisonShield+1","Deadly Poison+1","Sucker Punch+1","Venomology"],"picked":"SKIP","floor":40},{"not_picked":["PiercingWail","Prepared","Dodge and Roll","Crippling Poison+1","Bullet Time"],"picked":"Singing Bowl","floor":42},{"not_picked":["Sucker Punch","Reflex","Well Laid Plans","Flying Knee","Catalyst"],"picked":"Singing Bowl","floor":46},{"not_picked":["MostiFishMod:VineMother","Underhanded Strike","Predator+1","Bane","Cloak And Dagger"],"picked":"Singing Bowl","floor":48},{"not_picked":["Expertise","Acrobatics","Bullet Time","Escape Plan+1","Cloak And Dagger"],"picked":"Singing Bowl","floor":48},{"not_picked":["Dodge and Roll","Poisoned Stab","Slice","Flechettes+1","Wraith Form v2"],"picked":"Singing Bowl","floor":54}],"player_experience":279404,"relics_obtained":[{"floor":1.0,"key":"SynthV:TestCard"},{"floor":6.0,"key":"Matryoshka"},{"floor":9.0,"key":"BookOfRevelations"},{"floor":10.0,"key":"Juzu Bracelet"},{"floor":18,"key":"Orichalcum"},{"floor":20,"key":"Bottled Tornado"},{"floor":21,"key":"Oddly Smooth Stone"},{"floor":22,"key":"Boot"},{"floor":23,"key":"GuppysTail"},{"floor":23,"key":"Kunai"},{"floor":26,"key":"TheBean"},{"floor":26,"key":"Blue Candle"},{"floor":30,"key":"PillsDrop"},{"floor":31,"key":"Omamori"},{"floor":31,"key":"Regal Pillow"},{"floor":35,"key":"Vajra"},{"floor":35,"key":"ThornShield"},{"floor":40,"key":"Unceasing Top"},{"floor":40,"key":"MealTicket"},{"floor":40,"key":"SharpPlug"},{"floor":42,"key":"PreservedInsect"},{"floor":42,"key":"Whetstone"},{"floor":42,"key":"Singing Bowl"},{"floor":43,"key":"AnarchistCookbook"},{"floor":46,"key":"Bag of Preparation"},{"floor":46,"key":"StrikeDummy"},{"floor":46,"key":"InkBottle"},{"floor":48,"key":"Ginger"},{"floor":48,"key":"UnicornStump"},{"floor":54,"key":"Pantograph"},{"floor":54,"key":"Letter Opener"},{"floor":54,"key":"Strawberry"}],"event_choices":[],"is_beta":false,"boss_relics":[{"not_picked":["RhineCircuit","MoonlightInvasionPlan"],"picked":"RhineSuit"},{"not_picked":[]},{"not_picked":["Coffee Dripper","Snecko Eye"],"picked":"ChiXiaoBlade"},{"not_picked":[]}],"items_purged_floors":[17,25,28,38,41,53],"is_endless":false,"potions_floor_spawned":[1,5,14,16,23,30,31,35,48],"ascension_level":19}}