{"host":"ggdx0grr3y27g9rj","time":1613057169,"event":{"mods":["Act Like it!","BaseMod","GifTheSpireLib","Hermit","Highlight Path","Minty Spire (QoL Compilation)","StSLib","The Kombatant","The Servant 0.9.4","The Wild Card"],"gold_per_floor":[117,67,67,86,99,99,99,99,99,114,129,140,154,0,0,101,101,114,59,59,82,82,82,82],"floor_reached":23,"language":"ENG","playtime":1371,"items_purged":[],"score":181,"play_id":"062569ff-6991-4df7-ba7f-4a50f13bd269","local_time":"20210211162609","is_ascension_mode":false,"campfire_choices":[{"data":"Double Energy","floor":6,"key":"SMITH"},{"data":"Hologram","floor":8,"key":"SMITH"},{"floor":15,"key":"REST"}],"circlet_count":0,"master_deck":["Strike_B","Strike_B","Strike_B","Defend_B","Defend_B","Defend_B","Zap+1","Dualcast","Barrage","Hologram+1","Sweeping Beam","Double Energy+1","Leap","Turbo","Static Discharge+1","Static Discharge+1","Creative AI+1","Echo Form+1","Capacitor+1"],"relics":["Cracked Core","Matryoshka","Frozen Egg 2","Regal Pillow","Sozu","Ginger","PreservedInsect","Omamori"],"acts_visited":["Exordium","TheCity"],"potions_floor_usage":[11,16,23],"damage_taken":[{"damage":0,"enemies":"2 Louse","floor":1,"turns":2},{"damage":3,"enemies":"Jaw Worm","floor":4,"turns":3},{"damage":2,"enemies":"Small Slimes","floor":5,"turns":3},{"damage":1,"enemies":"Exordium Thugs","floor":10,"turns":3},{"damage":17,"enemies":"Large Slime","floor":11,"turns":5},{"damage":1,"enemies":"2 Fungi Beasts","floor":12,"turns":4},{"damage":0,"enemies":"Exordium Wildlife","floor":13,"turns":3},{"damage":23,"enemies":"The Guardian","floor":16,"turns":10},{"damage":21,"enemies":"Spheric Guardian","floor":18,"turns":4},{"damage":55,"enemies":"Gremlin Leader","floor":23,"turns":4}],"seed_played":"-3552661756871041409","potions_obtained":[{"floor":10,"key":"SteroidPotion"},{"floor":12,"key":"Strength Potion"},{"floor":13,"key":"SkillPotion"}],"is_trial":false,"path_per_floor":["M","?","?","M","M","R","?","R","T","M","M","M","M","$","R","B",null,"M","?","$","T","?","E"],"character_chosen":"DEFECT","items_purchased":["Creative AI+1"],"campfire_rested":1,"item_purchase_floors":[14],"current_hp_per_floor":[75,75,68,65,63,63,63,63,63,62,45,44,44,44,75,52,75,54,54,54,54,54,0,0],"gold":82,"neow_bonus":"TRANSFORM_CARD","is_daily":false,"chose_seed":false,"campfire_upgraded":2,"win_rate":0.0,"timestamp":1613057169,"path_taken":["M","?","?","M","M","R","?","R","T","?","M","M","M","$","R","BOSS","M","?","$","?","?","E"],"items_purchased_type":["Card"],"build_version":"2020-12-22","purchased_purges":0,"victory":false,"max_hp_per_floor":[75,75,75,75,75,75,75,75,75,75,75,75,75,75,75,75,75,75,75,75,75,75,75,75],"card_choices":[{"not_picked":["Go for the Eyes","Ball Lightning"],"picked":"Hologram","floor":1},{"not_picked":["Redo","Beam Cell"],"picked":"Sweeping Beam","floor":4},{"not_picked":["Leap","Rebound"],"picked":"Double Energy","floor":5},{"not_picked":["Compile Driver","Rip and Tear"],"picked":"Leap","floor":10},{"not_picked":["Streamline","Leap"],"picked":"Turbo","floor":11},{"not_picked":["Double Energy","FTL"],"picked":"Static Discharge+1","floor":12},{"not_picked":["Fusion","Recycle"],"picked":"Static Discharge+1","floor":13},{"not_picked":["Buffer+1","Biased Cognition+1"],"picked":"Echo Form+1","floor":16},{"not_picked":["Sweeping Beam","FTL+1"],"picked":"Capacitor+1","floor":18}],"player_experience":109894,"relics_obtained":[{"floor":9,"key":"Frozen Egg 2"},{"floor":9,"key":"Regal Pillow"},{"floor":21,"key":"PreservedInsect"}],"event_choices":[{"cards_removed":["Defend_B"],"damage_healed":0,"gold_gain":0,"player_choice":"Card Removal","damage_taken":0,"max_hp_gain":0,"max_hp_loss":0,"event_name":"The Cleric","floor":2,"gold_loss":50},{"damage_healed":0,"gold_gain":0,"player_choice":"Success","damage_taken":7,"relics_obtained":["Matryoshka"],"max_hp_gain":0,"max_hp_loss":0,"event_name":"Scrap Ooze","floor":3,"gold_loss":0},{"damage_healed":0,"gold_gain":0,"player_choice":"Upgraded","damage_taken":0,"max_hp_gain":0,"max_hp_loss":0,"event_name":"Upgrade Shrine","floor":7,"gold_loss":0,"cards_upgraded":["Zap"]},{"damage_healed":0,"gold_gain":0,"player_choice":"Paid Gold","damage_taken":0,"relics_obtained":["Ginger"],"max_hp_gain":0,"max_hp_loss":0,"event_name":"WeMeetAgain","floor":19,"gold_loss":55},{"damage_healed":0,"gold_gain":0,"player_choice":"Opened","damage_taken":0,"relics_obtained":["Omamori"],"max_hp_gain":0,"max_hp_loss":0,"event_name":"The Mausoleum","floor":22,"gold_loss":0}],"is_beta":false,"boss_relics":[{"not_picked":["Cursed Key","Velvet Choker"],"picked":"Sozu"}],"items_purged_floors":[],"is_endless":false,"potions_floor_spawned":[10,12,13,18],"killed_by":"Gremlin Leader","ascension_level":0}}