{"host":"6xsbn6ynqlzwllfm","time":1613068831,"event":{"mods":["2.2 Compatiblity","BaseMod","Bestiary","Colored Map","Colored Powertips","Curses Come First","Downfall","Highlight Path","Keyboard Shortcuts","Minty Spire (QoL Compilation)","Relic Stats","Slay the Relics Exporter","StSLib","SuperFastMode"],"gold_per_floor":[99,109,109,559,41,41,68,102,120,20,51,64,64,96,112,112,112,112],"floor_reached":16,"language":"ENG","playtime":1534,"items_purged":[],"score":150,"play_id":"f64ddd72-5e4e-4849-9940-7cf7feca0c5c","local_time":"20210211134031","is_ascension_mode":true,"campfire_choices":[{"data":"bronze:Goto","floor":1.0,"key":"SMITH"},{"floor":6.0,"key":"RECALL"},{"data":"bronze:ItsAFeature","floor":10.0,"key":"SMITH"},{"floor":13.0,"key":"REST"}],"circlet_count":0,"master_deck":["bronze:Strike","bronze:Strike","bronze:Strike","bronze:Strike","bronze:Defend","bronze:Defend","bronze:Defend","bronze:Defend","bronze:Replicate","bronze:Goto+1","bronze:Break","bronze:BuggyMess","downfall:Icky","downfall:Icky","downfall:Icky","bronze:ItsAFeature+1","bronze:Optimize","bronze:Terminator","bronze:Iterate+1","bronze:BitShift","bronze:FollowUp+1","bronze:WhirlingStrike+1","bronze:Allocate","bronze:CloningBeam+1","bronze:Shield","bronze:Shell"],"relics":["bronze:BronzeCore","bronze:BottledCode","Molten Egg 2","Juzu Bracelet","bronze:CableSpool","downfall:HeartBlessingRed","Guardian:GemstoneGun","Gremlin Horn"],"acts_visited":["Exordium"],"potions_floor_usage":[16],"damage_taken":[{"damage":0.0,"enemies":"Jaw Worm","floor":2.0,"turns":1.0},{"damage":5.0,"enemies":"downfall:FleeingMerchant","floor":5.0,"turns":4.0},{"damage":6.0,"enemies":"Gremlin Nob","floor":8.0,"turns":3.0},{"damage":3.0,"enemies":"Small Slimes","floor":9.0,"turns":3.0},{"damage":9.0,"enemies":"3 Sentries","floor":11.0,"turns":5.0},{"damage":0.0,"enemies":"Cultist","floor":12.0,"turns":2.0},{"damage":0.0,"enemies":"Gremlin Nob","floor":14.0,"turns":2.0},{"damage":0.0,"enemies":"Red Slaver","floor":15.0,"turns":2.0},{"damage":49,"enemies":"DF_ARCHETYPE_STREAMLINE","floor":16,"turns":10}],"seed_played":"-8084187300387797195","potions_obtained":[{"floor":2.0,"key":"sneckomod:MuddlingPotion"},{"floor":9.0,"key":"LiquidBronze"},{"floor":14.0,"key":"DistilledChaos"}],"is_trial":false,"path_per_floor":["R","M","?","?","$","R","T","E","M","R","E","M","R","E","M","B"],"character_chosen":"THE_AUTOMATON","items_purchased":["Molten Egg 2","bronze:Optimize","bronze:Terminator","bronze:Iterate+1","bronze:BitShift","Fire Potion"],"campfire_rested":1,"item_purchase_floors":[5,5,5,5,5,5],"current_hp_per_floor":[49,49,49,49,44,44,44,38,35,35,26,26,44,44,44,0,0,0],"gold":112,"neow_bonus":"THREE_RARE_CARDS","is_daily":false,"chose_seed":false,"campfire_upgraded":2,"win_rate":0.0,"timestamp":1613068831,"path_taken":["R","M","?","?","$","R","T","E","M","R","E","M","R","E","M","BOSS"],"items_purchased_type":["Relic","Card","Card","Card","Card","Potion"],"build_version":"2020-12-22","purchased_purges":0,"victory":false,"max_hp_per_floor":[70,70,60,60,60,60,60,60,60,60,60,60,60,60,60,60,60,60],"relic_stats":{"Gremlin Horn":[0,0],"counters":[9,32],"Juzu Bracelet":0,"obtain_stats":[{"bronze:BottledCode":3,"bronze:BronzeCore":0,"downfall:HeartBlessingRed":10,"Gremlin Horn":14,"Guardian:GemstoneGun":11,"Molten Egg 2":5,"Juzu Bracelet":7,"bronze:CableSpool":8},{"bronze:BottledCode":1,"bronze:BronzeCore":0,"downfall:HeartBlessingRed":4,"Gremlin Horn":7,"Guardian:GemstoneGun":5,"Molten Egg 2":2,"Juzu Bracelet":2,"bronze:CableSpool":3},{"bronze:BottledCode":1,"bronze:BronzeCore":0,"downfall:HeartBlessingRed":11,"Gremlin Horn":20,"Guardian:GemstoneGun":16,"Molten Egg 2":5,"Juzu Bracelet":5,"bronze:CableSpool":8}]},"card_choices":[{"not_picked":["bronze:HyperBeam","bronze:ShipIt"],"picked":"bronze:Break","floor":0.0},{"not_picked":["bronze:Backtrace","bronze:Shell"],"picked":"bronze:BuggyMess","floor":2.0},{"not_picked":["bronze:CutThrough","bronze:DelayedGuard"],"picked":"bronze:ItsAFeature","floor":5.0},{"not_picked":["bronze:CutThrough+1","bronze:Frontload"],"picked":"bronze:FollowUp+1","floor":8.0},{"not_picked":["bronze:BitShift","bronze:Turbo"],"picked":"bronze:WhirlingStrike+1","floor":9.0},{"not_picked":["bronze:HyperBeam+1","bronze:FineTuning"],"picked":"bronze:Allocate","floor":11.0},{"not_picked":["bronze:ItsAFeature","bronze:Overheat+1"],"picked":"bronze:CloningBeam+1","floor":12.0},{"not_picked":["bronze:Backtrace+1","bronze:DelayedGuard"],"picked":"bronze:Shield","floor":14.0},{"not_picked":["bronze:BitShift","bronze:WhirlingStrike+1"],"picked":"bronze:Shell","floor":15.0}],"player_experience":1711862,"relics_obtained":[{"floor":7.0,"key":"Juzu Bracelet"},{"floor":8.0,"key":"bronze:CableSpool"},{"floor":11.0,"key":"Guardian:GemstoneGun"},{"floor":14.0,"key":"Gremlin Horn"}],"event_choices":[],"is_beta":false,"boss_relics":[],"items_purged_floors":[],"is_endless":false,"potions_floor_spawned":[2,9,14],"killed_by":"DF_ARCHETYPE_STREAMLINE","ascension_level":1}}