{"host":"h26iowzi6bk5r55d","time":1613053213,"event":{"mods":["100% Spire Juice","ATMod(°¢èªMod)","Aspiration","BaseMod","ChefMod","Colored Powertips","Dota2Spire","Downfall","Energized Spire","Marisa£¨ìFÓê¡¡Ä§ÀíÉ³£©","Minty Spire (QoL Compilation)","Relic Stats","Reliquary","Remilia£¨ÀÙÃ×ÀòÑÇ£©","RumiaBox-Â¶Ã×æ«µÄÉñÃØºÐ×Ó","StSLib","The Servant 0.9.4","The Wild Card","TheVelvet","Youmu£¨»êÆÇÑýÃÎ£©","¡¾ÒÅÎï¿¨ÅÆ¡¿REMEMod","²ÐÁôÖ®Îï"],"gold_per_floor":[99,113,113,113,127,142,191,206,46,196,32,32,32,44,54,54,54,54],"floor_reached":16,"language":"ZHS","playtime":1525,"items_purged":["champ:Strike"],"score":92,"play_id":"fb38d6e4-320e-4452-bd40-0cc063d5fa8a","local_time":"20210211222013","is_ascension_mode":false,"campfire_choices":[{"data":"champ:Taunt","floor":1,"key":"SMITH"},{"data":"champ:Duel","floor":13,"key":"SMITH"}],"circlet_count":0,"master_deck":["champ:Strike","champ:Strike","champ:Strike","champ:Defend","champ:Defend","champ:Defend","champ:Defend","champ:Execute","champ:Taunt+1","champ:FalseCounter","champ:GutPunch","champ:SkillfulDodge","champ:StanceDance","champ:Duel+1","champ:ShieldWall","downfall:Icky","champ:IronFortress","champ:DefensiveShout"],"relics":["champ:ChampionCrown","REME_ComplimentaryCards","AT_ATBox","Happy Flower","champ:BerserkersGuideToSlaughter","champ:GladiatorsBookOfMartialProwess"],"acts_visited":["Exordium"],"potions_floor_usage":[],"damage_taken":[{"damage":20,"enemies":"Cultist","floor":2,"turns":4},{"damage":15,"enemies":"Small Slimes","floor":5,"turns":5},{"damage":13,"enemies":"2 Louse","floor":6,"turns":4},{"damage":68,"enemies":"Exordium Thugs","floor":8,"turns":7},{"damage":35,"enemies":"downfall:FleeingMerchant","floor":9,"turns":4},{"damage":52,"enemies":"downfall:FleeingMerchant","floor":11,"turns":4},{"damage":7,"enemies":"Blue Slaver","floor":14,"turns":3},{"damage":0,"enemies":"2 Fungi Beasts","floor":15,"turns":5},{"damage":41,"enemies":"WA_ARCHETYPE_RETAIN","floor":16,"turns":7}],"seed_played":"-2195981269435053323","potions_obtained":[{"floor":5,"key":"PlaceholderMod:PlaceholderPotion"},{"floor":14,"key":"champ:CounterPotion"}],"is_trial":false,"path_per_floor":["R","M","?","?","M","M","T","M","$","?","$","T","R","M","M","B"],"character_chosen":"THE_CHAMP","items_purchased":["champ:ShieldWall","champ:BerserkersGuideToSlaughter"],"campfire_rested":0,"item_purchase_floors":[9,11],"current_hp_per_floor":[99,99,99,84,84,81,81,58,53,53,36,36,36,29,34,0,0,0],"gold":54,"neow_bonus":"TEN_PERCENT_HP_BONUS","is_daily":false,"chose_seed":false,"campfire_upgraded":2,"win_rate":0.0,"timestamp":1613053213,"path_taken":["R","M","?","?","?","M","T","M","$","?","?","?","R","M","M","BOSS"],"items_purchased_type":["Card","Relic"],"build_version":"2020-12-22","purchased_purges":1,"victory":false,"max_hp_per_floor":[99,99,99,99,99,99,99,99,99,99,99,99,99,99,99,99,99,99],"relic_stats":{"Happy Flower":[10],"counters":[9,43],"obtain_stats":[{"AT_ATBox":0,"Happy Flower":7,"champ:ChampionCrown":0,"champ:BerserkersGuideToSlaughter":11,"REME_ComplimentaryCards":0,"champ:GladiatorsBookOfMartialProwess":12},{"AT_ATBox":0,"Happy Flower":3,"champ:ChampionCrown":0,"champ:BerserkersGuideToSlaughter":6,"REME_ComplimentaryCards":0,"champ:GladiatorsBookOfMartialProwess":6},{"AT_ATBox":0,"Happy Flower":13,"champ:ChampionCrown":0,"champ:BerserkersGuideToSlaughter":28,"REME_ComplimentaryCards":0,"champ:GladiatorsBookOfMartialProwess":28}]},"card_choices":[{"not_picked":["champ:Haymaker","champ:DefensiveShout"],"picked":"champ:FalseCounter","floor":2},{"not_picked":["champ:Encircle","champ:Backstep"],"picked":"champ:GutPunch","floor":5},{"not_picked":["champ:PreciseThrust","champ:Haymaker"],"picked":"champ:SkillfulDodge","floor":6},{"not_picked":["champ:PreciseThrust","champ:DefensiveShout"],"picked":"champ:StanceDance","floor":8},{"not_picked":["champ:RapidStrikes","champ:SkillfulDodge"],"picked":"champ:Duel","floor":9},{"not_picked":["champ:EndlessRage","champ:SetATrap","champ:TornadoPunch"],"picked":"SKIP","floor":11},{"not_picked":["champ:Shatter","champ:PreciseThrust"],"picked":"champ:IronFortress","floor":14},{"not_picked":["champ:TornadoPunch","champ:Lariat"],"picked":"champ:DefensiveShout","floor":15}],"player_experience":444953,"relics_obtained":[{"floor":7,"key":"Happy Flower"},{"floor":12,"key":"champ:GladiatorsBookOfMartialProwess"}],"event_choices":[],"is_beta":false,"boss_relics":[],"items_purged_floors":[9],"is_endless":false,"potions_floor_spawned":[5,14],"killed_by":"WA_ARCHETYPE_RETAIN","ascension_level":0}}