{"host":"l4kdldlios54gl54","time":1613085777,"event":{"mods":["AchievementEnabler","BaseMod","Colored Map","Colored Powertips","Minty Spire (QoL Compilation)","Random Character Button"],"gold_per_floor":[114,129,147,162,178,178,198,198,274,274,274,302,302,141,141,218,218,237,237,237,250,250,250,250,250],"floor_reached":24,"language":"ENG","playtime":828,"items_purged":["Strike_R"],"score":392,"play_id":"d7b55eef-3c6a-46c7-9af0-b66f1c5ba91f","local_time":"20210212002257","is_ascension_mode":true,"campfire_choices":[{"data":"Wild Strike","floor":6,"key":"SMITH"},{"data":"Cleave","floor":8,"key":"SMITH"},{"data":"Perfected Strike","floor":10,"key":"SMITH"},{"data":"Disarm","floor":15,"key":"SMITH"},{"floor":23,"key":"REST"}],"circlet_count":0,"master_deck":["AscendersBane","Strike_R","Strike_R","Strike_R","Strike_R","Defend_R","Defend_R","Defend_R","Defend_R","Bash","Wild Strike+1","Perfected Strike+1","Wild Strike","Shrug It Off","Cleave+1","Ghostly Armor","Battle Trance","Disarm+1","Demon Form"],"relics":["Burning Blood","NeowsBlessing","Odd Mushroom","Bottled Flame","WingedGreaves","Fusion Hammer","MutagenicStrength"],"acts_visited":["Exordium","TheCity"],"potions_floor_usage":[12,18,19,24],"damage_taken":[{"damage":0,"enemies":"Cultist","floor":1,"turns":1},{"damage":0,"enemies":"Jaw Worm","floor":2,"turns":1},{"damage":0,"enemies":"2 Louse","floor":3,"turns":1},{"damage":16,"enemies":"Blue Slaver","floor":4,"turns":3},{"damage":3,"enemies":"2 Fungi Beasts","floor":5,"turns":3},{"damage":13,"enemies":"The Mushroom Lair","floor":7,"turns":4},{"damage":15,"enemies":"3 Sentries","floor":12,"turns":6},{"damage":53,"enemies":"The Guardian","floor":16,"turns":13},{"damage":27,"enemies":"3 Byrds","floor":18,"turns":7},{"damage":0,"enemies":"2 Thieves","floor":19,"turns":1},{"damage":29,"enemies":"Shelled Parasite and Fungi","floor":21,"turns":8},{"damage":51,"enemies":"Book of Stabbing","floor":24,"turns":5}],"seed_played":"4912682294419344315","potions_obtained":[{"floor":1,"key":"SteroidPotion"},{"floor":4,"key":"SmokeBomb"},{"floor":16,"key":"Swift Potion"},{"floor":18,"key":"SteroidPotion"}],"is_trial":false,"path_per_floor":["M","M","M","M","M","R","?","R","T","R","?","E","?","$","R","B",null,"M","M","?","M","?","R","E"],"character_chosen":"IRONCLAD","items_purchased":["Disarm"],"campfire_rested":1,"item_purchase_floors":[14],"current_hp_per_floor":[74,75,75,65,68,68,61,61,61,61,61,52,57,57,57,10,63,42,48,48,25,25,49,0,0],"gold":250,"neow_bonus":"THREE_ENEMY_KILL","is_daily":false,"chose_seed":false,"campfire_upgraded":4,"win_rate":0.0,"timestamp":1613085777,"path_taken":["M","M","M","M","M","R","?","R","T","R","?","E","?","$","R","BOSS","M","M","?","M","?","R","E"],"items_purchased_type":["Card"],"build_version":"2020-12-22","purchased_purges":1,"victory":false,"max_hp_per_floor":[75,75,75,75,75,75,75,75,75,75,75,75,80,80,80,80,80,80,80,80,80,80,80,80,80],"card_choices":[{"not_picked":["Power Through","Pommel Strike"],"picked":"Wild Strike","floor":1},{"not_picked":["Clash","Flex"],"picked":"Perfected Strike","floor":2},{"not_picked":["Heavy Blade","Armaments"],"picked":"Wild Strike","floor":3},{"not_picked":["Carnage","Thunderclap"],"picked":"Shrug It Off","floor":4},{"not_picked":["Perfected Strike","Entrench"],"picked":"Cleave","floor":5},{"not_picked":["Feel No Pain","Heavy Blade"],"picked":"Ghostly Armor","floor":7},{"not_picked":["Double Tap","Searing Blow"],"picked":"Battle Trance","floor":12},{"not_picked":["Corruption","Limit Break"],"picked":"Demon Form","floor":16},{"not_picked":["Uppercut","Disarm","Pommel Strike"],"picked":"SKIP","floor":18},{"not_picked":["Shockwave","Twin Strike+1","Warcry"],"picked":"SKIP","floor":21}],"player_experience":903400,"relics_obtained":[{"floor":7,"key":"Odd Mushroom"},{"floor":9,"key":"Bottled Flame"},{"floor":12,"key":"WingedGreaves"}],"event_choices":[{"damage_healed":0,"gold_gain":0,"player_choice":"Fought Mushrooms","damage_taken":0,"max_hp_gain":0,"max_hp_loss":0,"event_name":"Mushrooms","floor":7,"gold_loss":0},{"damage_healed":0,"gold_gain":0,"player_choice":"Ignored","damage_taken":0,"max_hp_gain":0,"max_hp_loss":0,"event_name":"Liars Game","floor":11,"gold_loss":0},{"damage_healed":0,"gold_gain":0,"player_choice":"Donut","damage_taken":0,"max_hp_gain":5,"max_hp_loss":0,"event_name":"Big Fish","floor":13,"gold_loss":0},{"damage_healed":0,"gold_gain":0,"player_choice":"Ignored","damage_taken":0,"max_hp_gain":0,"max_hp_loss":0,"event_name":"Ghosts","floor":20,"gold_loss":0},{"damage_healed":0,"gold_gain":0,"player_choice":"Inject Mutagens","damage_taken":0,"relics_obtained":["MutagenicStrength"],"max_hp_gain":0,"max_hp_loss":0,"event_name":"Drug Dealer","floor":22,"gold_loss":0}],"is_beta":false,"boss_relics":[{"not_picked":["Calling Bell","Tiny House"],"picked":"Fusion Hammer"}],"items_purged_floors":[14],"is_endless":false,"potions_floor_spawned":[1,4,16,18],"killed_by":"Book of Stabbing","ascension_level":20}}