{"host":"a5lz0e76zb3fcwkm","time":1613061455,"event":{"mods":["AchievementEnabler","BaseMod","Colored Map","Colored Powertips","Minty Spire (QoL Compilation)","StSLib","SuperFastMode"],"gold_per_floor":[359,376,13,27,39,39,53,53,105,51,69,102,102,119,119,195,195,207,207,207,132,132,144,144,156,230,257,257,273,273,173,173,252,252,264,100,120,145,200,233,251,211,211,227,1,29,29,40,40,40,40,40,40,40,74,74],"floor_reached":57,"language":"KOR","playtime":2690,"items_purged":["Defend_G","Strike_G"],"score":2964,"play_id":"443013b6-2d61-49fc-bba3-a4ed14a98a80","local_time":"20210212013735","is_ascension_mode":true,"campfire_choices":[{"data":"Accuracy","floor":6.0,"key":"SMITH"},{"data":"Accuracy","floor":8.0,"key":"SMITH"},{"data":"Footwork","floor":15.0,"key":"SMITH"},{"data":"Well Laid Plans","floor":24.0,"key":"SMITH"},{"data":"Wraith Form v2","floor":28.0,"key":"SMITH"},{"floor":32.0,"key":"RECALL"},{"data":"Night Terror","floor":47.0,"key":"SMITH"},{"data":"Venomology","floor":49,"key":"SMITH"},{"data":"Neutralize","floor":53,"key":"SMITH"}],"circlet_count":0,"master_deck":["AscendersBane","Strike_G","Defend_G","Defend_G","Defend_G","Defend_G","Survivor","Neutralize+1","Dagger Throw","Footwork+1","Accuracy+1","PiercingWail","Blade Dance","Accuracy+1","Blade Dance","Footwork+1","Venomology+1","Escape Plan","Backflip","Wraith Form v2+1","Well Laid Plans+1","Night Terror+1","Blur","Backflip"],"relics":["Ring of the Snake","Mummified Hand","Bag of Marbles","Eternal Feather","Busted Crown","Lantern","Enchiridion","Philosopher\u0027s Stone","Bag of Preparation","Turnip","Calipers","Ornamental Fan","The Courier","Kunai","Ginger","Happy Flower"],"acts_visited":["Exordium","TheCity","TheBeyond","TheEnding"],"potions_floor_usage":[48,50,51,56,56,56],"damage_taken":[{"damage":9.0,"enemies":"Jaw Worm","floor":1.0,"turns":7.0},{"damage":3.0,"enemies":"Small Slimes","floor":2.0,"turns":5.0},{"damage":0.0,"enemies":"2 Louse","floor":4.0,"turns":4.0},{"damage":4.0,"enemies":"Lots of Slimes","floor":5.0,"turns":5.0},{"damage":1.0,"enemies":"3 Louse","floor":7.0,"turns":4.0},{"damage":0.0,"enemies":"Exordium Wildlife","floor":11.0,"turns":1.0},{"damage":7.0,"enemies":"Gremlin Nob","floor":12.0,"turns":3.0},{"damage":3.0,"enemies":"Large Slime","floor":14.0,"turns":3.0},{"damage":0.0,"enemies":"The Guardian","floor":16.0,"turns":11.0},{"damage":2.0,"enemies":"3 Byrds","floor":18.0,"turns":6.0},{"damage":0.0,"enemies":"Spheric Guardian","floor":23.0,"turns":4.0},{"damage":0.0,"enemies":"Centurion and Healer","floor":25.0,"turns":5.0},{"damage":0.0,"enemies":"Gremlin Leader","floor":27.0,"turns":6.0},{"damage":0.0,"enemies":"Snake Plant","floor":29.0,"turns":3.0},{"damage":0.0,"enemies":"Champ","floor":33.0,"turns":9.0},{"damage":0.0,"enemies":"Orb Walker","floor":35.0,"turns":4.0},{"damage":0.0,"enemies":"3 Darklings","floor":37.0,"turns":3.0},{"damage":0.0,"enemies":"Mind Bloom Boss Battle","floor":38.0,"turns":7.0},{"damage":28.0,"enemies":"2 Orb Walkers","floor":39.0,"turns":6.0},{"damage":0.0,"enemies":"Giant Head","floor":40.0,"turns":4.0},{"damage":0.0,"enemies":"Spire Growth","floor":41.0,"turns":4.0},{"damage":0.0,"enemies":"4 Shapes","floor":44.0,"turns":3.0},{"damage":0.0,"enemies":"Nemesis","floor":46.0,"turns":9.0},{"damage":0,"enemies":"Writhing Mass","floor":48,"turns":4},{"damage":3,"enemies":"Awakened One","floor":50,"turns":12},{"damage":3,"enemies":"Time Eater","floor":51,"turns":14},{"damage":20,"enemies":"Shield and Spear","floor":55,"turns":23},{"damage":3,"enemies":"The Heart","floor":56,"turns":18}],"seed_played":"5026180683506986614","potions_obtained":[{"floor":4.0,"key":"Strength Potion"},{"floor":7.0,"key":"DistilledChaos"},{"floor":11.0,"key":"Energy Potion"},{"floor":12.0,"key":"SmokeBomb"},{"floor":18.0,"key":"PowerPotion"},{"floor":37.0,"key":"GamblersBrew"},{"floor":40.0,"key":"CunningPotion"},{"floor":41.0,"key":"SmokeBomb"},{"floor":42.0,"key":"CunningPotion"},{"floor":42.0,"key":"Block Potion"}],"is_trial":false,"path_per_floor":["M","M","$","M","M","R","M","R","T","$","M","E","?","M","R","B",null,"M","?","?","$","?","M","R","M","T","E","R","M","?","$","R","B",null,"M","$","M","?","?","E","M","?","T","M","$","E","R","M","R","B","B",null,"R","$","E","B",null],"character_chosen":"THE_SILENT","items_purchased":["Mummified Hand","Accuracy","Blade Dance","Bag of Preparation","Kunai"],"campfire_rested":0,"item_purchase_floors":[3,3,10,36,45],"current_hp_per_floor":[50,47,47,47,43,43,42,42,42,42,42,35,28,25,37,37,54,52,52,52,52,52,52,60,60,60,60,60,60,39,39,51,51,58,58,58,60,60,32,32,32,32,32,32,32,47,59,59,60,57,54,59,60,60,40,37],"gold":74,"neow_bonus":"TWO_FIFTY_GOLD","is_daily":false,"chose_seed":false,"campfire_upgraded":8,"win_rate":0.0,"timestamp":1613061455,"path_taken":["M","M","$","M","M","R","M","R","T","$","M","E","?","M","R","BOSS","M","?","?","$","?","M","R","M","T","E","R","?","?","?","R","BOSS","M","$","M","?","?","E","M","?","T","M","$","E","R","M","R","BOSS","BOSS","R","$","E","BOSS"],"items_purchased_type":["Relic","Card","Card","Relic","Relic"],"build_version":"2020-12-22","purchased_purges":2,"victory":true,"max_hp_per_floor":[60,60,60,60,60,60,60,60,60,60,60,60,60,60,60,60,60,60,60,60,60,60,60,60,60,60,60,60,60,60,60,60,60,60,60,60,60,60,60,60,60,60,60,60,60,60,60,60,60,60,60,60,60,60,60,60],"card_choices":[{"not_picked":["Quick Slash","Well Laid Plans"],"picked":"Dagger Throw","floor":1.0},{"not_picked":["Catalyst","Predator"],"picked":"Footwork","floor":2.0},{"not_picked":["Outmaneuver","Backflip"],"picked":"PiercingWail","floor":4.0},{"not_picked":["Concentrate","Caltrops"],"picked":"Blade Dance","floor":5.0},{"not_picked":["Flying Knee","Backstab"],"picked":"Accuracy","floor":7.0},{"not_picked":["Poisoned Stab","Slice","Dodge and Roll"],"picked":"SKIP","floor":11.0},{"not_picked":["Corpse Explosion","Bane"],"picked":"Footwork","floor":12.0},{"not_picked":["Footwork","Dagger Throw","Flying Knee"],"picked":"SKIP","floor":14.0},{"not_picked":["Doppelganger","Burst"],"picked":"Venomology","floor":16.0},{"not_picked":[],"picked":"Escape Plan","floor":18.0},{"not_picked":[],"picked":"Well Laid Plans","floor":23.0},{"not_picked":["Accuracy"],"picked":"SKIP","floor":25.0},{"not_picked":["Bane"],"picked":"SKIP","floor":27.0},{"not_picked":["Leg Sweep"],"picked":"SKIP","floor":29.0},{"not_picked":[],"picked":"Night Terror","floor":33.0},{"not_picked":["Dash"],"picked":"SKIP","floor":35.0},{"not_picked":[],"picked":"Blur","floor":37.0},{"not_picked":["Underhanded Strike"],"picked":"SKIP","floor":40.0},{"not_picked":["Dagger Throw"],"picked":"SKIP","floor":41.0},{"not_picked":["Underhanded Strike"],"picked":"SKIP","floor":44.0},{"not_picked":["Footwork+1"],"picked":"SKIP","floor":46.0},{"not_picked":["Expertise"],"picked":"SKIP","floor":48},{"not_picked":[],"picked":"Backflip","floor":55}],"player_experience":1862495,"relics_obtained":[{"floor":9.0,"key":"Bag of Marbles"},{"floor":12.0,"key":"Eternal Feather"},{"floor":27.0,"key":"Lantern"},{"floor":30.0,"key":"Enchiridion"},{"floor":38.0,"key":"Turnip"},{"floor":39.0,"key":"Calipers"},{"floor":40.0,"key":"Ornamental Fan"},{"floor":43.0,"key":"The Courier"},{"floor":46.0,"key":"Ginger"},{"floor":55,"key":"Happy Flower"}],"event_choices":[{"cards_removed":["Strike_G"],"damage_healed":0.0,"max_hp_gain":0.0,"max_hp_loss":0.0,"gold_gain":0.0,"event_name":"Golden Wing","player_choice":"Card Removal","floor":13.0,"gold_loss":0.0,"damage_taken":7.0},{"damage_healed":0.0,"max_hp_gain":0.0,"max_hp_loss":0.0,"gold_gain":0.0,"event_name":"The Mausoleum","player_choice":"Ignored","floor":19.0,"gold_loss":0.0,"damage_taken":0.0},{"damage_healed":0.0,"max_hp_gain":0.0,"max_hp_loss":0.0,"gold_gain":0.0,"cards_transformed":["Strike_G","Strike_G"],"event_name":"Drug Dealer","player_choice":"Became Test Subject","floor":20.0,"gold_loss":0.0,"damage_taken":0.0,"cards_obtained":["Backflip","Wraith Form v2"]},{"damage_healed":0.0,"max_hp_gain":0.0,"max_hp_loss":0.0,"gold_gain":0.0,"event_name":"Upgrade Shrine","player_choice":"Upgraded","floor":22.0,"gold_loss":0.0,"damage_taken":0.0,"cards_upgraded":["Footwork"]},{"damage_healed":0.0,"max_hp_gain":0.0,"max_hp_loss":0.0,"gold_gain":0.0,"event_name":"Cursed Tome","player_choice":"Obtained Book","floor":30.0,"gold_loss":0.0,"damage_taken":21.0},{"damage_healed":0.0,"max_hp_gain":0.0,"max_hp_loss":0.0,"gold_gain":0.0,"event_name":"MindBloom","player_choice":"Fight","floor":38.0,"gold_loss":0.0,"damage_taken":0.0},{"damage_healed":0.0,"max_hp_gain":0.0,"max_hp_loss":0.0,"gold_gain":0.0,"event_name":"Mysterious Sphere","player_choice":"Fight","floor":39.0,"gold_loss":0.0,"damage_taken":0.0},{"damage_healed":0.0,"max_hp_gain":0.0,"max_hp_loss":0.0,"gold_gain":0.0,"event_name":"The Woman in Blue","player_choice":"Bought 3 Potions","floor":42.0,"gold_loss":0.0,"damage_taken":0.0}],"is_beta":false,"boss_relics":[{"not_picked":["Runic Pyramid","Velvet Choker"],"picked":"Busted Crown"},{"not_picked":["Snecko Eye","Sozu"],"picked":"Philosopher\u0027s Stone"}],"items_purged_floors":[21,31],"is_endless":false,"potions_floor_spawned":[4,7,11,12,18,29,35,37,40,41,46],"ascension_level":20}}