{"host":"77nx5a0i0k7ns1qu","time":1613015082,"event":{"mods":["2.2 Compatiblity","AchievementEnabler","Ascension Reborn","Ascension Unlocker","Aspiration","Astrologer","BaseMod","Beaked The Cultist","Better Note","BetterRewards","Bossed Relics","Card Filter","Card Forge","Challenge The Spire","Clockwork Mod","Colored Powertips","Colorless Booster Pack","Conspire","Curses Come First","Custom Start","Defuse TimeMaze Blight","Downfall","Energized Spire","Friendly Minions","GifTheSpireLib","Halation","Highlight Path","Hubris","Hyrulean Relics","Infinite Spire","Marisa????????","Marked Mod","Mimic Mod","Minty Spire (QoL Compilation)","MostiFishMod","Prisma Mod","Random Character Mod","Rare Cards Sparkle","RatMod","Relic Stats","Reliquary","Replay The Spire","Retaliation","Reworked Bosses","Small Relic Pack","Spicy Shops","Spikes Relics","Spire Arcade","StS++","StSLib","Strawberry Spire","Stuff the Spire","The Alterego","The Blue Laboratory","The Cursed","The Jungle","The Marked","The Runesmith","Trackpad","UnlockEverythingMod","Useless Jewels Mod","Wandering Minibosses"],"gold_per_floor":[111,16,29,29,43,43,62,62,62,87,87,113,32,49,49,152,152,169,181,194,194,194,194,211,236,236,236,236,280,13,36,576,681,681,708,801,828,828,848,848,883,883,907,949,971,1255,1275,28,28,28],"floor_reached":51,"language":"ENG","playtime":3847,"items_purged":[],"score":1230,"play_id":"821d3af7-f225-401b-9b8e-2ae72c0c2638","local_time":"20210210224442","daily_mods":["Draft"],"is_ascension_mode":false,"campfire_choices":[{"floor":6,"key":"REST"},{"floor":8,"key":"REST"},{"floor":23,"key":"REST"},{"floor":40,"key":"REST"},{"floor":42,"key":"REST"},{"floor":49,"key":"REST"}],"circlet_count":0,"master_deck":["Metallicize+1","DDmod:SpikeMailSkill+1","Defy Death+1","StSpp:CounterStrike+1","Shrug It Off+1","Clash+1","strawberrySpire:ZonePlayer+1","StSpp:TheBiggerTheyAre+1","strawberrySpire:DebrisPile+1","hubris:ReadiedAction+1","Clothesline+1","Replay:Undeath\u0027s Touch+1","StuffTheSpire:Incineration+1","DDmod:PokeAttack+1","Intimidate+1","DDmod:UnstoppableAttack+1","conspire:ExplosiveBarrier+1","Invigoration+1","StuffTheSpire:Incineration+1","strawberrySpire:ZonePlayer+1","Flex+1","DDmod:MulticlassingSkill+1","hubris:StunningStrike+1","MostiFishMod:CullingBlade+1","DDmod:EasePowerCard+1","BarbarianYell+1","StSpp:TheBiggerTheyAre+1","theMarked:Toughness+1","Shrug It Off+1","Dropkick+1","StuffTheSpire:Incineration+1","DDmod:EasePowerCard+1","Brutality+1","Shrug It Off+1","ReplayTheSpireMod:Splinters","Combust+1","Heavy Blade+1","Pummel+1","ReplayReversal+1","Rupture+1","StSpp:Jab+1","Flame Barrier+1","Regret","Run Through","StSpp:MuscleMemory","Specialist","hubris:EnhanceAbility","Immolate","MostiFishMod:NewArrival"],"relics":["StuffTheSpire:OccultApparatus","Hammer of Thor","Seething Fire","Anvil of the Gods","DaveBox","BirthdayGift-Tetrahedron","SynthV:TestCard","Replay:Accelerometer","trackpad:StainlessSteel","champ:DeflectingBracers","BicycleWheel","StuffTheSpire:BottledHeartBeat","Fusion Hammer","StSpp:WoodenPendulum","conspire:DecoderRing","aspiration:RitualStick","DDmod:BarbedSlagRelic","CeramicFish","Darkstone Periapt","SnailShell","hubris:BlackHole","StSpp:BrokenTotem","champ:DuelingGlove","strawberrySpire:MawJerky","Pen Nib","hubris:CuriousFeather","relicPack:WeightedSword","rat:PhantomDancer","infinitespire:ShieldingShard"],"acts_visited":["Exordium","TheCity","TheBeyond"],"potions_floor_usage":[16,16,16,33,33,33,50,50],"damage_taken":[{"damage":2,"enemies":"2 Louse","floor":1,"turns":2},{"damage":1,"enemies":"infinitespire:Voidling","floor":3,"turns":1},{"damage":2,"enemies":"Cultist","floor":5,"turns":2},{"damage":2,"enemies":"Large Slime","floor":7,"turns":2},{"damage":4,"enemies":"Lagavulin","floor":10,"turns":3},{"damage":4,"enemies":"3 Sentries","floor":12,"turns":3},{"damage":1,"enemies":"Lots of Slimes","floor":14,"turns":1},{"damage":6,"enemies":"The Guardian","floor":16,"turns":4},{"damage":2,"enemies":"Chosen","floor":18,"turns":2},{"damage":2,"enemies":"conspire:FuzzyDice","floor":19,"turns":2},{"damage":10,"enemies":"Centurion and Healer","floor":20,"turns":2},{"damage":4,"enemies":"3 Cultists","floor":24,"turns":3},{"damage":0,"enemies":"conspire:Head Lice","floor":25,"turns":1},{"damage":4,"enemies":"Gremlin Leader","floor":29,"turns":3},{"damage":2,"enemies":"Chosen and Byrds","floor":31,"turns":2},{"damage":2,"enemies":"conspire:MysteriousRune","floor":33,"turns":2},{"damage":3,"enemies":"3 Darklings","floor":35,"turns":2},{"damage":0,"enemies":"3 Shapes","floor":37,"turns":1},{"damage":0,"enemies":"Spire Growth","floor":39,"turns":1},{"damage":0,"enemies":"strawberrySpire:EssenceStones","floor":41,"turns":1},{"damage":3,"enemies":"R_Hoarder","floor":44,"turns":2},{"damage":0,"enemies":"Maw","floor":45,"turns":1},{"damage":0,"enemies":"Sphere and 2 Shapes","floor":47,"turns":1},{"damage":1,"enemies":"bossMod:newAwakened","floor":50,"turns":2}],"seed_played":"-2025097275715017306","potions_obtained":[{"floor":3,"key":"blueLaboratory:SavagePotion"},{"floor":5,"key":"blueLaboratory:SmithPotion"},{"floor":12,"key":"DDmod:CleansePotion"},{"floor":14,"key":"blueLaboratory:IronCompound"},{"floor":18,"key":"blueLaboratory:BottledHope"},{"floor":24,"key":"blueLaboratory:FrostheartPotion"},{"floor":31,"key":"Ancient Potion"},{"floor":35,"key":"blueLaboratory:HeartbeatPotion"},{"floor":36,"key":"BlessingOfTheForge"},{"floor":44,"key":"Block Potion"}],"is_trial":true,"path_per_floor":["M","?","M","T","M","R","M","R","T","E","?","E","$","M","R","B",null,"M","M","M","?","?","R","M","E","T","?","?","E","$","M","R","B",null,"M","?","M","?","M","R","E","R","T","E","M","?","M","$","R","B",null],"character_chosen":"IRONCLAD","items_purchased":["DDmod:MulticlassingSkill","Darkstone Periapt","SnailShell","StSpp:MuscleMemory","Specialist","hubris:EnhanceAbility","Immolate","hubris:CuriousFeather","relicPack:WeightedSword","rat:PhantomDancer","infinitespire:ShieldingShard","MostiFishMod:NewArrival"],"campfire_rested":6,"item_purchase_floors":[13,30,30,48,48,48,48,48,48,48,48,48],"current_hp_per_floor":[80,80,80,80,80,80,80,80,80,80,80,80,80,80,80,80,80,80,80,80,80,80,80,80,80,80,64,64,76,76,80,23,27,80,80,86,88,88,90,90,92,92,92,93,96,102,102,102,102,104],"gold":28,"neow_bonus":"","is_daily":false,"chose_seed":false,"campfire_upgraded":0,"win_rate":0.0,"timestamp":1613015082,"path_taken":["M","?","?","?","M","R","M","R","T","E","?","E","$","M","R","BOSS","M","M","M","?","?","R","?","E","T","?","?","E","?","M","R","BOSS","M","?","M","?","M","R","E","R","T","E","M","?","?","$","R","BOSS"],"items_purchased_type":["Card","Relic","Relic","Card","Card","Card","Card","Relic","Relic","Relic","Relic","Card"],"build_version":"2020-12-22","purchased_purges":0,"victory":true,"max_hp_per_floor":[80,80,80,80,80,80,80,80,80,80,80,80,80,80,80,80,80,80,80,80,80,80,80,80,80,80,80,80,80,80,80,80,80,80,80,86,88,88,90,90,92,92,92,96,96,102,102,102,102,104],"relic_stats":{"Darkstone Periapt":12,"counters":[24,46],"CeramicFish":171,"Pen Nib":[2],"obtain_stats":[{"Darkstone Periapt":30,"Replay:Accelerometer":2,"champ:DuelingGlove":41,"SnailShell":30,"DaveBox":0,"StuffTheSpire:BottledHeartBeat":12,"CeramicFish":29,"Hammer of Thor":0,"Burning Blood":0,"aspiration:RitualStick":27,"hubris:BlackHole":34,"StuffTheSpire:OccultApparatus":38,"infinitespire:ShieldingShard":48,"conspire:DecoderRing":26,"strawberrySpire:MawJerky":43,"Fusion Hammer":17,"hubris:CuriousFeather":48,"BirthdayGift-Tetrahedron":0,"BicycleWheel":10,"StSpp:WoodenPendulum":25,"champ:DeflectingBracers":9,"Pen Nib":44,"Seething Fire":0,"SynthV:TestCard":1,"Anvil of the Gods":0,"StSpp:BrokenTotem":36,"trackpad:StainlessSteel":4,"DDmod:BarbedSlagRelic":28,"relicPack:WeightedSword":48,"rat:PhantomDancer":48},{"Darkstone Periapt":14,"Replay:Accelerometer":1,"champ:DuelingGlove":20,"SnailShell":14,"DaveBox":0,"StuffTheSpire:BottledHeartBeat":6,"CeramicFish":14,"Hammer of Thor":0,"Burning Blood":0,"aspiration:RitualStick":13,"hubris:BlackHole":16,"StuffTheSpire:OccultApparatus":18,"infinitespire:ShieldingShard":23,"conspire:DecoderRing":13,"strawberrySpire:MawJerky":20,"Fusion Hammer":8,"hubris:CuriousFeather":23,"BirthdayGift-Tetrahedron":0,"BicycleWheel":5,"StSpp:WoodenPendulum":13,"champ:DeflectingBracers":4,"Pen Nib":21,"Seething Fire":0,"SynthV:TestCard":1,"Anvil of the Gods":0,"StSpp:BrokenTotem":17,"trackpad:StainlessSteel":2,"DDmod:BarbedSlagRelic":13,"relicPack:WeightedSword":23,"rat:PhantomDancer":23},{"Darkstone Periapt":31,"Replay:Accelerometer":2,"champ:DuelingGlove":40,"SnailShell":31,"DaveBox":0,"StuffTheSpire:BottledHeartBeat":13,"CeramicFish":31,"Hammer of Thor":0,"Burning Blood":0,"aspiration:RitualStick":28,"hubris:BlackHole":35,"StuffTheSpire:OccultApparatus":38,"infinitespire:ShieldingShard":44,"conspire:DecoderRing":28,"strawberrySpire:MawJerky":40,"Fusion Hammer":18,"hubris:CuriousFeather":44,"BirthdayGift-Tetrahedron":0,"BicycleWheel":10,"StSpp:WoodenPendulum":28,"champ:DeflectingBracers":7,"Pen Nib":42,"Seething Fire":0,"SynthV:TestCard":2,"Anvil of the Gods":0,"StSpp:BrokenTotem":37,"trackpad:StainlessSteel":3,"DDmod:BarbedSlagRelic":28,"relicPack:WeightedSword":44,"rat:PhantomDancer":44}],"aspiration:RitualStick":[0]},"card_choices":[{"not_picked":["Clash","StSpp:Vengeance"],"picked":"Metallicize","floor":0},{"not_picked":["DDmod:SpikedSkill","Hemokinesis"],"picked":"DDmod:SpikeMailSkill","floor":0},{"not_picked":["ReplayTheSpireMod:Muscle Training","DDmod:CallousedSkill"],"picked":"Defy Death","floor":0},{"not_picked":["Carnage","Headbutt"],"picked":"StSpp:CounterStrike","floor":0},{"not_picked":["StSpp:TheBiggerTheyAre","Twin Strike"],"picked":"Shrug It Off","floor":0},{"not_picked":["strawberrySpire:Endurance","Armaments"],"picked":"Clash","floor":0},{"not_picked":["Sentinel","Clash"],"picked":"strawberrySpire:ZonePlayer","floor":0},{"not_picked":["Reckless Charge","StuffTheSpire:BloodClot"],"picked":"StSpp:TheBiggerTheyAre","floor":0},{"not_picked":["Dropkick","Fire Breathing"],"picked":"strawberrySpire:DebrisPile","floor":0},{"not_picked":["StuffTheSpire:Slingshot","StSpp:Sprint"],"picked":"hubris:ReadiedAction","floor":0},{"not_picked":["strawberrySpire:Endurance","ReplayTheSpireMod:LeadingStrike"],"picked":"Clothesline","floor":0},{"not_picked":["Thunderclap","Battle Trance"],"picked":"Replay:Undeath\u0027s Touch","floor":0},{"not_picked":["Shrug It Off","Body Slam"],"picked":"StuffTheSpire:Incineration","floor":0},{"not_picked":["Abandon","DDmod:CallousedSkill"],"picked":"DDmod:PokeAttack","floor":0},{"not_picked":["ReplayTheSpireMod:Stacked","Defy Death"],"picked":"Intimidate","floor":0},{"not_picked":["StSpp:TheBiggerTheyAre","Shrug It Off"],"picked":"DDmod:UnstoppableAttack","floor":1},{"not_picked":["hubris:ReadiedAction","StSpp:Succumb","StuffTheSpire:Pyroclast","Sword Boomerang"],"picked":"conspire:ExplosiveBarrier","floor":3},{"not_picked":["StuffTheSpire:Incineration","Anger","strawberrySpire:Harvest","strawberrySpire:ZonePlayer"],"picked":"Invigoration","floor":5},{"not_picked":["Twin Strike","Whirlwind","Second Wind","Sword Boomerang"],"picked":"StuffTheSpire:Incineration","floor":7},{"not_picked":["Headbutt","Dual Wield","True Grit","StSpp:Succumb"],"picked":"strawberrySpire:ZonePlayer","floor":10},{"not_picked":["Body Slam","Dropkick","DDmod:CallousedSkill","ReplayTheSpireMod:LeadingStrike"],"picked":"Flex","floor":12},{"not_picked":["DDmod:PokeAttack","Shrug It Off","ReplayTheSpireMod:Strike From Hell","strawberrySpire:DraftPunk"],"picked":"hubris:StunningStrike","floor":14},{"not_picked":["StSpp:IntoTheAbyss","strawberrySpire:FortFortyFour","Reaper","MostiFishMod:Chiaki"],"picked":"MostiFishMod:CullingBlade","floor":16},{"not_picked":["Twin Strike","hubris:ReadiedAction","StSpp:Sprint","Rampage"],"picked":"DDmod:EasePowerCard","floor":18},{"not_picked":["True Grit","strawberrySpire:ZonePlayer","Clash+1","Replay:Undeath\u0027s Touch"],"picked":"BarbarianYell","floor":19},{"not_picked":["Abandon","Sword Boomerang","Perfected Strike","StSpp:Vengeance"],"picked":"StSpp:TheBiggerTheyAre+1","floor":20},{"not_picked":["Barricade","DDmod:UnstoppableAttack+1","ReplayTheSpireMod:Strike From Hell","StuffTheSpire:Incineration"],"picked":"Shrug It Off+1","floor":24},{"not_picked":["StuffTheSpire:Slingshot","Armaments","StuffTheSpire:BloodClot","strawberrySpire:PumpUp"],"picked":"Dropkick+1","floor":25},{"not_picked":["MostiFishMod:BrandingRite","strawberrySpire:PowerStomp+1","strawberrySpire:DebrisPile","ReplayTheSpireMod:LeadingStrike","MostiFishMod:PerfectStrikeMKII","StuffTheSpire:Pyroclast"],"picked":"StuffTheSpire:Incineration+1","floor":29},{"not_picked":["ReplayTheSpireMod:Limb From Limb+1","hubris:ReadiedAction","StSpp:TheBiggerTheyAre","DDmod:SpikeInjectionSkill+1","rat:Decimate","strawberrySpire:DraftPunk"],"picked":"DDmod:EasePowerCard","floor":31},{"not_picked":["Fiend Fire","strawberrySpire:Beatdown","Bludgeon","MostiFishMod:WingOfPhoenix","MostiFishMod:DoubleSword","DDmod:AllInSkill"],"picked":"Brutality","floor":33},{"not_picked":["Body Slam","Intimidate","Iron Wave","DDmod:BurningFumesPowerCard+1","ReplayReversal","Invigoration+1"],"picked":"Shrug It Off","floor":35},{"not_picked":["True Grit+1","strawberrySpire:Spite","Disarm+1","Seeing Red+1","Havoc","StSpp:Succumb"],"picked":"Combust","floor":36},{"not_picked":["DDmod:SpikedSkill+1","StuffTheSpire:Slingshot","Spot Weakness","Power Through","DDmod:EasePowerCard","DDmod:SpikeShotSkill"],"picked":"Heavy Blade+1","floor":36},{"not_picked":["DDmod:SpikeInjectionSkill","Flex","Clothesline","StSpp:Succumb","True Grit+1","DDmod:SpikeShotSkill"],"picked":"Pummel+1","floor":37},{"not_picked":["strawberrySpire:DangerMountain+1","StSpp:Succumb+1","strawberrySpire:Incursion","StuffTheSpire:BloodClot+1","Cleave+1","DDmod:RapidStrikeAttack"],"picked":"ReplayReversal+1","floor":39},{"not_picked":["StuffTheSpire:RockThrow+1","Havoc+1","Evolve+1","Inflame+1","conspire:Charge","StSpp:Succumb"],"picked":"Rupture+1","floor":41},{"not_picked":["ReplayTheSpireMod:Strike From Hell","Flex","Cleave","Shrug It Off+1","hubris:CleavingFinish+1","StSpp:Sprint+1"],"picked":"StSpp:Jab+1","floor":44},{"not_picked":["True Grit+1","Run Through+1","StSpp:Succumb+1","Combust+1","Dropkick+1","Sword Boomerang+1"],"picked":"Flame Barrier+1","floor":45},{"not_picked":["strawberrySpire:PowerStomp+1","Carnage","MostiFishMod:BrandingRite","Clothesline+1","Sword Boomerang+1","StSpp:Succumb+1"],"picked":"Run Through","floor":47}],"player_experience":749949,"relics_obtained":[{"floor":1,"key":"SynthV:TestCard"},{"floor":4,"key":"trackpad:StainlessSteel"},{"floor":9,"key":"champ:DeflectingBracers"},{"floor":10,"key":"BicycleWheel"},{"floor":12,"key":"StuffTheSpire:BottledHeartBeat"},{"floor":25,"key":"StSpp:WoodenPendulum"},{"floor":26,"key":"conspire:DecoderRing"},{"floor":29,"key":"CeramicFish"},{"floor":36,"key":"StSpp:BrokenTotem"},{"floor":41,"key":"champ:DuelingGlove"},{"floor":43,"key":"strawberrySpire:MawJerky"},{"floor":44,"key":"Pen Nib"}],"event_choices":[{"damage_healed":0,"gold_gain":0,"player_choice":"Paid Gold","damage_taken":0,"relics_obtained":["Replay:Accelerometer"],"max_hp_gain":0,"max_hp_loss":0,"event_name":"WeMeetAgain","floor":2,"gold_loss":95},{"cards_removed":["Invigoration"],"damage_healed":0,"gold_gain":0,"player_choice":"Take \u0026 Give","damage_taken":0,"max_hp_gain":0,"max_hp_loss":0,"event_name":"betterNote:BetterNote","floor":21,"gold_loss":0,"cards_obtained":["theMarked:Toughness"]},{"damage_healed":0,"gold_gain":0,"player_choice":"Ignored","damage_taken":0,"max_hp_gain":0,"max_hp_loss":0,"event_name":"N\u0027loth","floor":22,"gold_loss":0},{"damage_healed":0,"gold_gain":540,"player_choice":"GOLD GOLD GOLD GOLD GOLD GOLD ","damage_taken":57,"max_hp_gain":0,"max_hp_loss":0,"event_name":"Knowing Skull","floor":32,"potions_obtained":[],"gold_loss":0,"cards_obtained":[]},{"damage_healed":0,"gold_gain":275,"player_choice":"Desecrate","damage_taken":0,"max_hp_gain":0,"max_hp_loss":0,"event_name":"Golden Shrine","floor":46,"gold_loss":0,"cards_obtained":["Regret"]}],"is_beta":false,"boss_relics":[{"not_picked":["hubris:HollowSoul","FixedStarFall"],"picked":"Fusion Hammer"},{"not_picked":["Replay:Bronze Core","HereWithMe"],"picked":"hubris:BlackHole"}],"items_purged_floors":[],"is_endless":false,"potions_floor_spawned":[3,5,12,14,18,24,31,35,44,47],"ascension_level":0}}