{"host":"uceopoba4zvqsgiy","time":1613067195,"event":{"mods":["2.2 Compatiblity","Act Like it!","BaseMod","Better Skull","Better Third Choice","Elementarium","Evolution","GifTheSpireLib","Hermit","Humility","Infinite Spire","Jorbs\u0027s Wanderer Trilogy","Marked Mod","Minty Spire (QoL Compilation)","Potionbrewer","Reliquary","Replay The Spire","Robot Space Explorer","Shade Mod","Spicy Shops","StS++","StSLib","Stuff the Spire","The Blue Laboratory","The Caster","The Cursed","The Dragon Tamer","The Hierophant","The Judge","The Jungle","TheSurvivalist","Wandering Minibosses"],"gold_per_floor":[111,129,129,66,66,66,98,53,78,108,108,108,85,111,111,111,111],"floor_reached":16,"language":"ENG","playtime":2555,"items_purged":[],"score":148,"play_id":"df2bdfd8-64f3-41b3-b952-09fcb88dab8b","local_time":"20210212044315","is_ascension_mode":true,"campfire_choices":[{"data":"Nirvana","floor":6,"key":"SMITH"},{"floor":11,"key":"REST"},{"floor":15,"key":"REST"}],"circlet_count":0,"master_deck":["Strike_P","Strike_P","Strike_P","Strike_P","Defend_P+1","Defend_P","Defend_P","Defend_P+1","Eruption","Vigilance","Nirvana+1","JustLucky","JustLucky","JustLucky","Establishment"],"relics":["hermit:Momento","EVO:Axolotl","NeowsBlessing","Akabeko","Replay:Mystery Machine","reliquary:Knoch","infinitespire:Cubic Diamond","betterThird:SlimedRelic","War Paint"],"acts_visited":["Exordium"],"potions_floor_usage":[],"damage_taken":[{"damage":0,"enemies":"Small Slimes","floor":1,"turns":1},{"damage":0,"enemies":"2 Louse","floor":2,"turns":1},{"damage":0,"enemies":"Lagavulin","floor":7,"turns":2},{"damage":70,"enemies":"Gremlin Nob","floor":10,"turns":5},{"damage":43,"enemies":"The Guardian","floor":16,"turns":5}],"seed_played":"8615248199699743763","potions_obtained":[{"floor":7,"key":"Ancient Potion"},{"floor":10,"key":"StSpp:SecondWindPotion"}],"is_trial":false,"path_per_floor":["M","M","?","$","?","R","E","$","T","E","R","?","?","T","R","B"],"character_chosen":"WATCHER","items_purchased":["JustLucky","JustLucky"],"campfire_rested":2,"item_purchase_floors":[4,8],"current_hp_per_floor":[72,72,72,72,72,72,72,72,72,2,23,23,12,12,33,0,0],"gold":111,"neow_bonus":"THREE_ENEMY_KILL","is_daily":false,"chose_seed":false,"campfire_upgraded":1,"win_rate":0.0,"timestamp":1613067195,"path_taken":["M","M","?","$","?","R","E","$","T","E","R","?","?","?","R","BOSS"],"items_purchased_type":["Card","Card"],"build_version":"2020-12-22","purchased_purges":0,"victory":false,"max_hp_per_floor":[72,72,72,72,72,72,72,72,72,72,72,72,72,72,72,72,72],"card_choices":[{"not_picked":["Prostrate","MarkedMod:Acupuncture","Replay:Cycle"],"picked":"SKIP","floor":1},{"not_picked":["Meditate","EmptyFist"],"picked":"Nirvana","floor":2},{"not_picked":["SandsOfTime","Meditate"],"picked":"JustLucky","floor":7},{"not_picked":["Wallop","Vengeance"],"picked":"Establishment","floor":10}],"player_experience":1808711,"relics_obtained":[{"floor":7,"key":"Akabeko"},{"floor":9,"key":"Replay:Mystery Machine"},{"floor":10,"key":"reliquary:Knoch"},{"floor":14,"key":"War Paint"}],"event_choices":[{"damage_healed":0,"gold_gain":0,"player_choice":"Ignored","damage_taken":0,"max_hp_gain":0,"max_hp_loss":0,"event_name":"Golden Wing","floor":5,"gold_loss":0},{"damage_healed":0,"gold_gain":0,"player_choice":"Slimed","damage_taken":11,"max_hp_gain":0,"max_hp_loss":0,"event_name":"betterThird:BetterGoop","floor":13,"gold_loss":23}],"is_beta":false,"boss_relics":[],"items_purged_floors":[],"is_endless":false,"potions_floor_spawned":[7,10],"killed_by":"The Guardian","ascension_level":3,"is_humility":true}}