{"host":"bg8va46pgqgvtzim","time":1613012955,"event":{"mods":["BaseMod","Downfall","Minty Spire (QoL Compilation)","Quick Restart","StSLib","SuperFastMode"],"gold_per_floor":[99,117,117,181,91,91,118,163,163,195,345,358,243,272,172,183,194,194,294,306,326,346,446,446,446,462,480,499,499,499,519,519,565,565,582,482,482,493,698,716,816,845,745,452,463,561,561,561,580,596,596,612,624,636,686,731,804,830,849,849,849,370,370,404,404,416,266,282,282,282,315,67,67,67,67],"floor_reached":76,"language":"ZHS","playtime":3008,"items_purged":["Slimebound:Strike_Slimebound","Slimebound:Tackle","Slimebound:LeechingTouch+1","Slimebound:RallyTheTroops","Slimebound:Schlurp"],"score":1719,"play_id":"823e5f84-8cd9-4147-8ef9-6225aaded8ae","local_time":"20210211110915","is_ascension_mode":true,"campfire_choices":[{"data":"Slimebound:Split","floor":1.0,"key":"SMITH"},{"data":"Slimebound:GoopSpray","floor":15.0,"key":"SMITH"},{"data":"Slimebound:LevelUp","floor":18.0,"key":"SMITH"},{"data":"Slimebound:CorrosiveSpit","floor":25.0,"key":"SMITH"},{"data":"Slimebound:SpikyOuterGoop","floor":32.0,"key":"SMITH"},{"floor":36.0,"key":"RECALL"},{"data":"Slimebound:DouseInSlime","floor":43.0,"key":"SMITH"},{"data":"Slimebound:Teamwork","floor":48.0,"key":"SMITH"},{"data":"Slimebound:MinionMaster","floor":61,"key":"SMITH"},{"data":"Slimebound:Gluttony","floor":63,"key":"SMITH"},{"data":"Slimebound:Dissolve","floor":65,"key":"SMITH"},{"floor":73,"key":"REST"}],"circlet_count":0,"master_deck":["Slimebound:Split+1","Slimebound:CorrosiveSpit+1","Slimebound:Repurpose+1","Slimebound:GoopSpray+1","Slimebound:LevelUp+1","Slimebound:LeechEnergy+1","Slimebound:Nibble+1","Slimebound:LeechLife+1","Slimebound:SpikyOuterGoop+1","Slimebound:OneTwoCombo+1","Slimebound:SlimeBarrage+1","Necronomicurse","Slimebound:Dissolve+1","Slimebound:GrowthPunch+1","Clumsy","Slimebound:Teamwork+1","Slimebound:DouseInSlime+1","Slimebound:SplitMire+1","Slimebound:LeadByExample+1","Slimebound:Gluttony+1","Slimebound:MinionMaster+1","Slimebound:SplitLeeching+1","Slimebound:ComboTackle+1","Flash of Steel+1"],"relics":["Slimebound:AbsorbEndCombatUpgraded","Molten Egg 2","downfall:ShatteredFragment","Shuriken","Bronze Scales","Sundial","Toy Ornithopter","downfall:HeartBlessingGreen","Necronomicon","Lantern","downfall:HeartBlessingBlue","StrikeDummy","Gremlin Horn","downfall:HeartBlessingRed","Guardian:BottledAnomaly","Black Star","Mango","Pen Nib","Mummified Hand","Blood Vial","Thread and Needle","Guardian:GemstoneGun","Blue Candle","HornCleat","ClockworkSouvenir","Bottled Tornado","Eternal Feather","Medical Kit"],"acts_visited":["Exordium","TheCity","TheBeyond","TheEnding"],"potions_floor_usage":[75,75,75,75,75,75,75,75],"damage_taken":[{"damage":1.0,"enemies":"Jaw Worm","floor":2.0,"turns":4.0},{"damage":16.0,"enemies":"Gremlin Nob","floor":4.0,"turns":4.0},{"damage":5.0,"enemies":"downfall:FleeingMerchant","floor":5.0,"turns":4.0},{"damage":36.0,"enemies":"Gremlin Nob","floor":7.0,"turns":4.0},{"damage":14.0,"enemies":"3 Sentries","floor":10.0,"turns":5.0},{"damage":2.0,"enemies":"2 Louse","floor":12.0,"turns":3.0},{"damage":5.0,"enemies":"downfall:FleeingMerchant","floor":13.0,"turns":4.0},{"damage":9.0,"enemies":"Gremlin Nob","floor":14.0,"turns":4.0},{"damage":0.0,"enemies":"Small Slimes","floor":16.0,"turns":2.0},{"damage":1.0,"enemies":"3 Louse","floor":17.0,"turns":2.0},{"damage":0.0,"enemies":"downfall:Heads","floor":19.0,"turns":3.0},{"damage":0.0,"enemies":"Gremlin Gang","floor":20.0,"turns":3.0},{"damage":0.0,"enemies":"3 Louse","floor":21.0,"turns":2.0},{"damage":6.0,"enemies":"Blue Slaver","floor":22.0,"turns":2.0},{"damage":6.0,"enemies":"SI_SHIV_ARCHETYPE","floor":23.0,"turns":5.0},{"damage":0.0,"enemies":"Spheric Guardian","floor":26.0,"turns":3.0},{"damage":0.0,"enemies":"3 Byrds","floor":27.0,"turns":3.0},{"damage":4.0,"enemies":"Sentry and Sphere","floor":28.0,"turns":4.0},{"damage":2.0,"enemies":"Chosen and Byrds","floor":31.0,"turns":4.0},{"damage":13.0,"enemies":"Cultist and Chosen","floor":35.0,"turns":5.0},{"damage":0.0,"enemies":"3 Cultists","floor":38.0,"turns":3.0},{"damage":8.0,"enemies":"downfall:FleeingMerchant","floor":39.0,"turns":4.0},{"damage":12.0,"enemies":"Shelled Parasite and Fungi","floor":40.0,"turns":2.0},{"damage":0.0,"enemies":"Colosseum Nobs","floor":41.0,"turns":4.0},{"damage":27.0,"enemies":"Slavers","floor":42.0,"turns":3.0},{"damage":9.0,"enemies":"Chosen and Byrds","floor":45.0,"turns":3.0},{"damage":0.0,"enemies":"WA_ARCHETYPE_CALM","floor":46.0,"turns":5.0},{"damage":0.0,"enemies":"Orb Walker","floor":49.0,"turns":3.0},{"damage":0.0,"enemies":"3 Shapes","floor":50.0,"turns":2.0},{"damage":13.0,"enemies":"Spire Growth","floor":52.0,"turns":4.0},{"damage":0.0,"enemies":"Transient","floor":53.0,"turns":5.0},{"damage":54.0,"enemies":"Writhing Mass","floor":54.0,"turns":5.0},{"damage":0,"enemies":"Writhing Mass","floor":55,"turns":4},{"damage":9,"enemies":"Reptomancer","floor":58,"turns":3},{"damage":0,"enemies":"Maw","floor":59,"turns":3},{"damage":0,"enemies":"Nemesis","floor":64,"turns":5},{"damage":0,"enemies":"Transient","floor":66,"turns":5},{"damage":0,"enemies":"Spire Growth","floor":68,"turns":3},{"damage":0,"enemies":"IC_BLOCK_ARCHETYPE","floor":69,"turns":5},{"damage":32,"enemies":"downfall:CharBossMerchant","floor":71,"turns":4},{"damage":5,"enemies":"downfall:NeowBoss","floor":74,"turns":10},{"damage":3,"enemies":"downfall:NeowBossFinal","floor":75,"turns":5}],"seed_played":"-1354541900983907135","potions_obtained":[{"floor":2.0,"key":"FairyPotion"},{"floor":7.0,"key":"EntropicBrew"},{"floor":12.0,"key":"Block Potion"},{"floor":14.0,"key":"Energy Potion"},{"floor":28.0,"key":"PowerPotion"},{"floor":35.0,"key":"EntropicBrew"}],"is_trial":false,"path_per_floor":["R","M","?","?","$","?","E","T","T","E","?","M","$","E","R","M","M","R","?","M","M","M","B",null,"R","M","M","M","?","?","M","R","T","T","M","R","?","M","$","M","?","E","R","$","M","B",null,"R","M","M","?","M","M","M","?","T","T","E","M","?","R","$","R","E","R","M","$","M","B",null,"E","$","R","B","B",null],"character_chosen":"SLIMEBOUND","items_purchased":["Guardian:BottledAnomaly","Guardian:GemstoneGun","ClockworkSouvenir","Medical Kit","Flash of Steel+1"],"campfire_rested":1,"item_purchase_floors":[44,62,67,72,72],"current_hp_per_floor":[47,52,52,42,45,27,23,23,23,15,15,15,18,17,17,27,26,26,34,48,62,62,64,65,65,65,65,65,49,49,63,63,63,63,61,71,71,75,75,75,75,54,54,54,75,75,75,75,75,75,75,75,75,31,74,74,74,89,89,89,89,89,89,89,89,89,89,89,89,89,64,64,89,89,89],"gold":67,"neow_bonus":"THREE_RARE_CARDS","is_daily":false,"chose_seed":false,"campfire_upgraded":10,"win_rate":0.0,"timestamp":1613012955,"path_taken":["R","M","?","?","$","?","E","T","T","E","?","M","$","E","R","M","?","R","?","M","M","M","BOSS","R","M","M","M","?","?","M","R","T","T","M","R","?","M","$","?","?","E","R","$","M","BOSS","R","M","M","?","M","?","M","?","T","T","E","M","?","R","?","R","E","R","M","$","M","BOSS","E","$","R","BOSS","BOSS"],"items_purchased_type":["Relic","Relic","Relic","Relic","Card"],"build_version":"2020-12-22","purchased_purges":5,"victory":true,"max_hp_per_floor":[65,65,65,65,65,65,65,65,65,65,65,65,65,65,65,65,65,65,65,65,65,65,65,65,65,65,65,65,65,65,65,65,65,65,65,75,75,75,75,75,75,75,75,75,75,75,75,75,75,75,75,75,75,75,89,89,89,89,89,89,89,89,89,89,89,89,89,89,89,89,89,89,89,89,89],"card_choices":[{"not_picked":["Slimebound:OozeBath","Slimebound:WasteNot"],"picked":"Slimebound:RallyTheTroops","floor":0.0},{"not_picked":["Slimebound:SplitBruiser","Slimebound:ViciousTackle"],"picked":"Slimebound:Repurpose","floor":2.0},{"not_picked":["Slimebound:SpikyOuterGoop","Slimebound:RejuvenatingLick"],"picked":"Slimebound:GoopSpray","floor":4.0},{"not_picked":["Slimebound:SplitLeeching","Slimebound:GoopTackle+1"],"picked":"Slimebound:LevelUp","floor":5.0},{"not_picked":["Slimebound:FinishingTackle+1","Slimebound:SplitBruiser","Slimebound:SamplingLick"],"picked":"SKIP","floor":7.0},{"not_picked":["Slimebound:LeadByExample","Slimebound:ProtectTheBoss"],"picked":"Slimebound:LeechEnergy+1","floor":10.0},{"not_picked":["Slimebound:LivingWall","Slimebound:FinishingTackle+1","Slimebound:SplitBruiser"],"picked":"SKIP","floor":12.0},{"not_picked":["Slimebound:ItLooksTasty+1","Slimebound:PressTheAttack+1"],"picked":"Slimebound:Nibble+1","floor":13.0},{"not_picked":["Slimebound:ProtectTheBoss","Slimebound:DuplicatedForm"],"picked":"Slimebound:LeechLife+1","floor":14.0},{"not_picked":["Slimebound:Prepare","Slimebound:RejuvenatingLick"],"picked":"Slimebound:Nibble+1","floor":16.0},{"not_picked":["Slimebound:SplitAcid","Slimebound:GoopSpray","Slimebound:FlameTackle+1"],"picked":"SKIP","floor":17.0},{"not_picked":["Slimebound:Schlurp","Slimebound:ProtectTheBoss","Slimebound:Prepare"],"picked":"SKIP","floor":20.0},{"not_picked":["Slimebound:SplitMire","Slimebound:FormOfPuddle"],"picked":"Slimebound:SpikyOuterGoop","floor":21.0},{"not_picked":["Slimebound:LivingWall","Slimebound:PrepareCrush","Slimebound:Schlurp"],"picked":"SKIP","floor":22.0},{"not_picked":["Slimebound:LivingWall","Slimebound:PrepareCrush"],"picked":"Slimebound:Schlurp","floor":22.0},{"not_picked":["Slimebound:DuplicatedForm","Slimebound:Teamwork"],"picked":"Slimebound:OneTwoCombo+1","floor":23.0},{"not_picked":["Slimebound:SlimeBrawl+1","Slimebound:Prepare","Slimebound:Grow"],"picked":"SKIP","floor":26.0},{"not_picked":["Slimebound:MegaLick","Slimebound:ForwardTackle+1"],"picked":"Slimebound:SlimeBarrage+1","floor":27.0},{"not_picked":["Slimebound:ComboTackle+1","Slimebound:LivingWall+1","Slimebound:HauntingLick"],"picked":"SKIP","floor":28.0},{"not_picked":["Slimebound:Replication+1","Slimebound:SplitBruiser","Slimebound:LeechEnergy+1"],"picked":"SKIP","floor":31.0},{"not_picked":["Slimebound:LivingWall","Slimebound:LeechingTouch+1"],"picked":"Slimebound:GrowthPunch+1","floor":35.0},{"not_picked":["Slimebound:FinishingTackle+1","Slimebound:SpikyOuterGoop+1"],"picked":"Slimebound:Teamwork","floor":38.0},{"not_picked":["Slimebound:AcidTongue+1","Slimebound:RejuvenatingLick","Slimebound:Grow"],"picked":"SKIP","floor":39.0},{"not_picked":["Slimebound:SplitBruiser","Slimebound:TongueLash+1","Slimebound:FinishingTackle+1"],"picked":"SKIP","floor":40.0},{"not_picked":["Slimebound:HauntingLick","Slimebound:LeechingTouch+1"],"picked":"Slimebound:DouseInSlime","floor":41.0},{"not_picked":["Slimebound:SplitLeeching+1","Slimebound:Grow"],"picked":"Slimebound:SplitMire+1","floor":42.0},{"not_picked":["Slimebound:ItLooksTasty+1","Slimebound:GoopTackle+1","Slimebound:PressTheAttack+1"],"picked":"SKIP","floor":45.0},{"not_picked":["Slimebound:HauntingLick","Slimebound:RollThrough+1"],"picked":"Slimebound:LeadByExample+1","floor":49.0},{"not_picked":["Slimebound:Equalize+1","Slimebound:SlimeTap"],"picked":"Slimebound:Gluttony","floor":50.0},{"not_picked":["Slimebound:Equalize+1","Slimebound:SlimeTap","Slimebound:LivingWall+1"],"picked":"SKIP","floor":52.0},{"not_picked":["Slimebound:SlimeTap+1","Slimebound:HauntingLick","Slimebound:Schlurp+1"],"picked":"SKIP","floor":53.0},{"not_picked":["Slimebound:GoopSpray+1","Slimebound:LivingWall+1"],"picked":"Slimebound:MinionMaster","floor":54.0},{"not_picked":["Slimebound:GoopTackle+1","Slimebound:FlameTackle+1","Slimebound:Schlurp+1"],"picked":"SKIP","floor":58},{"not_picked":["Slimebound:FinishingTackle+1","Slimebound:GoopTackle+1","Slimebound:SpikyOuterGoop"],"picked":"SKIP","floor":59},{"not_picked":["Slimebound:GoopSpray","Slimebound:LevelUp+1","Slimebound:SplitBruiser"],"picked":"SKIP","floor":64},{"not_picked":["Slimebound:SplitBruiser","Slimebound:LevelUp"],"picked":"Slimebound:SplitLeeching+1","floor":66},{"not_picked":["Slimebound:SplitLeeching","Slimebound:Dissolve","Slimebound:ComboTackle+1"],"picked":"SKIP","floor":68},{"not_picked":["Slimebound:SplitLeeching","Slimebound:Dissolve"],"picked":"Slimebound:ComboTackle+1","floor":68},{"not_picked":["Slimebound:BestDefense","Slimebound:ForwardTackle+1","Slimebound:SplitMire+1"],"picked":"SKIP","floor":71}],"player_experience":2463455,"relics_obtained":[{"floor":4.0,"key":"Molten Egg 2"},{"floor":7.0,"key":"Shuriken"},{"floor":8.0,"key":"Bronze Scales"},{"floor":9.0,"key":"Sundial"},{"floor":10.0,"key":"Bag of Preparation"},{"floor":14.0,"key":"Toy Ornithopter"},{"floor":29.0,"key":"Necronomicon"},{"floor":33.0,"key":"Lantern"},{"floor":41.0,"key":"StrikeDummy"},{"floor":42.0,"key":"Gremlin Horn"},{"floor":55,"key":"Mango"},{"floor":56,"key":"Pen Nib"},{"floor":57,"key":"Mummified Hand"},{"floor":58,"key":"Blood Vial"},{"floor":58,"key":"Thread and Needle"},{"floor":64,"key":"Blue Candle"},{"floor":64,"key":"HornCleat"},{"floor":71,"key":"Bottled Tornado"},{"floor":71,"key":"Eternal Feather"}],"event_choices":[{"damage_healed":0.0,"max_hp_gain":0.0,"max_hp_loss":0.0,"gold_gain":0.0,"event_name":"The Library","player_choice":"Read","floor":30.0,"gold_loss":0.0,"damage_taken":0.0,"cards_obtained":["Slimebound:Dissolve"]},{"cards_removed":["Slimebound:Nibble"],"damage_healed":0,"gold_gain":0,"player_choice":"Removed Attack","damage_taken":0,"max_hp_gain":0,"max_hp_loss":0,"event_name":"Falling","floor":60,"gold_loss":0}],"is_beta":false,"boss_relics":[{"not_picked":["Astrolabe","Fusion Hammer"],"picked":"Slimebound:AbsorbEndCombatUpgraded"},{"not_picked":["SacredBark","Sozu"],"picked":"Black Star"}],"items_purged_floors":[5,13,39,44,62],"is_endless":false,"potions_floor_spawned":[2,7,12,14,17,20,21,26,28,35,40,46,49,52,58,64,68,71],"ascension_level":1}}