{"host":"bplbr8uekuotory4","time":1613026092,"event":{"mods":["Act Like it!","BaseMod","GungeonMod","Hermit","KinomotoSakuraMod(ƒæ÷Æ±æ”£)","Marisa£®ÏF”Í°°ƒß¿Ì…≥£©","Minty Spire (QoL Compilation)","Prisma Mod","Quick Restart","Reimu£®≤©¿ˆ¡È√Œ£©","SOS£®Àπ∞Õ¥Ô÷Æ◊”£©","Spicy Shops","StSLib","TestMod","The Blackbeard","The Cursed","The Mystic","The Poker Player","The Saiyan","The Senshi","The Servant 0.9.4","Yuri Mod","[IsaacMod]“‘»ˆº‚À˛"],"gold_per_floor":[114,114,114,128,13,39,39,54,54,93,16,16,16,37,37,143,193,218,218,317,329,329,329,345,345,419,438,438,476,488,57,57,159,159,180,207,1206,956,992,992,992,992,1061,1082,601,643,643,643,643,687,687,687,417,472,511],"floor_reached":56,"language":"ZHS","playtime":2113,"items_purged":["TheCursedMod:Strike_TheCursed","TheCursedMod:Defend_TheCursed","TheCursedMod:Strike_TheCursed","TheCursedMod:Strike_TheCursed","TheCursedMod:Defend_TheCursed","Normality","Normality","TheCursedMod:Strike_TheCursed+1","TheCursedMod:Obscuration+1","Shame"],"score":1996,"play_id":"806b7fb6-9893-459a-9bd2-c52e848dbb97","local_time":"20210211144812","is_ascension_mode":true,"campfire_choices":[{"data":"TheCursedMod:CleanUpWorkshop","floor":7.0,"key":"SMITH"},{"data":"TheCursedMod:CursedWand","floor":15.0,"key":"SMITH"},{"data":"TheCursedMod:StunningStrike","floor":23,"key":"SMITH"},{"data":"TheCursedMod:CursedShiv","floor":28,"key":"SMITH"},{"data":"TheCursedMod:Evocation","floor":32,"key":"SMITH"},{"data":"TheCursedMod:SurpriseAttack","floor":40,"key":"SMITH"},{"floor":47,"key":"RECALL"},{"floor":49,"key":"REST"},{"floor":52,"key":"REST"}],"circlet_count":0,"master_deck":["TheCursedMod:CursedWand+1","TheCursedMod:CleanUpWorkshop+1","TheCursedMod:Dregs","TheCursedMod:CursedShiv+1","TheCursedMod:Evocation+1","TheCursedMod:FleshFromBone+1","TheCursedMod:StunningStrike+1","TheCursedMod:SurpriseAttack+1","TheCursedMod:ReleasedStrength+1","TheCursedMod:AntiAging+1","Jack Of All Trades+1","TheCursedMod:CircleOfAbyss+1"],"relics":["TheCursedMod:BlackMagic101","testmod-TestBox","HushsDoor","SteamSale","testmod-Nine","NeowsBlessing","Tea:ReiMu","testmod-TheFather","Toolbox","D6","Toxic Egg 2","Kunai","DemoMod:MeatBun","Tiny House","GuppysTail","GuppysPaw","SatanicBible","BelialBook","NineLifeCat","DemoMod:GlassGuonStoneRelic","Nilry\u0027s Codex","Orichalcum","InkBottle","DeathBook","TentaclePot:ReiMu","DemoMod:ClearGuonStone","TheAbacus","testmod-DeterminationOfClimber","Shuriken","BookOfRevelations","Anchor","testmod-TurbochargingSystem","BFFS","Lee\u0027s Waffle","Pocketwatch","testmod-Hope","Membership Card","Art of War","TheCursedMod:BloodyHarpoon","Chemical X","HowToJump","YumHeart","HornCleat"],"acts_visited":["Exordium","TheCity","TheBeyond","TheEnding"],"potions_floor_usage":[16,55,55,55],"damage_taken":[{"damage":0.0,"enemies":"Small Slimes","floor":1.0,"turns":1.0},{"damage":0.0,"enemies":"2 Louse","floor":4.0,"turns":1.0},{"damage":0.0,"enemies":"3 Sentries","floor":6.0,"turns":1.0},{"damage":0.0,"enemies":"Jaw Worm","floor":8.0,"turns":2.0},{"damage":32.0,"enemies":"Lagavulin","floor":10.0,"turns":6.0},{"damage":0.0,"enemies":"Exordium Thugs","floor":14.0,"turns":2.0},{"damage":30,"enemies":"Hexaghost","floor":16,"turns":9},{"damage":0,"enemies":"3 Byrds","floor":18,"turns":1},{"damage":0,"enemies":"Shell Parasite","floor":21,"turns":2},{"damage":0,"enemies":"Chosen and Byrds","floor":24,"turns":2},{"damage":0,"enemies":"Snecko","floor":27,"turns":2},{"damage":0,"enemies":"Gremlin Leader","floor":29,"turns":2},{"damage":0,"enemies":"3 Cultists","floor":30,"turns":1},{"damage":0,"enemies":"Champ","floor":33,"turns":1},{"damage":0,"enemies":"3 Darklings","floor":35,"turns":1},{"damage":0,"enemies":"3 Shapes","floor":36,"turns":1},{"damage":0,"enemies":"Transient","floor":39,"turns":4},{"damage":0,"enemies":"Jaw Worm Horde","floor":44,"turns":1},{"damage":0,"enemies":"Nemesis","floor":46,"turns":1},{"damage":0,"enemies":"Awakened One","floor":50,"turns":2},{"damage":0,"enemies":"Shield and Spear","floor":54,"turns":1},{"damage":0,"enemies":"The Heart","floor":55,"turns":3}],"seed_played":"5175286747940467521","potions_obtained":[{"floor":4.0,"key":"testmod-TimePotion"},{"floor":8.0,"key":"PowerPotion"},{"floor":16,"key":"AttackPotion"},{"floor":17,"key":"Dexterity Potion"},{"floor":18,"key":"Fire Potion"},{"floor":29,"key":"testmod-TestPotion"},{"floor":33,"key":"Strength Potion"}],"is_trial":false,"path_per_floor":["M","?","T","M","$","E","R","M","T","E","$","?","?","M","R","B",null,"M","?","?","M","?","R","M","?","T","M","R","E","M","$","R","B",null,"M","M","?","$","M","R","?","?","T","M","$","E","R","?","R","B",null,"R","$","E","B",null],"character_chosen":"THE_CURSED","items_purchased":["Toolbox","DemoMod:MeatBun","GuppysTail","GuppysPaw","SatanicBible","BelialBook","NineLifeCat","DeathBook","TentaclePot:ReiMu","DemoMod:ClearGuonStone","TheAbacus","BookOfRevelations","Anchor","testmod-TurbochargingSystem","BFFS","Lee\u0027s Waffle","testmod-Hope","Membership Card","Art of War","TheCursedMod:BloodyHarpoon","Chemical X","HowToJump","YumHeart"],"campfire_rested":2,"item_purchase_floors":[5,11,17,17,17,17,17,31,31,31,31,45,45,45,45,45,53,53,53,53,53,53,53],"current_hp_per_floor":[75,68,68,68,68,68,75,75,75,43,57,57,57,57,75,45,4,4,4,4,4,4,4,4,4,4,4,4,4,4,4,4,4,4,7,10,10,10,13,13,13,13,13,16,23,26,26,26,26,29,29,29,29,32,35],"gold":511,"neow_bonus":"THREE_ENEMY_KILL","is_daily":false,"chose_seed":false,"campfire_upgraded":6,"win_rate":0.0,"timestamp":1613026092,"path_taken":["M","?","?","M","$","E","R","?","T","E","$","?","?","M","R","BOSS","M","?","?","?","?","R","?","?","T","M","R","E","?","$","R","BOSS","M","M","?","$","M","R","?","?","T","M","$","E","R","?","R","BOSS","R","$","E","BOSS"],"items_purchased_type":["Relic","Relic","Relic","Relic","Relic","Relic","Relic","Relic","Relic","Relic","Relic","Relic","Relic","Relic","Relic","Relic","Relic","Relic","Relic","Relic","Relic","Relic","Relic"],"build_version":"2020-12-22","purchased_purges":10,"victory":true,"max_hp_per_floor":[75,75,75,75,75,75,75,75,75,75,75,75,75,75,75,75,4,4,4,4,4,4,4,4,4,4,4,4,4,4,4,4,4,4,7,10,10,10,13,13,13,13,13,16,23,26,26,26,26,29,29,29,29,32,35],"card_choices":[{"not_picked":["TheCursedMod:CursedAmulet","TheCursedMod:SoulCrush"],"picked":"TheCursedMod:CursedShiv","floor":1.0},{"not_picked":["TheCursedMod:CircleOfFocus","TheCursedMod:DoubleShield"],"picked":"TheCursedMod:Evocation","floor":4.0},{"not_picked":["TheCursedMod:Wield","TheCursedMod:DoubleShield","TheCursedMod:SpreadPlague"],"picked":"SKIP","floor":6.0},{"not_picked":["TheCursedMod:SpitefulPlan","TheCursedMod:SmokeScreen","TheCursedMod:CircleOfFlame"],"picked":"SKIP","floor":8.0},{"not_picked":["TheCursedMod:SpitefulPlan","TheCursedMod:Wield"],"picked":"TheCursedMod:FleshFromBone+1","floor":10.0},{"not_picked":["TheCursedMod:CursedAmulet+1","TheCursedMod:CursedStaff"],"picked":"TheCursedMod:Obscuration+1","floor":14.0},{"not_picked":["TheCursedMod:AntiAging+1","TheCursedMod:VoidForm"],"picked":"TheCursedMod:StunningStrike","floor":16},{"not_picked":["TheCursedMod:Wield","TheCursedMod:CursedMace"],"picked":"TheCursedMod:SurpriseAttack","floor":17},{"not_picked":["TheCursedMod:Grudge+1","TheCursedMod:VitalStrike+1","TheCursedMod:TacticalStrike"],"picked":"SKIP","floor":18},{"not_picked":["TheCursedMod:BlessingInDisguise+1","TheCursedMod:CursedMace","TheCursedMod:CircleOfCorruption+1"],"picked":"SKIP","floor":21},{"not_picked":["TheCursedMod:BlessingInDisguise+1","TheCursedMod:CursedShiv+1"],"picked":"TheCursedMod:ReleasedStrength+1","floor":24},{"not_picked":["TheCursedMod:RavingStaff","TheCursedMod:SmokeScreen+1","TheCursedMod:BlessingInDisguise+1"],"picked":"SKIP","floor":27},{"not_picked":["TheCursedMod:SpitefulStrike","TheCursedMod:VitalStrike","TheCursedMod:TroublousMinions+1"],"picked":"SKIP","floor":29},{"not_picked":["TheCursedMod:SurpriseAttack","TheCursedMod:EmpowerCircles","TheCursedMod:TacticalStrike"],"picked":"SKIP","floor":30},{"not_picked":["TheCursedMod:DarkBarrier+1","TheCursedMod:CursedRelics"],"picked":"TheCursedMod:AntiAging+1","floor":33},{"not_picked":["TheCursedMod:FleshFromBone+1","TheCursedMod:CursedStaff","TheCursedMod:SurpriseAttack"],"picked":"SKIP","floor":35},{"not_picked":["TheCursedMod:ReleasedStrength+1","TheCursedMod:CursedArmor+1","TheCursedMod:RavingStaff+1"],"picked":"SKIP","floor":36},{"not_picked":["TheCursedMod:Hemoplague+1","TheCursedMod:RavingStaff","TheCursedMod:CursedAmulet+1"],"picked":"SKIP","floor":39},{"not_picked":["testmod-DeathImprint","Good Instincts+1"],"picked":"Jack Of All Trades+1","floor":41},{"not_picked":["TheCursedMod:Torture+1","TheCursedMod:CursedAmulet+1","TheCursedMod:DoubleShield+1"],"picked":"SKIP","floor":44},{"not_picked":["TheCursedMod:CursedBlade+1","TheCursedMod:FuryStrike"],"picked":"TheCursedMod:CircleOfAbyss+1","floor":46},{"not_picked":["TheCursedMod:Grudge+1","TheCursedMod:CircleOfWindfury+1","TheCursedMod:SmokeScreen+1"],"picked":"SKIP","floor":54}],"player_experience":1134296,"relics_obtained":[{"floor":3.0,"key":"testmod-TheFather"},{"floor":6.0,"key":"D6"},{"floor":9.0,"key":"Toxic Egg 2"},{"floor":10.0,"key":"Kunai"},{"floor":22,"key":"Nilry\u0027s Codex"},{"floor":29,"key":"InkBottle"},{"floor":43,"key":"Shuriken"},{"floor":46,"key":"Pocketwatch"},{"floor":54,"key":"HornCleat"}],"event_choices":[{"damage_healed":0.0,"max_hp_gain":0.0,"max_hp_loss":0.0,"gold_gain":0.0,"event_name":"Scrap Ooze","player_choice":"Success","floor":2.0,"gold_loss":0.0,"damage_taken":7.0,"relics_obtained":["Tea:ReiMu"]},{"damage_healed":0.0,"max_hp_gain":0.0,"max_hp_loss":0.0,"gold_gain":0.0,"event_name":"Golden Wing","player_choice":"Ignored","floor":12.0,"gold_loss":0.0,"damage_taken":0.0},{"cards_removed":["TheCursedMod:Defend_TheCursed"],"damage_healed":0.0,"max_hp_gain":0.0,"max_hp_loss":0.0,"gold_gain":0.0,"event_name":"Living Wall","player_choice":"Forget","floor":13.0,"gold_loss":0.0,"damage_taken":0.0},{"cards_removed":["TheCursedMod:Defend_TheCursed"],"damage_healed":0,"gold_gain":0,"player_choice":"Purged","damage_taken":0,"max_hp_gain":0,"max_hp_loss":0,"event_name":"Purifier","floor":19,"gold_loss":0},{"damage_healed":0,"gold_gain":99,"player_choice":"Stole From Cult","damage_taken":0,"max_hp_gain":0,"max_hp_loss":0,"event_name":"Nest","floor":20,"gold_loss":0},{"damage_healed":0,"gold_gain":0,"player_choice":"Obtained Book","damage_taken":16,"max_hp_gain":0,"max_hp_loss":0,"event_name":"Cursed Tome","floor":22,"gold_loss":0},{"damage_healed":0,"gold_gain":0,"player_choice":"Stole Relic","damage_taken":0,"relics_obtained":["Orichalcum"],"max_hp_gain":0,"max_hp_loss":0,"event_name":"Addict","floor":25,"gold_loss":0,"cards_obtained":["Shame"]},{"damage_healed":0,"gold_gain":999,"player_choice":"Gold","damage_taken":0,"max_hp_gain":0,"max_hp_loss":0,"event_name":"MindBloom","floor":37,"gold_loss":0,"cards_obtained":["Normality","Normality"]},{"damage_healed":0,"gold_gain":0,"player_choice":"Memory 1","damage_taken":0,"max_hp_gain":0,"max_hp_loss":0,"event_name":"SensoryStone","floor":41,"gold_loss":0},{"damage_healed":0,"gold_gain":0,"player_choice":"Ignored","damage_taken":0,"max_hp_gain":0,"max_hp_loss":0,"event_name":"Tomb of Lord Red Mask","floor":48,"gold_loss":0}],"is_beta":false,"boss_relics":[{"not_picked":["testmod-BatchProcessingSystem","Velvet Choker"],"picked":"Tiny House"},{"not_picked":[]},{"not_picked":["Fusion Hammer","Empty Cage"],"picked":"testmod-DeterminationOfClimber"},{"not_picked":[]}],"items_purged_floors":[5,17,17,31,31,38,38,45,53,53],"is_endless":false,"potions_floor_spawned":[4,8,16,18,27,29,33,35,36,46,54],"ascension_level":4}}