{"host":"8d3fefv2347kqkpz","time":1613077473,"event":{"mods":["AchievementEnabler","Act Like it!","BaseMod","Better Vampires","Colored Map","Colored Powertips","Downfall","GifTheSpireLib","Highlight Path","Minty Spire (QoL Compilation)","Quick Restart","Rare Cards Sparkle","Relic Stats","Replay The Spire","Spicy Shops","StSLib","Waifu the Spire"],"gold_per_floor":[116,136,65,140,158,158,191,202,202,202,127,137,151,163,163,259,259,277,294,312,327,327,359,359,369,394,394,184,184,184,271,271,372,372,391,115,115,115,130,161,161,179,254,287,304,304,316,326,326,326],"floor_reached":51,"language":"ZHS","playtime":2841,"items_purged":["Strike_P","Defend_P","Defend_P"],"score":1058,"play_id":"d123fb60-c6b8-48f1-ba7a-64d87f1f228b","local_time":"20210212050433","is_ascension_mode":false,"campfire_choices":[{"data":"Eruption","floor":6.0,"key":"SMITH"},{"data":"MentalFortress","floor":10.0,"key":"SMITH"},{"data":"Adaptation","floor":24.0,"key":"SMITH"},{"data":"Scrawl","floor":30.0,"key":"SMITH"},{"floor":32.0,"key":"REST"},{"data":"ClearTheMind","floor":41,"key":"SMITH"},{"floor":46,"key":"REST"},{"data":"InnerPeace","floor":49,"key":"SMITH"}],"circlet_count":0,"master_deck":["Strike_P+1","Strike_P+1","Defend_P+1","Eruption+1","Vigilance+1","ClearTheMind+1","MentalFortress+1","BattleHymn+1","FearNoEvil","Consecrate","LikeWater","Tantrum+1","EmptyMind","Adaptation+1","Scrawl+1","ThirdEye","InnerPeace+1","Adaptation+1"],"relics":["PureWater","StoneCalendar","Pantograph","Snack Pack","Replay:Bottled Steam","Pen Nib","Nunchaku","Sozu","Happy Flower","Whetstone","Bottled Lightning","War Paint"],"acts_visited":["TheCity","TheBeyond"],"potions_floor_usage":[37,42,44],"damage_taken":[{"damage":0.0,"enemies":"Cultist","floor":1.0,"turns":2.0},{"damage":0.0,"enemies":"2 Louse","floor":2.0,"turns":2.0},{"damage":1.0,"enemies":"Jaw Worm","floor":5.0,"turns":5.0},{"damage":28.0,"enemies":"Gremlin Nob","floor":7.0,"turns":4.0},{"damage":3.0,"enemies":"Red Slaver","floor":8.0,"turns":4.0},{"damage":9.0,"enemies":"Exordium Wildlife","floor":12.0,"turns":6.0},{"damage":12.0,"enemies":"Large Slime","floor":13.0,"turns":5.0},{"damage":0.0,"enemies":"3 Louse","floor":14.0,"turns":1.0},{"damage":0.0,"enemies":"The Guardian","floor":16.0,"turns":8.0},{"damage":0.0,"enemies":"Shell Parasite","floor":18.0,"turns":5.0},{"damage":2.0,"enemies":"Chosen","floor":19.0,"turns":3.0},{"damage":8.0,"enemies":"Snecko","floor":20.0,"turns":5.0},{"damage":10.0,"enemies":"Snake Plant","floor":21.0,"turns":5.0},{"damage":8.0,"enemies":"Gremlin Leader","floor":23.0,"turns":7.0},{"damage":8.0,"enemies":"Centurion and Healer","floor":25.0,"turns":5.0},{"damage":20.0,"enemies":"Pondfish","floor":33.0,"turns":6.0},{"damage":0,"enemies":"3 Darklings","floor":35,"turns":2},{"damage":0,"enemies":"3 Shapes","floor":37,"turns":1},{"damage":0,"enemies":"Maw","floor":39,"turns":2},{"damage":0,"enemies":"Giant Head","floor":40,"turns":5},{"damage":30,"enemies":"4 Shapes","floor":42,"turns":6},{"damage":24,"enemies":"R_Hoarder","floor":44,"turns":7},{"damage":0,"enemies":"Jaw Worm Horde","floor":45,"turns":1},{"damage":0,"enemies":"Sphere and 2 Shapes","floor":47,"turns":2},{"damage":0,"enemies":"4 Shapes","floor":48,"turns":2},{"damage":0,"enemies":"Donu and Deca","floor":50,"turns":4}],"seed_played":"8611211226648064481","potions_obtained":[{"floor":2.0,"key":"PowerPotion"},{"floor":5.0,"key":"Ancient Potion"},{"floor":7.0,"key":"ColorlessPotion"},{"floor":13.0,"key":"Fire Potion"},{"floor":14.0,"key":"LifebloodPotion"},{"floor":18.0,"key":"Weak Potion"},{"floor":21.0,"key":"Toxic Potion"},{"floor":23.0,"key":"SmokeBomb"},{"floor":25.0,"key":"AttackPotion"}],"is_trial":false,"path_per_floor":["M","M","$","?","M","R","E","M","T","R","$","M","M","M","R_BF","B",null,"M","M","M","M","?","E","R","M","T","?","$","?","R","?","R","B",null,"M","$","M","?","M","E","R","M","T","E","M","R","M","M","R","B",null],"character_chosen":"WATCHER","items_purchased":["MentalFortress","InnerPeace","Happy Flower"],"campfire_rested":2,"item_purchase_floors":[3,28,36],"current_hp_per_floor":[65,65,65,54,53,53,25,22,22,22,22,13,7,9,28,61,65,65,65,61,53,53,51,51,51,51,51,51,51,51,35,54,57,65,65,65,65,65,65,65,65,39,39,25,31,50,56,64,64,65],"gold":326,"neow_bonus":"ONE_RARE_RELIC","is_daily":false,"chose_seed":false,"campfire_upgraded":6,"win_rate":0.0,"timestamp":1613077473,"path_taken":["M","?","$","?","M","R","E","M","T","R","$","M","M","M","R_BF","BOSS","M","M","M","M","?","E","R","?","T","?","$","?","R","?","R","BOSS","M","$","?","?","M","E","R","M","T","E","M","R","?","M","R","BOSS"],"items_purchased_type":["Card","Card","Relic"],"build_version":"2020-12-22","purchased_purges":3,"victory":true,"max_hp_per_floor":[65,65,65,65,65,65,65,65,65,65,65,65,65,65,65,65,65,65,65,65,65,65,65,65,65,65,65,65,65,65,65,65,65,65,65,65,65,65,65,65,65,65,65,65,65,65,65,65,65,65],"relic_stats":{"Sozu":4,"Nunchaku":[21],"Happy Flower":[10],"counters":[26,105],"Pantograph":37,"StoneCalendar":[52],"Pen Nib":[21],"Whetstone":["Strike_P","Strike_P"],"War Paint":["Defend_P","Vigilance"],"obtain_stats":[{"Sozu":34,"Nunchaku":31,"Happy Flower":36,"Pantograph":7,"StoneCalendar":0,"Pen Nib":26,"Snack Pack":9,"Whetstone":40,"Bottled Lightning":43,"PureWater":0,"War Paint":44,"Replay:Bottled Steam":23},{"Sozu":16,"Nunchaku":15,"Happy Flower":17,"Pantograph":4,"StoneCalendar":0,"Pen Nib":15,"Snack Pack":5,"Whetstone":20,"Bottled Lightning":21,"PureWater":0,"War Paint":22,"Replay:Bottled Steam":14},{"Sozu":73,"Nunchaku":67,"Happy Flower":75,"Pantograph":13,"StoneCalendar":0,"Pen Nib":67,"Snack Pack":17,"Whetstone":83,"Bottled Lightning":89,"PureWater":0,"War Paint":96,"Replay:Bottled Steam":62}]},"card_choices":[{"not_picked":["EmptyFist","Pray","Swivel"],"picked":"SKIP","floor":1.0},{"not_picked":["Wireheading","Replay:BluntJabs"],"picked":"ClearTheMind","floor":2.0},{"not_picked":["WheelKick","Pray"],"picked":"BattleHymn","floor":5.0},{"not_picked":["Weave","LikeWater"],"picked":"FearNoEvil","floor":7.0},{"not_picked":["EmptyFist","ThirdEye","TalkToTheHand"],"picked":"SKIP","floor":8.0},{"not_picked":["Establishment","FlyingSleeves"],"picked":"Consecrate","floor":12.0},{"not_picked":["SashWhip","WreathOfFlame"],"picked":"LikeWater","floor":13.0},{"not_picked":["Collect","Sanctity","Evaluate"],"picked":"SKIP","floor":14.0},{"not_picked":["ThirdEye","FlurryOfBlows"],"picked":"Tantrum+1","floor":18.0},{"not_picked":["EmptyFist","FlyingSleeves"],"picked":"EmptyMind","floor":19.0},{"not_picked":["Replay:AtTheReady","CrushJoints","Replay:Battleflow+1"],"picked":"SKIP","floor":20.0},{"not_picked":["EmptyFist","FlyingSleeves","Evaluate"],"picked":"SKIP","floor":21.0},{"not_picked":["ThirdEye","LikeWater","Evaluate"],"picked":"SKIP","floor":23.0},{"not_picked":["Replay:Cycle","JustLucky","EmptyFist"],"picked":"SKIP","floor":25.0},{"not_picked":["JustLucky+1","FlyingSleeves+1","EmptyBody+1"],"picked":"SKIP","floor":35},{"not_picked":["Study+1","Prostrate+1","BattleHymn+1"],"picked":"SKIP","floor":39},{"not_picked":["ThirdEye+1","FlyingSleeves+1","PathToVictory+1"],"picked":"SKIP","floor":40},{"not_picked":["FlurryOfBlows","FollowUp+1","PathToVictory"],"picked":"SKIP","floor":42},{"not_picked":["CutThroughFate+1","CrushJoints+1","FearNoEvil+1"],"picked":"SKIP","floor":44},{"not_picked":["Prostrate","Replay:BluntJabs+1","FlyingSleeves"],"picked":"SKIP","floor":45},{"not_picked":["Wish","Halt","Protect"],"picked":"SKIP","floor":47},{"not_picked":["Halt","Replay:Anticipation","EmptyBody"],"picked":"SKIP","floor":48}],"player_experience":354258,"relics_obtained":[{"floor":7.0,"key":"Pantograph"},{"floor":9.0,"key":"Snack Pack"},{"floor":23.0,"key":"Replay:Bottled Steam"},{"floor":26.0,"key":"Pen Nib"},{"floor":31.0,"key":"Nunchaku"},{"floor":40,"key":"Whetstone"},{"floor":43,"key":"Bottled Lightning"},{"floor":44,"key":"War Paint"}],"event_choices":[{"damage_healed":0.0,"max_hp_gain":0.0,"max_hp_loss":0.0,"gold_gain":75.0,"event_name":"World of Goop","player_choice":"Gather Gold","floor":4.0,"gold_loss":0.0,"damage_taken":11.0},{"damage_healed":0.0,"max_hp_gain":0.0,"max_hp_loss":0.0,"gold_gain":0.0,"event_name":"Match and Keep!","player_choice":"1 cards matched","floor":22.0,"gold_loss":0.0,"damage_taken":0.0,"cards_obtained":["Adaptation"]},{"damage_healed":0.0,"max_hp_gain":0.0,"max_hp_loss":0.0,"gold_gain":0.0,"cards_transformed":["Strike_P","Defend_P"],"event_name":"Drug Dealer","player_choice":"Became Test Subject","floor":27.0,"gold_loss":0.0,"damage_taken":0.0,"cards_obtained":["Scrawl","ThirdEye"]},{"damage_healed":0.0,"max_hp_gain":0.0,"max_hp_loss":0.0,"gold_gain":0.0,"event_name":"Cursed Tome","player_choice":"Ignored","floor":29.0,"gold_loss":0.0,"damage_taken":0.0},{"damage_healed":0,"gold_gain":0,"player_choice":"Copied","damage_taken":0,"max_hp_gain":0,"max_hp_loss":0,"event_name":"Duplicator","floor":38,"gold_loss":0,"cards_obtained":["Adaptation"]}],"is_beta":false,"boss_relics":[{"not_picked":["ReplayTheSpireMod:DimensionalGlitch","Runic Pyramid","Replay:Grab Bag"]},{"not_picked":["Ring of Chaos","Coffee Dripper"],"picked":"Sozu"}],"items_purged_floors":[11,28,36],"is_endless":false,"potions_floor_spawned":[2,5,7,13,14,18,21,23,25,35,40,42,44,48],"ascension_level":0}}