{"host":"nzc89rt2v0ulh15o","time":1613009127,"event":{"mods":["2.2 Compatiblity","BaseMod","Downfall","Hermit","Hubris","Minty Spire (QoL Compilation)","Replay The Spire","Shop Mod","StSLib","The Bug Knight","The Construct","The Cursed","The Disciple","The Hierophant","The Runesmith","The Servant 0.9.4"],"gold_per_floor":[99,111,126,154,169,204,280,280,280,280,280],"floor_reached":9,"language":"SPA","playtime":361,"items_purged":[],"score":64,"play_id":"b911cd60-7d8a-4be6-8f76-c3098ee47d2b","local_time":"20210210200527","is_ascension_mode":true,"campfire_choices":[{"data":"Slimebound:CorrosiveSpit","floor":1,"key":"SMITH"}],"circlet_count":0,"master_deck":["Slimebound:Strike_Slimebound","Slimebound:Strike_Slimebound","Slimebound:Strike_Slimebound","Slimebound:Tackle","Slimebound:Defend_Slimebound","Slimebound:Defend_Slimebound","Slimebound:Defend_Slimebound","Slimebound:Defend_Slimebound","Slimebound:Split","Slimebound:CorrosiveSpit+1","Slimebound:SplitBruiser","Slimebound:LevelUp","Slimebound:Equalize"],"relics":["Slimebound:AbsorbEndCombat","Ancient Tea Set","Onion Ring","Mirror"],"acts_visited":["Exordium"],"potions_floor_usage":[9],"damage_taken":[{"damage":1,"enemies":"Jaw Worm","floor":2,"turns":4},{"damage":5,"enemies":"2 Louse","floor":3,"turns":2},{"damage":6,"enemies":"Cultist","floor":5,"turns":4},{"damage":29,"enemies":"Lagavulin","floor":6,"turns":7},{"damage":26,"enemies":"3 Sentries","floor":9,"turns":3}],"seed_played":"8307280323595303404","potions_obtained":[{"floor":3,"key":"Energy Potion"},{"floor":4,"key":"SmokeBomb"},{"floor":4,"key":"Regen Potion"}],"is_trial":false,"path_per_floor":["R","M","M","?","M","E","T","T","E"],"character_chosen":"SLIMEBOUND","items_purchased":[],"campfire_rested":0,"item_purchase_floors":[],"current_hp_per_floor":[71,71,66,38,38,21,21,21,0,0,0],"gold":280,"neow_bonus":"TEN_PERCENT_HP_BONUS","is_daily":false,"chose_seed":false,"campfire_upgraded":1,"win_rate":0.0,"timestamp":1613009127,"path_taken":["R","M","M","?","?","E","T","?","E"],"items_purchased_type":[],"build_version":"2020-12-22","purchased_purges":0,"victory":false,"max_hp_per_floor":[71,71,71,71,71,71,71,71,71,71,71],"card_choices":[{"not_picked":["Slimebound:ServeAndProtect","Slimebound:RollThrough"],"picked":"Slimebound:SplitBruiser","floor":2},{"not_picked":["Slimebound:FinishingTackle","Slimebound:MegaLick"],"picked":"Slimebound:LevelUp","floor":3},{"not_picked":["Slimebound:SpikyOuterGoop","Slimebound:SplitAcid"],"picked":"Slimebound:Equalize","floor":4},{"not_picked":["Slimebound:DivideAndConquer","Slimebound:Nibble","Slimebound:FinishingTackle"],"picked":"SKIP","floor":5},{"not_picked":["Slimebound:SplitLeeching","Slimebound:PrepareCrush","Slimebound:Dissolve"],"picked":"SKIP","floor":6}],"player_experience":476034,"relics_obtained":[{"floor":6,"key":"Ancient Tea Set"},{"floor":7,"key":"Onion Ring"},{"floor":8,"key":"Mirror"}],"event_choices":[],"is_beta":false,"boss_relics":[],"items_purged_floors":[],"is_endless":false,"potions_floor_spawned":[3,5],"killed_by":"3 Sentries","ascension_level":1}}