{"host":"7sni158j623xchr2","time":1613004721,"event":{"mods":["BaseMod","Colored Map","Highlight Path","Minty Spire (QoL Compilation)","Permanent Neow","Potion Indicator Mod","Rare Cards Sparkle","Relic Sorter","Relic Stats","StSLib","everything is the same but u backflip on backflip"],"gold_per_floor":[131,318,344,356,387,399,426,473,512,558,61,77,89,116,116,214,214,226,256,256,196,212,212,228,254,277,293,322,340,340,369,369,470,470,486,486,497,512,39,39,39,39,62,284,296,296,326,338,338,338,338,338,28,61,61],"floor_reached":56,"language":"ENG","playtime":2346,"items_purged":["Doubt","Defend_B","Defend_B"],"score":1538,"play_id":"1071bce7-0c13-41f3-b56d-a69398a74c44","local_time":"20210210185201","is_ascension_mode":true,"campfire_choices":[{"data":"Ball Lightning","floor":6,"key":"SMITH"},{"data":"Hologram","floor":15,"key":"SMITH"},{"data":"Meteor Strike","floor":23,"key":"SMITH"},{"data":"Biased Cognition","floor":30,"key":"SMITH"},{"data":"Blizzard","floor":32,"key":"SMITH"},{"floor":40,"key":"RECALL"},{"data":"Biased Cognition","floor":42,"key":"SMITH"},{"data":"Turbo","floor":46,"key":"SMITH"},{"data":"Coolheaded","floor":49,"key":"SMITH"},{"data":"Electrodynamics","floor":52,"key":"SMITH"}],"circlet_count":0,"master_deck":["Strike_B","Defend_B","Defend_B","Zap","Dualcast","Ball Lightning","Ball Lightning+1","Hologram+1","Compile Driver","FTL","Sweeping Beam","Genetic Algorithm","Meteor Strike+1","Conserve Battery+1","Turbo+1","Ghostly","Ghostly","Ghostly","Ghostly","Ghostly","Core Surge","Blizzard+1","Aggregate+1","Coolheaded+1","White Noise+1","Force Field+1","Glacier","Biased Cognition+1","Coolheaded+1","Electrodynamics+1","Cold Snap+1","Biased Cognition+1","Go for the Eyes+1","Heatsinks","Loop+1"],"relics":["Cracked Core","MawBank","Orichalcum","Nunchaku","Bronze Scales","Potion Belt","OrangePellets","Cables","Nuclear Battery","Red Mask","Pen Nib","Smiling Mask","Happy Flower","SlaversCollar","Gremlin Horn","DataDisk","Symbiotic Virus","Toy Ornithopter","Unceasing Top"],"acts_visited":["Exordium","TheCity","TheBeyond","TheEnding"],"potions_floor_usage":[7,8,8,14,25,50,55,55,55,55],"damage_taken":[{"damage":1,"enemies":"Cultist","floor":1,"turns":4},{"damage":1,"enemies":"2 Louse","floor":3,"turns":3},{"damage":0,"enemies":"Small Slimes","floor":5,"turns":2},{"damage":6,"enemies":"Looter","floor":7,"turns":3},{"damage":4,"enemies":"3 Sentries","floor":8,"turns":5},{"damage":20,"enemies":"Lagavulin","floor":10,"turns":6},{"damage":0,"enemies":"2 Fungi Beasts","floor":12,"turns":2},{"damage":12,"enemies":"Gremlin Gang","floor":13,"turns":3},{"damage":10,"enemies":"Gremlin Nob","floor":14,"turns":3},{"damage":7,"enemies":"Hexaghost","floor":16,"turns":7},{"damage":0,"enemies":"3 Byrds","floor":18,"turns":3},{"damage":13,"enemies":"Masked Bandits","floor":19,"turns":4},{"damage":0,"enemies":"Spheric Guardian","floor":22,"turns":3},{"damage":0,"enemies":"Snake Plant","floor":24,"turns":4},{"damage":0,"enemies":"Gremlin Leader","floor":25,"turns":8},{"damage":0,"enemies":"Shelled Parasite and Fungi","floor":27,"turns":4},{"damage":15,"enemies":"Slavers","floor":28,"turns":4},{"damage":0,"enemies":"Cultist and Chosen","floor":29,"turns":5},{"damage":0,"enemies":"Gremlin Leader","floor":31,"turns":6},{"damage":0,"enemies":"Automaton","floor":33,"turns":10},{"damage":0,"enemies":"3 Shapes","floor":35,"turns":4},{"damage":0,"enemies":"3 Darklings","floor":37,"turns":3},{"damage":0,"enemies":"Sphere and 2 Shapes","floor":38,"turns":5},{"damage":0,"enemies":"Maw","floor":45,"turns":7},{"damage":9,"enemies":"Giant Head","floor":47,"turns":8},{"damage":0,"enemies":"Transient","floor":48,"turns":5},{"damage":17,"enemies":"Time Eater","floor":50,"turns":13},{"damage":0,"enemies":"Shield and Spear","floor":54,"turns":3},{"damage":18,"enemies":"The Heart","floor":55,"turns":9}],"seed_played":"8907914167996617939","potions_obtained":[{"floor":1,"key":"Weak Potion"},{"floor":5,"key":"Explosive Potion"},{"floor":7,"key":"BlessingOfTheForge"},{"floor":12,"key":"LiquidBronze"},{"floor":24,"key":"Explosive Potion"},{"floor":25,"key":"FocusPotion"},{"floor":29,"key":"AttackPotion"},{"floor":35,"key":"FocusPotion"},{"floor":47,"key":"FocusPotion"}],"is_trial":false,"path_per_floor":["M","?","M","?","M","R","M","E","T","E","$","M","M","E","R","B",null,"M","?","?","?","M","R","M","E","T","M","E","M","R","E","R","B",null,"M","?","M","M","$","R","?","R","T","?","M","R","E","M","R","B",null,"R","$","E","B",null],"character_chosen":"DEFECT","items_purchased":["OrangePellets","Sweeping Beam","Genetic Algorithm","SteroidPotion","Regen Potion","SpeedPotion","Biased Cognition","Gremlin Horn","Heatsinks","Toy Ornithopter","GamblersBrew"],"campfire_rested":0,"item_purchase_floors":[11,11,11,11,11,11,39,39,53,53,53],"current_hp_per_floor":[74,74,73,70,70,70,64,60,60,40,40,40,28,18,18,11,75,75,62,37,37,37,37,37,37,37,37,22,22,22,22,22,22,37,37,37,37,37,37,37,37,37,37,37,37,37,28,28,28,11,37,37,37,37,31],"gold":61,"neow_bonus":"RANDOM_COMMON_RELIC","is_daily":false,"chose_seed":false,"campfire_upgraded":9,"win_rate":0.0,"timestamp":1613004721,"path_taken":["M","?","M","?","M","R","M","E","T","E","$","M","M","E","R","BOSS","M","?","?","?","?","R","?","E","T","M","E","M","R","E","R","BOSS","M","?","M","M","$","R","?","R","T","?","?","R","E","M","R","BOSS","R","$","E","BOSS"],"items_purchased_type":["Relic","Card","Card","Potion","Potion","Potion","Card","Relic","Card","Relic","Potion"],"build_version":"2020-12-22","purchased_purges":3,"victory":true,"max_hp_per_floor":[75,75,75,75,75,75,75,75,75,75,75,75,75,75,75,75,75,75,75,37,37,37,37,37,37,37,37,37,37,37,37,37,37,37,37,37,37,37,37,37,37,37,37,37,37,37,37,37,37,37,37,37,37,37,37],"relic_stats":{"Happy Flower":[22],"Gremlin Horn":[1,1],"counters":[29,146],"Pen Nib":[16],"Orichalcum":[228],"MawBank":132,"Smiling Mask":125,"Cables":[103,49,23,0,31],"OrangePellets":[22],"Nunchaku":[25],"Bronze Scales":[503],"obtain_stats":[{"Potion Belt":10,"Happy Flower":31,"Gremlin Horn":39,"Pen Nib":25,"Orichalcum":4,"MawBank":0,"Smiling Mask":28,"Cables":14,"Nuclear Battery":17,"OrangePellets":11,"SlaversCollar":34,"Nunchaku":8,"DataDisk":43,"Bronze Scales":9,"Red Mask":19,"Cracked Core":0,"Symbiotic Virus":47,"Toy Ornithopter":53,"Unceasing Top":54},{"Potion Belt":6,"Happy Flower":19,"Gremlin Horn":23,"Pen Nib":15,"Orichalcum":2,"MawBank":0,"Smiling Mask":17,"Cables":9,"Nuclear Battery":10,"OrangePellets":6,"SlaversCollar":20,"Nunchaku":5,"DataDisk":23,"Bronze Scales":5,"Red Mask":12,"Cracked Core":0,"Symbiotic Virus":25,"Toy Ornithopter":27,"Unceasing Top":28},{"Potion Belt":23,"Happy Flower":79,"Gremlin Horn":101,"Pen Nib":60,"Orichalcum":7,"MawBank":0,"Smiling Mask":68,"Cables":31,"Nuclear Battery":38,"OrangePellets":23,"SlaversCollar":89,"Nunchaku":17,"DataDisk":101,"Bronze Scales":17,"Red Mask":45,"Cracked Core":0,"Symbiotic Virus":116,"Toy Ornithopter":134,"Unceasing Top":137}],"Toy Ornithopter":5,"Unceasing Top":[7]},"card_choices":[{"not_picked":["Skim","Conserve Battery","Streamline"],"picked":"SKIP","floor":1},{"not_picked":["Steam Power","Consume"],"picked":"Ball Lightning","floor":3},{"not_picked":["Recycle","Barrage"],"picked":"Ball Lightning","floor":5},{"not_picked":["Fusion","Undo"],"picked":"Hologram","floor":7},{"not_picked":["Undo","Steam"],"picked":"Compile Driver","floor":8},{"not_picked":["Consume","Hologram"],"picked":"FTL","floor":10},{"not_picked":["Compile Driver","Force Field","Hello World"],"picked":"SKIP","floor":12},{"not_picked":["Sweeping Beam","Stack","Heatsinks"],"picked":"SKIP","floor":13},{"not_picked":["Tempest","Streamline","Rip and Tear"],"picked":"SKIP","floor":14},{"not_picked":["Rainbow","Machine Learning"],"picked":"Meteor Strike","floor":16},{"not_picked":["FTL","Redo"],"picked":"Conserve Battery+1","floor":18},{"not_picked":["Doom and Gloom","Leap"],"picked":"Turbo","floor":19},{"not_picked":["Chaos","Stack"],"picked":"Aggregate+1","floor":22},{"not_picked":["Streamline","Hologram"],"picked":"Coolheaded","floor":24},{"not_picked":["Rip and Tear","BootSequence"],"picked":"White Noise+1","floor":25},{"not_picked":["Scrape","Redo"],"picked":"Force Field+1","floor":27},{"not_picked":["Rebound","Go for the Eyes"],"picked":"Glacier","floor":28},{"not_picked":["Auto Shields+1","Skim"],"picked":"Biased Cognition","floor":29},{"not_picked":["Leap+1","Streamline+1"],"picked":"Coolheaded+1","floor":31},{"not_picked":["Thunder Strike","Multi-Cast"],"picked":"Electrodynamics","floor":33},{"not_picked":["Melter+1","Streamline","Conserve Battery+1"],"picked":"SKIP","floor":35},{"not_picked":["Steam","Melter","Barrage"],"picked":"SKIP","floor":37},{"not_picked":["Rip and Tear","Barrage+1"],"picked":"Cold Snap+1","floor":38},{"not_picked":["Turbo","Auto Shields+1","Gash+1"],"picked":"SKIP","floor":45},{"not_picked":["Scrape+1","Undo"],"picked":"Go for the Eyes+1","floor":47},{"not_picked":["Rebound","Sweeping Beam","Stack+1"],"picked":"SKIP","floor":48},{"not_picked":["Beam Cell","Conserve Battery+1"],"picked":"Loop+1","floor":54}],"player_experience":1775122,"relics_obtained":[{"floor":8,"key":"Nunchaku"},{"floor":9,"key":"Bronze Scales"},{"floor":10,"key":"Potion Belt"},{"floor":14,"key":"Cables"},{"floor":19,"key":"Red Mask"},{"floor":25,"key":"Pen Nib"},{"floor":28,"key":"Smiling Mask"},{"floor":31,"key":"Happy Flower"},{"floor":43,"key":"DataDisk"},{"floor":47,"key":"Symbiotic Virus"},{"floor":54,"key":"Unceasing Top"}],"event_choices":[{"damage_healed":0,"gold_gain":175,"player_choice":"AGREE","damage_taken":0,"max_hp_gain":0,"max_hp_loss":0,"event_name":"Liars Game","floor":2,"gold_loss":0,"cards_obtained":["Doubt"]},{"damage_healed":0,"gold_gain":0,"player_choice":"Success","damage_taken":3,"relics_obtained":["Orichalcum"],"max_hp_gain":0,"max_hp_loss":0,"event_name":"Scrap Ooze","floor":4,"gold_loss":0},{"damage_healed":0,"gold_gain":0,"player_choice":"Fought Bandits","damage_taken":0,"max_hp_gain":0,"max_hp_loss":0,"event_name":"Masked Bandits","floor":19,"gold_loss":0},{"damage_healed":0,"gold_gain":0,"player_choice":"Became a Ghost","damage_taken":0,"max_hp_gain":0,"max_hp_loss":38,"event_name":"Ghosts","floor":20,"gold_loss":0,"cards_obtained":["Ghostly","Ghostly","Ghostly","Ghostly","Ghostly"]},{"damage_healed":0,"gold_gain":0,"cards_transformed":["Strike_B","Strike_B"],"player_choice":"Transformed Cards","damage_taken":0,"max_hp_gain":0,"max_hp_loss":0,"event_name":"Designer","floor":21,"gold_loss":60,"cards_obtained":["Core Surge","Blizzard"]},{"cards_removed":["Strike_B"],"damage_healed":0,"gold_gain":0,"player_choice":"Removed Attack","damage_taken":0,"max_hp_gain":0,"max_hp_loss":0,"event_name":"Falling","floor":36,"gold_loss":0},{"damage_healed":0,"gold_gain":0,"player_choice":"Ignored","damage_taken":0,"max_hp_gain":0,"max_hp_loss":0,"event_name":"Mysterious Sphere","floor":41,"gold_loss":0},{"damage_healed":0,"gold_gain":222,"player_choice":"Wore Mask","damage_taken":0,"max_hp_gain":0,"max_hp_loss":0,"event_name":"Tomb of Lord Red Mask","floor":44,"gold_loss":0}],"is_beta":false,"boss_relics":[{"not_picked":["Calling Bell","Busted Crown"],"picked":"Nuclear Battery"},{"not_picked":["Philosopher\u0027s Stone","Runic Dome"],"picked":"SlaversCollar"}],"items_purged_floors":[11,39,53],"is_endless":false,"potions_floor_spawned":[1,5,7,12,24,25,29,35,38,47],"ascension_level":2}}