{"host":"v543qxxvvceaeui9","time":1613026522,"event":{"mods":["BaseMod","BetterRewards","Downfall","Hermit","Hubris","Infinite Spire","Marisa????????","Minty Spire (QoL Compilation)","Quick Restart","Replay The Spire","StSLib"],"gold_per_floor":[99,118,135,150,160,160,210,210,221,121,135,285,285,302,319,319,319,319],"floor_reached":16,"language":"ENG","playtime":1112,"items_purged":[],"score":121,"play_id":"82236e46-c9d7-4e0f-bed4-624cbed31df6","local_time":"20210211015522","is_ascension_mode":false,"campfire_choices":[{"floor":1,"key":"DIG"},{"data":"Guardian:SentryBeam","floor":8,"key":"SMITH"},{"data":"Guardian:TwinSlam","floor":10,"key":"SMITH"},{"data":"Guardian:GuardianWhirl","floor":13,"key":"SMITH"}],"circlet_count":0,"master_deck":["Guardian:Strike_Guardian","Guardian:Strike_Guardian","Guardian:Strike_Guardian","Guardian:Strike_Guardian","Guardian:Defend_Guardian","Guardian:Defend_Guardian","Guardian:Defend_Guardian","Guardian:Defend_Guardian","Guardian:CurlUp","Guardian:TwinSlam+1","Guardian:SentryBeam+1","Guardian:BronzeArmor","Guardian:Gem_White","Guardian:GuardianWhirl+1","downfall:Icky","Guardian:SentryBeam","Guardian:Gem_Green"],"relics":["Guardian:ModeShifter","Blood Vial","downfall:BrokenWingStatue","downfall:HeartBlessingBlue"],"acts_visited":["Exordium"],"potions_floor_usage":[14,15,15,16],"damage_taken":[{"damage":17,"enemies":"infinitespire:Voidling","floor":2,"turns":5},{"damage":7,"enemies":"Small Slimes","floor":3,"turns":4},{"damage":0,"enemies":"2 Louse","floor":4,"turns":2},{"damage":13,"enemies":"Exordium Wildlife","floor":5,"turns":4},{"damage":7,"enemies":"Blue Slaver","floor":9,"turns":4},{"damage":6,"enemies":"3 Louse","floor":11,"turns":4},{"damage":13,"enemies":"Exordium Thugs","floor":14,"turns":5},{"damage":8,"enemies":"Red Slaver","floor":15,"turns":2},{"damage":92,"enemies":"DF_ARCHETYPE_STREAMLINE","floor":16,"turns":14}],"seed_played":"-8102171664632169431","potions_obtained":[{"floor":4,"key":"champ:CounterPotion"},{"floor":5,"key":"LiquidBronze"},{"floor":9,"key":"PowerPotion"},{"floor":15,"key":"Elixir"}],"is_trial":false,"path_per_floor":["R","M","M","M","M","?","T","R","M","R","M","?","R","M","M","B"],"character_chosen":"GUARDIAN","items_purchased":[],"campfire_rested":0,"item_purchase_floors":[],"current_hp_per_floor":[88,84,79,81,70,70,70,70,65,75,71,71,71,60,54,0,0,0],"gold":319,"neow_bonus":"TEN_PERCENT_HP_BONUS","is_daily":false,"chose_seed":false,"campfire_upgraded":3,"win_rate":0.0,"timestamp":1613026522,"path_taken":["R","M","M","M","?","?","T","R","M","R","M","?","R","M","M","BOSS"],"items_purchased_type":[],"build_version":"2020-12-22","purchased_purges":0,"victory":false,"max_hp_per_floor":[88,88,88,88,88,88,88,88,88,98,98,98,98,98,98,98,98,98],"card_choices":[{"not_picked":["Guardian:Planning","Guardian:PrismaticBarrier"],"picked":"Guardian:SentryBeam","floor":2},{"not_picked":["Guardian:Recover","Guardian:WalkerClaw"],"picked":"Guardian:BronzeArmor","floor":3},{"not_picked":["Guardian:CrystalBeam","Guardian:PiercingHide"],"picked":"Guardian:Gem_White","floor":4},{"not_picked":["Guardian:Recover","Guardian:Gem_Cyan"],"picked":"Guardian:Gem_Blue","floor":5},{"not_picked":["Guardian:Planning","Guardian:RefractedBeam"],"picked":"Guardian:Gem_Synthetic","floor":9},{"not_picked":["Guardian:ArmoredProtocol","Guardian:Incinerate"],"picked":"Guardian:GuardianWhirl","floor":11},{"not_picked":["Guardian:PrimingBeam","Guardian:TemporalStrike"],"picked":"Guardian:SentryBeam","floor":14},{"not_picked":["Guardian:PrismaticBeam","Guardian:ExploitGems"],"picked":"Guardian:Gem_Green","floor":15}],"player_experience":317231,"relics_obtained":[{"floor":1,"key":"Blood Vial"}],"event_choices":[],"is_beta":false,"boss_relics":[],"items_purged_floors":[],"is_endless":false,"potions_floor_spawned":[4,5,9,15],"killed_by":"DF_ARCHETYPE_STREAMLINE","ascension_level":0}}