{"host":"g6a9gfzrk472u7l9","time":1613033625,"event":{"mods":["BaseMod","Downfall","Minty Spire (QoL Compilation)","StSLib"],"gold_per_floor":[99,113,113,128,38,52,52,37,37,50,50,82,182,201,212,307,307,307,322,336,348,358,386,386,415,5,21,56,69,69,85,97,196,196,96,113,127,138,148,148,148,163,190,190,190,207,207,218,231,231],"floor_reached":51,"language":"ENG","playtime":3100,"items_purged":["bronze:Strike","bronze:Strike","bronze:Strike"],"score":861,"play_id":"d533e939-e7a1-4b3b-885d-0339ad33cc8a","local_time":"20210211095345","is_ascension_mode":true,"campfire_choices":[{"data":"bronze:Replicate","floor":1.0,"key":"SMITH"},{"data":"bronze:ChosenStrike","floor":11.0,"key":"SMITH"},{"data":"bronze:BurnOut","floor":18.0,"key":"SMITH"},{"data":"bronze:BronzeOrb","floor":30.0,"key":"SMITH"},{"data":"bronze:Refactor","floor":35.0,"key":"SMITH"},{"floor":45,"key":"REST"},{"floor":47,"key":"REST"}],"circlet_count":0,"master_deck":["bronze:Defend","bronze:Defend","bronze:Defend","bronze:Replicate+1","bronze:Goto","bronze:HyperBeam","bronze:BugBarrage","bronze:BugBarrage","bronze:Refactor+1","bronze:ChildClass","bronze:ChosenStrike+1","bronze:BronzeOrb+1","bronze:BurnOut+1","bronze:Shield","bronze:ItsAFeature+1","bronze:FindAndReplace","bronze:Shield","bronze:Shell+1","bronze:Break","bronze:Shield+1","bronze:ItsAFeature"],"relics":["bronze:BronzeCore","Lantern","Lizard Tail","Toy Ornithopter","bronze:MakeshiftBattery","PreservedInsect","Ancient Tea Set","Incense Burner","Smiling Mask","SlaversCollar","downfall:HeartBlessingGreen","Mummified Hand","Toxic Egg 2","Gremlin Horn"],"acts_visited":["Exordium","TheCity","TheBeyond"],"potions_floor_usage":[],"damage_taken":[{"damage":0.0,"enemies":"Small Slimes","floor":2.0,"turns":3.0},{"damage":1.0,"enemies":"Cultist","floor":4.0,"turns":4.0},{"damage":0.0,"enemies":"downfall:FleeingMerchant","floor":5.0,"turns":4.0},{"damage":1.0,"enemies":"Jaw Worm","floor":6.0,"turns":3.0},{"damage":5.0,"enemies":"downfall:FleeingMerchant","floor":8.0,"turns":4.0},{"damage":1.0,"enemies":"2 Fungi Beasts","floor":10.0,"turns":3.0},{"damage":11.0,"enemies":"Lagavulin","floor":12.0,"turns":5.0},{"damage":40.0,"enemies":"downfall:LadyInBlue","floor":13.0,"turns":11.0},{"damage":0.0,"enemies":"Red Slaver","floor":14.0,"turns":2.0},{"damage":0.0,"enemies":"Gremlin Gang","floor":15.0,"turns":5.0},{"damage":9.0,"enemies":"WA_ARCHETYPE_RETAIN","floor":16.0,"turns":6.0},{"damage":0.0,"enemies":"Spheric Guardian","floor":19.0,"turns":3.0},{"damage":14.0,"enemies":"3 Byrds","floor":20.0,"turns":4.0},{"damage":0.0,"enemies":"Snecko","floor":21.0,"turns":2.0},{"damage":21.0,"enemies":"Shelled Parasite and Fungi","floor":22.0,"turns":4.0},{"damage":12.0,"enemies":"Book of Stabbing","floor":23.0,"turns":4.0},{"damage":7.0,"enemies":"Gremlin Leader","floor":25.0,"turns":3.0},{"damage":0.0,"enemies":"downfall:FleeingMerchant","floor":26.0,"turns":4.0},{"damage":23.0,"enemies":"Sentry and Sphere","floor":27.0,"turns":4.0},{"damage":1.0,"enemies":"Book of Stabbing","floor":28.0,"turns":3.0},{"damage":0.0,"enemies":"Snecko","floor":29.0,"turns":4.0},{"damage":4.0,"enemies":"Centurion and Healer","floor":31.0,"turns":4.0},{"damage":0.0,"enemies":"Shelled Parasite and Fungi","floor":32.0,"turns":3.0},{"damage":14.0,"enemies":"SI_MIRROR_ARCHETYPE","floor":33.0,"turns":8.0},{"damage":1.0,"enemies":"3 Darklings","floor":36.0,"turns":4.0},{"damage":25.0,"enemies":"3 Shapes","floor":37.0,"turns":3.0},{"damage":20,"enemies":"Jaw Worm Horde","floor":38,"turns":4},{"damage":7,"enemies":"downfall:FleeingMerchant","floor":39,"turns":3},{"damage":0,"enemies":"4 Shapes","floor":42,"turns":2},{"damage":0,"enemies":"Reptomancer","floor":43,"turns":4},{"damage":5,"enemies":"Transient","floor":46,"turns":5},{"damage":0,"enemies":"Spire Growth","floor":48,"turns":3},{"damage":0,"enemies":"3 Darklings","floor":49,"turns":4},{"damage":0,"enemies":"DF_ARCHETYPE_ORBS","floor":50,"turns":6}],"seed_played":"8040077609495313083","potions_obtained":[{"floor":4.0,"key":"Swift Potion"},{"floor":6.0,"key":"hexamod:SoulburnPotion"},{"floor":10.0,"key":"Swift Potion"},{"floor":13.0,"key":"Dexterity Potion"},{"floor":13.0,"key":"hexamod:SoulburnPotion"},{"floor":13.0,"key":"CultistPotion"},{"floor":16.0,"key":"AttackPotion"},{"floor":19.0,"key":"FearPotion"},{"floor":23.0,"key":"SteroidPotion"},{"floor":25.0,"key":"Strength Potion"}],"is_trial":false,"path_per_floor":["R","M","?","M","$","M","T","$","?","M","R","E","?","M","M","B",null,"R","M","M","M","M","E","T","E","$","M","E","M","R","M","M","B",null,"R","M","M","M","$","?","T","M","E","?","R","M","R","M","M","B",null],"character_chosen":"THE_AUTOMATON","items_purchased":["Incense Burner","Mummified Hand","bronze:Shield"],"campfire_rested":2,"item_purchase_floors":[26,39,39],"current_hp_per_floor":[70,70,70,69,69,68,68,63,63,62,62,51,11,11,16,17,70,70,70,56,56,40,28,28,21,21,35,34,34,34,30,30,16,70,70,69,44,24,17,17,17,17,17,17,38,33,54,54,54,54],"gold":231,"neow_bonus":"ONE_RANDOM_RARE_CARD","is_daily":false,"chose_seed":false,"campfire_upgraded":5,"win_rate":0.0,"timestamp":1613033625,"path_taken":["R","M","?","?","$","M","T","$","?","M","R","E","?","M","M","BOSS","R","M","M","M","?","E","T","E","$","M","E","M","R","M","M","BOSS","R","M","M","M","$","?","T","M","E","?","R","M","R","M","M","BOSS"],"items_purchased_type":["Relic","Relic","Card"],"build_version":"2020-12-22","purchased_purges":3,"victory":true,"max_hp_per_floor":[70,70,70,70,70,70,70,70,70,70,70,70,70,70,70,70,70,70,70,70,70,70,70,70,70,70,70,70,70,70,70,70,70,70,70,70,70,70,70,70,70,70,70,70,70,70,70,70,70,70],"card_choices":[{"not_picked":["bronze:DelayedGuard","bronze:BuggyMess"],"picked":"bronze:BugBarrage","floor":2.0},{"not_picked":["bronze:Separator","bronze:Philosophize"],"picked":"bronze:BugBarrage","floor":4.0},{"not_picked":["bronze:Allocate","bronze:Overheat"],"picked":"bronze:Refactor","floor":5.0},{"not_picked":["bronze:GetLatest","bronze:BitShift"],"picked":"bronze:ChildClass","floor":6.0},{"not_picked":["bronze:GetLatest","bronze:Virus","bronze:OilSpill"],"picked":"SKIP","floor":8.0},{"not_picked":["bronze:Invalidate","bronze:Separator"],"picked":"bronze:ChosenStrike","floor":10.0},{"not_picked":["bronze:AlphaBuild","bronze:Philosophize","bronze:Turbo"],"picked":"SKIP","floor":12.0},{"not_picked":["bronze:ClassDefault","bronze:ChosenStrike","bronze:BuggyMess"],"picked":"SKIP","floor":14.0},{"not_picked":["bronze:Invalidate","bronze:WhirlingStrike"],"picked":"bronze:BronzeOrb","floor":15.0},{"not_picked":["bronze:InfiniteLoop","bronze:CleanCode"],"picked":"bronze:BurnOut","floor":16.0},{"not_picked":["bronze:DelayedSlice","bronze:Turbo","bronze:Constructor+1"],"picked":"SKIP","floor":19.0},{"not_picked":["bronze:WhirlingStrike","bronze:DelayedGuard"],"picked":"bronze:Shield","floor":20.0},{"not_picked":["bronze:ForLoop","bronze:Repulsor","bronze:Backtrace+1"],"picked":"SKIP","floor":21.0},{"not_picked":["bronze:BuggyMess","bronze:DelayedSlice","bronze:Turbo"],"picked":"SKIP","floor":22.0},{"not_picked":["bronze:Refactor","bronze:Overheat","bronze:BronzeOrb"],"picked":"SKIP","floor":23.0},{"not_picked":["bronze:BuggyMess","bronze:ThunderWave"],"picked":"bronze:ItsAFeature+1","floor":25.0},{"not_picked":["bronze:Invalidate+1","bronze:Repulsor","bronze:Philosophize"],"picked":"SKIP","floor":26.0},{"not_picked":["bronze:Frontload","bronze:Separator+1","bronze:Iterate"],"picked":"SKIP","floor":27.0},{"not_picked":["bronze:BitShift","bronze:Branch","bronze:Frontload+1"],"picked":"SKIP","floor":28.0},{"not_picked":["bronze:Overheat","bronze:DelayedSlice","bronze:Separator"],"picked":"SKIP","floor":29.0},{"not_picked":["bronze:BuggyMess+1","bronze:ForLoop","bronze:ItsAFeature"],"picked":"SKIP","floor":31.0},{"not_picked":["bronze:Repulsor+1","bronze:Invalidate","bronze:Separator"],"picked":"SKIP","floor":32.0},{"not_picked":["bronze:Repulsor+1","bronze:BitShift+1","bronze:Shield"],"picked":"SKIP","floor":36.0},{"not_picked":["bronze:Deprecate+1","bronze:Overheat","bronze:Philosophize+1"],"picked":"SKIP","floor":37},{"not_picked":["bronze:Separator","bronze:InfiniteBeams","bronze:BronzeOrb"],"picked":"SKIP","floor":38},{"not_picked":["bronze:Format","bronze:BuggyMess"],"picked":"bronze:FindAndReplace","floor":39},{"not_picked":["bronze:FineTuning+1","bronze:Branch"],"picked":"bronze:Shell+1","floor":42},{"not_picked":["bronze:ChosenStrike+1","bronze:FineTuning+1"],"picked":"bronze:Break","floor":43},{"not_picked":["bronze:Repair+1","bronze:ChildClass+1","bronze:FineTuning+1"],"picked":"SKIP","floor":46},{"not_picked":["bronze:Constructor+1","bronze:Separator+1"],"picked":"bronze:Shield+1","floor":48},{"not_picked":["bronze:ChildClass+1","bronze:Return+1"],"picked":"bronze:ItsAFeature","floor":49}],"player_experience":119017,"relics_obtained":[{"floor":7.0,"key":"Lantern"},{"floor":12.0,"key":"Lizard Tail"},{"floor":13.0,"key":"Toy Ornithopter"},{"floor":23.0,"key":"PreservedInsect"},{"floor":25.0,"key":"Ancient Tea Set"},{"floor":28.0,"key":"Smiling Mask"},{"floor":41,"key":"Toxic Egg 2"},{"floor":43,"key":"Gremlin Horn"}],"event_choices":[{"cards_removed":["bronze:Defend"],"damage_healed":0,"gold_gain":0,"player_choice":"Removed Skill","damage_taken":0,"max_hp_gain":0,"max_hp_loss":0,"event_name":"Falling","floor":40,"gold_loss":0}],"is_beta":false,"boss_relics":[{"not_picked":["Pandora\u0027s Box","Cursed Key"],"picked":"bronze:MakeshiftBattery"},{"not_picked":["Fusion Hammer","Astrolabe"],"picked":"SlaversCollar"}],"items_purged_floors":[5,26,39],"is_endless":false,"potions_floor_spawned":[4,6,10,13,16,19,23,25,28,31,32,36,37,43],"ascension_level":1}}