{"host":"yg1n0qads92lo9wl","time":1613058538,"event":{"mods":["BaseMod","Downfall","Luminous","Minty Spire (QoL Compilation)","StSLib","Warlord Emblem"],"gold_per_floor":[99,111,122,122,8,40,40,40,25,475,375,390,390,390,403,502,502,502,516,534,534,544,420,473,236,270,270,40,40,51,86,104,207,207,207,220,243,243,243,270,270,385,285,30,40,58,75,102,117,117],"floor_reached":51,"language":"ZHS","playtime":17770,"items_purged":["downfall:Icky","downfall:Icky","Guardian:Strike_Guardian"],"score":942,"play_id":"b8b18fa2-9f78-4ed5-b426-0dc7f04f3d80","local_time":"20210211234858","is_ascension_mode":true,"campfire_choices":[{"data":"Guardian:CurlUp","floor":1.0,"key":"SMITH"},{"data":"Guardian:SpikerProtocol","floor":11.0,"key":"SMITH"},{"data":"Guardian:FloatingOrbs","floor":13.0,"key":"SMITH"},{"data":"Guardian:SphericShield","floor":18.0,"key":"SMITH"},{"data":"Guardian:Repulse","floor":27.0,"key":"SMITH"},{"floor":29.0,"key":"REST"},{"floor":35.0,"key":"RECALL"},{"floor":43.0,"key":"REST"}],"circlet_count":0,"master_deck":["Guardian:Strike_Guardian","Guardian:Defend_Guardian","Guardian:Defend_Guardian","Guardian:CurlUp+1","Guardian:TwinSlam","Guardian:FloatingOrbs+1","Guardian:ShieldSpikes+1","Guardian:SpikerProtocol+1","Guardian:GuardianWhirl","Guardian:Recover","Guardian:PrimingBeam+1","downfall:Icky","Guardian:PrimingBeam+1","Guardian:SphericShield+1","Guardian:DecasProtection+1","Guardian:CrystalBeam+1","Guardian:ArmoredProtocol","Guardian:ArmoredProtocol","Guardian:EvasiveProtocol","Guardian:Incinerate+1","Guardian:Repulse+1","Guardian:PiercingHide","Guardian:SpikerProtocol","Guardian:VentSteam","Guardian:Incinerate+1","Guardian:SpikerProtocol","Guardian:BronzeArmor","expansioncontent:InvincibleStrength","Guardian:SpikerProtocol","Guardian:Gem_Lightblue","Guardian:PiercingHide","Guardian:PiercingHide+1","Guardian:PiercingHide","Guardian:PiercingHide"],"relics":["Guardian:ModeShifter","WingedGreaves","Molten Egg 2","Darkstone Periapt","downfall:HeartBlessingGreen","Astrolabe","PreservedInsect","Pen Nib","HornCleat","Fusion Hammer","Boot","Omamori","Bird Faced Urn","Membership Card","downfall:HeartBlessingRed","Orichalcum","Torii","Turnip"],"acts_visited":["Exordium","TheCity","TheBeyond"],"potions_floor_usage":[50],"damage_taken":[{"damage":12.0,"enemies":"Jaw Worm","floor":2.0,"turns":4.0},{"damage":1.0,"enemies":"Cultist","floor":3.0,"turns":4.0},{"damage":0.0,"enemies":"downfall:FleeingMerchant","floor":5.0,"turns":4.0},{"damage":16.0,"enemies":"Gremlin Nob","floor":6.0,"turns":4.0},{"damage":0.0,"enemies":"downfall:FleeingMerchant","floor":9.0,"turns":4.0},{"damage":8.0,"enemies":"Small Slimes","floor":12.0,"turns":3.0},{"damage":8.0,"enemies":"Blue Slaver","floor":15.0,"turns":3.0},{"damage":43.0,"enemies":"IC_STATUS_ARCHETYPE","floor":16.0,"turns":14.0},{"damage":6.0,"enemies":"3 Byrds","floor":19.0,"turns":5.0},{"damage":18.0,"enemies":"Snake Plant","floor":20.0,"turns":6.0},{"damage":0.0,"enemies":"Snecko","floor":22.0,"turns":6.0},{"damage":0.0,"enemies":"downfall:FleeingMerchant","floor":23.0,"turns":4.0},{"damage":0.0,"enemies":"downfall:FleeingMerchant","floor":25.0,"turns":4.0},{"damage":14.0,"enemies":"Slavers","floor":26.0,"turns":6.0},{"damage":8.0,"enemies":"downfall:FleeingMerchant","floor":28.0,"turns":4.0},{"damage":0.0,"enemies":"3 Cultists","floor":30.0,"turns":4.0},{"damage":13.0,"enemies":"Gremlin Leader","floor":31.0,"turns":4.0},{"damage":22.0,"enemies":"Snake Plant","floor":32.0,"turns":3.0},{"damage":9.0,"enemies":"WA_ARCHETYPE_CALM","floor":33.0,"turns":13.0},{"damage":15.0,"enemies":"3 Shapes","floor":36.0,"turns":6.0},{"damage":1.0,"enemies":"Nemesis","floor":40.0,"turns":8.0},{"damage":0.0,"enemies":"downfall:FleeingMerchant","floor":42.0,"turns":3.0},{"damage":0.0,"enemies":"Orb Walker","floor":45.0,"turns":5.0},{"damage":10.0,"enemies":"Spire Growth","floor":46.0,"turns":7.0},{"damage":0.0,"enemies":"Jaw Worm Horde","floor":47.0,"turns":6.0},{"damage":30.0,"enemies":"Giant Head","floor":48.0,"turns":10.0},{"damage":12,"enemies":"Sphere and 2 Shapes","floor":49,"turns":6},{"damage":61,"enemies":"SI_POISON_ARCHETYPE","floor":50,"turns":26}],"seed_played":"-5655380645512750990","potions_obtained":[{"floor":3.0,"key":"FearPotion"},{"floor":6.0,"key":"Swift Potion"},{"floor":12.0,"key":"Fire Potion"},{"floor":16.0,"key":"Fire Potion"},{"floor":19.0,"key":"SteroidPotion"},{"floor":30.0,"key":"GamblersBrew"},{"floor":31.0,"key":"Fire Potion"},{"floor":33.0,"key":"Regen Potion"}],"is_trial":false,"path_per_floor":["R","M","M","?","$","E","T","?","$","?","R","M","R","?","M","B",null,"R","M","M","?","M","$","T","$","E","R","$","R","M","E","M","B",null,"R","M","?","?","?","E","T","$","R","$","M","M","M","E","M","B",null],"character_chosen":"GUARDIAN","items_purchased":["Guardian:GuardianWhirl","Guardian:Recover","Guardian:EvasiveProtocol","Guardian:Gem_White","Guardian:Gem_Cyan","Guardian:SpikerProtocol","Guardian:VentSteam","Guardian:Incinerate+1","PowerPotion","Membership Card","Guardian:SpikerProtocol","Guardian:Gem_Lightblue","Orichalcum","Torii","Guardian:PiercingHide"],"campfire_rested":2,"item_purchase_floors":[5,5,23,25,25,28,28,28,28,42,42,42,44,44,44],"current_hp_per_floor":[56,44,43,43,43,27,27,53,53,71,71,63,63,63,55,12,98,98,92,74,74,74,74,74,74,60,60,52,81,81,68,46,37,98,98,83,83,83,83,82,82,86,98,98,98,98,98,68,72,48],"gold":117,"neow_bonus":"ONE_RARE_RELIC","is_daily":false,"chose_seed":false,"campfire_upgraded":5,"win_rate":0.0,"timestamp":1613058538,"path_taken":["R","M","M","?","?","E","T","?","?","?","R","?","R","?","M","BOSS","R","M","M","?","M","$","T","$","E","R","?","R","?","E","M","BOSS","R","M","?","?","?","E","T","?","R","$","?","M","M","E","M","BOSS"],"items_purchased_type":["Card","Card","Card","Card","Card","Card","Card","Card","Potion","Relic","Card","Card","Relic","Relic","Card"],"build_version":"2020-12-22","purchased_purges":3,"victory":true,"max_hp_per_floor":[80,80,80,80,80,80,80,80,80,98,98,98,98,98,98,98,98,98,98,98,98,98,98,98,98,98,98,98,98,98,98,98,98,98,98,98,98,98,98,98,98,98,98,98,98,98,98,98,98,98],"card_choices":[{"not_picked":["Guardian:TemporalShield","Guardian:Reroute"],"picked":"Guardian:FloatingOrbs","floor":2.0},{"not_picked":["Guardian:PiercingHide","Guardian:CrystalBeam"],"picked":"Guardian:ShieldSpikes","floor":3.0},{"not_picked":["Guardian:FuturePlans","Guardian:GatlingBeam"],"picked":"Guardian:SpikerProtocol","floor":5.0},{"not_picked":["Guardian:Gem_Lightblue","Guardian:Suspension"],"picked":"Guardian:PrimingBeam+1","floor":6.0},{"not_picked":["Guardian:TemporalStrike+1","Guardian:ChargeUp","Guardian:PolyBeam+1"],"picked":"SKIP","floor":9.0},{"not_picked":["Guardian:TemporalStrike+1","Guardian:Reroute+1"],"picked":"Guardian:PrimingBeam+1","floor":12.0},{"not_picked":["Guardian:PolyBeam+1","Guardian:ShieldCharger"],"picked":"Guardian:Gem_White","floor":15.0},{"not_picked":["Guardian:AncientConstruct","Guardian:Gem_Synthetic"],"picked":"Guardian:SphericShield","floor":16.0},{"not_picked":["Guardian:Suspension","Guardian:Gem_Blue"],"picked":"Guardian:ArmoredProtocol","floor":19.0},{"not_picked":["Guardian:TimeBomb","Guardian:ShieldCharger","Guardian:PrismaticBarrier"],"picked":"SKIP","floor":20.0},{"not_picked":["Guardian:RollAttack+1","Guardian:PrimingBeam+1"],"picked":"Guardian:ArmoredProtocol","floor":22.0},{"not_picked":["Guardian:Gem_Green","Guardian:TimeSifter"],"picked":"Guardian:Gem_Lightblue","floor":23.0},{"not_picked":["Guardian:ShieldCharger","Guardian:VentSteam"],"picked":"Guardian:Incinerate+1","floor":25.0},{"not_picked":["Guardian:Recover+1","Guardian:CrystalBeam+1"],"picked":"Guardian:Repulse","floor":26.0},{"not_picked":["Guardian:RefractedBeam+1","Guardian:Planning+1"],"picked":"Guardian:PiercingHide","floor":28.0},{"not_picked":["Guardian:ChargeCore+1","Guardian:Reroute+1"],"picked":"Guardian:Gem_Cyan","floor":30.0},{"not_picked":["Guardian:PolyBeam+1","Guardian:Gem_Green"],"picked":"Guardian:Gem_Yellow","floor":31.0},{"not_picked":["Guardian:Planning","Guardian:Gem_Lightblue"],"picked":"Guardian:SpikerProtocol","floor":32.0},{"not_picked":["Guardian:ConstructionForm","Guardian:GemFire+1"],"picked":"Guardian:Gem_Orange","floor":33.0},{"not_picked":["Guardian:EvasiveProtocol","Guardian:FloatingOrbs"],"picked":"Guardian:BronzeArmor","floor":36.0},{"not_picked":["expansioncontent:Hexaburn","expansioncontent:LastStand"],"picked":"expansioncontent:InvincibleStrength","floor":39.0},{"not_picked":["Guardian:Suspension","Guardian:Gem_Red"],"picked":"Guardian:Gem_Purple","floor":40.0},{"not_picked":["Guardian:Recover","Guardian:RollAttack+1","Guardian:ChargeCore+1"],"picked":"SKIP","floor":42.0},{"not_picked":["Guardian:BronzeOrb+1","Guardian:ChargeUp","Guardian:Recover"],"picked":"SKIP","floor":45.0},{"not_picked":["Guardian:Repulse+1","Guardian:FloatingOrbs","Guardian:Gem_Red"],"picked":"SKIP","floor":46.0},{"not_picked":["Guardian:Incinerate+1","Guardian:Recover"],"picked":"Guardian:PiercingHide+1","floor":47.0},{"not_picked":["Guardian:PrismaticBarrier+1","Guardian:ExploitGems"],"picked":"Guardian:PiercingHide","floor":48.0},{"not_picked":["Guardian:Planning","Guardian:Gem_Blue"],"picked":"Guardian:PiercingHide","floor":49}],"player_experience":466751,"relics_obtained":[{"floor":6.0,"key":"Molten Egg 2"},{"floor":7.0,"key":"Darkstone Periapt"},{"floor":24.0,"key":"PreservedInsect"},{"floor":26.0,"key":"Pen Nib"},{"floor":31.0,"key":"HornCleat"},{"floor":37.0,"key":"Boot"},{"floor":40.0,"key":"Omamori"},{"floor":41.0,"key":"Bird Faced Urn"},{"floor":48.0,"key":"Turnip"}],"event_choices":[{"cards_removed":["Guardian:Strike_Guardian"],"damage_healed":0.0,"max_hp_gain":0.0,"max_hp_loss":0.0,"gold_gain":0.0,"event_name":"Bonfire Elementals","player_choice":"Offered Basic","floor":4.0,"gold_loss":0.0,"damage_taken":0.0},{"damage_healed":26.0,"max_hp_gain":0.0,"max_hp_loss":0.0,"gold_gain":0.0,"event_name":"Big Fish","player_choice":"Banana","floor":8.0,"gold_loss":0.0,"damage_taken":0.0}],"is_beta":false,"boss_relics":[{"not_picked":["SacredBark","Velvet Choker"],"picked":"Astrolabe"},{"not_picked":["Black Star","Pandora\u0027s Box"],"picked":"Fusion Hammer"}],"items_purged_floors":[23,25,42],"is_endless":false,"potions_floor_spawned":[3,6,12,16,19,30,31,33,45,46,47,49],"ascension_level":2}}