{"host":"hf8wn58z41rkrmnq","time":1613013712,"event":{"mods":["BaseMod","Better Third Choice","BetterRewards","Colored Map","Colored Powertips","Infinite Spire","Minty Spire (QoL Compilation)","Relic Sorter","Relic Stats","Replay The Spire","Spicy Shops","StSLib"],"gold_per_floor":[215,233,9,9,9,44,55,75,75,75,34,47,64,141,141,146,146,56,56,72,87,102,129,129,129,129,154,166,116,116,147,147,154,154,75,98,98,126,126,126],"floor_reached":39,"language":"ENG","playtime":4163,"items_purged":["Strike_P","Defend_P","Replay:AllIn"],"score":539,"play_id":"e9fb3c5d-05ae-4fd1-b614-866c8936a1c1","local_time":"20210210222152","is_ascension_mode":true,"campfire_choices":[{"floor":10,"key":"REST"},{"floor":15,"key":"REST"},{"floor":30,"key":"REST"},{"floor":32,"key":"REST"}],"circlet_count":0,"master_deck":["Eruption","Vigilance","JustLucky","Replay:Battleflow+1","Prostrate","Prostrate+1","Consecrate","Pray","FlurryOfBlows","LessonLearned","Pray+1","RitualDagger","Consecrate+1","FlurryOfBlows","FlurryOfBlows","Replay:LoomingThreat","Replay:AtTheReady","BowlingBash","LessonLearned","Vault","Bite","Bite","Bite","Bite","Bite","Consecrate+1","RitualDagger+1"],"relics":["PureWater","Replay:Wax Seal","Damaru","Sling","Snack Pack","Smiling Mask","infinitespire:PuzzleCube","Ornamental Fan","Replay:WaspNest","Pocketwatch","infinitespire:Midas Blood","Pandora\u0027s Box","Molten Egg 2","PreservedInsect","SacredBark"],"acts_visited":["Exordium","TheCity","TheBeyond"],"potions_floor_usage":[16,16,21,21,28],"damage_taken":[{"damage":4.0,"enemies":"Jaw Worm","floor":1.0,"turns":3.0},{"damage":7.0,"enemies":"2 Louse","floor":2.0,"turns":3.0},{"damage":35.0,"enemies":"Lagavulin","floor":6.0,"turns":5.0},{"damage":7.0,"enemies":"Cultist","floor":7.0,"turns":3.0},{"damage":0.0,"enemies":"Large Slime","floor":8.0,"turns":4.0},{"damage":18,"enemies":"Exordium Wildlife","floor":12,"turns":5},{"damage":0,"enemies":"Lots of Slimes","floor":13,"turns":1},{"damage":13,"enemies":"Hexaghost","floor":16,"turns":11},{"damage":15,"enemies":"3 Byrds","floor":18,"turns":3},{"damage":5,"enemies":"Shell Parasite","floor":20,"turns":4},{"damage":32,"enemies":"Snake Plant","floor":21,"turns":4},{"damage":0,"enemies":"Snecko","floor":22,"turns":3},{"damage":25,"enemies":"Nightmare","floor":23,"turns":7},{"damage":26,"enemies":"3 Cultists","floor":27,"turns":4},{"damage":0,"enemies":"Centurion and Healer","floor":28,"turns":1},{"damage":14,"enemies":"Gremlin Leader","floor":31,"turns":4},{"damage":82,"enemies":"Champ","floor":33,"turns":10},{"damage":8,"enemies":"3 Shapes","floor":35,"turns":3},{"damage":14,"enemies":"Orb Walker","floor":36,"turns":4},{"damage":50,"enemies":"Writhing Mass","floor":38,"turns":4},{"damage":0,"enemies":"Jaw Worm Horde","floor":39,"turns":1}],"seed_played":"-4440670497099872283","potions_obtained":[{"floor":6.0,"key":"Fire Potion"},{"floor":7.0,"key":"EssenceOfSteel"},{"floor":8.0,"key":"Block Potion"},{"floor":18,"key":"Elixir"},{"floor":20,"key":"CultistPotion"},{"floor":27,"key":"BottledMiracle"},{"floor":31,"key":"Dexterity Potion"},{"floor":36,"key":"Elixir"},{"floor":38,"key":"Dexterity Potion"}],"is_trial":false,"path_per_floor":["M","M","$","?","?","E","M","M","T","R","$","M","M","T","R","B",null,"M","?","M","M","M","NM","AVR","?","T","M","M","$","R","E","R","B",null,"M","M","?","M","M"],"character_chosen":"WATCHER","items_purchased":["Replay:Wax Seal","Damaru","Sling","Replay:WaspNest","Consecrate"],"campfire_rested":4,"item_purchase_floors":[3,3,3,11,11],"current_hp_per_floor":[68,61,61,61,58,29,24,26,26,47,47,31,33,33,54,51,72,57,51,52,26,32,17,17,17,17,7,13,13,28,26,41,1,50,44,40,40,12,14,14],"gold":126,"neow_bonus":"HUNDRED_GOLD","is_daily":false,"chose_seed":false,"campfire_upgraded":0,"win_rate":0.0,"timestamp":1613013712,"path_taken":["M","M","$","?","?","E","M","M","T","R","?","?","M","?","R","BOSS","M","?","M","M","M","NM","AVR","?","T","M","M","$","R","E","R","BOSS","M","M","?","M","?"],"items_purchased_type":["Relic","Relic","Relic","Relic","Card"],"build_version":"2020-12-22","purchased_purges":3,"victory":false,"max_hp_per_floor":[72,72,72,72,72,72,72,72,72,72,72,72,72,72,72,72,72,72,72,72,72,72,72,72,50,50,50,50,50,50,50,50,50,50,50,50,50,50,50,50],"relic_stats":{"counters":[21,87],"Ornamental Fan":[196],"Pandora\u0027s Box":["Replay:LoomingThreat","Replay:AtTheReady","BowlingBash","Replay:AllIn","LessonLearned","Vault"],"PreservedInsect":0,"Smiling Mask":75,"obtain_stats":[{"SacredBark":34,"Damaru":3,"Replay:WaspNest":11,"PreservedInsect":31,"Sling":3,"Smiling Mask":5,"Ornamental Fan":9,"Pandora\u0027s Box":24,"Molten Egg 2":26,"Snack Pack":4,"PureWater":0,"Replay:Wax Seal":3,"infinitespire:PuzzleCube":6,"Pocketwatch":23,"infinitespire:Midas Blood":24},{"SacredBark":17,"Damaru":2,"Replay:WaspNest":5,"PreservedInsect":16,"Sling":2,"Smiling Mask":2,"Ornamental Fan":5,"Pandora\u0027s Box":13,"Molten Egg 2":13,"Snack Pack":2,"PureWater":0,"Replay:Wax Seal":2,"infinitespire:PuzzleCube":3,"Pocketwatch":13,"infinitespire:Midas Blood":13},{"SacredBark":75,"Damaru":6,"Replay:WaspNest":18,"PreservedInsect":65,"Sling":6,"Smiling Mask":6,"Ornamental Fan":18,"Pandora\u0027s Box":56,"Molten Egg 2":56,"Snack Pack":6,"PureWater":0,"Replay:Wax Seal":6,"infinitespire:PuzzleCube":11,"Pocketwatch":56,"infinitespire:Midas Blood":56}],"Pocketwatch":[6]},"card_choices":[{"not_picked":["TalkToTheHand","DeceiveReality"],"picked":"JustLucky","floor":1.0},{"not_picked":["Replay:ManipulateFuture","Protect","PathToVictory"],"picked":"SKIP","floor":2.0},{"not_picked":["CarveReality","EmptyBody"],"picked":"Replay:Battleflow","floor":6.0},{"not_picked":["BowlingBash","LessonLearned"],"picked":"Prostrate","floor":7.0},{"not_picked":["Swivel","EmptyFist"],"picked":"Prostrate","floor":8.0},{"not_picked":["Replay:AtTheReady","WindmillStrike"],"picked":"Pray","floor":12},{"not_picked":["WindmillStrike","CrushJoints"],"picked":"FlurryOfBlows","floor":13},{"not_picked":["Scrawl","Omniscience"],"picked":"LessonLearned","floor":16},{"not_picked":["Protect","SignatureMove+1"],"picked":"Pray+1","floor":18},{"not_picked":["Weave","CutThroughFate"],"picked":"Consecrate","floor":20},{"not_picked":["EmptyMind","ForeignInfluence"],"picked":"FlurryOfBlows","floor":21},{"not_picked":["Prostrate+1","FlurryOfBlows","ThirdEye+1"],"picked":"SKIP","floor":22},{"not_picked":["Prostrate+1","ThirdEye+1"],"picked":"FlurryOfBlows","floor":22},{"not_picked":["WreathOfFlame","Halt+1","Replay:BluntJabs+1"],"picked":"SKIP","floor":23},{"not_picked":["MentalFortress","Prostrate","Crescendo"],"picked":"SKIP","floor":27},{"not_picked":["Protect","BowlingBash+1","Crescendo"],"picked":"SKIP","floor":28},{"not_picked":["Protect","BowlingBash+1","Crescendo"],"picked":"SKIP","floor":28},{"not_picked":["TalkToTheHand+1","Halt","WheelKick+1"],"picked":"SKIP","floor":31},{"not_picked":["BowlingBash+1","Replay:AtTheReady"],"picked":"Consecrate+1","floor":35},{"not_picked":["CarveReality+1","BattleHymn","Sanctity+1"],"picked":"SKIP","floor":36},{"not_picked":["FollowUp+1","PathToVictory","Halt+1"],"picked":"SKIP","floor":38}],"player_experience":244637,"relics_obtained":[{"floor":4.0,"key":"Snack Pack"},{"floor":6.0,"key":"infinitespire:PuzzleCube"},{"floor":9.0,"key":"Ornamental Fan"},{"floor":23,"key":"Pocketwatch"},{"floor":26,"key":"Molten Egg 2"},{"floor":31,"key":"PreservedInsect"}],"event_choices":[{"damage_healed":0.0,"max_hp_gain":0.0,"max_hp_loss":0.0,"gold_gain":0.0,"event_name":"betterThird:BetterScrap","player_choice":"Relic ","floor":5.0,"gold_loss":0.0,"damage_taken":3.0,"cards_obtained":["Hello World"]},{"damage_healed":0,"gold_gain":0,"player_choice":"Dagger","damage_taken":6,"max_hp_gain":0,"max_hp_loss":0,"event_name":"betterThird:BetterNest","floor":19,"gold_loss":0,"cards_obtained":["RitualDagger"]},{"damage_healed":0,"gold_gain":0,"player_choice":"Became a vampire","damage_taken":0,"max_hp_gain":0,"max_hp_loss":22,"event_name":"Vampires","floor":25,"gold_loss":0,"cards_obtained":["Bite","Bite","Bite","Bite","Bite"]},{"damage_healed":0,"gold_gain":0,"player_choice":"Copied","damage_taken":0,"max_hp_gain":0,"max_hp_loss":0,"event_name":"Duplicator","floor":37,"gold_loss":0,"cards_obtained":["RitualDagger"]}],"is_beta":false,"boss_relics":[{"not_picked":["Replay:Wanted Poster","ReplayTheSpireMod:SealedPack","Fusion Hammer"]},{"not_picked":["Kintsugi","Replay:Bronze Core"],"picked":"SacredBark"}],"items_purged_floors":[11,24,29],"is_endless":true,"potions_floor_spawned":[6,7,8,12,18,20,27,31,36,38],"killed_by":"Jaw Worm Horde","ascension_level":3}}