{"host":"gbbz8f5svnnpwo8d","time":1613050770,"event":{"mods":["AchievementEnabler","AlwaysNeverKeys","BaseMod","Bestiary","Better Altar","Better Match","Better Note","Better Sensory Stone","Better Silent Start","Better Skull","Better Third Choice","Better Vampires","Better-Laid Plans","BetterRewards","Block Reminder","Bossed Relics","Colored Map","Colored Powertips","Curses Come First","Dark Map","Displayed Cursed Tome","GifTheSpireLib","Minty Spire (QoL Compilation)","MonsterHotkey","Permanent Neow","Potion Indicator Mod","Quick Restart","Random Character Button","Rare Cards Sparkle","Relic Stats","Shop Mod","Spicy Shops","Spire Birthday Party","StSLib","Transform Curses"],"gold_per_floor":[112,127,78,78,96,96,96,96,121,174,174,207,207,51,51,148,148,165,181,197,207,207,247,247,263,263,263,300,300,324,363,363,477,477,506,524,553,60,60,87,87,97,97,97,97,97,97,122,122,122,122,122,16,43,43,43],"floor_reached":55,"language":"ENG","playtime":8417,"items_purged":["Strike_R"],"score":1089,"play_id":"2aa99a45-9412-4ac5-88b3-ed8a888d857a","local_time":"20210211063930","is_ascension_mode":false,"campfire_choices":[{"data":"Dual Wield","floor":6.0,"key":"SMITH"},{"data":"Dual Wield","floor":11.0,"key":"SMITH"},{"data":"Flash of Steel","floor":13.0,"key":"SMITH"},{"floor":15.0,"key":"REST"},{"data":"Impervious","floor":24.0,"key":"SMITH"},{"floor":27.0,"key":"REST"},{"data":"Flex","floor":32,"key":"SMITH"},{"data":"Panache","floor":46,"key":"SMITH"},{"floor":49,"key":"REST"},{"data":"Flex","floor":52,"key":"SMITH"}],"circlet_count":0,"master_deck":["Strike_R","Strike_R","Strike_R","Defend_R","Defend_R","Defend_R","Defend_R","Bash","Dual Wield+1","Flash of Steel+1","Dual Wield+1","Flex+1","Flex+1","Impervious+1","CurseOfTheBell","Thunderclap+1","Reckless Charge+1","Battle Trance+1","Dropkick+1","Pummel+1","Battle Trance","Shrug It Off+1","Body Slam+1","Offering","Rage+1","Madness","Madness","Infernal Blade+1","Seeing Red+1","Finesse","Panache+1","Ghostly Armor+1"],"relics":["Burning Blood","Lantern","Happy Flower","Shuriken","Bag of Marbles","PreservedInsect","Ancient Tea Set","Ornamental Fan","ClockworkSouvenir","Pantograph","WingedGreaves","Paper Frog","Lizard Tail","Sozu","MerchantsRug","Bottled Flame","Sling","Red Skull","Kunai","Bottled Tornado","Bird Faced Urn"],"acts_visited":["Exordium","TheCity","TheBeyond","TheEnding"],"potions_floor_usage":[31,35,37],"damage_taken":[{"damage":1.0,"enemies":"Cultist","floor":1.0,"turns":4.0},{"damage":5.0,"enemies":"Small Slimes","floor":2.0,"turns":3.0},{"damage":0.0,"enemies":"Jaw Worm","floor":5.0,"turns":1.0},{"damage":0.0,"enemies":"Lagavulin","floor":7.0,"turns":1.0},{"damage":6.0,"enemies":"3 Sentries","floor":12.0,"turns":2.0},{"damage":35.0,"enemies":"Hexaghost","floor":16.0,"turns":6.0},{"damage":6.0,"enemies":"Shell Parasite","floor":18.0,"turns":4.0},{"damage":0.0,"enemies":"Chosen","floor":19.0,"turns":3.0},{"damage":17.0,"enemies":"Sentry and Sphere","floor":20.0,"turns":4.0},{"damage":13.0,"enemies":"Shelled Parasite and Fungi","floor":21.0,"turns":5.0},{"damage":13.0,"enemies":"Gremlin Leader","floor":23.0,"turns":3.0},{"damage":0.0,"enemies":"Cultist and Chosen","floor":25.0,"turns":3.0},{"damage":0.0,"enemies":"Book of Stabbing","floor":28.0,"turns":1.0},{"damage":7,"enemies":"Snake Plant","floor":30,"turns":3},{"damage":0,"enemies":"Gremlin Leader","floor":31,"turns":1},{"damage":52,"enemies":"Champ","floor":33,"turns":6},{"damage":16,"enemies":"3 Darklings","floor":35,"turns":3},{"damage":3,"enemies":"3 Shapes","floor":37,"turns":2},{"damage":20,"enemies":"Nemesis","floor":40,"turns":3},{"damage":6,"enemies":"3 Darklings","floor":42,"turns":4},{"damage":20,"enemies":"Reptomancer","floor":48,"turns":4},{"damage":62,"enemies":"Donu and Deca","floor":50,"turns":7},{"damage":6,"enemies":"Shield and Spear","floor":54,"turns":3},{"damage":160,"enemies":"The Heart","floor":55,"turns":6}],"seed_played":"-1520194460953750389","potions_obtained":[{"floor":1.0,"key":"GamblersBrew"},{"floor":2.0,"key":"SmokeBomb"},{"floor":5.0,"key":"SteroidPotion"},{"floor":16.0,"key":"FearPotion"},{"floor":18.0,"key":"Fruit Juice"},{"floor":28.0,"key":"SteroidPotion"},{"floor":31,"key":"Explosive Potion"},{"floor":33,"key":"SneckoOil"}],"is_trial":false,"path_per_floor":["M","M","$","?","M","R","E","?","T","T","R","E","R","$","R","B",null,"M","M","M","M","?","E","R","M","T","R","E","?","M","E","R","B",null,"M","?","M","$","?","E","T","M","T","?","?","R","T","E","R","B",null,"R","$","E","B"],"character_chosen":"IRONCLAD","items_purchased":["Lantern","Dual Wield","Happy Flower","Flash of Steel","Shuriken","DollysMirror","Flex","ClockworkSouvenir","MerchantsRug","Bottled Flame","Sling","Bottled Tornado"],"campfire_rested":3,"item_purchase_floors":[0,0,0,0,0,0,3,14,38,38,38,53],"current_hp_per_floor":[53,54,54,47,53,53,59,47,47,47,47,47,47,47,71,42,80,80,80,69,62,62,60,60,66,66,85,85,85,84,85,85,39,85,75,64,67,82,82,68,75,75,75,75,75,75,75,61,88,36,92,92,92,92,0,0],"gold":43,"neow_bonus":"","is_daily":false,"chose_seed":false,"campfire_upgraded":7,"win_rate":0.0,"timestamp":1613050770,"path_taken":["M","M","$","?","M","R","E","?","T","?","R","E","R","?","R","BOSS","M","M","M","M","?","E","R","M","T","R","E","?","M","E","R","BOSS","M","?","M","$","?","E","?","?","T","?","?","R","?","E","R","BOSS","R","$","E","BOSS"],"items_purchased_type":["Relic","Card","Relic","Card","Relic","Relic","Card","Relic","Relic","Relic","Relic","Relic"],"build_version":"2020-12-22","purchased_purges":1,"victory":false,"max_hp_per_floor":[80,80,80,80,80,80,80,80,80,80,80,80,80,80,80,80,80,80,80,80,80,80,85,85,85,85,85,85,85,85,85,85,85,85,85,85,85,85,85,85,92,92,92,92,92,92,92,92,92,92,92,92,92,92,92,92],"relic_stats":{"Sozu":7,"Lizard Tail":46,"Happy Flower":[27],"counters":[274,1145],"Shuriken":[42],"Ornamental Fan":[152],"Pantograph":84,"Bird Faced Urn":[0],"PreservedInsect":489,"Kunai":[12],"obtain_stats":[{"Whetstone":6,"Ginger":0,"Bottled Tornado":53,"Boot":14,"Sling":0,"Old Coin":22,"Blood Vial":25,"Sundial":9,"MealTicket":37,"Fusion Hammer":34,"Kunai":29,"Runic Cube":17,"MerchantsRug":0,"Pear":46,"Eternal Feather":52,"Pen Nib":54,"Akabeko":32,"SlaversCollar":17,"Bird Faced Urn":0,"Mark of Pain":34,"StrikeDummy":54,"Unceasing Top":46,"Lantern":44,"Regal Pillow":28,"Magic Flower":7,"StoneCalendar":37,"Bag of Preparation":44,"Ancient Tea Set":0,"Cursed Key":34,"Smiling Mask":40,"Burning Blood":0,"Shovel":0,"Toolbox":2,"WingedGreaves":13,"Chemical X":0,"InkBottle":27,"Paper Frog":13,"Potion Belt":43,"Lee\u0027s Waffle":30,"Self Forming Clay":40,"Golden Idol":4,"Thread and Needle":22,"PreservedInsect":31,"The Courier":48,"Omamori":12,"Frozen Egg 2":9,"MawBank":29,"Busted Crown":17,"Ornamental Fan":41,"Bloody Idol":25,"betterThird:SlimedRelic":12,"Ectoplasm":17,"Art of War":9,"Bottled Lightning":49,"Champion Belt":53,"Toy Ornithopter":22,"Ice Cream":0,"Calipers":37,"Gremlin Horn":25,"CeramicFish":44,"Vajra":0,"Sozu":17,"Centennial Puzzle":48,"Lizard Tail":0,"HornCleat":53,"DollysMirror":53,"Strawberry":53,"Prayer Wheel":6,"Toxic Egg 2":26,"Girya":0,"Happy Flower":26,"Astrolabe":17,"Oddly Smooth Stone":53,"Charon\u0027s Ashes":53,"Letter Opener":53,"War Paint":41,"Question Card":30,"Bottled Flame":38,"Shuriken":41,"Bronze Scales":42,"Molten Egg 2":43,"Nloth\u0027s Gift":21,"Meat on the Bone":24,"Darkstone Periapt":48,"reliquary:Firecrackers":43,"Black Blood":17,"Mango":9,"Incense Burner":0,"Juzu Bracelet":8,"PrismaticShard":0,"ClockworkSouvenir":45,"Nunchaku":23,"Dream Catcher":48,"Mummified Hand":0,"Gambling Chip":40,"Pantograph":52,"Tiny Chest":31,"reliquary:RoseTintedGlasses":45,"Red Mask":45,"Red Skull":27,"Odd Mushroom":13,"Orichalcum":0,"Medical Kit":0,"White Beast Statue":54,"Peace Pipe":0,"Calling Bell":17,"Anchor":0,"reliquary:TuningFork":31,"Bag of Marbles":44,"Membership Card":0,"TungstenRod":9,"FossilizedHelix":26},{"Whetstone":4,"Ginger":51,"Bottled Tornado":272,"Boot":83,"Sling":224,"Old Coin":157,"Blood Vial":133,"Sundial":225,"MealTicket":91,"Fusion Hammer":219,"Kunai":66,"Runic Cube":155,"MerchantsRug":0,"Pear":19,"Eternal Feather":76,"Pen Nib":23,"Akabeko":136,"SlaversCollar":104,"Bird Faced Urn":0,"Mark of Pain":14,"StrikeDummy":50,"Unceasing Top":245,"Lantern":73,"Regal Pillow":160,"Magic Flower":125,"StoneCalendar":43,"Bag of Preparation":73,"Ancient Tea Set":97,"Cursed Key":113,"Smiling Mask":269,"Burning Blood":0,"Shovel":24,"Toolbox":148,"WingedGreaves":127,"Chemical X":147,"InkBottle":11,"Paper Frog":32,"Potion Belt":19,"Lee\u0027s Waffle":66,"Self Forming Clay":45,"Golden Idol":99,"Thread and Needle":184,"PreservedInsect":40,"The Courier":75,"Omamori":82,"Frozen Egg 2":177,"MawBank":134,"Busted Crown":8,"Ornamental Fan":141,"Bloody Idol":133,"betterThird:SlimedRelic":152,"Ectoplasm":230,"Art of War":30,"Bottled Lightning":48,"Champion Belt":120,"Toy Ornithopter":63,"Ice Cream":0,"Calipers":70,"Gremlin Horn":38,"CeramicFish":46,"Vajra":78,"Sozu":84,"Centennial Puzzle":48,"Lizard Tail":147,"HornCleat":145,"DollysMirror":49,"Strawberry":95,"Prayer Wheel":124,"Toxic Egg 2":65,"Girya":24,"Happy Flower":11,"Astrolabe":129,"Oddly Smooth Stone":49,"Charon\u0027s Ashes":49,"Letter Opener":22,"War Paint":141,"Question Card":40,"Bottled Flame":268,"Shuriken":72,"Bronze Scales":46,"Molten Egg 2":195,"Nloth\u0027s Gift":213,"Meat on the Bone":38,"Darkstone Periapt":198,"reliquary:Firecrackers":46,"Black Blood":61,"Mango":126,"Incense Burner":0,"Juzu Bracelet":5,"PrismaticShard":97,"ClockworkSouvenir":46,"Nunchaku":108,"Dream Catcher":271,"Mummified Hand":51,"Gambling Chip":18,"Pantograph":49,"Tiny Chest":67,"reliquary:RoseTintedGlasses":46,"Red Mask":73,"Red Skull":38,"Odd Mushroom":7,"Orichalcum":173,"Medical Kit":201,"White Beast Statue":121,"Peace Pipe":78,"Calling Bell":256,"Anchor":97,"reliquary:TuningFork":40,"Bag of Marbles":73,"Membership Card":24,"TungstenRod":5,"FossilizedHelix":38},{"Whetstone":13,"Ginger":247,"Bottled Tornado":1136,"Boot":387,"Sling":928,"Old Coin":684,"Blood Vial":586,"Sundial":932,"MealTicket":418,"Fusion Hammer":906,"Kunai":297,"Runic Cube":677,"MerchantsRug":0,"Pear":113,"Eternal Feather":362,"Pen Nib":150,"Akabeko":601,"SlaversCollar":463,"Bird Faced Urn":0,"Mark of Pain":80,"StrikeDummy":240,"Unceasing Top":1034,"Lantern":342,"Regal Pillow":689,"Magic Flower":554,"StoneCalendar":215,"Bag of Preparation":342,"Ancient Tea Set":443,"Cursed Key":500,"Smiling Mask":1121,"Burning Blood":0,"Shovel":164,"Toolbox":654,"WingedGreaves":559,"Chemical X":651,"InkBottle":58,"Paper Frog":181,"Potion Belt":113,"Lee\u0027s Waffle":297,"Self Forming Clay":222,"Golden Idol":448,"Thread and Needle":779,"PreservedInsect":207,"The Courier":351,"Omamori":385,"Frozen Egg 2":746,"MawBank":592,"Busted Crown":41,"Ornamental Fan":616,"Bloody Idol":586,"betterThird:SlimedRelic":668,"Ectoplasm":969,"Art of War":178,"Bottled Lightning":231,"Champion Belt":527,"Toy Ornithopter":286,"Ice Cream":0,"Calipers":328,"Gremlin Horn":201,"CeramicFish":226,"Vajra":375,"Sozu":393,"Centennial Puzzle":231,"Lizard Tail":651,"HornCleat":636,"DollysMirror":237,"Strawberry":433,"Prayer Wheel":547,"Toxic Egg 2":294,"Girya":164,"Happy Flower":58,"Astrolabe":570,"Oddly Smooth Stone":237,"Charon\u0027s Ashes":237,"Letter Opener":139,"War Paint":616,"Question Card":207,"Bottled Flame":1118,"Shuriken":337,"Bronze Scales":226,"Molten Egg 2":824,"Nloth\u0027s Gift":881,"Meat on the Bone":201,"Darkstone Periapt":834,"reliquary:Firecrackers":226,"Black Blood":277,"Mango":557,"Incense Burner":0,"Juzu Bracelet":21,"PrismaticShard":443,"ClockworkSouvenir":226,"Nunchaku":476,"Dream Catcher":1129,"Mummified Hand":247,"Gambling Chip":108,"Pantograph":237,"Tiny Chest":305,"reliquary:RoseTintedGlasses":226,"Red Mask":342,"Red Skull":201,"Odd Mushroom":29,"Orichalcum":736,"Medical Kit":849,"White Beast Statue":534,"Peace Pipe":375,"Calling Bell":1080,"Anchor":443,"reliquary:TuningFork":207,"Bag of Marbles":342,"Membership Card":164,"TungstenRod":21,"FossilizedHelix":201}],"Burning Blood":1426},"card_choices":[{"not_picked":["Dark Embrace","Feel No Pain"],"picked":"Combust","floor":1.0},{"not_picked":["True Grit","Cleave"],"picked":"Flex","floor":2.0},{"not_picked":["Sword Boomerang","Sever Soul","Body Slam"],"picked":"SKIP","floor":5.0},{"not_picked":["Entrench","Sever Soul","Wild Strike"],"picked":"SKIP","floor":12.0},{"not_picked":["Bludgeon","Barricade"],"picked":"Impervious","floor":16.0},{"not_picked":["Havoc","Clothesline"],"picked":"Thunderclap+1","floor":18.0},{"not_picked":["True Grit","Flex+1"],"picked":"Reckless Charge+1","floor":19.0},{"not_picked":["Warcry","Shrug It Off"],"picked":"Battle Trance","floor":20.0},{"not_picked":["Wild Strike+1","Body Slam"],"picked":"Dropkick+1","floor":21.0},{"not_picked":["Havoc","Entrench"],"picked":"Pummel+1","floor":23.0},{"not_picked":["Sentinel+1","Burning Pact+1","Twin Strike"],"picked":"SKIP","floor":25.0},{"not_picked":["Armaments+1","Shrug It Off"],"picked":"Battle Trance","floor":28.0},{"not_picked":["Clash+1","Twin Strike+1"],"picked":"Shrug It Off+1","floor":30},{"not_picked":["Disarm","Double Tap"],"picked":"Body Slam+1","floor":31},{"not_picked":["Demon Form","Bludgeon"],"picked":"Offering","floor":33},{"not_picked":["Intimidate","Thunderclap"],"picked":"Rage+1","floor":35},{"not_picked":["Twin Strike+1","Shrug It Off+1"],"picked":"Infernal Blade+1","floor":37},{"not_picked":["Warcry+1","Sword Boomerang"],"picked":"Seeing Red+1","floor":40},{"not_picked":["True Grit+1","Sever Soul+1","Thunderclap+1"],"picked":"SKIP","floor":42},{"not_picked":["Mind Blast","Chrysalis"],"picked":"Finesse","floor":45},{"not_picked":["Apotheosis","Mayhem"],"picked":"Panache","floor":45},{"not_picked":["Warcry","Intimidate","Twin Strike+1"],"picked":"SKIP","floor":48},{"not_picked":["Cleave","Body Slam"],"picked":"Ghostly Armor+1","floor":49},{"not_picked":["Rupture+1","Battle Trance","Clash+1"],"picked":"SKIP","floor":54}],"player_experience":3738693,"relics_obtained":[{"floor":9.0,"key":"PreservedInsect"},{"floor":10.0,"key":"Ancient Tea Set"},{"floor":12.0,"key":"Ornamental Fan"},{"floor":17.0,"key":"MealTicket"},{"floor":17.0,"key":"Pantograph"},{"floor":17.0,"key":"WingedGreaves"},{"floor":23.0,"key":"CeramicFish"},{"floor":26.0,"key":"Paper Frog"},{"floor":28.0,"key":"Tiny Chest"},{"floor":31,"key":"Lizard Tail"},{"floor":40,"key":"Smiling Mask"},{"floor":41,"key":"Strawberry"},{"floor":43,"key":"Red Skull"},{"floor":47,"key":"Kunai"},{"floor":48,"key":"Dream Catcher"},{"floor":54,"key":"Bird Faced Urn"}],"event_choices":[{"cards_removed":["Strike_R"],"damage_healed":0.0,"max_hp_gain":0.0,"max_hp_loss":0.0,"gold_gain":0.0,"event_name":"Golden Wing","player_choice":"Card Removal","floor":4.0,"gold_loss":0.0,"damage_taken":7.0},{"damage_healed":0.0,"max_hp_gain":0.0,"max_hp_loss":0.0,"gold_gain":0.0,"event_name":"betterThird:BetterScrap","player_choice":"Relic ","floor":8.0,"gold_loss":0.0,"damage_taken":12.0,"cards_obtained":["Tactician"]},{"damage_healed":0.0,"max_hp_gain":0.0,"max_hp_loss":0.0,"gold_gain":0.0,"event_name":"Accursed Blacksmith","player_choice":"Forge","floor":22.0,"gold_loss":0.0,"damage_taken":0.0,"cards_upgraded":["Battle Trance"]},{"cards_removed":["Strike_R"],"damage_healed":0.0,"max_hp_gain":0.0,"max_hp_loss":0.0,"gold_gain":0.0,"event_name":"betterNote:BetterNote","player_choice":"Give","floor":29.0,"gold_loss":0.0,"damage_taken":0.0,"cards_obtained":["Strike_B"]},{"damage_healed":0,"gold_gain":0,"player_choice":"Embrace Madness","damage_taken":11,"max_hp_gain":0,"max_hp_loss":0,"event_name":"Winding Halls","floor":36,"gold_loss":0,"cards_obtained":["Madness","Madness"]},{"cards_removed":["Combust"],"damage_healed":0,"gold_gain":0,"player_choice":"Removed Power","damage_taken":0,"max_hp_gain":0,"max_hp_loss":0,"event_name":"Falling","floor":39,"gold_loss":0},{"damage_healed":0,"gold_gain":0,"player_choice":"Ignored","damage_taken":0,"max_hp_gain":0,"max_hp_loss":0,"event_name":"Tomb of Lord Red Mask","floor":44,"gold_loss":0},{"damage_healed":0,"gold_gain":3,"player_choice":"1","damage_taken":0,"max_hp_gain":0,"max_hp_loss":0,"event_name":"betterStone:BetterStone","floor":45,"gold_loss":0}],"is_beta":false,"boss_relics":[{"not_picked":["Velvet Choker","Coffee Dripper"],"picked":"Calling Bell"},{"not_picked":["Empty Cage","Runic Pyramid"],"picked":"Sozu"}],"items_purged_floors":[53],"is_endless":false,"potions_floor_spawned":[1,2,5,16,18,28,31,33,35,37,40,48],"killed_by":"The Heart","ascension_level":0}}