{"host":"sc0o2qwpf9j16a4i","time":1613070844,"event":{"mods":["AchievementEnabler","BaseMod","BetterRewards","Block Reminder","Colored Map","Colored Powertips","Custom Start","Highlight Path","Minty Spire (QoL Compilation)","Relic Stats"],"gold_per_floor":[119,119,69,82,13,38,38,38,38,38,66,86,86,111,111,209,209,223,223,238,238,238,252,287,287,341,374,374,388,422,422,422,517,517,533,551,551,92,103,156,196,81,115,124,136,147,179,207,207,207],"floor_reached":51,"language":"ENG","playtime":1609,"items_purged":[],"score":1431,"play_id":"b5a02ae4-b71d-400a-9ae1-e1bbcd82031e","local_time":"20210211211404","daily_mods":["SealedDeck","Hoarder","Night Terrors"],"is_ascension_mode":false,"campfire_choices":[{"data":"Armaments","floor":7,"key":"SMITH"},{"data":"Armaments","floor":13,"key":"SMITH"},{"data":"Armaments","floor":15,"key":"SMITH"},{"data":"Battle Trance","floor":25,"key":"SMITH"},{"data":"Barricade","floor":28,"key":"SMITH"},{"data":"Barricade","floor":32,"key":"SMITH"},{"data":"Apotheosis","floor":49,"key":"SMITH"}],"circlet_count":0,"master_deck":["Body Slam","Body Slam","Body Slam","Clothesline","Clothesline","Clothesline","Metallicize","Metallicize+1","Metallicize","Armaments+1","Armaments+1","Armaments+1","Body Slam","Body Slam","Body Slam","Anger","Anger","Anger","Rage","Rage","Rage+1","Iron Wave","Iron Wave","Iron Wave","Iron Wave","Iron Wave","Iron Wave","Metallicize","Metallicize","Metallicize","Armaments","Armaments","Armaments","Uppercut","Uppercut","Uppercut","Battle Trance","Battle Trance","Battle Trance+1","Impervious","Impervious","Impervious","Impervious","Impervious","Impervious","Body Slam","Body Slam","Body Slam","Pain","Pain","Pain","Armaments+1","Armaments+1","Armaments+1","Barricade+1","Barricade+1","Barricade+1","Impervious","Impervious","Impervious","Apotheosis+1","Apotheosis","Apotheosis","Body Slam+1","Body Slam+1","Body Slam+1","Doubt","Doubt","Doubt","Decay","Decay","Decay","Impervious","Impervious","Impervious"],"relics":["Burning Blood","Singing Bowl","Self Forming Clay","Blue Candle","PreservedInsect","Mark of Pain","WarpedTongs","Ancient Tea Set","Akabeko","Pen Nib","The Courier","MutagenicStrength","Cursed Key","Letter Opener","Frozen Eye","Magic Flower","CeramicFish","ClockworkSouvenir","Anchor","Bottled Lightning","Kunai"],"acts_visited":["Exordium","TheCity","TheBeyond"],"potions_floor_usage":[6,11,46,50,50],"damage_taken":[{"damage":0,"enemies":"Jaw Worm","floor":1,"turns":4},{"damage":0,"enemies":"2 Louse","floor":4,"turns":3},{"damage":0,"enemies":"3 Sentries","floor":6,"turns":5},{"damage":9,"enemies":"Gremlin Nob","floor":11,"turns":4},{"damage":0,"enemies":"Cultist","floor":12,"turns":3},{"damage":0,"enemies":"3 Sentries","floor":14,"turns":8},{"damage":0,"enemies":"Hexaghost","floor":16,"turns":13},{"damage":0,"enemies":"Spheric Guardian","floor":18,"turns":3},{"damage":0,"enemies":"2 Thieves","floor":20,"turns":3},{"damage":4,"enemies":"Chosen and Byrds","floor":23,"turns":5},{"damage":5,"enemies":"Book of Stabbing","floor":24,"turns":4},{"damage":11,"enemies":"Slavers","floor":27,"turns":6},{"damage":1,"enemies":"Snake Plant","floor":29,"turns":5},{"damage":4,"enemies":"Book of Stabbing","floor":30,"turns":4},{"damage":4,"enemies":"Automaton","floor":33,"turns":8},{"damage":3,"enemies":"3 Darklings","floor":35,"turns":4},{"damage":11,"enemies":"Orb Walker","floor":36,"turns":3},{"damage":4,"enemies":"Writhing Mass","floor":39,"turns":4},{"damage":0,"enemies":"2 Orb Walkers","floor":40,"turns":3},{"damage":1,"enemies":"Giant Head","floor":41,"turns":4},{"damage":8,"enemies":"Maw","floor":45,"turns":7},{"damage":3,"enemies":"Sphere and 2 Shapes","floor":46,"turns":4},{"damage":3,"enemies":"Reptomancer","floor":47,"turns":3},{"damage":11,"enemies":"Spire Growth","floor":48,"turns":4},{"damage":5,"enemies":"Time Eater","floor":50,"turns":7}],"seed_played":"-875605043819032201","potions_obtained":[{"floor":1,"key":"LiquidMemories"},{"floor":2,"key":"Block Potion"},{"floor":2,"key":"Weak Potion"},{"floor":12,"key":"AttackPotion"},{"floor":20,"key":"DuplicationPotion"},{"floor":46,"key":"Fire Potion"},{"floor":48,"key":"HeartOfIron"}],"is_trial":true,"path_per_floor":["M","?","$","M","$","E","R","$","T","?","E","M","R","E","R","B",null,"M","?","M","?","?","M","E","R","T","E","R","M","E","?","R","B",null,"M","M","?","$","M","?","E","$","T","T","M","M","E","M","R","B",null],"character_chosen":"IRONCLAD","items_purchased":["Armaments","Battle Trance","Apotheosis","Letter Opener","Frozen Eye","ClockworkSouvenir"],"campfire_rested":0,"item_purchase_floors":[3,5,38,38,38,42],"current_hp_per_floor":[80,80,80,80,80,82,82,82,82,66,63,71,71,79,79,85,86,88,88,88,88,88,88,90,90,90,85,85,92,94,94,94,94,94,96,93,93,93,97,102,102,102,102,102,104,106,108,106,106,108],"gold":207,"neow_bonus":"","is_daily":false,"chose_seed":false,"campfire_upgraded":7,"win_rate":0.0,"timestamp":1613070844,"path_taken":["M","?","$","?","$","E","R","?","T","?","E","M","R","E","R","BOSS","M","?","?","?","?","?","E","R","T","E","R","M","E","?","R","BOSS","M","M","?","?","M","?","E","?","T","?","?","M","E","M","R","BOSS"],"items_purchased_type":["Card","Card","Card","Relic","Relic","Relic"],"build_version":"2020-12-22","purchased_purges":0,"victory":true,"max_hp_per_floor":[80,80,80,80,80,82,82,82,82,82,82,84,84,86,86,86,86,88,88,88,88,88,88,90,90,90,90,90,92,94,94,94,94,94,96,98,98,98,100,102,102,102,102,102,104,106,108,108,108,108],"relic_stats":{"Singing Bowl":28,"counters":[25,121],"Self Forming Clay":[147],"Blue Candle":[33],"CeramicFish":36,"Magic Flower":[6],"PreservedInsect":305,"Pen Nib":[9],"Letter Opener":[42],"Cursed Key":2,"Burning Blood":102,"WarpedTongs":[54],"Kunai":[3],"obtain_stats":[{"Singing Bowl":6,"Self Forming Clay":9,"Blue Candle":11,"CeramicFish":41,"Magic Flower":40,"PreservedInsect":14,"Pen Nib":27,"The Courier":30,"Letter Opener":38,"Ancient Tea Set":24,"Cursed Key":34,"Burning Blood":0,"Akabeko":26,"WarpedTongs":22,"ClockworkSouvenir":42,"Frozen Eye":38,"Anchor":43,"MutagenicStrength":31,"Mark of Pain":17,"Bottled Lightning":44,"Kunai":47},{"Singing Bowl":3,"Self Forming Clay":3,"Blue Candle":4,"CeramicFish":20,"Magic Flower":19,"PreservedInsect":6,"Pen Nib":12,"The Courier":14,"Letter Opener":17,"Ancient Tea Set":11,"Cursed Key":15,"Burning Blood":0,"Akabeko":11,"WarpedTongs":9,"ClockworkSouvenir":20,"Frozen Eye":17,"Anchor":20,"MutagenicStrength":14,"Mark of Pain":7,"Bottled Lightning":20,"Kunai":23},{"Singing Bowl":12,"Self Forming Clay":12,"Blue Candle":16,"CeramicFish":96,"Magic Flower":92,"PreservedInsect":27,"Pen Nib":61,"The Courier":70,"Letter Opener":85,"Ancient Tea Set":55,"Cursed Key":78,"Burning Blood":0,"Akabeko":55,"WarpedTongs":46,"ClockworkSouvenir":96,"Frozen Eye":85,"Anchor":96,"MutagenicStrength":70,"Mark of Pain":40,"Bottled Lightning":96,"Kunai":110}]},"card_choices":[{"not_picked":["Thunderclap","Body Slam","Wild Strike"],"picked":"SKIP","floor":1},{"not_picked":["Armaments","Seeing Red"],"picked":"Uppercut","floor":4},{"not_picked":["Anger","Havoc","Armaments"],"picked":"Singing Bowl","floor":6},{"not_picked":["Clash","Cleave"],"picked":"Impervious","floor":11},{"not_picked":["Twin Strike","Rupture","Dark Embrace"],"picked":"Singing Bowl","floor":12},{"not_picked":["Sever Soul","Warcry","Pommel Strike"],"picked":"Singing Bowl","floor":14},{"not_picked":["Corruption","Offering"],"picked":"Impervious","floor":16},{"not_picked":["Second Wind","Anger+1","Clothesline"],"picked":"Singing Bowl","floor":18},{"not_picked":["Heavy Blade","Headbutt"],"picked":"Body Slam","floor":20},{"not_picked":["Heavy Blade+1","Cleave"],"picked":"Armaments+1","floor":23},{"not_picked":["Infernal Blade+1","Power Through","Havoc"],"picked":"Singing Bowl","floor":24},{"not_picked":["Shrug It Off","Thunderclap"],"picked":"Barricade","floor":27},{"not_picked":["Wild Strike","Perfected Strike","Evolve"],"picked":"Singing Bowl","floor":29},{"not_picked":["Combust","Shrug It Off","Immolate"],"picked":"Singing Bowl","floor":30},{"not_picked":["Reaper","Limit Break"],"picked":"Impervious","floor":33},{"not_picked":["Shrug It Off+1","Headbutt+1","Wild Strike+1"],"picked":"Singing Bowl","floor":35},{"not_picked":["Flex","Fire Breathing","Pommel Strike"],"picked":"Singing Bowl","floor":36},{"not_picked":["Flex+1","Battle Trance","Sentinel"],"picked":"Singing Bowl","floor":39},{"not_picked":["Armaments+1","Twin Strike","Rampage"],"picked":"Singing Bowl","floor":40},{"not_picked":["Sword Boomerang+1","Bludgeon"],"picked":"Body Slam+1","floor":41},{"not_picked":["Evolve+1","Sword Boomerang+1","Body Slam"],"picked":"Singing Bowl","floor":45},{"not_picked":["Sword Boomerang","Blood for Blood","Clothesline+1"],"picked":"Singing Bowl","floor":46},{"not_picked":["Iron Wave","Pommel Strike+1","Sentinel"],"picked":"Singing Bowl","floor":47},{"not_picked":["Shockwave","Spot Weakness"],"picked":"Impervious","floor":48}],"player_experience":1351552,"relics_obtained":[{"floor":6,"key":"Singing Bowl"},{"floor":9,"key":"Self Forming Clay"},{"floor":11,"key":"Blue Candle"},{"floor":14,"key":"PreservedInsect"},{"floor":24,"key":"Ancient Tea Set"},{"floor":26,"key":"Akabeko"},{"floor":27,"key":"Pen Nib"},{"floor":30,"key":"The Courier"},{"floor":40,"key":"Magic Flower"},{"floor":41,"key":"CeramicFish"},{"floor":43,"key":"Anchor"},{"floor":44,"key":"Bottled Lightning"},{"floor":47,"key":"Kunai"}],"event_choices":[{"damage_healed":0,"gold_gain":0,"player_choice":"Got Potions","damage_taken":0,"max_hp_gain":0,"max_hp_loss":0,"event_name":"Lab","floor":2,"gold_loss":0},{"damage_healed":0,"gold_gain":0,"player_choice":"Entered Light","damage_taken":16,"max_hp_gain":0,"max_hp_loss":0,"event_name":"Shining Light","floor":10,"gold_loss":0,"cards_upgraded":["Metallicize","Rage"]},{"damage_healed":0,"gold_gain":0,"player_choice":"Ignored","damage_taken":0,"max_hp_gain":0,"max_hp_loss":0,"event_name":"NoteForYourself","floor":19,"gold_loss":0},{"damage_healed":0,"gold_gain":0,"player_choice":"Ignored","damage_taken":0,"max_hp_gain":0,"max_hp_loss":0,"event_name":"Ghosts","floor":21,"gold_loss":0},{"damage_healed":0,"gold_gain":0,"player_choice":"Rummage","damage_taken":0,"relics_obtained":["WarpedTongs"],"max_hp_gain":0,"max_hp_loss":0,"event_name":"Accursed Blacksmith","floor":22,"gold_loss":0,"cards_obtained":["Pain"]},{"damage_healed":0,"gold_gain":0,"player_choice":"Inject Mutagens","damage_taken":0,"relics_obtained":["MutagenicStrength"],"max_hp_gain":0,"max_hp_loss":0,"event_name":"Drug Dealer","floor":31,"gold_loss":0},{"damage_healed":0,"gold_gain":0,"player_choice":"Upgraded","damage_taken":0,"max_hp_gain":0,"max_hp_loss":0,"event_name":"Upgrade Shrine","floor":37,"gold_loss":0,"cards_upgraded":["Barricade"]},{"damage_healed":0,"gold_gain":0,"player_choice":"Fight","damage_taken":0,"max_hp_gain":0,"max_hp_loss":0,"event_name":"Mysterious Sphere","floor":40,"gold_loss":0}],"is_beta":false,"boss_relics":[{"not_picked":["Runic Dome","Calling Bell"],"picked":"Mark of Pain"},{"not_picked":["Philosopher\u0027s Stone","Black Blood"],"picked":"Cursed Key"}],"items_purged_floors":[],"is_endless":false,"potions_floor_spawned":[1,12,20,24,30,35,39,40,46,48],"ascension_level":0}}