{"host":"68ypu360vyldwzrz","time":1613080265,"event":{"mods":["Act Like it!","BaseMod","Better Note","Better Third Choice","Better Vampires","BetterRewards","CapriCore","DeckTracker","Downfall","Friendly Minions","GifTheSpireLib","Hubris","Jorbs\u0027s Wanderer Trilogy","Luminous","Minty Spire (QoL Compilation)","Quick Restart","Rare Cards Sparkle","Relic Stats","Shade Mod","Shop Mod","StSLib","Td1madao Mod","The Administrix","The Alterego","The Cursed","The Hierophant","The Immortal","The Necromancer","The Senshi","The Servant 0.9.4","The Wild Card","TheVacant"],"gold_per_floor":[119,119,119,137,102,102,127,150,174,174,218,242,242,255,255,255,255],"floor_reached":16,"language":"ENG","playtime":2313,"items_purged":[],"score":102,"play_id":"86d432c0-0e4c-45cd-a01b-32e685313f20","local_time":"20210211135105","is_ascension_mode":false,"campfire_choices":[{"data":"theWildCard:Arsene","floor":6,"key":"SMITH"},{"floor":10,"key":"RECALL"},{"floor":13,"key":"REST"},{"floor":15,"key":"REST"}],"circlet_count":0,"master_deck":["theWildCard:BasicStrike","theWildCard:BasicStrike","theWildCard:BasicStrike","theWildCard:BasicStrike","theWildCard:BasicDefend","theWildCard:BasicDefend","theWildCard:BasicDefend","theWildCard:BasicDefend","theWildCard:CallToAdventure","theWildCard:Arsene+1","theWildCard:MagicMettle","theWildCard:Providence","theWildCard:Sakuya","theWildCard:ArcanaArtistry","theWildCard:Polydeuces","theWildCard:Proficiency","theWildCard:Loki"],"relics":["theWildCard:VelvetContract","NeowsBlessing","Golden Idol","hubris:Icosahedron","Meat on the Bone"],"acts_visited":["Exordium"],"potions_floor_usage":[16,16],"damage_taken":[{"damage":0,"enemies":"2 Louse","floor":1,"turns":1},{"damage":0,"enemies":"Jaw Worm","floor":4,"turns":1},{"damage":0,"enemies":"Small Slimes","floor":7,"turns":1},{"damage":7,"enemies":"Red Slaver","floor":8,"turns":3},{"damage":35,"enemies":"3 Sentries","floor":11,"turns":11},{"damage":12,"enemies":"Exordium Thugs","floor":12,"turns":5},{"damage":15,"enemies":"Looter","floor":14,"turns":3},{"damage":57,"enemies":"The Guardian","floor":16,"turns":16}],"seed_played":"3395180886771882938","potions_obtained":[{"floor":4,"key":"Ancient Potion"},{"floor":8,"key":"Block Potion"},{"floor":11,"key":"EssenceOfSteel"}],"is_trial":false,"path_per_floor":["M","?","?","M","?","R","M","M","T","R","E","M","R","M","R","B"],"character_chosen":"THE_WILD_CARD","items_purchased":[],"campfire_rested":2,"item_purchase_floors":[],"current_hp_per_floor":[60,45,45,45,60,60,60,54,54,54,32,32,50,35,53,0,0],"gold":255,"neow_bonus":"THREE_ENEMY_KILL","is_daily":false,"chose_seed":false,"campfire_upgraded":1,"win_rate":0.0,"timestamp":1613080265,"path_taken":["M","?","?","M","?","R","?","M","T","R","E","M","R","M","R","BOSS"],"items_purchased_type":[],"build_version":"2020-12-22","purchased_purges":0,"victory":false,"max_hp_per_floor":[60,60,60,60,60,60,60,60,60,60,60,60,60,60,60,60,60],"relic_stats":{"counters":[8,41],"Golden Idol":31,"obtain_stats":[{"theWildCard:VelvetContract":0,"hubris:Icosahedron":3,"NeowsBlessing":0,"Golden Idol":2,"Meat on the Bone":11},{"theWildCard:VelvetContract":0,"hubris:Icosahedron":1,"NeowsBlessing":0,"Golden Idol":1,"Meat on the Bone":5},{"theWildCard:VelvetContract":0,"hubris:Icosahedron":1,"NeowsBlessing":0,"Golden Idol":1,"Meat on the Bone":17}],"Meat on the Bone":12},"card_choices":[{"not_picked":["theWildCard:Proficiency","theWildCard:SeveringSlash"],"picked":"theWildCard:MagicMettle","floor":1},{"not_picked":["theWildCard:StingingStrike","theWildCard:Loki"],"picked":"theWildCard:Providence","floor":4},{"not_picked":["theWildCard:Polydeuces","theWildCard:EnergyTheft"],"picked":"theWildCard:Sakuya","floor":7},{"not_picked":["theWildCard:Sakuya","theWildCard:StingingStrike"],"picked":"theWildCard:ArcanaArtistry","floor":8},{"not_picked":["theWildCard:ArcaneArts","theWildCard:SeveringSlash"],"picked":"theWildCard:Polydeuces","floor":11},{"not_picked":["theWildCard:Patience","theWildCard:ShieldOfMany"],"picked":"theWildCard:Proficiency","floor":12},{"not_picked":["theWildCard:Attunement","theWildCard:Impatience"],"picked":"theWildCard:Loki","floor":14}],"player_experience":386124,"relics_obtained":[{"floor":11,"key":"Meat on the Bone"}],"event_choices":[{"damage_healed":0,"gold_gain":0,"player_choice":"Take Damage","damage_taken":15,"relics_obtained":["Golden Idol"],"max_hp_gain":0,"max_hp_loss":0,"event_name":"Golden Idol","floor":2,"gold_loss":0},{"damage_healed":15,"gold_gain":0,"player_choice":"Healed","damage_taken":0,"max_hp_gain":0,"max_hp_loss":0,"event_name":"The Cleric","floor":5,"gold_loss":35}],"is_beta":false,"boss_relics":[],"items_purged_floors":[],"is_endless":false,"potions_floor_spawned":[4,8,11],"killed_by":"The Guardian","ascension_level":0}}