{"host":"6gwm7y0tp7acoxay","time":1613042077,"event":{"mods":["BaseMod","Colored Map","Keyboard Shortcuts","Minty Spire (QoL Compilation)","Quick Restart","StSLib","SuperFastMode","everything is the same but u backflip on backflip"],"gold_per_floor":[114,114,114,27,27,67,110,149,149,149,149,183,226,260,260,351,351,375,49,49,99,99,138,171,204,204,204,248,261,43,63,63,162,162,181,181,43,101,122,166,206,245,245,278,278,278,302,635,635,635,635,635,635,52,80,80],"floor_reached":57,"language":"KOR","playtime":1983,"items_purged":["Bane"],"score":3628,"play_id":"8d0ae3e2-80f3-4ae8-a6d7-e3be6a43cab6","local_time":"20210211201437","daily_mods":["SealedDeck","Heirloom","Flight"],"is_ascension_mode":true,"campfire_choices":[{"data":"Catalyst","floor":10.0,"key":"SMITH"},{"data":"Bouncing Flask","floor":11.0,"key":"SMITH"},{"data":"Noxious Fumes","floor":15.0,"key":"SMITH"},{"data":"Footwork","floor":32.0,"key":"SMITH"},{"floor":45.0,"key":"RECALL"},{"floor":49,"key":"REST"},{"data":"Burst","floor":53,"key":"SMITH"}],"circlet_count":0,"master_deck":["AscendersBane","Deadly Poison+1","Poisoned Stab","Backflip+1","PiercingWail+1","Blur","Dodge and Roll","Caltrops","Footwork+1","Noxious Fumes+1","Bouncing Flask+1","Catalyst+1","After Image","Cloak And Dagger","Catalyst+1","Finesse","Malaise","Catalyst+1","Leg Sweep","PiercingWail","Calculated Gamble+1","Crippling Poison","Acrobatics","Burst+1"],"relics":["Ring of the Snake","TungstenRod","Meat on the Bone","Ice Cream","Dead Branch","Ancient Tea Set","Lantern","Shovel","Sozu","DollysMirror","Potion Belt","The Courier","Blue Candle","Darkstone Periapt","MutagenicStrength","Red Mask","Letter Opener","Runic Dome","Bag of Preparation","Tingsha","Mummified Hand","Bronze Scales","Ornamental Fan","Mercury Hourglass","Bottled Tornado","Snake Skull","Tough Bandages","Pear","Toy Ornithopter"],"acts_visited":["Exordium","TheCity","TheBeyond","TheEnding"],"potions_floor_usage":[],"damage_taken":[{"damage":5.0,"enemies":"Small Slimes","floor":1.0,"turns":3.0},{"damage":4.0,"enemies":"Gremlin Nob","floor":6.0,"turns":3.0},{"damage":20.0,"enemies":"3 Sentries","floor":7.0,"turns":9.0},{"damage":5.0,"enemies":"Lagavulin","floor":8.0,"turns":5.0},{"damage":16.0,"enemies":"3 Sentries","floor":12.0,"turns":6.0},{"damage":0.0,"enemies":"Gremlin Nob","floor":13.0,"turns":2.0},{"damage":18.0,"enemies":"3 Sentries","floor":14.0,"turns":6.0},{"damage":0.0,"enemies":"Hexaghost","floor":16.0,"turns":5.0},{"damage":0.0,"enemies":"Chosen","floor":18.0,"turns":3.0},{"damage":4.0,"enemies":"Gremlin Leader","floor":23.0,"turns":2.0},{"damage":10.0,"enemies":"Book of Stabbing","floor":24.0,"turns":4.0},{"damage":39.0,"enemies":"Gremlin Leader","floor":25.0,"turns":3.0},{"damage":9.0,"enemies":"Masked Bandits","floor":28.0,"turns":6.0},{"damage":1.0,"enemies":"Shell Parasite","floor":29.0,"turns":4.0},{"damage":0.0,"enemies":"Sentry and Sphere","floor":31.0,"turns":2.0},{"damage":0.0,"enemies":"Automaton","floor":33.0,"turns":4.0},{"damage":0.0,"enemies":"3 Shapes","floor":35.0,"turns":3.0},{"damage":4.0,"enemies":"2 Orb Walkers","floor":38.0,"turns":3.0},{"damage":0.0,"enemies":"3 Darklings","floor":39.0,"turns":3.0},{"damage":2.0,"enemies":"Giant Head","floor":40.0,"turns":4.0},{"damage":0.0,"enemies":"Nemesis","floor":41.0,"turns":3.0},{"damage":0.0,"enemies":"Giant Head","floor":42.0,"turns":4.0},{"damage":26.0,"enemies":"Reptomancer","floor":44.0,"turns":3.0},{"damage":0.0,"enemies":"Sphere and 2 Shapes","floor":47.0,"turns":3.0},{"damage":0,"enemies":"Donu and Deca","floor":50,"turns":7},{"damage":29,"enemies":"Awakened One","floor":51,"turns":11},{"damage":0,"enemies":"Shield and Spear","floor":55,"turns":4},{"damage":1,"enemies":"The Heart","floor":56,"turns":8}],"seed_played":"-9135098237280256625","potions_obtained":[{"floor":1.0,"key":"Explosive Potion"},{"floor":6.0,"key":"AttackPotion"},{"floor":8.0,"key":"Block Potion"},{"floor":14.0,"key":"GamblersBrew"}],"is_trial":true,"path_per_floor":["M","?","?","$","?","E","E","E","T","R","R","E","E","E","R","B",null,"M","$","?","?","?","E","E","E","T","?","?","M","$","M","R","B",null,"M","?","$","?","M","E","E","E","T","E","R","?","M","?","R","B","B",null,"R","$","E","B",null],"character_chosen":"THE_SILENT","items_purchased":["CunningPotion","DollysMirror","Finesse","Letter Opener","Bag of Preparation","Snake Skull","Tough Bandages","Pear"],"campfire_rested":1,"item_purchase_floors":[4,19,19,30,37,54,54,54],"current_hp_per_floor":[54,54,54,54,37,33,25,32,32,32,32,28,40,34,34,34,54,54,54,54,54,54,50,40,13,13,13,16,27,27,39,39,39,55,55,55,55,51,51,49,49,49,49,35,35,35,35,35,53,53,36,54,54,64,64,63],"gold":80,"neow_bonus":"","is_daily":false,"chose_seed":false,"campfire_upgraded":5,"win_rate":0.0,"timestamp":1613042077,"path_taken":["M","?","?","?","?","E","E","E","T","R","R","E","E","E","R","BOSS","M","$","?","?","?","E","E","E","T","?","?","?","$","M","R","BOSS","M","?","?","?","M","E","E","E","T","E","R","?","?","?","R","BOSS","BOSS","R","$","E","BOSS"],"items_purchased_type":["Potion","Relic","Card","Relic","Relic","Relic","Relic","Relic"],"build_version":"2020-12-22","purchased_purges":1,"victory":true,"max_hp_per_floor":[66,60,60,60,60,60,60,60,60,60,60,60,60,60,60,60,60,60,60,60,60,60,60,60,60,60,60,60,60,60,60,60,60,60,60,60,60,60,60,60,60,60,60,60,60,60,60,60,60,60,60,60,60,70,70,70],"card_choices":[{"not_picked":["Riddle With Holes","Outmaneuver","Tactician"],"picked":"SKIP","floor":1.0},{"not_picked":["Deadly Poison","Backflip"],"picked":"Bouncing Flask","floor":6.0},{"not_picked":["Predator","Slice"],"picked":"Catalyst","floor":7.0},{"not_picked":["Bane","Flying Knee","Dodge and Roll"],"picked":"SKIP","floor":8.0},{"not_picked":["Dash","Flying Knee","Noxious Fumes"],"picked":"SKIP","floor":12.0},{"not_picked":["Infinite Blades","Setup","Storm of Steel"],"picked":"SKIP","floor":13.0},{"not_picked":["Cloak And Dagger","Quick Slash","Bane"],"picked":"SKIP","floor":14.0},{"not_picked":["Glass Knife","Corpse Explosion"],"picked":"After Image","floor":16.0},{"not_picked":["Blade Dance","Underhanded Strike"],"picked":"Cloak And Dagger","floor":18.0},{"not_picked":["Slice","Terror","Backflip"],"picked":"SKIP","floor":23.0},{"not_picked":["Dodge and Roll+1","Prepared"],"picked":"Malaise","floor":24.0},{"not_picked":["Escape Plan","Tactician"],"picked":"Catalyst+1","floor":25.0},{"not_picked":["Outmaneuver","PiercingWail"],"picked":"Leg Sweep","floor":28.0},{"not_picked":["Dash","Terror","Underhanded Strike"],"picked":"SKIP","floor":29.0},{"not_picked":["Dodge and Roll","Prepared"],"picked":"Dagger Spray","floor":31.0},{"not_picked":["Cloak And Dagger","Blade Dance"],"picked":"PiercingWail","floor":35.0},{"not_picked":["Dodge and Roll","Skewer"],"picked":"Calculated Gamble+1","floor":38.0},{"not_picked":["Masterful Stab","Bouncing Flask","Crippling Poison"],"picked":"SKIP","floor":39.0},{"not_picked":["Masterful Stab","Bouncing Flask"],"picked":"Crippling Poison","floor":39.0},{"not_picked":["Heel Hook","Sucker Punch","Cloak And Dagger"],"picked":"SKIP","floor":40.0},{"not_picked":["Dagger Throw+1","Backflip"],"picked":"Acrobatics","floor":41.0},{"not_picked":["Dagger Spray","Blade Dance+1","Dodge and Roll+1"],"picked":"SKIP","floor":42.0},{"not_picked":["Cloak And Dagger+1","PiercingWail+1"],"picked":"Burst","floor":44.0},{"not_picked":["Slice","Infinite Blades","Dash"],"picked":"SKIP","floor":47.0},{"not_picked":["A Thousand Cuts","PiercingWail","Flying Knee+1"],"picked":"SKIP","floor":55}],"player_experience":4524437,"relics_obtained":[{"floor":6.0,"key":"Meat on the Bone"},{"floor":7.0,"key":"Ice Cream"},{"floor":8.0,"key":"Dead Branch"},{"floor":12.0,"key":"Ancient Tea Set"},{"floor":13.0,"key":"Lantern"},{"floor":14.0,"key":"Shovel"},{"floor":23.0,"key":"Potion Belt"},{"floor":24.0,"key":"The Courier"},{"floor":25.0,"key":"Blue Candle"},{"floor":26.0,"key":"Darkstone Periapt"},{"floor":28.0,"key":"Red Mask"},{"floor":38.0,"key":"Tingsha"},{"floor":40.0,"key":"Mummified Hand"},{"floor":41.0,"key":"Bronze Scales"},{"floor":42.0,"key":"Ornamental Fan"},{"floor":43.0,"key":"Mercury Hourglass"},{"floor":44.0,"key":"Bottled Tornado"},{"floor":55,"key":"Toy Ornithopter"}],"event_choices":[{"damage_healed":0.0,"max_hp_gain":0.0,"max_hp_loss":6.0,"gold_gain":0.0,"event_name":"Golden Idol","player_choice":"Lose Max HP","floor":2.0,"gold_loss":0.0,"damage_taken":0.0,"relics_obtained":["Golden Idol"]},{"damage_healed":0.0,"max_hp_gain":0.0,"max_hp_loss":0.0,"gold_gain":0.0,"event_name":"Living Wall","player_choice":"Grow","floor":3.0,"gold_loss":0.0,"damage_taken":0.0,"cards_upgraded":["Deadly Poison"]},{"damage_healed":0.0,"max_hp_gain":0.0,"max_hp_loss":0.0,"gold_gain":0.0,"event_name":"Shining Light","player_choice":"Entered Light","floor":5.0,"gold_loss":0.0,"damage_taken":18.0,"cards_upgraded":["PiercingWail","Backflip"]},{"damage_healed":0.0,"max_hp_gain":0.0,"max_hp_loss":0.0,"gold_gain":0.0,"event_name":"Cursed Tome","player_choice":"Ignored","floor":20.0,"gold_loss":0.0,"damage_taken":0.0},{"damage_healed":0.0,"max_hp_gain":0.0,"max_hp_loss":0.0,"gold_gain":50.0,"event_name":"Nest","player_choice":"Stole From Cult","floor":21.0,"gold_loss":0.0,"damage_taken":0.0},{"damage_healed":0.0,"max_hp_gain":0.0,"max_hp_loss":0.0,"gold_gain":0.0,"event_name":"Vampires","player_choice":"Ignored","floor":22.0,"gold_loss":0.0,"damage_taken":0.0},{"damage_healed":0.0,"max_hp_gain":0.0,"max_hp_loss":0.0,"gold_gain":0.0,"event_name":"Drug Dealer","player_choice":"Inject Mutagens","floor":27.0,"gold_loss":0.0,"damage_taken":0.0,"relics_obtained":["MutagenicStrength"]},{"damage_healed":0.0,"max_hp_gain":0.0,"max_hp_loss":0.0,"gold_gain":0.0,"event_name":"Masked Bandits","player_choice":"Fought Bandits","floor":28.0,"gold_loss":0.0,"damage_taken":0.0},{"damage_healed":0.0,"max_hp_gain":0.0,"max_hp_loss":0.0,"gold_gain":0.0,"event_name":"Lab","player_choice":"Got Potions","floor":36.0,"gold_loss":0.0,"damage_taken":0.0},{"damage_healed":0.0,"max_hp_gain":0.0,"max_hp_loss":0.0,"gold_gain":0.0,"event_name":"Mysterious Sphere","player_choice":"Fight","floor":38.0,"gold_loss":0.0,"damage_taken":0.0},{"cards_removed":["Dagger Spray"],"damage_healed":0.0,"max_hp_gain":0.0,"max_hp_loss":0.0,"gold_gain":0.0,"event_name":"Falling","player_choice":"Removed Attack","floor":46.0,"gold_loss":0.0,"damage_taken":0.0},{"damage_healed":0.0,"max_hp_gain":0.0,"max_hp_loss":0.0,"gold_gain":333.0,"event_name":"The Moai Head","player_choice":"Gave Idol","floor":48.0,"relics_lost":["Golden Idol"],"gold_loss":0.0,"damage_taken":0.0}],"is_beta":false,"boss_relics":[{"not_picked":["Runic Pyramid","Cursed Key"],"picked":"Sozu"},{"not_picked":["Calling Bell","Fusion Hammer"],"picked":"Runic Dome"}],"items_purged_floors":[19],"is_endless":false,"potions_floor_spawned":[1,6,8,14,16,23,25,28,31,33,35,39,40,47],"ascension_level":20}}