{"host":"fj5i6t4nkss7815d","time":1613020415,"event":{"mods":["AchievementEnabler","BaseMod","Minty Spire (QoL Compilation)","Quick Restart","Relic Stats"],"gold_per_floor":[118,133,147,162,179,179,209,289,289,289,324,324,324,339,339,415,415,435,462,462,21,37,37,72,72,72,72,100,112,112,127,127,203,203,218,218,229,50,65,99,110,151,151,151,172,172,172,172],"floor_reached":47,"language":"ENG","playtime":2811,"items_purged":["Decay"],"score":1043,"play_id":"0a838b9b-47f6-4686-874f-182a3281e2db","local_time":"20210210211335","is_ascension_mode":true,"campfire_choices":[{"floor":6.0,"key":"REST"},{"floor":10.0,"key":"REST"},{"floor":13.0,"key":"REST"},{"data":"Finisher","floor":15.0,"key":"SMITH"},{"floor":23.0,"key":"REST"},{"floor":25.0,"key":"REST"},{"floor":27.0,"key":"REST"},{"floor":32.0,"key":"REST"},{"floor":44.0,"key":"REST"},{"floor":46.0,"key":"REST"}],"circlet_count":0,"master_deck":["AscendersBane","Strike_G","Strike_G","Strike_G","Strike_G+1","Strike_G","Defend_G","Defend_G","Defend_G","Defend_G","Defend_G","Survivor","Neutralize","Choke","Predator","Blade Dance+1","All Out Attack","Underhanded Strike","Dagger Spray+1","Finisher+1","Corpse Explosion","Calculated Gamble+1","Dash","Panache","Dramatic Entrance","Reflex","Leg Sweep+1","Cloak And Dagger+1","Bullet Time","Dodge and Roll+1","Backflip+1","Eviscerate+1","Backstab","Slice+1"],"relics":["Ring of the Serpent","Mercury Hourglass","The Courier","Bag of Marbles","Black Star","Red Mask","Boot","Paper Crane","Bronze Scales","StrikeDummy","Calipers","Toy Ornithopter","MutagenicStrength","Dream Catcher","Whetstone","Du-Vu Doll","CeramicFish","White Beast Statue","Ice Cream","Molten Egg 2"],"acts_visited":["Exordium","TheCity","TheBeyond"],"potions_floor_usage":[],"damage_taken":[{"damage":4.0,"enemies":"Cultist","floor":1.0,"turns":6.0},{"damage":1.0,"enemies":"2 Louse","floor":2.0,"turns":3.0},{"damage":4.0,"enemies":"Small Slimes","floor":3.0,"turns":4.0},{"damage":35.0,"enemies":"Exordium Thugs","floor":4.0,"turns":6.0},{"damage":1.0,"enemies":"2 Fungi Beasts","floor":5.0,"turns":3.0},{"damage":12.0,"enemies":"3 Sentries","floor":7.0,"turns":7.0},{"damage":17.0,"enemies":"Lagavulin","floor":11.0,"turns":7.0},{"damage":0.0,"enemies":"Blue Slaver","floor":14.0,"turns":2.0},{"damage":49.0,"enemies":"The Guardian","floor":16.0,"turns":13.0},{"damage":55.0,"enemies":"Shell Parasite","floor":18.0,"turns":7.0},{"damage":0.0,"enemies":"Masked Bandits","floor":19.0,"turns":2.0},{"damage":3.0,"enemies":"2 Thieves","floor":22.0,"turns":2.0},{"damage":14.0,"enemies":"Slavers","floor":24.0,"turns":5.0},{"damage":4.0,"enemies":"Gremlin Leader","floor":28.0,"turns":2.0},{"damage":3.0,"enemies":"Centurion and Healer","floor":29.0,"turns":4.0},{"damage":0.0,"enemies":"Snake Plant","floor":31.0,"turns":2.0},{"damage":58.0,"enemies":"Automaton","floor":33.0,"turns":12.0},{"damage":0.0,"enemies":"3 Darklings","floor":35.0,"turns":2.0},{"damage":0.0,"enemies":"Orb Walker","floor":37.0,"turns":2.0},{"damage":16.0,"enemies":"Transient","floor":39.0,"turns":6.0},{"damage":23.0,"enemies":"Nemesis","floor":40.0,"turns":6.0},{"damage":11.0,"enemies":"Maw","floor":41.0,"turns":7.0},{"damage":53.0,"enemies":"Reptomancer","floor":42.0,"turns":6.0},{"damage":0.0,"enemies":"Jaw Worm Horde","floor":45.0,"turns":1.0},{"damage":46,"enemies":"Giant Head","floor":47,"turns":7}],"seed_played":"1783557602751875013","potions_obtained":[{"floor":2.0,"key":"LiquidBronze"},{"floor":5.0,"key":"AttackPotion"},{"floor":11.0,"key":"GhostInAJar"},{"floor":16.0,"key":"SpeedPotion"},{"floor":18.0,"key":"Weak Potion"},{"floor":24.0,"key":"SteroidPotion"},{"floor":28.0,"key":"PowerPotion"},{"floor":31.0,"key":"Energy Potion"},{"floor":33.0,"key":"PowerPotion"},{"floor":37.0,"key":"Block Potion"},{"floor":41.0,"key":"FairyPotion"},{"floor":45.0,"key":"Strength Potion"}],"is_trial":false,"path_per_floor":["M","M","M","M","M","R","E","?","T","R","E","?","R","M","R","B",null,"M","?","?","$","M","R","E","R","T","R","E","M","?","M","R","B",null,"M","?","M","$","M","E","M","E","T","R","M","R","E"],"character_chosen":"THE_SILENT","items_purchased":["Panache","Boot","Dramatic Entrance","Reflex","Whetstone","AttackPotion"],"campfire_rested":9,"item_purchase_floors":[21,21,21,21,38,38],"current_hp_per_floor":[52,51,47,12,11,34,22,22,22,45,28,28,51,51,51,2,59,4,4,4,4,1,24,10,33,33,56,52,49,49,49,72,24,65,65,65,65,65,59,36,25,4,4,27,27,50,4,4],"gold":172,"neow_bonus":"TWENTY_PERCENT_HP_BONUS","is_daily":false,"chose_seed":false,"campfire_upgraded":1,"win_rate":0.0,"timestamp":1613020415,"path_taken":["M","M","M","M","M","R","E","?","T","R","E","?","R","M","R","BOSS","M","?","?","$","M","R","E","R","T","R","E","M","?","M","R","BOSS","M","?","?","$","M","E","M","E","T","R","M","R","E"],"items_purchased_type":["Card","Relic","Card","Card","Relic","Potion"],"build_version":"2020-12-22","purchased_purges":1,"victory":false,"max_hp_per_floor":[78,78,78,78,78,78,78,78,78,78,78,78,78,78,78,78,78,78,78,78,78,78,78,78,78,78,78,78,78,78,78,78,78,78,78,78,78,78,78,78,78,78,78,78,78,78,78,78],"relic_stats":{"Dream Catcher":2,"counters":[25,124],"Bronze Scales":[144],"CeramicFish":27,"Black Star":4,"Whetstone":["Dagger Spray","Strike_G"],"Boot":[108],"obtain_stats":[{"Ice Cream":42,"Calipers":28,"CeramicFish":40,"The Courier":9,"Whetstone":38,"Paper Crane":24,"Boot":21,"White Beast Statue":42,"Mercury Hourglass":7,"Du-Vu Doll":40,"Dream Catcher":36,"Bronze Scales":24,"MutagenicStrength":30,"Molten Egg 2":43,"Bag of Marbles":11,"Black Star":17,"Red Mask":19,"StrikeDummy":26,"Toy Ornithopter":28,"Ring of the Serpent":34,"Ring of the Snake":0},{"Ice Cream":23,"Calipers":14,"CeramicFish":21,"The Courier":6,"Whetstone":19,"Paper Crane":13,"Boot":11,"White Beast Statue":23,"Mercury Hourglass":6,"Du-Vu Doll":21,"Dream Catcher":18,"Bronze Scales":13,"MutagenicStrength":15,"Molten Egg 2":23,"Bag of Marbles":7,"Black Star":9,"Red Mask":11,"StrikeDummy":13,"Toy Ornithopter":14,"Ring of the Serpent":17,"Ring of the Snake":0},{"Ice Cream":116,"Calipers":69,"CeramicFish":103,"The Courier":29,"Whetstone":91,"Paper Crane":67,"Boot":60,"White Beast Statue":116,"Mercury Hourglass":29,"Du-Vu Doll":103,"Dream Catcher":89,"Bronze Scales":67,"MutagenicStrength":73,"Molten Egg 2":116,"Bag of Marbles":36,"Black Star":51,"Red Mask":60,"StrikeDummy":67,"Toy Ornithopter":69,"Ring of the Serpent":87,"Ring of the Snake":0}],"Toy Ornithopter":20,"Mercury Hourglass":[293]},"card_choices":[{"not_picked":["Outmaneuver","Quick Slash"],"picked":"Choke","floor":1.0},{"not_picked":["Deflect","Eviscerate"],"picked":"Predator","floor":2.0},{"not_picked":["Calculated Gamble","Dodge and Roll"],"picked":"Blade Dance","floor":3.0},{"not_picked":["Blade Dance","Outmaneuver"],"picked":"All Out Attack","floor":4.0},{"not_picked":["Dodge and Roll","Footwork"],"picked":"Underhanded Strike","floor":5.0},{"not_picked":["Flechettes","Heel Hook","Outmaneuver"],"picked":"SKIP","floor":7.0},{"not_picked":["Distraction","Choke"],"picked":"Dagger Spray","floor":11.0},{"not_picked":["Footwork","Escape Plan"],"picked":"Finisher","floor":14.0},{"not_picked":["Night Terror","Grand Finale"],"picked":"Corpse Explosion","floor":16.0},{"not_picked":["Accuracy","Acrobatics"],"picked":"Calculated Gamble+1","floor":18.0},{"not_picked":["PiercingWail","Cloak And Dagger"],"picked":"Dash","floor":19.0},{"not_picked":["Deflect","Calculated Gamble","Dodge and Roll"],"picked":"SKIP","floor":22.0},{"not_picked":["Tactician","Infinite Blades"],"picked":"Leg Sweep+1","floor":24.0},{"not_picked":["Dash","Finisher","Well Laid Plans"],"picked":"SKIP","floor":28.0},{"not_picked":["Predator","All Out Attack"],"picked":"Cloak And Dagger+1","floor":29.0},{"not_picked":["Dodge and Roll","Underhanded Strike","Expertise"],"picked":"SKIP","floor":31.0},{"not_picked":["Unload","Adrenaline"],"picked":"Bullet Time","floor":33.0},{"not_picked":["Outmaneuver+1","Quick Slash","PiercingWail"],"picked":"SKIP","floor":35.0},{"not_picked":["Reflex","Slice"],"picked":"Dodge and Roll+1","floor":37.0},{"not_picked":["Poisoned Stab","Infinite Blades"],"picked":"Backflip+1","floor":39.0},{"not_picked":["Dash","Quick Slash"],"picked":"Eviscerate+1","floor":40.0},{"not_picked":["Sucker Punch","Underhanded Strike+1","Heel Hook+1"],"picked":"SKIP","floor":41.0},{"not_picked":["Slice","Crippling Poison"],"picked":"Backstab","floor":42.0},{"not_picked":["Deflect+1","Dash+1"],"picked":"Slice+1","floor":45.0}],"player_experience":1036111,"relics_obtained":[{"floor":7.0,"key":"Mercury Hourglass"},{"floor":9.0,"key":"The Courier"},{"floor":11.0,"key":"Bag of Marbles"},{"floor":19.0,"key":"Red Mask"},{"floor":24.0,"key":"Paper Crane"},{"floor":24.0,"key":"Bronze Scales"},{"floor":26.0,"key":"StrikeDummy"},{"floor":28.0,"key":"Calipers"},{"floor":28.0,"key":"Toy Ornithopter"},{"floor":40.0,"key":"Du-Vu Doll"},{"floor":40.0,"key":"CeramicFish"},{"floor":42.0,"key":"White Beast Statue"},{"floor":42.0,"key":"Ice Cream"},{"floor":43.0,"key":"Molten Egg 2"}],"event_choices":[{"damage_healed":0.0,"max_hp_gain":0.0,"max_hp_loss":0.0,"gold_gain":80.0,"event_name":"Golden Wing","player_choice":"Gained Gold","floor":8.0,"gold_loss":0.0,"damage_taken":0.0},{"damage_healed":0.0,"max_hp_gain":0.0,"max_hp_loss":0.0,"gold_gain":0.0,"event_name":"Upgrade Shrine","player_choice":"Upgraded","floor":12.0,"gold_loss":0.0,"damage_taken":0.0,"cards_upgraded":["Blade Dance"]},{"damage_healed":0.0,"max_hp_gain":0.0,"max_hp_loss":0.0,"gold_gain":0.0,"event_name":"Masked Bandits","player_choice":"Fought Bandits","floor":19.0,"gold_loss":0.0,"damage_taken":0.0},{"damage_healed":0.0,"max_hp_gain":0.0,"max_hp_loss":0.0,"gold_gain":0.0,"event_name":"Forgotten Altar","player_choice":"Smashed Altar","floor":20.0,"gold_loss":0.0,"damage_taken":0.0,"cards_obtained":["Decay"]},{"damage_healed":0.0,"max_hp_gain":0.0,"max_hp_loss":0.0,"gold_gain":0.0,"event_name":"Drug Dealer","player_choice":"Inject Mutagens","floor":30.0,"gold_loss":0.0,"damage_taken":0.0,"relics_obtained":["MutagenicStrength"]},{"damage_healed":0.0,"max_hp_gain":0.0,"max_hp_loss":0.0,"gold_gain":0.0,"event_name":"WeMeetAgain","player_choice":"Gave Potion","floor":36.0,"gold_loss":0.0,"damage_taken":0.0,"relics_obtained":["Dream Catcher"]}],"is_beta":false,"boss_relics":[{"not_picked":["Busted Crown","Ectoplasm"],"picked":"Black Star"},{"not_picked":["Empty Cage","Pandora\u0027s Box"],"picked":"Ring of the Serpent"}],"items_purged_floors":[21],"is_endless":false,"potions_floor_spawned":[2,5,11,16,18,24,28,31,33,37,41,45],"killed_by":"Giant Head","ascension_level":19}}