{"host":"fiyb7gvx7tok3jeh","time":1613078870,"event":{"mods":["BaseMod","Colored Map","Colored Powertips","DeckTracker","Googly Eyes","Highlight Path","Minty Spire (QoL Compilation)"],"gold_per_floor":[116,116,131,56,56,56,56,87,87,112,13,13,13,31,31,126,126,136,136,146,146,165,165,200,200,200,232,1,1,20,20,20,20,20],"floor_reached":33,"language":"ENG","playtime":2588,"items_purged":["Defend_P","Strike_P"],"score":455,"play_id":"9e1ad338-87c9-46d6-9db1-e83312adf72f","local_time":"20210211232750","is_ascension_mode":true,"campfire_choices":[{"data":"Eruption","floor":6,"key":"SMITH"},{"data":"CutThroughFate","floor":12,"key":"SMITH"},{"data":"Vigilance","floor":15,"key":"SMITH"},{"data":"RitualDagger","floor":23,"key":"SMITH"},{"floor":25,"key":"REST"},{"data":"SpiritShield","floor":32,"key":"SMITH"}],"circlet_count":0,"master_deck":["Strike_P","Strike_P","Defend_P+1","Eruption+1","Vigilance+1","CutThroughFate+1","ClearTheMind","BowlingBash+1","FollowUp","LessonLearned+1","SpiritShield+1","ThirdEye+1","RitualDagger+1","WindmillStrike","SpiritShield","Protect","BattleHymn","CutThroughFate+1","Vault","TalkToTheHand+1","Finesse","CutThroughFate+1"],"relics":["PureWater","CaptainsWheel","Anchor","The Courier","Pen Nib","Empty Cage","HornCleat","Molten Egg 2","Potion Belt"],"acts_visited":["Exordium","TheCity"],"potions_floor_usage":[10,16,20,24,27,33,33],"damage_taken":[{"damage":0,"enemies":"Jaw Worm","floor":1,"turns":3},{"damage":0,"enemies":"2 Louse","floor":3,"turns":2},{"damage":0,"enemies":"Gremlin Nob","floor":8,"turns":2},{"damage":17,"enemies":"Lagavulin","floor":10,"turns":5},{"damage":0,"enemies":"Small Slimes","floor":14,"turns":2},{"damage":36,"enemies":"Hexaghost","floor":16,"turns":9},{"damage":0,"enemies":"Spheric Guardian","floor":18,"turns":2},{"damage":0,"enemies":"3 Byrds","floor":20,"turns":5},{"damage":9,"enemies":"Snake Plant","floor":22,"turns":4},{"damage":21,"enemies":"Book of Stabbing","floor":24,"turns":7},{"damage":0,"enemies":"Slavers","floor":27,"turns":5},{"damage":4,"enemies":"Centurion and Healer","floor":30,"turns":5},{"damage":38,"enemies":"Collector","floor":33,"turns":7}],"seed_played":"-4064647022984844175","potions_obtained":[{"floor":8,"key":"LiquidMemories"},{"floor":10,"key":"Strength Potion"},{"floor":14,"key":"SkillPotion"},{"floor":18,"key":"Swift Potion"},{"floor":24,"key":"PowerPotion"},{"floor":29,"key":"Block Potion"},{"floor":29,"key":"Ancient Potion"},{"floor":29,"key":"EntropicBrew"}],"is_trial":false,"path_per_floor":["M","?","M","$","?","R","$","E","T","E","$","R","$","M","R","B",null,"M","?","M","?","M","R","E","R","T","E","$","?","M","?","R","B"],"character_chosen":"WATCHER","items_purchased":["FollowUp","Vault","TalkToTheHand+1","Finesse"],"campfire_rested":1,"item_purchase_floors":[11,28,28,28],"current_hp_per_floor":[72,65,65,65,65,65,65,65,65,48,48,48,48,48,48,12,57,57,51,51,51,42,42,21,42,42,42,42,42,38,38,38,0,0],"gold":20,"neow_bonus":"ONE_RARE_RELIC","is_daily":false,"chose_seed":false,"campfire_upgraded":5,"win_rate":0.0,"timestamp":1613078870,"path_taken":["M","?","M","$","?","R","$","E","T","E","?","R","$","M","R","BOSS","M","?","M","?","?","R","E","R","T","E","$","?","?","?","R","BOSS"],"items_purchased_type":["Card","Card","Card","Card"],"build_version":"2020-12-22","purchased_purges":2,"victory":false,"max_hp_per_floor":[72,72,72,72,72,72,72,72,72,72,72,72,72,72,72,72,72,72,72,72,72,72,72,72,72,72,72,72,72,72,72,72,72,72],"card_choices":[{"not_picked":["FlyingSleeves","ThirdEye","Fasting2"],"picked":"SKIP","floor":1},{"not_picked":["ReachHeaven","Prostrate"],"picked":"CutThroughFate","floor":3},{"not_picked":["JustLucky","Prostrate"],"picked":"ClearTheMind","floor":8},{"not_picked":["Indignation","FlyingSleeves"],"picked":"BowlingBash","floor":10},{"not_picked":["PathToVictory","Consecrate"],"picked":"LessonLearned","floor":14},{"not_picked":["Ragnarok","Alpha"],"picked":"SpiritShield","floor":16},{"not_picked":["FollowUp+1","Perseverance"],"picked":"ThirdEye+1","floor":18},{"not_picked":["PathToVictory+1","FollowUp"],"picked":"WindmillStrike","floor":20},{"not_picked":["FlyingSleeves","Study"],"picked":"Protect","floor":22},{"not_picked":["CarveReality","SignatureMove+1"],"picked":"BattleHymn","floor":24},{"not_picked":["FollowUp+1","Halt"],"picked":"CutThroughFate+1","floor":27},{"not_picked":["Halt+1","MentalFortress+1"],"picked":"CutThroughFate+1","floor":30}],"player_experience":287852,"relics_obtained":[{"floor":8,"key":"Anchor"},{"floor":9,"key":"The Courier"},{"floor":10,"key":"Pen Nib"},{"floor":24,"key":"HornCleat"},{"floor":26,"key":"Molten Egg 2"},{"floor":27,"key":"Potion Belt"}],"event_choices":[{"cards_removed":["Writhe"],"damage_healed":0,"gold_gain":0,"player_choice":"Card Removal","damage_taken":7,"max_hp_gain":0,"max_hp_loss":0,"event_name":"Golden Wing","floor":2,"gold_loss":0},{"cards_removed":["Defend_P"],"damage_healed":0,"gold_gain":0,"player_choice":"Forget","damage_taken":0,"max_hp_gain":0,"max_hp_loss":0,"event_name":"Living Wall","floor":5,"gold_loss":0},{"damage_healed":0,"gold_gain":0,"player_choice":"Joined the Cult","damage_taken":6,"max_hp_gain":0,"max_hp_loss":0,"event_name":"Nest","floor":19,"gold_loss":0,"cards_obtained":["RitualDagger"]},{"damage_healed":0,"gold_gain":0,"player_choice":"Copied","damage_taken":0,"max_hp_gain":0,"max_hp_loss":0,"event_name":"Duplicator","floor":21,"gold_loss":0,"cards_obtained":["SpiritShield"]},{"damage_healed":0,"gold_gain":0,"player_choice":"Got Potions","damage_taken":0,"max_hp_gain":0,"max_hp_loss":0,"event_name":"Lab","floor":29,"gold_loss":0},{"damage_healed":0,"gold_gain":0,"player_choice":"Ignored","damage_taken":0,"max_hp_gain":0,"max_hp_loss":0,"event_name":"Vampires","floor":31,"gold_loss":0}],"is_beta":false,"boss_relics":[{"not_picked":["Tiny House","Coffee Dripper"],"picked":"Empty Cage"}],"items_purged_floors":[4,11],"is_endless":false,"potions_floor_spawned":[8,10,14,18,24],"killed_by":"Collector","ascension_level":5}}