{"host":"j5j96s76v36ug78u","time":1613032481,"event":{"mods":["BaseMod","Better Third Choice","Hermit","Highlight Path","JesterMod","Jorbs\u0027s Wanderer Trilogy","Marisa????????","Minty Spire (QoL Compilation)","Onozuka Komachi Mod","Potion Indicator Mod","Reliquary","Robot Space Explorer","StSLib","The Animator","The Blue Laboratory","The Bug Knight","The Clintock","The Cursed","The Hayseed","The Marked","The Spell Scribe","The Valiant"],"gold_per_floor":[366,366,366,395,424,424,450,480,480,480,813,775,807,823,823,923,923,908,928,941,956,956,985,985,556,633,60,60,90,120,143,143,271,271,283,283,302,302,312,342,357,385,385,385,398,416,445,455,455,455],"floor_reached":51,"language":"ENG","playtime":6339,"items_purged":["animator:Strike","animator:Strike"],"score":981,"play_id":"0db39402-7a5d-4770-9b3e-27ae0eda0a09","local_time":"20210211053441","is_ascension_mode":true,"campfire_choices":[{"data":"animator:Witch","floor":6.0,"key":"SMITH"},{"data":"animator:Albedo","floor":15.0,"key":"SMITH"},{"data":"animator:Pride","floor":24.0,"key":"SMITH"},{"data":"animator:Hibiki","floor":32.0,"key":"SMITH"},{"floor":49,"key":"REST"}],"circlet_count":0,"master_deck":["animator:Strike_FullmetalAlchemist","animator:Defend_FullmetalAlchemist+1","animator:Strike","animator:Defend","animator:Defend","animator:ElricEdward","animator:ElricAlphonse","animator:Witch+1","animator:Envy","animator:Pride","animator:Scar","animator:Albedo+1","animator:WinryRockbell","animator:Pride+1","animator:Saitama","animator:MetalKnight+1","animator:Kaijin+1","animator:ElricEdward+1","animator:Tatsumaki","animator:Shizu","animator:Hibiki+1","Insight","animator:RinTohsaka","animator:Greed","animator:MetalKnight","animator:Envy","animator:Aqua+1","animator:Zero","animator:DolaCouronne+1","animator:Sloth","animator:Pride","animator:Greed","Parasite","animator:Tatsumaki","animator:Vesta+1","animator:ElricAlphonse"],"relics":["animator:VividPicture","animator:TheMissingPiece","animator:PurgingStone","Akabeko","CaptainsWheel","Pear","Old Coin","betterThird:SlimedRelic","reliquary:PrincelyHelmet","animator:HolyGrailRelic","reliquary:SilkGlove","reliquary:RoseTintedGlasses","reliquary:TatteredRug","Medical Kit","White Beast Statue","Winged Necklace","jesterMod:MirrorMask","reliquary:ExpiredCoupon","Shuriken","Anchor","reliquary:Firecrackers","Omamori"],"acts_visited":["Exordium","TheCity","TheBeyond"],"potions_floor_usage":[42,42,45,47,48,50,50],"damage_taken":[{"damage":6.0,"enemies":"Jaw Worm","floor":1.0,"turns":4.0},{"damage":3.0,"enemies":"2 Louse","floor":4.0,"turns":3.0},{"damage":0.0,"enemies":"Cultist","floor":5.0,"turns":3.0},{"damage":12.0,"enemies":"Lagavulin","floor":7.0,"turns":10.0},{"damage":2.0,"enemies":"3 Louse","floor":8.0,"turns":5.0},{"damage":0.0,"enemies":"Gremlin Nob","floor":11.0,"turns":4.0},{"damage":0.0,"enemies":"Lagavulin","floor":13.0,"turns":6.0},{"damage":0.0,"enemies":"Large Slime","floor":14.0,"turns":7.0},{"damage":3.0,"enemies":"The Guardian","floor":16.0,"turns":12.0},{"damage":10.0,"enemies":"2 Thieves","floor":18.0,"turns":4.0},{"damage":24.0,"enemies":"Snake Plant","floor":19.0,"turns":5.0},{"damage":0.0,"enemies":"Snecko","floor":20.0,"turns":5.0},{"damage":3.0,"enemies":"Centurion and Healer","floor":21.0,"turns":10.0},{"damage":2.0,"enemies":"HollowMod:Nosk","floor":23.0,"turns":6.0},{"damage":0.0,"enemies":"Book of Stabbing","floor":29.0,"turns":6.0},{"damage":0.0,"enemies":"Snake Plant","floor":30.0,"turns":4.0},{"damage":7.0,"enemies":"Champ","floor":33.0,"turns":13.0},{"damage":4.0,"enemies":"3 Darklings","floor":35.0,"turns":5.0},{"damage":15.0,"enemies":"3 Shapes","floor":37.0,"turns":5.0},{"damage":11.0,"enemies":"Sphere and 2 Shapes","floor":39.0,"turns":5.0},{"damage":12.0,"enemies":"Giant Head","floor":40.0,"turns":11.0},{"damage":24,"enemies":"3 Darklings","floor":41,"turns":7},{"damage":21,"enemies":"Nemesis","floor":42,"turns":7},{"damage":0,"enemies":"Writhing Mass","floor":45,"turns":5},{"damage":0,"enemies":"Jaw Worm Horde","floor":46,"turns":5},{"damage":16,"enemies":"Reptomancer","floor":47,"turns":8},{"damage":0,"enemies":"Spire Growth","floor":48,"turns":7},{"damage":31,"enemies":"Donu and Deca","floor":50,"turns":12}],"seed_played":"-4319679240884950109","potions_obtained":[{"floor":4.0,"key":"Weak Potion"},{"floor":7.0,"key":"blueLaboratory:HorrorPotion"},{"floor":11.0,"key":"blueLaboratory:FruitPunch"},{"floor":13.0,"key":"Fire Potion"},{"floor":16.0,"key":"SteroidPotion"},{"floor":19.0,"key":"blueLaboratory:BottleOfVodka"},{"floor":21.0,"key":"blueLaboratory:ArtificerPotion"},{"floor":23.0,"key":"blueLaboratory:BottledHope"},{"floor":29.0,"key":"Strength Potion"},{"floor":30.0,"key":"blueLaboratory:PhilterOfMotion"},{"floor":33.0,"key":"SkillPotion"},{"floor":35.0,"key":"blueLaboratory:BottleOfVodka"},{"floor":37.0,"key":"Strength Potion"},{"floor":39.0,"key":"Weak Potion"},{"floor":40.0,"key":"BlessingOfTheForge"},{"floor":41,"key":"animator:GrowthPotion"},{"floor":42,"key":"Fire Potion"},{"floor":45,"key":"LiquidBronze"},{"floor":46,"key":"blueLaboratory:BubblePotion"},{"floor":47,"key":"Fire Potion"},{"floor":48,"key":"blueLaboratory:BubblePotion"}],"is_trial":false,"path_per_floor":["M","?","?","M","M","R","E","M","T","?","E","?","E","M","R","B",null,"M","M","M","M","?","E","R","$","T","$","?","E","M","T","R","B",null,"M","?","M","?","M","E","M","E","T","?","M","M","E","M","R","B",null],"character_chosen":"THE_ANIMATOR","items_purchased":["reliquary:RoseTintedGlasses","reliquary:TatteredRug","Medical Kit","blueLaboratory:FrostheartPotion","Winged Necklace","jesterMod:MirrorMask","animator:Hibiki"],"campfire_rested":1,"item_purchase_floors":[25,25,25,25,27,27,27],"current_hp_per_floor":[54,54,54,51,51,51,40,38,48,41,41,30,33,33,33,30,82,74,52,52,49,77,77,77,77,77,77,77,79,81,81,81,76,94,92,92,79,79,73,64,45,27,27,27,30,33,20,25,52,24],"gold":455,"neow_bonus":"TWO_FIFTY_GOLD","is_daily":false,"chose_seed":false,"campfire_upgraded":4,"win_rate":0.0,"timestamp":1613032481,"path_taken":["M","?","?","?","M","R","E","M","T","?","E","?","E","M","R","BOSS","M","M","M","M","?","E","R","$","T","$","?","E","M","?","R","BOSS","M","?","?","?","M","E","M","E","T","?","M","M","E","M","R","BOSS"],"items_purchased_type":["Relic","Relic","Relic","Potion","Relic","Relic","Card"],"build_version":"2020-12-22","purchased_purges":2,"victory":true,"max_hp_per_floor":[60,60,60,60,60,60,61,61,71,71,71,71,74,74,74,74,82,84,86,86,86,86,88,88,88,88,88,88,90,92,92,92,94,94,96,96,98,98,100,100,102,100,100,100,97,94,91,93,93,90],"card_choices":[{"not_picked":["animator:Assassin","animator:Cocytus","animator:Tatsumaki"],"picked":"SKIP","floor":1.0},{"not_picked":["animator:MetalKnight","animator:Vanir"],"picked":"animator:Witch","floor":4.0},{"not_picked":["animator:Jibril","animator:Vanir"],"picked":"animator:Envy","floor":5.0},{"not_picked":["animator:Gluttony","animator:MaesHughes"],"picked":"animator:Pride","floor":7.0},{"not_picked":["animator:DolaSchwi","animator:Witch"],"picked":"animator:Scar","floor":8.0},{"not_picked":["animator:Vanir","animator:Megumin"],"picked":"animator:Albedo","floor":11.0},{"not_picked":["animator:DwarfShaman","animator:PandorasActor"],"picked":"animator:WinryRockbell","floor":13.0},{"not_picked":["animator:ElricAlphonse","animator:WinryRockbell"],"picked":"animator:Pride","floor":14.0},{"not_picked":["animator:Envy","animator:HomuraAkemi"],"picked":"animator:Saitama","floor":16.0},{"not_picked":["animator:SayakaMiki","animator:Witch"],"picked":"animator:MetalKnight+1","floor":18.0},{"not_picked":["animator:MumenRider","animator:Rider"],"picked":"animator:Kaijin+1","floor":19.0},{"not_picked":["animator:Geryuganshoop","animator:Entoma"],"picked":"animator:ElricEdward+1","floor":20.0},{"not_picked":["animator:Sonic","animator:MumenRider"],"picked":"animator:Tatsumaki","floor":21.0},{"not_picked":["animator:Hakurou","animator:Witch"],"picked":"animator:Shizu","floor":23.0},{"not_picked":["animator:CowGirl+1","animator:Geryuganshoop","animator:Souei"],"picked":"SKIP","floor":29.0},{"not_picked":["animator:Verdia+1","animator:Vesta+1"],"picked":"animator:RinTohsaka","floor":30.0},{"not_picked":["animator:Hans","animator:Rimuru"],"picked":"animator:Greed","floor":33.0},{"not_picked":["animator:Geryuganshoop","animator:MumenRider"],"picked":"animator:MetalKnight","floor":35.0},{"not_picked":["animator:ShinjiMatou","animator:Spearman"],"picked":"animator:Aqua+1","floor":37.0},{"not_picked":["animator:TanyaDegurechaff","animator:KotoriKanbe"],"picked":"animator:Zero","floor":38.0},{"not_picked":["animator:Kazuma","animator:Lancer"],"picked":"animator:DolaCouronne+1","floor":39.0},{"not_picked":["animator:IrohaTamaki+1","animator:Benimaru+1","animator:MumenRider"],"picked":"SKIP","floor":40.0},{"not_picked":["animator:MaesHughes","animator:Scar"],"picked":"animator:Sloth","floor":41},{"not_picked":["animator:HighElfArcher+1","animator:Vanir"],"picked":"animator:Pride","floor":42},{"not_picked":["animator:Melzalgald+1","animator:NagisaMomoe+1"],"picked":"animator:Tatsumaki","floor":45},{"not_picked":["animator:RinTohsaka","animator:DolaCouronne+1"],"picked":"animator:Vesta+1","floor":46},{"not_picked":["animator:ElricEdward","animator:Sloth"],"picked":"animator:ElricAlphonse","floor":47},{"not_picked":["animator:Souei","animator:ShinjiMatou+1","animator:SilverFang+1"],"picked":"SKIP","floor":48}],"player_experience":193347,"relics_obtained":[{"floor":7.0,"key":"reliquary:FerryPass"},{"floor":8.0,"key":"CaptainsWheel"},{"floor":9.0,"key":"Pear"},{"floor":11.0,"key":"Old Coin"},{"floor":13.0,"key":"reliquary:PrincelyHelmet"},{"floor":23.0,"key":"reliquary:SilkGlove"},{"floor":26.0,"key":"White Beast Statue"},{"floor":29.0,"key":"reliquary:ExpiredCoupon"},{"floor":40.0,"key":"Shuriken"},{"floor":42,"key":"Anchor"},{"floor":43,"key":"reliquary:Firecrackers"},{"floor":47,"key":"Omamori"}],"event_choices":[{"damage_healed":54.0,"max_hp_gain":0.0,"max_hp_loss":60.0,"gold_gain":0.0,"event_name":"betterThird:BetterShining","player_choice":"Embrace Burn","floor":2.0,"gold_loss":0.0,"damage_taken":0.0},{"cards_removed":["Burn"],"damage_healed":0.0,"max_hp_gain":0.0,"max_hp_loss":0.0,"gold_gain":0.0,"event_name":"WeMeetAgain","player_choice":"Gave Card","floor":3.0,"gold_loss":0.0,"damage_taken":0.0,"relics_obtained":["Akabeko"]},{"cards_removed":["animator:Defend"],"damage_healed":0.0,"max_hp_gain":0.0,"max_hp_loss":0.0,"gold_gain":0.0,"event_name":"Golden Wing","player_choice":"Card Removal","floor":10.0,"gold_loss":0.0,"damage_taken":7.0},{"damage_healed":0.0,"max_hp_gain":0.0,"max_hp_loss":0.0,"gold_gain":0.0,"event_name":"betterThird:BetterGoop","player_choice":"Slimed","floor":12.0,"gold_loss":38.0,"damage_taken":11.0},{"damage_healed":28.0,"max_hp_gain":0.0,"max_hp_loss":0.0,"gold_gain":0.0,"event_name":"The Library","player_choice":"Heal","floor":22.0,"gold_loss":0.0,"damage_taken":0.0},{"damage_healed":0.0,"max_hp_gain":0.0,"max_hp_loss":0.0,"gold_gain":0.0,"event_name":"betterThird:BetterWriting","player_choice":"Insight","floor":28.0,"gold_loss":0.0,"damage_taken":0.0,"cards_obtained":["Insight"]},{"damage_healed":0.0,"max_hp_gain":0.0,"max_hp_loss":0.0,"gold_gain":0.0,"event_name":"betterThird:BetterPortal","player_choice":"Random: Orange","floor":36.0,"gold_loss":0.0,"damage_taken":0.0},{"damage_healed":0.0,"max_hp_gain":0.0,"max_hp_loss":0.0,"gold_gain":0.0,"event_name":"Match and Keep!","player_choice":"1 cards matched","floor":36.0,"gold_loss":0.0,"damage_taken":0.0,"cards_obtained":["animator:Envy"]},{"damage_healed":0.0,"max_hp_gain":0.0,"max_hp_loss":0.0,"gold_gain":0.0,"event_name":"SensoryStone","player_choice":"Memory 1","floor":38.0,"gold_loss":0.0,"damage_taken":0.0},{"damage_healed":0,"gold_gain":0,"player_choice":"Copied","damage_taken":0,"max_hp_gain":0,"max_hp_loss":0,"event_name":"Duplicator","floor":44,"gold_loss":0,"cards_obtained":["animator:Greed"]}],"is_beta":false,"boss_relics":[{"not_picked":["Fusion Hammer","Astrolabe"],"picked":"animator:HolyGrailRelic"},{"not_picked":["reliquary:RedPaperclip","Sozu"],"picked":"animator:VividPicture"}],"items_purged_floors":[25,27],"is_endless":false,"potions_floor_spawned":[4,7,11,13,16,19,21,23,29,30,33,35,37,39,40,41,42,45,46,47,48],"ascension_level":2}}