{"host":"08z5bj28eube4vug","time":1613004026,"event":{"mods":["100% Spire Juice","2.2 Compatiblity","Abigail Mod","Act Like it!","BaseMod","Beaked The Cultist","Bestiary","Friendly Minions","Gensokyo","GungeonMod","Hallownest","Kiyohime????","Koishi","Lobotomy","Marisa????????","Minty Spire (QoL Compilation)","Prisma Mod","Remilia??????","Replay The Spire","Spire Arcade","StSLib","Td1madao Mod","The Alterego","The Bug Knight","The Jungle","The Sage","The Senshi","The Servant 0.9.4","Waifu the Spire","WarShipGirlsR/????R mod","Yuri Mod"],"gold_per_floor":[94,169,49,149,167,167,63,79,133,133,133,133,151,4,4,104,104,116,136,136,61,72,72,86,111,111,111,111,111,145,158,158,254,254,272,272,289,336,353,382,382,382,382,424,453,482,105,28,28,48],"floor_reached":51,"language":"ENG","playtime":2953,"items_purged":["Wrath_TH"],"score":1066,"play_id":"984b6412-454e-4fd2-b877-d9ea812f1ae6","local_time":"20210211034026","is_ascension_mode":true,"campfire_choices":[{"data":"Moonworks:Ambush","floor":6.0,"key":"SMITH"},{"data":"Moonworks:MetallicMonocoque","floor":10.0,"key":"SMITH"},{"data":"Moonworks:x16BigRocket","floor":12.0,"key":"SMITH"},{"data":"Moonworks:x16BigRocket+1","floor":15.0,"key":"SMITH"},{"data":"Moonworks:IndiscriminateFireSupport","floor":23.0,"key":"SMITH"},{"data":"Moonworks:Encore","floor":27.0,"key":"SMITH"},{"data":"Moonworks:ReflectiveShell","floor":29.0,"key":"SMITH"},{"floor":32.0,"key":"REST"},{"floor":42,"key":"RECALL"}],"circlet_count":0,"master_deck":["Moonworks:Strike","Moonworks:Strike","Moonworks:Strike","Moonworks:Strike","Moonworks:Defend","Moonworks:Defend","Moonworks:Defend","Moonworks:Defend","Moonworks:Ambush+1","Moonworks:LongDistanceShot","Moonworks:SakisCookie","Moonworks:MetallicMonocoque+1","Moonworks:x16BigRocket+2","Moonworks:RedAndBlue","Moonworks:NicePresent","Moonworks:Encore+1","CurseOfTheBell","Moonworks:NicePresent","Moonworks:NicePresent","EndlessPower","Moonworks:IndiscriminateFireSupport+1","Moonworks:ReflectiveShell+1","Moonworks:ImOnFire","Moonworks:RedAndBlue","Moonworks:NicePresent","Moonworks:ReflectiveShell","Moonworks:DevilHand","Moonworks:NicePresent+1","Moonworks:SakisCookie","Moonworks:DeployBits+1","Moonworks:IndiscriminateFireSupport","Moonworks:LulusLuckyEgg","Replay:Sssssssssshield+1"],"relics":["Moonworks:BrokenBomb","Moonworks:Homemark","Regal Pillow","Chemical X","Calling Bell","Bird Faced Urn","Divine Protection","Happy Flower","Potion Belt","ScarletDevilRocket","InkBottle","Replay:Grab Bag","Fusion Hammer","Busted Crown","SlaversCollar","DemoMod:WhiteGuonStone","Replay:Bandana","Bronze Scales","DemoMod:GlassGuonStoneRelic","Bottled Flame","DemoMod:MemoryAlloy"],"acts_visited":["Exordium","TheCity","TheBeyond"],"potions_floor_usage":[40,50,50],"damage_taken":[{"damage":0.0,"enemies":"2 Louse","floor":1.0,"turns":2.0},{"damage":0.0,"enemies":"Cultist","floor":5.0,"turns":3.0},{"damage":3.0,"enemies":"Small Slimes","floor":7.0,"turns":4.0},{"damage":0.0,"enemies":"Exordium Wildlife","floor":8.0,"turns":4.0},{"damage":17.0,"enemies":"Exordium Thugs","floor":13.0,"turns":4.0},{"damage":26.0,"enemies":"Fading Forest","floor":16.0,"turns":11.0},{"damage":0.0,"enemies":"3 Byrds","floor":18.0,"turns":6.0},{"damage":0.0,"enemies":"Chosen","floor":19.0,"turns":4.0},{"damage":0.0,"enemies":"Sentry and Sphere","floor":22.0,"turns":2.0},{"damage":0.0,"enemies":"Centurion and Healer","floor":24.0,"turns":5.0},{"damage":6.0,"enemies":"Replay:Snechameleon","floor":25.0,"turns":6.0},{"damage":37.0,"enemies":"Book of Stabbing","floor":30.0,"turns":6.0},{"damage":0.0,"enemies":"Shelled Parasite and Fungi","floor":31.0,"turns":3.0},{"damage":23.0,"enemies":"Pondfish","floor":33.0,"turns":5.0},{"damage":0.0,"enemies":"3 Shapes","floor":35.0,"turns":2.0},{"damage":0,"enemies":"Orb Walker","floor":37,"turns":3},{"damage":13,"enemies":"3 Darklings","floor":39,"turns":3},{"damage":10,"enemies":"Nemesis","floor":40,"turns":3},{"damage":3,"enemies":"R_Hoarder","floor":44,"turns":5},{"damage":0,"enemies":"Maw","floor":45,"turns":6},{"damage":0,"enemies":"Transient","floor":46,"turns":5},{"damage":0,"enemies":"Sphere and 2 Shapes","floor":48,"turns":1},{"damage":0,"enemies":"Time Eater","floor":50,"turns":4}],"seed_played":"-7305979959497031823","potions_obtained":[{"floor":5.0,"key":"Elixir"},{"floor":7.0,"key":"Block Potion"},{"floor":16.0,"key":"PowerPotion"},{"floor":18.0,"key":"PowerPotion"},{"floor":22.0,"key":"LifebloodPotion"},{"floor":31.0,"key":"LiquidMemories"},{"floor":35.0,"key":"BlessingOfTheForge"},{"floor":40,"key":"Block Potion"},{"floor":44,"key":"DemoMod:LeadSkinPotion"},{"floor":45,"key":"PowerPotion"},{"floor":46,"key":"FearPotion"}],"is_trial":false,"path_per_floor":["M","?","?","?","M","R","M","M","T","R","?","R","M","$","R","B",null,"M","M","?","$","M","R","M","E","T","R","?","R","E","M","R","B",null,"M","?","M","T","M","E","?","R","T","E","M","M","$","M","R","B",null],"character_chosen":"THE_STARBREAKER","items_purchased":["Chemical X","DemoMod:MemoryAlloy","Moonworks:LulusLuckyEgg","Replay:Sssssssssshield"],"campfire_rested":1,"item_purchase_floors":[14,47,47,47],"current_hp_per_floor":[54,43,43,43,43,43,40,42,42,42,42,42,27,27,27,11,48,54,58,58,58,60,60,60,56,56,56,56,56,27,33,60,41,55,57,57,60,60,51,49,54,54,54,60,60,60,60,60,60,60],"gold":48,"neow_bonus":"HUNDRED_GOLD","is_daily":false,"chose_seed":false,"campfire_upgraded":7,"win_rate":0.0,"timestamp":1613004026,"path_taken":["M","?","?","?","?","R","M","M","T","R","?","R","M","?","R","BOSS","M","M","?","$","M","R","M","E","T","R","?","R","E","M","R","BOSS","M","?","M","?","M","E","?","R","T","E","?","M","$","M","R","BOSS"],"items_purchased_type":["Relic","Relic","Card","Card"],"build_version":"2020-12-22","purchased_purges":1,"victory":true,"max_hp_per_floor":[60,60,60,60,60,60,60,60,60,60,60,60,60,60,60,60,60,60,60,60,60,60,60,60,60,60,60,60,60,60,60,60,60,60,60,60,60,60,60,60,60,60,60,60,60,60,60,60,60,60],"card_choices":[{"not_picked":["Moonworks:AwakeningOfTalent","Moonworks:DeployBits"],"picked":"Moonworks:SakisCookie","floor":1.0},{"not_picked":["Moonworks:WindyEnchantment","Moonworks:BigMagnum"],"picked":"Moonworks:MetallicMonocoque","floor":5.0},{"not_picked":["Moonworks:CompletionReward","Moonworks:Assault","Moonworks:TreasureThief"],"picked":"SKIP","floor":7.0},{"not_picked":["Moonworks:CloudOfSeagulls","Moonworks:CookingTime"],"picked":"Moonworks:x16BigRocket","floor":8.0},{"not_picked":["Moonworks:ImOnFire","Moonworks:CloudOfSeagulls"],"picked":"Moonworks:NicePresent","floor":13.0},{"not_picked":["Moonworks:Blazing","Moonworks:LeapThroughSpace"],"picked":"Moonworks:Encore","floor":16.0},{"not_picked":["Moonworks:DeployBits","Moonworks:Heat300Percent+1"],"picked":"Moonworks:NicePresent","floor":18.0},{"not_picked":["Moonworks:BigMagnum","Moonworks:JonathanRush+1"],"picked":"Moonworks:NicePresent","floor":19.0},{"not_picked":["Moonworks:FullSpeedAlicianrone","Moonworks:ReproductionOfRecords+1"],"picked":"Moonworks:IndiscriminateFireSupport","floor":22.0},{"not_picked":["Moonworks:EvilSpyWorkPreparation+1","Moonworks:Assault"],"picked":"Moonworks:ReflectiveShell","floor":24.0},{"not_picked":["Moonworks:CastOff","Moonworks:TreasureThief"],"picked":"Moonworks:ImOnFire","floor":25.0},{"not_picked":["Moonworks:ImOnFire","Moonworks:BindingChains"],"picked":"Moonworks:RedAndBlue","floor":30.0},{"not_picked":["Moonworks:BigMagnum","Moonworks:DeployBits"],"picked":"Moonworks:NicePresent","floor":31.0},{"not_picked":["Moonworks:HolyNight","Moonworks:SinkOrSwim"],"picked":"Moonworks:ReflectiveShell","floor":33.0},{"not_picked":[],"picked":"Moonworks:DevilHand","floor":35.0},{"not_picked":[],"picked":"Moonworks:NicePresent+1","floor":37},{"not_picked":[],"picked":"Moonworks:SakisCookie","floor":39},{"not_picked":["Moonworks:MixPhenomenon+1"],"picked":"SKIP","floor":40},{"not_picked":[],"picked":"Moonworks:DeployBits+1","floor":44},{"not_picked":["Moonworks:MiracleRedBeanIceCream+1"],"picked":"SKIP","floor":45},{"not_picked":[],"picked":"Moonworks:IndiscriminateFireSupport","floor":46},{"not_picked":["Moonworks:ForcedRevival"],"picked":"SKIP","floor":48}],"player_experience":909420,"relics_obtained":[{"floor":9.0,"key":"Regal Pillow"},{"floor":17.0,"key":"Bird Faced Urn"},{"floor":17.0,"key":"Divine Protection"},{"floor":17.0,"key":"Happy Flower"},{"floor":25.0,"key":"Potion Belt"},{"floor":26.0,"key":"ScarletDevilRocket"},{"floor":30.0,"key":"InkBottle"},{"floor":38,"key":"DemoMod:WhiteGuonStone"},{"floor":40,"key":"Replay:Bandana"},{"floor":43,"key":"Bronze Scales"},{"floor":44,"key":"Bottled Flame"}],"event_choices":[{"damage_healed":0.0,"max_hp_gain":0.0,"max_hp_loss":0.0,"gold_gain":75.0,"event_name":"World of Goop","player_choice":"Gather Gold","floor":2.0,"gold_loss":0.0,"damage_taken":11.0},{"damage_healed":0.0,"max_hp_gain":0.0,"max_hp_loss":0.0,"gold_gain":0.0,"event_name":"Liars Game","player_choice":"Ignored","floor":3.0,"gold_loss":0.0,"damage_taken":0.0},{"damage_healed":0.0,"max_hp_gain":0.0,"max_hp_loss":0.0,"gold_gain":100.0,"event_name":"Golden Shrine","player_choice":"Pray","floor":4.0,"gold_loss":0.0,"damage_taken":0.0},{"damage_healed":0.0,"max_hp_gain":0.0,"max_hp_loss":0.0,"gold_gain":0.0,"event_name":"Match and Keep!","player_choice":"1 cards matched","floor":11.0,"gold_loss":0.0,"damage_taken":0.0,"cards_obtained":["Moonworks:RedAndBlue"]},{"damage_healed":0.0,"max_hp_gain":0.0,"max_hp_loss":0.0,"gold_gain":0.0,"event_name":"Match and Keep!","player_choice":"1 cards matched","floor":11.0,"gold_loss":0.0,"damage_taken":0.0,"cards_obtained":["Moonworks:RedAndBlue"]},{"damage_healed":0.0,"max_hp_gain":0.0,"max_hp_loss":0.0,"gold_gain":0.0,"event_name":"Beggar","player_choice":"Ignored","floor":28.0,"gold_loss":0.0,"damage_taken":0.0},{"damage_healed":0,"gold_gain":0,"player_choice":"Ignored","damage_taken":0,"max_hp_gain":0,"max_hp_loss":0,"event_name":"OrinTheCat","floor":36,"gold_loss":0},{"cards_removed":["Wraith"],"damage_healed":5,"gold_gain":0,"player_choice":"Offered Special","damage_taken":0,"max_hp_gain":0,"max_hp_loss":0,"event_name":"Bonfire Elementals","floor":41,"gold_loss":0}],"is_beta":false,"boss_relics":[{"not_picked":["SacredBark","sagemod:Falmels_Amulet"],"picked":"Calling Bell"},{"not_picked":["beaked:SacredDeck","Snecko Heart"],"picked":"Replay:Grab Bag"},{"not_picked":["Coffee Dripper","beaked:MawFillet"],"picked":"Fusion Hammer"},{"not_picked":["Painkiller Herb","Philosopher\u0027s Stone"],"picked":"Busted Crown"},{"not_picked":["Moonworks:SBBomb","Astrolabe"],"picked":"SlaversCollar"}],"items_purged_floors":[21],"is_endless":false,"potions_floor_spawned":[5,7,16,18,22,31,35,40,44,45,46],"ascension_level":6}}