{"host":"kcvncuxxsb6xpuus","time":1613024729,"event":{"mods":["BaseMod","Minty Spire (QoL Compilation)","Replay The Spire","StSLib"],"gold_per_floor":[119,119,134,161,172,172,206,52,128,142,142,42,57,73,73,178,178,191,209,228,22,22,22,22,22,22,22,39,57,87,87,87],"floor_reached":31,"language":"ZHS","playtime":1951,"items_purged":["Defend_R","Strike_R","ReplayTheSpireMod:Doomed"],"score":283,"play_id":"148da944-b2ce-469a-ac1d-eb299de9d2cf","local_time":"20210211142529","is_ascension_mode":true,"campfire_choices":[{"data":"Iron Wave","floor":6.0,"key":"SMITH"},{"data":"Inflame","floor":11.0,"key":"SMITH"},{"data":"Heavy Blade","floor":15.0,"key":"SMITH"},{"data":"Barricade","floor":23.0,"key":"SMITH"},{"data":"Strike_R+1","floor":25.0,"key":"PURGE"},{"data":"Strike_R+1","floor":27.0,"key":"PURGE"}],"circlet_count":0,"master_deck":["Strike_R+1","Defend_R+1","Defend_R+1","Defend_R+1","Bash","Cleave","Seeing Red","Iron Wave+1","Barricade+1","Inflame+1","Run Through","Heavy Blade+1","Brutality","Seeing Red+1","Sword Boomerang+1","Power Through+1","Limit Break+1","Pummel"],"relics":["Burning Blood","Boot","Peace Pipe","Onion Ring","Replay:Ancient Bell","Omamori","Toxic Egg 2","Ginger","Membership Card","Charon\u0027s Ashes","Darkstone Periapt"],"acts_visited":["Exordium","TheCity"],"potions_floor_usage":[31],"damage_taken":[{"damage":4.0,"enemies":"2 Louse","floor":1.0,"turns":3.0},{"damage":6.0,"enemies":"Cultist","floor":3.0,"turns":4.0},{"damage":7.0,"enemies":"Small Slimes","floor":5.0,"turns":3.0},{"damage":26.0,"enemies":"Gremlin Nob","floor":7.0,"turns":5.0},{"damage":17.0,"enemies":"Exordium Thugs","floor":10.0,"turns":4.0},{"damage":0.0,"enemies":"Large Slime","floor":13.0,"turns":6.0},{"damage":6.0,"enemies":"3 Louse","floor":14.0,"turns":3.0},{"damage":32.0,"enemies":"Slime Boss","floor":16.0,"turns":7.0},{"damage":41.0,"enemies":"2 Thieves","floor":18.0,"turns":4.0},{"damage":13.0,"enemies":"Chosen","floor":19.0,"turns":4.0},{"damage":0.0,"enemies":"Snake Plant","floor":20.0,"turns":2.0},{"damage":2.0,"enemies":"Snecko","floor":28.0,"turns":4.0},{"damage":26.0,"enemies":"Sentry and Sphere","floor":29.0,"turns":5.0},{"damage":32,"enemies":"Slavers","floor":30,"turns":6},{"damage":12,"enemies":"Chosen and Byrds","floor":31,"turns":1}],"seed_played":"-2926566391448434893","potions_obtained":[{"floor":5.0,"key":"Elixir"},{"floor":10.0,"key":"SneckoOil"},{"floor":16.0,"key":"GamblersBrew"},{"floor":20.0,"key":"FearPotion"},{"floor":29.0,"key":"Ancient Potion"}],"is_trial":false,"path_per_floor":["M","?","M","T","M","R","E","$","T","M","R","$","M","M","R","B",null,"M","M","M","$","?","R","?","R","T","R","M","M","E","M"],"character_chosen":"IRONCLAD","items_purchased":["Inflame","Membership Card"],"campfire_rested":0,"item_purchase_floors":[8,21],"current_hp_per_floor":[88,88,88,88,87,87,67,67,67,56,56,56,62,62,62,36,88,53,46,52,52,52,52,52,52,52,52,56,36,10,0,0],"gold":87,"neow_bonus":"TEN_PERCENT_HP_BONUS","is_daily":false,"chose_seed":false,"campfire_upgraded":4,"win_rate":0.0,"timestamp":1613024729,"path_taken":["M","?","?","?","M","R","E","$","T","M","R","$","M","M","R","BOSS","M","M","M","$","?","R","?","R","T","R","M","M","E","M"],"items_purchased_type":["Card","Relic"],"build_version":"2020-12-22","purchased_purges":3,"victory":false,"max_hp_per_floor":[88,88,88,88,88,88,88,88,88,88,88,88,88,88,88,88,88,88,88,88,88,88,88,88,88,88,88,88,88,88,88,88],"card_choices":[{"not_picked":["Sword Boomerang","Body Slam"],"picked":"Cleave","floor":1.0},{"not_picked":["Body Slam","ReplayTheSpireMod:Strike From Hell"],"picked":"Seeing Red","floor":3.0},{"not_picked":["Pommel Strike","Clothesline"],"picked":"Iron Wave","floor":5.0},{"not_picked":["Warcry","Headbutt"],"picked":"Barricade","floor":7.0},{"not_picked":["Flex","Perfected Strike"],"picked":"Run Through","floor":10.0},{"not_picked":["Wild Strike","Headbutt"],"picked":"Heavy Blade","floor":13.0},{"not_picked":["Twin Strike","Thunderclap","ReplayTheSpireMod:Corrosion Curse"],"picked":"SKIP","floor":14.0},{"not_picked":["Bludgeon","Hemogenesis"],"picked":"Brutality","floor":16.0},{"not_picked":["Decay","Delirium"],"picked":"CurseOfTheBell","floor":17.0},{"not_picked":["Pain","CommonCold"],"picked":"Parasite","floor":17.0},{"not_picked":["ReplayTheSpireMod:Restless Dread","ReplayTheSpireMod:IOU"],"picked":"ReplayTheSpireMod:Doomed","floor":17.0},{"not_picked":["Intimidate+1","Bloodletting+1"],"picked":"Seeing Red+1","floor":18.0},{"not_picked":["Clothesline","Havoc+1"],"picked":"Sword Boomerang+1","floor":19.0},{"not_picked":["Anger","Havoc+1"],"picked":"Power Through+1","floor":20.0},{"not_picked":["Whirlwind","Thunderclap","True Grit+1"],"picked":"SKIP","floor":28.0},{"not_picked":["Cleave","Carnage","Warcry+1"],"picked":"SKIP","floor":29.0},{"not_picked":["Havoc+1","Carnage+1"],"picked":"Pummel","floor":30}],"player_experience":84357,"relics_obtained":[{"floor":4.0,"key":"Boot"},{"floor":7.0,"key":"Peace Pipe"},{"floor":9.0,"key":"Onion Ring"},{"floor":26.0,"key":"Charon\u0027s Ashes"},{"floor":30,"key":"Darkstone Periapt"}],"event_choices":[{"cards_removed":["Strike_R"],"damage_healed":0.0,"max_hp_gain":0.0,"max_hp_loss":0.0,"gold_gain":0.0,"event_name":"Wheel of Change","player_choice":"Card Removal","floor":2.0,"gold_loss":0.0,"damage_taken":0.0},{"damage_healed":0.0,"max_hp_gain":0.0,"max_hp_loss":0.0,"gold_gain":0.0,"event_name":"Back to Basics","player_choice":"Simplicity","floor":22.0,"gold_loss":0.0,"damage_taken":0.0,"cards_upgraded":["Strike_R","Strike_R","Strike_R","Defend_R","Defend_R","Defend_R"]},{"damage_healed":0.0,"max_hp_gain":0.0,"max_hp_loss":0.0,"gold_gain":0.0,"event_name":"The Library","player_choice":"Read","floor":24.0,"gold_loss":0.0,"damage_taken":0.0,"cards_obtained":["Limit Break"]}],"is_beta":false,"boss_relics":[{"not_picked":["Runic Dome","ReplayTheSpireMod:DimensionalGlitch"],"picked":"Replay:Ancient Bell"},{"not_picked":["Pen Nib","Juzu Bracelet"],"picked":"Omamori"},{"not_picked":["Ornamental Fan","Sundial"],"picked":"Toxic Egg 2"},{"not_picked":["Replay:Multitool","Durian"],"picked":"Ginger"}],"items_purged_floors":[8,12,21],"is_endless":false,"potions_floor_spawned":[5,10,16,20,29],"killed_by":"Chosen and Byrds","ascension_level":2}}