{"host":"9jkzatiwan7o33sr","time":1613055139,"event":{"mods":["AchievementEnabler","Act Like it!","Aspiration","BaseMod","Colored Map","Colored Powertips","Conspire","Downfall","GifTheSpireLib","Hallownest","Hermit","Hubris","Infinite Spire","Jorbs\u0027s Wanderer Trilogy","Mad Scientist","Mimic Mod","Minty Spire (QoL Compilation)","Permanent Neow","Shade Mod","StSLib","Stuff the Spire","Td1madao Mod","The Bladedancer","The Bug Knight","The Cursed","The Forsaken","The Hierophant","The Jungle","The Mystic","The Necromancer","The Poker Player","The Servant 0.9.4","The Witch","[IsaacMod]????"],"gold_per_floor":[111,27,27,27,45,45,73,73,73,88,123,123,172,189,189,287,287,313,126,155,166,178,178,65,99,176,176,206,244,274,343,343,533,533,557,576,576,576,595,595,610,610,610,624,647,680,680,702,702,688],"floor_reached":51,"language":"ENG","playtime":4129,"items_purged":[],"score":704,"play_id":"806223db-e6ef-488e-bc8f-762c851b50f0","local_time":"20210211155219","is_ascension_mode":false,"campfire_choices":[{"data":"hermit:Glare","floor":6.0,"key":"SMITH"},{"data":"hermit:WideOpen","floor":8.0,"key":"SMITH"},{"data":"hermit:Determination","floor":12.0,"key":"SMITH"},{"floor":15.0,"key":"REST"},{"floor":23.0,"key":"REST"},{"data":"hermit:DeadOrAlive","floor":27.0,"key":"SMITH"},{"floor":32.0,"key":"REST"},{"data":"hermit:Horror","floor":40,"key":"SMITH"},{"data":"hermit:Snapshot","floor":42,"key":"SMITH"},{"floor":47,"key":"REST"},{"floor":49,"key":"REST"}],"circlet_count":0,"master_deck":["hermit:Strike_Hermit","hermit:Strike_Hermit","hermit:Strike_Hermit","hermit:Strike_Hermit","hermit:Defend_Hermit","hermit:Defend_Hermit","hermit:Defend_Hermit","hermit:Defend_Hermit","hermit:Snapshot+1","hermit:Covet","hermit:Grudge","hermit:Horror+1","hermit:WideOpen+1","hermit:Glare+1","hermit:GhostlyPresence","hermit:ShadowCloak","hermit:Determination+1","hermit:Deadeye","hermit:DeadOrAlive+1","hermit:Quickdraw","hermit:PistolWhip","hermit:Grudge","hermit:Quickdraw+1","hermit:Grudge","hermit:Brawl","hermit:Deadeye","hermit:Scavenge+1","hermit:Dive","hermit:Headshot+1","hermit:BodyArmor","hermit:Gambit","hermit:TrackingShot+1","hermit:Enervate","theForsaken:PlagueCurse","hermit:WideOpen+1","hermit:Ricochet+1","hermit:RoundhouseKick","hermit:Maintenance+1","hermit:ItchyTrigger+1","hermit:Malice+1"],"relics":["hermit:Momento","HushsDoor","DeathBook","aspiration:Nostalgia","sneckomod:SneckoSoul","hubris:Towel","Nunchaku","Happy Flower","Darkstone Periapt","Kunai","Bag of Preparation","conspire:SpecialSausage","StuffTheSpire:BottledEssence","Red Mask","aspiration:FrozenJewel","Meat on the Bone","Shuriken","infinitespire:Cupcake","theForsaken:PlagueMask","TuHaoJin","Orichalcum"],"acts_visited":["Exordium","TheCity","TheBeyond"],"potions_floor_usage":[50],"damage_taken":[{"damage":0.0,"enemies":"conspire:RoseBush","floor":1.0,"turns":3.0},{"damage":0.0,"enemies":"Small Slimes","floor":5.0,"turns":2.0},{"damage":0.0,"enemies":"Gremlin Nob","floor":7.0,"turns":2.0},{"damage":2.0,"enemies":"Jaw Worm","floor":10.0,"turns":2.0},{"damage":19.0,"enemies":"3 Sentries","floor":11.0,"turns":10.0},{"damage":2.0,"enemies":"Looter","floor":14.0,"turns":3.0},{"damage":13.0,"enemies":"Hexaghost","floor":16.0,"turns":6.0},{"damage":4.0,"enemies":"Chosen","floor":18.0,"turns":4.0},{"damage":0.0,"enemies":"Spheric Guardian","floor":20.0,"turns":2.0},{"damage":29.0,"enemies":"Centurion and Healer","floor":21.0,"turns":4.0},{"damage":6.0,"enemies":"Cultist and Chosen","floor":22.0,"turns":4.0},{"damage":0.0,"enemies":"Masked Bandits","floor":25.0,"turns":1.0},{"damage":8.0,"enemies":"Snake Plant","floor":28.0,"turns":3.0},{"damage":26.0,"enemies":"Gremlin Leader","floor":29.0,"turns":7.0},{"damage":0.0,"enemies":"Snecko","floor":30.0,"turns":2.0},{"damage":26.0,"enemies":"Collector","floor":33.0,"turns":8.0},{"damage":2.0,"enemies":"3 Shapes","floor":35.0,"turns":7.0},{"damage":5.0,"enemies":"Orb Walker","floor":36.0,"turns":2.0},{"damage":6.0,"enemies":"Transient","floor":39.0,"turns":5.0},{"damage":0,"enemies":"Sphere and 2 Shapes","floor":41,"turns":2},{"damage":12,"enemies":"3 Darklings","floor":44,"turns":3},{"damage":8,"enemies":"4 Shapes","floor":45,"turns":3},{"damage":16,"enemies":"conspire:MimicChest","floor":46,"turns":3},{"damage":10,"enemies":"Maw","floor":48,"turns":6},{"damage":57,"enemies":"infinitespire:MassOfShapes","floor":50,"turns":14}],"seed_played":"-5527240063362758290","potions_obtained":[{"floor":1.0,"key":"champ:CounterPotion"},{"floor":7.0,"key":"Strength Potion"},{"floor":11.0,"key":"sneckomod:MuddlingPotion"},{"floor":14.0,"key":"PowerPotion"},{"floor":29.0,"key":"LiquidBronze"},{"floor":33.0,"key":"hermit:Tonic"},{"floor":36.0,"key":"Swift Potion"},{"floor":41,"key":"Weak Potion"},{"floor":44,"key":"Explosive Potion"}],"is_trial":false,"path_per_floor":["M","$","?","?","M","R","E","R","T","M","E","R","T","M","R","B",null,"M","$","M","M","M","R","$","?","T","R","M","E","M","T","R","B",null,"M","M","$","?","M","R","M","R","T","M","M","?","R","M","R","B",null],"character_chosen":"HERMIT","items_purchased":["hermit:Horror","hermit:WideOpen","hermit:PistolWhip","StuffTheSpire:BottledEssence","hermit:Brawl","hermit:Deadeye"],"campfire_rested":5,"item_purchase_floors":[2,2,19,19,24,24],"current_hp_per_floor":[75,75,75,75,75,75,75,75,75,73,54,54,54,52,74,61,75,71,71,71,42,36,58,58,58,58,58,50,24,36,36,58,44,75,73,68,68,74,68,68,68,68,68,56,48,44,68,58,81,36],"gold":688,"neow_bonus":"NOSTALGIA","is_daily":false,"chose_seed":false,"campfire_upgraded":6,"win_rate":0.0,"timestamp":1613055139,"path_taken":["M","$","?","?","M","R","E","R","T","M","E","R","?","M","R","BOSS","M","$","M","M","M","R","$","?","T","R","M","E","M","?","R","BOSS","M","M","$","?","?","R","M","R","T","M","M","?","R","M","R","BOSS"],"items_purchased_type":["Card","Card","Card","Relic","Card","Card"],"build_version":"2020-12-22","purchased_purges":0,"victory":true,"max_hp_per_floor":[75,75,75,75,75,75,75,75,75,75,75,75,75,75,75,75,75,75,75,75,75,75,75,75,75,75,75,75,75,75,75,75,75,75,75,75,75,81,81,81,81,81,81,81,81,81,81,81,81,81],"card_choices":[{"not_picked":["hermit:GhostlyPresence","hermit:SprayPray"],"picked":"hermit:Grudge","floor":1.0},{"not_picked":["hermit:Misfire","hermit:LuckOfTheDraw"],"picked":"hermit:Glare","floor":5.0},{"not_picked":["hermit:Vantage","hermit:Misfire"],"picked":"hermit:GhostlyPresence","floor":7.0},{"not_picked":["hermit:Vantage","hermit:Snipe"],"picked":"hermit:ShadowCloak","floor":10.0},{"not_picked":["hermit:TakeAim","hermit:WideOpen"],"picked":"hermit:Determination","floor":11.0},{"not_picked":["hermit:Spite","hermit:Dive"],"picked":"hermit:Deadeye","floor":14.0},{"not_picked":["hermit:OverwhelmingPower","hermit:Purgatory"],"picked":"hermit:DeadOrAlive","floor":16.0},{"not_picked":["hermit:Midnight","hermit:NoHoldsBarred"],"picked":"hermit:Quickdraw","floor":18.0},{"not_picked":["hermit:LoneWolf","hermit:Roulette"],"picked":"hermit:Grudge","floor":20.0},{"not_picked":["hermit:Dive","hermit:Grudge+1"],"picked":"hermit:Quickdraw+1","floor":21.0},{"not_picked":["hermit:Gestalt","hermit:EternalForm"],"picked":"hermit:Grudge","floor":22.0},{"not_picked":["hermit:HoleUp","hermit:Misfire"],"picked":"hermit:Scavenge+1","floor":25.0},{"not_picked":["hermit:WideOpen","hermit:Desperado"],"picked":"hermit:Dive","floor":28.0},{"not_picked":["hermit:HoleUp","hermit:Desperado+1"],"picked":"hermit:Headshot+1","floor":29.0},{"not_picked":["hermit:Manifest","hermit:Ricochet"],"picked":"hermit:BodyArmor","floor":30.0},{"not_picked":["hermit:EternalForm","hermit:Dissolve"],"picked":"hermit:Gambit","floor":33.0},{"not_picked":["hermit:Gestalt+1","hermit:PistolWhip"],"picked":"hermit:TrackingShot+1","floor":35.0},{"not_picked":["hermit:Snipe","hermit:Feint"],"picked":"hermit:Enervate","floor":36.0},{"not_picked":["hermit:Manifest+1","hermit:BodyArmor+1"],"picked":"hermit:WideOpen+1","floor":39.0},{"not_picked":["hermit:Roulette","hermit:TakeAim"],"picked":"hermit:Ricochet+1","floor":41},{"not_picked":["hermit:Ricochet","hermit:BigShot"],"picked":"hermit:RoundhouseKick","floor":44},{"not_picked":["hermit:Determination","hermit:Horror"],"picked":"hermit:Maintenance+1","floor":45},{"not_picked":["hermit:BigShot","hermit:Snipe"],"picked":"hermit:ItchyTrigger+1","floor":46},{"not_picked":["hermit:LoneWolf","hermit:ItchyTrigger"],"picked":"hermit:Malice+1","floor":48}],"player_experience":636379,"relics_obtained":[{"floor":4.0,"key":"Nunchaku"},{"floor":7.0,"key":"Happy Flower"},{"floor":9.0,"key":"Darkstone Periapt"},{"floor":11.0,"key":"Kunai"},{"floor":13.0,"key":"Bag of Preparation"},{"floor":25.0,"key":"Red Mask"},{"floor":26.0,"key":"aspiration:FrozenJewel"},{"floor":29.0,"key":"Meat on the Bone"},{"floor":31.0,"key":"Shuriken"},{"floor":43,"key":"TuHaoJin"},{"floor":46,"key":"Orichalcum"}],"event_choices":[{"damage_healed":0.0,"max_hp_gain":0.0,"max_hp_loss":0.0,"gold_gain":0.0,"event_name":"Masked Bandits","player_choice":"Fought Bandits","floor":25.0,"gold_loss":0.0,"damage_taken":0.0},{"damage_healed":0.0,"max_hp_gain":0.0,"max_hp_loss":0.0,"gold_gain":0.0,"event_name":"Plague Doctor","player_choice":"Obtain Plague Curse","floor":38.0,"gold_loss":0.0,"damage_taken":0.0,"cards_obtained":["theForsaken:PlagueCurse"]}],"is_beta":false,"boss_relics":[{"not_picked":["hubris:VirtuousBlindfold","Black Star"],"picked":"conspire:SpecialSausage"},{"not_picked":[]},{"not_picked":["aspiration:ServantSkillbook","Runic Dome"],"picked":"infinitespire:Cupcake"},{"not_picked":[]}],"items_purged_floors":[],"is_endless":false,"potions_floor_spawned":[1,7,11,14,18,29,30,33,36,41,44,45],"ascension_level":0}}