{"host":"hbel9g7s7ibv8po6","time":1613019645,"event":{"mods":["BaseMod","Duelist Mod","Minty Spire (QoL Compilation)","StSLib"],"gold_per_floor":[143,143,153,153,168,178,178,169,196,204,204,230,230,232,244,339,351,372,385,322,57,57,57,77,109,134,168,187,187,87,99,99,202,202,215,215,226,244,260,260,295,295,320,260,260,260,135,154,154,154],"floor_reached":51,"language":"ENG","playtime":2546,"items_purged":["theDuelist:CursedBill","theDuelist:NaturiaBeast","theDuelist:VampireCurse"],"score":1228,"play_id":"3b0a8d54-8b95-46e6-b7d5-15a416f6af6c","local_time":"20210211130045","is_ascension_mode":true,"campfire_choices":[{"data":"theDuelist:Wiretap","floor":7.0,"key":"SMITH"},{"data":"theDuelist:NaturiaSacredTree","floor":11.0,"key":"SMITH"},{"data":"theDuelist:FluteKuriboh","floor":13.0,"key":"SMITH"},{"data":"theDuelist:NaturiaEggplant","floor":15.0,"key":"SMITH"},{"data":"theDuelist:MultiplicationOfAnts","floor":23.0,"key":"SMITH"},{"data":"theDuelist:HuntingInstinct","floor":29.0,"key":"SMITH"},{"data":"theDuelist:Fissure","floor":32.0,"key":"SMITH"},{"data":"theDuelist:NaturiaTulip","floor":40.0,"key":"SMITH"},{"data":"theDuelist:NaturiaRock","floor":42.0,"key":"SMITH"},{"data":"theDuelist:ClosedForest","floor":46.0,"key":"SMITH"},{"data":"theDuelist:Wiretap+1","floor":49,"key":"SMITH"}],"circlet_count":0,"master_deck":["AscendersBane","theDuelist:CastleWalls","theDuelist:CastleWalls","theDuelist:NaturiaCliff","theDuelist:NaturiaRock+1","theDuelist:NaturiaTulip+1","theDuelist:Sparks","theDuelist:Sparks","theDuelist:NaturiaEggplant+1","theDuelist:Fissure+1","theDuelist:Wiretap+2","theDuelist:NaturiaBarkion+1","theDuelist:FluteKuriboh+1","theDuelist:NaturiaSacredTree+1","theDuelist:NaturiaGaiastrio","theDuelist:NaturiaRosewhip","theDuelist:MultiplicationOfAnts+1","theDuelist:HuntingInstinct+1","theDuelist:Alpacaribou+1","theDuelist:HeartUnderdog+1","theDuelist:NaturiaEggplant+1","theDuelist:ClosedForest+1","theDuelist:NaturiaSacredTree+1"],"relics":["theDuelist:MillenniumPuzzle","theDuelist:CardPoolRelic","theDuelist:CardPoolBasicRelic","theDuelist:BoosterPackPoolRelic","theDuelist:CardPoolAddRelic","theDuelist:CardPoolMinusRelic","theDuelist:CardPoolSaveRelic","theDuelist:CardPoolOptionsRelic","theDuelist:NaturiaRelic","theDuelist:MillenniumRing","theDuelist:DuelistTeaSet","theDuelist:MillenniumArmor","Bronze Scales","MawBank","SlaversCollar","Bronze Scales","Torii","Nunchaku","Shuriken","Cursed Key","Pantograph","Dream Catcher"],"acts_visited":["Exordium","TheCity","TheBeyond"],"potions_floor_usage":[50],"damage_taken":[{"damage":0.0,"enemies":"Cultist","floor":1.0,"turns":5.0},{"damage":0.0,"enemies":"Jaw Worm","floor":3.0,"turns":4.0},{"damage":6.0,"enemies":"2 Louse","floor":5.0,"turns":3.0},{"damage":23.0,"enemies":"Lagavulin","floor":6.0,"turns":6.0},{"damage":2.0,"enemies":"2 Fungi Beasts","floor":8.0,"turns":3.0},{"damage":0.0,"enemies":"3 Louse","floor":10.0,"turns":3.0},{"damage":5.0,"enemies":"3 Sentries","floor":12.0,"turns":6.0},{"damage":0.0,"enemies":"Gremlin Nob","floor":14.0,"turns":4.0},{"damage":18.0,"enemies":"The Guardian","floor":16.0,"turns":7.0},{"damage":0.0,"enemies":"Spheric Guardian","floor":18.0,"turns":5.0},{"damage":12.0,"enemies":"Shell Parasite","floor":19.0,"turns":5.0},{"damage":0.0,"enemies":"Centurion and Healer","floor":24.0,"turns":5.0},{"damage":2.0,"enemies":"Book of Stabbing","floor":25.0,"turns":4.0},{"damage":7.0,"enemies":"theDuelist:KaibaA2","floor":27.0,"turns":5.0},{"damage":0.0,"enemies":"Snecko","floor":28.0,"turns":6.0},{"damage":1.0,"enemies":"Chosen and Byrds","floor":31.0,"turns":5.0},{"damage":29.0,"enemies":"Champ","floor":33.0,"turns":9.0},{"damage":1.0,"enemies":"Orb Walker","floor":35.0,"turns":3.0},{"damage":0.0,"enemies":"3 Shapes","floor":37.0,"turns":6.0},{"damage":28.0,"enemies":"Writhing Mass","floor":38.0,"turns":6.0},{"damage":8.0,"enemies":"Jaw Worm Horde","floor":39.0,"turns":5.0},{"damage":0.0,"enemies":"Giant Head","floor":41.0,"turns":5.0},{"damage":0,"enemies":"Sphere and 2 Shapes","floor":48,"turns":4},{"damage":24,"enemies":"Time Eater","floor":50,"turns":7}],"seed_played":"-817676181547449485","potions_obtained":[{"floor":6.0,"key":"BlessingOfTheForge"},{"floor":8.0,"key":"Weak Potion"},{"floor":16.0,"key":"theDuelist:SummonArmorPotion"},{"floor":18.0,"key":"theDuelist:StunPotion"},{"floor":25.0,"key":"theDuelist:CoolBottle"}],"is_trial":false,"path_per_floor":["M","?","M","?","M","E","R","M","T","M","R","E","R","E","R","B",null,"M","M","$","?","?","R","M","E","T","E","M","R","$","M","R","B",null,"M","?","M","M","M","R","E","R","T","?","?","R","$","M","R","B",null],"character_chosen":"THE_DUELIST","items_purchased":[],"campfire_rested":0,"item_purchase_floors":[],"current_hp_per_floor":[72,72,72,72,66,43,43,41,41,41,41,36,36,36,36,18,65,65,53,53,53,79,79,79,77,77,70,70,70,70,69,69,40,70,69,69,69,41,33,33,33,33,33,33,33,33,33,33,33,34],"gold":154,"neow_bonus":"RANDOM_COMMON_RELIC","is_daily":false,"chose_seed":false,"campfire_upgraded":11,"win_rate":0.0,"timestamp":1613019645,"path_taken":["M","?","M","?","M","E","R","M","T","?","R","E","R","E","R","BOSS","M","M","$","?","?","R","M","E","T","E","M","R","$","M","R","BOSS","M","?","M","M","M","R","E","R","T","?","?","R","$","M","R","BOSS"],"items_purchased_type":[],"build_version":"2020-12-22","purchased_purges":3,"victory":true,"max_hp_per_floor":[80,80,80,80,80,80,80,80,80,80,80,80,80,80,80,80,80,80,80,80,80,80,80,80,80,80,80,80,80,80,80,80,80,80,80,80,80,80,80,80,80,80,80,80,80,80,80,80,80,80],"card_choices":[{"not_picked":["theDuelist:NaturiaHydrangea","theDuelist:NaturiaDragonfly","theDuelist:NaturiaSunflower","theDuelist:Spore"],"picked":"theDuelist:NaturiaEggplant","floor":1.0},{"not_picked":["theDuelist:DestroyerGolem","theDuelist:MillenniumGolem","theDuelist:WingedKuriboh","theDuelist:BigFire"],"picked":"theDuelist:Fissure","floor":3.0},{"not_picked":["theDuelist:SurvivalInstinct","theDuelist:Pollinosis","theDuelist:NatureReflection","theDuelist:AcidTrapHole"],"picked":"theDuelist:Wiretap","floor":5.0},{"not_picked":["theDuelist:VenomShot+1","theDuelist:NaturiaPumpkin+1"],"picked":"theDuelist:NaturiaBarkion+1","floor":6.0},{"not_picked":["theDuelist:Sangan","theDuelist:AttackTheMoon","theDuelist:Cloning","theDuelist:Reload"],"picked":"theDuelist:FluteKuriboh","floor":8.0},{"not_picked":["theDuelist:WildNatureRelease","theDuelist:GracefulCharity","theDuelist:ConvulsionNature","theDuelist:WormBait"],"picked":"theDuelist:NaturiaSacredTree","floor":10.0},{"not_picked":["theDuelist:NaturiaRock","theDuelist:CrystalRose","theDuelist:NaturiaLandoise","theDuelist:NaturiaCliff"],"picked":"theDuelist:NaturiaGaiastrio","floor":12.0},{"not_picked":["theDuelist:NaturiaHydrangea","theDuelist:NaturiaCliff","theDuelist:NaturiaMantis","theDuelist:NaturiaCosmobeet"],"picked":"theDuelist:NaturiaRosewhip","floor":14.0},{"not_picked":["theDuelist:HuntingInstinct","theDuelist:ClosedForest","theDuelist:HeartUnderdog","theDuelist:NaturiaHorneedle"],"picked":"theDuelist:MultiplicationOfAnts","floor":16.0},{"not_picked":["theDuelist:SeismicShockwave","theDuelist:NaturalDisaster","theDuelist:BottomlessTrapHole","theDuelist:SurvivalInstinct"],"picked":"theDuelist:HuntingInstinct","floor":18.0},{"not_picked":["theDuelist:NaturiaLeodrake","theDuelist:LairWire","theDuelist:Anteater","theDuelist:NaturiaSacredTree+1"],"picked":"SKIP","floor":19.0},{"not_picked":["theDuelist:NaturiaGuardian","theDuelist:NaturiaPineapple","theDuelist:NaturiaDragonfly+1","theDuelist:NaturiaLandoise","theDuelist:NaturiaStagBeetle"],"picked":"SKIP","floor":24.0},{"not_picked":["theDuelist:AttackTheMoon","theDuelist:BigEye","theDuelist:GemElephant","theDuelist:Reload+1","theDuelist:DarkHole"],"picked":"SKIP","floor":25.0},{"not_picked":["theDuelist:NaturiaCliff","theDuelist:NaturiaMarron","theDuelist:NaturiaMantis","theDuelist:FossilDig","theDuelist:NaturiaBeans"],"picked":"SKIP","floor":27.0},{"not_picked":["theDuelist:BrainCrusher","theDuelist:NaturiaCliff","theDuelist:MillenniumScorpion","theDuelist:Spore+1","theDuelist:NaturiaStagBeetle"],"picked":"SKIP","floor":28.0},{"not_picked":["theDuelist:NaturiaGaiastrio","theDuelist:LuminousMoss","theDuelist:FuryFire","theDuelist:Canyon+1"],"picked":"theDuelist:Alpacaribou+1","floor":31.0},{"not_picked":["theDuelist:DemiseLand","theDuelist:NaturiaBarkion","theDuelist:HuntingInstinct","theDuelist:Wildfire"],"picked":"theDuelist:HeartUnderdog+1","floor":33.0},{"not_picked":["theDuelist:NaturiaEggplant","theDuelist:NaturiaCliff+1","theDuelist:FuryFire+1","theDuelist:NaturiaExterio+1","theDuelist:NaturiaGuardian+1"],"picked":"SKIP","floor":35.0},{"not_picked":["theDuelist:NaturiaBarkion+1","theDuelist:NaturiaPumpkin","theDuelist:NaturiaCherries+1","theDuelist:CrystalRose+1","theDuelist:NaturiaVein"],"picked":"SKIP","floor":37.0},{"not_picked":["theDuelist:ConvulsionNature+1","theDuelist:LeodrakeMane+1","theDuelist:LairWire","theDuelist:Anteater+1"],"picked":"SKIP","floor":38.0},{"not_picked":["theDuelist:Pollinosis+1","theDuelist:NatureReflection","theDuelist:NaturalDisaster","theDuelist:LairWire","theDuelist:Wiretap"],"picked":"SKIP","floor":39.0},{"not_picked":["theDuelist:LonefireBlossom+1","theDuelist:NaturiaMantis+1","theDuelist:NaturiaTulip","theDuelist:NaturiaMosquito"],"picked":"theDuelist:NaturiaEggplant+1","floor":41.0},{"not_picked":["theDuelist:Wiretap+2","theDuelist:HuntingInstinct+1","theDuelist:MultiplicationOfAnts","theDuelist:HeartUnderdog"],"picked":"theDuelist:NaturiaSacredTree+1","floor":48}],"player_experience":189890,"relics_obtained":[{"floor":6.0,"key":"theDuelist:DuelistTeaSet"},{"floor":9.0,"key":"theDuelist:MillenniumArmor"},{"floor":12.0,"key":"Bronze Scales"},{"floor":14.0,"key":"MawBank"},{"floor":25.0,"key":"Torii"},{"floor":26.0,"key":"Nunchaku"},{"floor":27.0,"key":"Shuriken"},{"floor":41.0,"key":"Pantograph"},{"floor":43.0,"key":"Dream Catcher"}],"event_choices":[{"cards_removed":["theDuelist:Sparks"],"damage_healed":0.0,"max_hp_gain":0.0,"max_hp_loss":0.0,"gold_gain":0.0,"event_name":"Living Wall","player_choice":"Forget","floor":2.0,"gold_loss":0.0,"damage_taken":0.0},{"damage_healed":0.0,"max_hp_gain":0.0,"max_hp_loss":0.0,"gold_gain":0.0,"event_name":"Millennium Items","player_choice":"Took item - Received: Millennium Ring","duelist":true,"floor":4.0,"gold_loss":0.0,"damage_taken":0.0},{"damage_healed":0.0,"max_hp_gain":0.0,"max_hp_loss":0.0,"gold_gain":0.0,"event_name":"Relic Duplicator","player_choice":"Duplicated Relic - Bronze Scales","duelist":true,"floor":21.0,"gold_loss":0.0,"damage_taken":0.0},{"damage_healed":26.0,"max_hp_gain":0.0,"max_hp_loss":0.0,"gold_gain":0.0,"event_name":"The Library","player_choice":"Heal","floor":22.0,"gold_loss":0.0,"damage_taken":0.0},{"cards_removed":["theDuelist:CastleWalls"],"damage_healed":0.0,"max_hp_gain":0.0,"max_hp_loss":0.0,"gold_gain":0.0,"event_name":"Falling","player_choice":"Removed Skill","floor":36.0,"gold_loss":0.0,"damage_taken":0.0},{"damage_healed":0.0,"max_hp_gain":0.0,"max_hp_loss":0.0,"gold_gain":0.0,"event_name":"Card Trader","player_choice":"Purchased Closed Forest for 60 Gold.","duelist":true,"floor":44.0,"gold_loss":0.0,"damage_taken":0.0},{"damage_healed":0.0,"max_hp_gain":0.0,"max_hp_loss":0.0,"gold_gain":0.0,"event_name":"Egyptian Village","player_choice":"Leave","duelist":true,"floor":45.0,"gold_loss":0.0,"damage_taken":0.0}],"is_beta":false,"boss_relics":[{"not_picked":["Coffee Dripper","theDuelist:ElectricKey"],"picked":"SlaversCollar"},{"not_picked":["Runic Pyramid","Calling Bell"],"picked":"Cursed Key"}],"items_purged_floors":[20,30,47],"is_endless":false,"potions_floor_spawned":[6,8,16,18,25,27,35,38,39],"ascension_level":11}}