{"host":"wuernuywc9gl215o","time":1613080512,"event":{"mods":["2.2 Compatiblity","AchievementEnabler","BaseMod","Bestiary","Block Reminder","Displayed Cursed Tome","Highlight Path","Key Reminder","Minty Spire (QoL Compilation)","Permanent Neow","Potion Indicator Mod","Quick Restart","Rare Cards Sparkle","Relic Stats","ojb\u0027s Info Mod"],"gold_per_floor":[112,123,133,33,51,51,68,68,113,142,142,142,168,180,192,278,290,317,342,373,300,18,18,30,65,119,129,157,176,176,176,176,176,176],"floor_reached":33,"language":"ENG","playtime":1934,"items_purged":["Strike_G","Strike_G"],"score":549,"play_id":"c976b045-625b-4669-bc61-9babbb33be1d","local_time":"20210211215512","is_ascension_mode":true,"campfire_choices":[{"floor":6.0,"key":"REST"},{"data":"Sadistic Nature","floor":8.0,"key":"SMITH"},{"floor":11.0,"key":"REST"},{"data":"Noxious Fumes","floor":15.0,"key":"SMITH"},{"floor":23.0,"key":"REST"},{"floor":32,"key":"REST"}],"circlet_count":0,"master_deck":["AscendersBane","Strike_G","Defend_G","Defend_G","Defend_G","Defend_G","Defend_G","Survivor","Neutralize","Sadistic Nature+1","Noxious Fumes+1","Quick Slash","Cloak And Dagger","Deadly Poison","Dagger Spray","Adrenaline","Doppelganger","Deflect","Dash","Caltrops","Sucker Punch","PiercingWail+1","Regret","Cloak And Dagger","After Image","Calculated Gamble","Bullet Time","Footwork"],"relics":["Ring of the Snake","Regal Pillow","Meat on the Bone","MawBank","Cursed Key","Smiling Mask","Bag of Preparation","Matryoshka","MealTicket","Orichalcum","Centennial Puzzle"],"acts_visited":["Exordium","TheCity"],"potions_floor_usage":[33],"damage_taken":[{"damage":7.0,"enemies":"Cultist","floor":1.0,"turns":5.0},{"damage":0.0,"enemies":"2 Louse","floor":2.0,"turns":3.0},{"damage":12.0,"enemies":"Small Slimes","floor":3.0,"turns":3.0},{"damage":1.0,"enemies":"2 Fungi Beasts","floor":5.0,"turns":5.0},{"damage":7.0,"enemies":"Exordium Wildlife","floor":7.0,"turns":5.0},{"damage":24.0,"enemies":"Lagavulin","floor":10.0,"turns":6.0},{"damage":4.0,"enemies":"3 Sentries","floor":13.0,"turns":5.0},{"damage":11.0,"enemies":"The Guardian","floor":16.0,"turns":9.0},{"damage":23.0,"enemies":"Spheric Guardian","floor":18.0,"turns":5.0},{"damage":3.0,"enemies":"Chosen","floor":19.0,"turns":3.0},{"damage":30.0,"enemies":"Snake Plant","floor":20.0,"turns":5.0},{"damage":0.0,"enemies":"Centurion and Healer","floor":24.0,"turns":6.0},{"damage":19.0,"enemies":"Gremlin Leader","floor":25.0,"turns":6.0},{"damage":2.0,"enemies":"Cultist and Chosen","floor":27.0,"turns":5.0},{"damage":34.0,"enemies":"Book of Stabbing","floor":28.0,"turns":5.0},{"damage":14.0,"enemies":"Snecko","floor":29.0,"turns":6.0},{"damage":5,"enemies":"Colosseum Slavers","floor":31,"turns":4},{"damage":62,"enemies":"Champ","floor":33,"turns":11}],"seed_played":"-4066429284209312912","potions_obtained":[{"floor":7.0,"key":"DuplicationPotion"},{"floor":10.0,"key":"LiquidMemories"},{"floor":16.0,"key":"CunningPotion"},{"floor":19.0,"key":"Explosive Potion"},{"floor":25.0,"key":"LiquidBronze"},{"floor":27.0,"key":"SmokeBomb"},{"floor":28.0,"key":"CultistPotion"}],"is_trial":false,"path_per_floor":["M","M","M","$","M","R","M","R","T","E","R","$","E","$","R","B",null,"M","M","M","?","$","R","M","E","T","M","E","M","?","?","R","B"],"character_chosen":"THE_SILENT","items_purchased":["Deadly Poison","Bag of Preparation","DistilledChaos"],"campfire_rested":4,"item_purchase_floors":[4,22,22],"current_hp_per_floor":[37,37,25,25,24,43,36,36,36,12,46,46,42,42,42,43,60,37,34,16,16,16,50,50,43,43,41,19,17,17,24,58,0,0],"gold":176,"neow_bonus":"RANDOM_COLORLESS_2","is_daily":false,"chose_seed":false,"campfire_upgraded":2,"win_rate":0.0,"timestamp":1613080512,"path_taken":["M","M","M","?","M","R","M","R","T","E","R","$","E","?","R","BOSS","M","M","M","?","$","R","M","E","T","M","E","M","?","?","R","BOSS"],"items_purchased_type":["Card","Relic","Potion"],"build_version":"2020-12-22","purchased_purges":2,"victory":false,"max_hp_per_floor":[66,66,66,66,66,66,66,66,66,66,66,66,66,66,66,66,66,66,66,66,66,66,66,66,66,66,66,66,66,66,66,66,66,66],"relic_stats":{"Regal Pillow":45,"Centennial Puzzle":[9],"counters":[18,97],"MealTicket":0,"Bag of Preparation":[14],"Orichalcum":[12],"MawBank":108,"Cursed Key":1,"Smiling Mask":50,"obtain_stats":[{"Regal Pillow":9,"Centennial Puzzle":28,"Matryoshka":25,"MealTicket":26,"Bag of Preparation":22,"Orichalcum":26,"MawBank":13,"Cursed Key":17,"Smiling Mask":21,"Ring of the Snake":0,"Meat on the Bone":10},{"Regal Pillow":5,"Centennial Puzzle":15,"Matryoshka":13,"MealTicket":13,"Bag of Preparation":11,"Orichalcum":13,"MawBank":7,"Cursed Key":8,"Smiling Mask":11,"Ring of the Snake":0,"Meat on the Bone":6},{"Regal Pillow":21,"Centennial Puzzle":76,"Matryoshka":66,"MealTicket":66,"Bag of Preparation":54,"Orichalcum":66,"MawBank":32,"Cursed Key":41,"Smiling Mask":54,"Ring of the Snake":0,"Meat on the Bone":27}],"Ring of the Snake":[36],"Meat on the Bone":72},"card_choices":[{"not_picked":["Metamorphosis","The Bomb"],"picked":"Sadistic Nature","floor":0.0},{"not_picked":["Underhanded Strike","Expertise"],"picked":"Noxious Fumes","floor":1.0},{"not_picked":["Backflip","Flechettes"],"picked":"Quick Slash","floor":2.0},{"not_picked":["Outmaneuver","Masterful Stab"],"picked":"Cloak And Dagger","floor":3.0},{"not_picked":["Deadly Poison","Dagger Throw"],"picked":"Dagger Spray","floor":5.0},{"not_picked":["Riddle With Holes","Accuracy","Setup"],"picked":"SKIP","floor":7.0},{"not_picked":["Heel Hook","Distraction","Eviscerate"],"picked":"SKIP","floor":10.0},{"not_picked":["Flying Knee","Dagger Spray"],"picked":"Adrenaline","floor":13.0},{"not_picked":["Unload","Die Die Die"],"picked":"Doppelganger","floor":16.0},{"not_picked":["Bane","All Out Attack+1"],"picked":"Deflect","floor":18.0},{"not_picked":["Riddle With Holes","All Out Attack"],"picked":"Dash","floor":19.0},{"not_picked":["Eviscerate","Underhanded Strike"],"picked":"Caltrops","floor":20.0},{"not_picked":["Cloak And Dagger","After Image"],"picked":"Sucker Punch","floor":24.0},{"not_picked":["Blade Dance+1","Quick Slash"],"picked":"PiercingWail+1","floor":25.0},{"not_picked":["Quick Slash","Deadly Poison"],"picked":"Cloak And Dagger","floor":27.0},{"not_picked":["Expertise+1","Deadly Poison"],"picked":"After Image","floor":28.0},{"not_picked":["Slice","Quick Slash"],"picked":"Calculated Gamble","floor":29.0}],"player_experience":913243,"relics_obtained":[{"floor":9.0,"key":"Regal Pillow"},{"floor":10.0,"key":"Meat on the Bone"},{"floor":13.0,"key":"MawBank"},{"floor":25.0,"key":"Matryoshka"},{"floor":26.0,"key":"MealTicket"},{"floor":26.0,"key":"Orichalcum"},{"floor":28.0,"key":"Centennial Puzzle"}],"event_choices":[{"damage_healed":0.0,"max_hp_gain":0.0,"max_hp_loss":0.0,"gold_gain":0.0,"event_name":"Addict","player_choice":"Obtained Relic","floor":21.0,"gold_loss":85.0,"damage_taken":0.0,"relics_obtained":["Smiling Mask"]},{"damage_healed":0.0,"max_hp_gain":0.0,"max_hp_loss":0.0,"gold_gain":0.0,"cards_transformed":["Strike_G","Strike_G"],"event_name":"Drug Dealer","player_choice":"Became Test Subject","floor":30.0,"gold_loss":0.0,"damage_taken":0.0,"cards_obtained":["Bullet Time","Footwork"]},{"damage_healed":0,"gold_gain":0,"player_choice":"Fight","damage_taken":0,"max_hp_gain":0,"max_hp_loss":0,"event_name":"Colosseum","floor":31,"gold_loss":0},{"damage_healed":0,"gold_gain":0,"player_choice":"Fled From Nobs","damage_taken":0,"max_hp_gain":0,"max_hp_loss":0,"event_name":"Colosseum","floor":31,"gold_loss":0}],"is_beta":false,"boss_relics":[{"not_picked":["Velvet Choker","Busted Crown"],"picked":"Cursed Key"}],"items_purged_floors":[4,22],"is_endless":false,"potions_floor_spawned":[7,10,16,19,25,27,28],"killed_by":"Champ","ascension_level":17}}