{"host":"prxrhpgaxnj4om9r","time":1613042155,"event":{"mods":["AchievementEnabler","BaseMod","DeckTracker","Keyboard Shortcuts","Minty Spire (QoL Compilation)"],"gold_per_floor":[17,17,42,65,240,273,298,313,364,364,364],"floor_reached":10,"language":"KOR","playtime":479,"items_purged":[],"score":70,"play_id":"7099881e-752b-4e64-9ccb-ae391de91553","local_time":"20210211201555","is_ascension_mode":false,"campfire_choices":[],"circlet_count":0,"master_deck":["Strike_G","Strike_G","Strike_G","Strike_G","Strike_G","Defend_G","Defend_G","Defend_G","Defend_G","Defend_G","Survivor","Neutralize","Deadly Poison","Quick Slash","Masterful Stab","Doubt","Die Die Die","Escape Plan","Backflip"],"relics":["Ring of the Snake","Peace Pipe","Golden Idol","Blood Vial","Pen Nib"],"acts_visited":["Exordium"],"potions_floor_usage":[6,7,8],"damage_taken":[{"damage":2,"enemies":"2 Louse","floor":1,"turns":5},{"damage":1,"enemies":"Cultist","floor":3,"turns":3},{"damage":6,"enemies":"Jaw Worm","floor":4,"turns":4},{"damage":22,"enemies":"Lagavulin","floor":6,"turns":8},{"damage":3,"enemies":"Exordium Thugs","floor":7,"turns":3},{"damage":6,"enemies":"Large Slime","floor":8,"turns":6},{"damage":27,"enemies":"Gremlin Nob","floor":10,"turns":3}],"seed_played":"-8955133926209242646","potions_obtained":[{"floor":3,"key":"EssenceOfSteel"},{"floor":6,"key":"Poison Potion"},{"floor":7,"key":"DuplicationPotion"}],"is_trial":false,"path_per_floor":["M","?","M","M","?","E","M","M","T","E"],"character_chosen":"THE_SILENT","items_purchased":[],"campfire_rested":0,"item_purchase_floors":[],"current_hp_per_floor":[68,51,50,44,44,22,21,17,17,0,0],"gold":364,"neow_bonus":"ONE_RARE_RELIC","is_daily":false,"chose_seed":false,"campfire_upgraded":0,"win_rate":0.0,"timestamp":1613042155,"path_taken":["M","?","M","M","?","E","M","M","T","E"],"items_purchased_type":[],"build_version":"2020-12-22","purchased_purges":0,"victory":false,"max_hp_per_floor":[70,70,70,70,70,70,70,70,70,70,70],"card_choices":[{"not_picked":["Quick Slash","Dagger Spray"],"picked":"Deadly Poison","floor":1},{"not_picked":["Acrobatics","Blade Dance"],"picked":"Quick Slash","floor":3},{"not_picked":["Deadly Poison","Dodge and Roll"],"picked":"Masterful Stab","floor":4},{"not_picked":["Doppelganger","Dodge and Roll"],"picked":"Die Die Die","floor":6},{"not_picked":["Flechettes","Predator"],"picked":"Escape Plan","floor":7},{"not_picked":["Bane","Blade Dance"],"picked":"Backflip","floor":8}],"player_experience":380306,"relics_obtained":[{"floor":6,"key":"Blood Vial"},{"floor":9,"key":"Pen Nib"}],"event_choices":[{"damage_healed":0,"gold_gain":0,"player_choice":"Take Damage","damage_taken":17,"relics_obtained":["Golden Idol"],"max_hp_gain":0,"max_hp_loss":0,"event_name":"Golden Idol","floor":2,"gold_loss":0},{"damage_healed":0,"gold_gain":175,"player_choice":"AGREE","damage_taken":0,"max_hp_gain":0,"max_hp_loss":0,"event_name":"Liars Game","floor":5,"gold_loss":0,"cards_obtained":["Doubt"]}],"is_beta":false,"boss_relics":[],"items_purged_floors":[],"is_endless":false,"potions_floor_spawned":[3,6,7],"killed_by":"Gremlin Nob","ascension_level":0}}