{"host":"bakf0s4odzu8z5xt","time":1613027836,"event":{"mods":["2.2 Compatiblity","BaseMod","Downfall","Friendly Minions","Minty Spire (QoL Compilation)","StSLib"],"gold_per_floor":[99,113,113,129,143,143,220,235,269,285,82,102,102,136,152,249,249,149,169,169,444,463,463,490,501,515,405,437,626,626,643,659,763,763,763,773,786,480,499,516,516,530,209,234,244,279,79,97,115,115,115,115,16,16,16,16],"floor_reached":57,"language":"ENG","playtime":5375,"items_purged":["champ:Execute","Regret","champ:Strike","champ:Strike","champ:Strike"],"score":1431,"play_id":"720e90c8-1895-4e6a-a786-5723236686d3","local_time":"20210211011716","is_ascension_mode":true,"campfire_choices":[{"data":"champ:Taunt","floor":1,"key":"SMITH"},{"data":"champ:FanOfKnives","floor":6,"key":"SMITH"},{"data":"champ:HeartStrike","floor":13,"key":"SMITH"},{"data":"champ:GladiatorForm","floor":18,"key":"SMITH"},{"data":"champ:RageSigil","floor":23,"key":"SMITH"},{"data":"champ:BerserkerStyle","floor":30,"key":"SMITH"},{"floor":35,"key":"RECALL"},{"data":"champ:Endure","floor":47,"key":"SMITH"},{"data":"champ:SwordSigil","floor":54,"key":"SMITH"}],"circlet_count":0,"master_deck":["champ:Defend","champ:Defend","champ:Defend","champ:Defend","champ:Taunt+1","champ:RapidStrikes","champ:Duel","champ:FanOfKnives+1","champ:RageSigil+1","champ:Endure+1","champ:HeartStrike+1","champ:SwordSigil+1","champ:GladiatorForm+1","champ:ShieldWall","champ:EnGarde+1","champ:BerserkerStyle+1","Flash of Steel","champ:ShieldSlam","champ:AdrenalArmor","champ:EndlessRage+1","champ:AdrenalArmor+1","Master of Strategy+1"],"relics":["champ:ChampionCrown","Lantern","champ:SpectersHand","TungstenRod","Membership Card","Oddly Smooth Stone","downfall:HeartBlessingGreen","Pen Nib","Anchor","Medical Kit","Busted Crown","champ:DuelingGlove","Sling","Turnip","TheAbacus","Guardian:PocketSentry","Toxic Egg 2","downfall:HeartBlessingRed","downfall:HeartBlessingBlue"],"acts_visited":["Exordium","TheCity","TheBeyond","TheEnding"],"potions_floor_usage":[10,14,22,22,28,28,28,31,44,52,55],"damage_taken":[{"damage":11,"enemies":"Jaw Worm","floor":2,"turns":5},{"damage":15,"enemies":"Small Slimes","floor":4,"turns":4},{"damage":11,"enemies":"Cultist","floor":5,"turns":3},{"damage":0,"enemies":"Exordium Wildlife","floor":8,"turns":2},{"damage":22,"enemies":"Gremlin Nob","floor":9,"turns":3},{"damage":16,"enemies":"Large Slime","floor":10,"turns":3},{"damage":41,"enemies":"downfall:FleeingMerchant","floor":11,"turns":4},{"damage":12,"enemies":"Red Slaver","floor":12,"turns":3},{"damage":24,"enemies":"3 Sentries","floor":14,"turns":6},{"damage":28,"enemies":"Exordium Wildlife","floor":15,"turns":4},{"damage":55,"enemies":"DF_ARCHETYPE_STREAMLINE","floor":16,"turns":6},{"damage":36,"enemies":"Shell Parasite","floor":19,"turns":4},{"damage":49,"enemies":"Snake Plant","floor":22,"turns":4},{"damage":48,"enemies":"Cultist and Chosen","floor":25,"turns":7},{"damage":41,"enemies":"Centurion and Healer","floor":26,"turns":5},{"damage":17,"enemies":"downfall:FleeingMerchant","floor":27,"turns":4},{"damage":55,"enemies":"Slavers","floor":28,"turns":4},{"damage":60,"enemies":"downfall:FleeingMerchant","floor":29,"turns":4},{"damage":60,"enemies":"Chosen and Byrds","floor":31,"turns":4},{"damage":60,"enemies":"Shelled Parasite and Fungi","floor":32,"turns":3},{"damage":132,"enemies":"SI_MIRROR_ARCHETYPE","floor":33,"turns":7},{"damage":57,"enemies":"3 Darklings","floor":36,"turns":4},{"damage":26,"enemies":"3 Shapes","floor":37,"turns":3},{"damage":88,"enemies":"Sphere and 2 Shapes","floor":39,"turns":6},{"damage":84,"enemies":"Writhing Mass","floor":40,"turns":4},{"damage":85,"enemies":"Maw","floor":42,"turns":6},{"damage":102,"enemies":"Giant Head","floor":44,"turns":5},{"damage":90,"enemies":"Spire Growth","floor":45,"turns":5},{"damage":78,"enemies":"Reptomancer","floor":46,"turns":4},{"damage":78,"enemies":"Sphere and 2 Shapes","floor":48,"turns":5},{"damage":84,"enemies":"Maw","floor":49,"turns":4},{"damage":162,"enemies":"WA_ARCHETYPE_DIVINITY","floor":50,"turns":8},{"damage":0,"enemies":"downfall:CharBossMerchant","floor":52,"turns":1},{"damage":201,"enemies":"downfall:NeowBoss","floor":55,"turns":9},{"damage":174,"enemies":"downfall:NeowBossFinal","floor":56,"turns":10}],"seed_played":"-3248972921689010101","potions_obtained":[{"floor":4,"key":"Strength Potion"},{"floor":8,"key":"Energy Potion"},{"floor":9,"key":"AttackPotion"},{"floor":15,"key":"sneckomod:MuddlingPotion"},{"floor":16,"key":"sneckomod:MuddlingPotion"},{"floor":25,"key":"Swift Potion"},{"floor":26,"key":"ColorlessPotion"},{"floor":28,"key":"Ancient Potion"},{"floor":31,"key":"sneckomod:MuddlingPotion"},{"floor":37,"key":"Explosive Potion"},{"floor":39,"key":"Energy Potion"},{"floor":44,"key":"Fruit Juice"},{"floor":45,"key":"SmokeBomb"}],"is_trial":false,"path_per_floor":["R","M","?","M","M","R","T","M","E","M","$","M","R","E","M","B",null,"R","M","?","?","M","R","T","M","M","$","E","$","R","M","M","B",null,"R","M","M","$","M","M","T","M","$","E","M","E","R","M","M","B",null,"E","$","R","B","B",null],"character_chosen":"THE_CHAMP","items_purchased":["Membership Card","Flash of Steel","Medical Kit","champ:DuelingGlove","Sling","Turnip","TheAbacus","Master of Strategy+1"],"campfire_rested":0,"item_purchase_floors":[11,27,29,38,38,43,43,53],"current_hp_per_floor":[90,89,89,89,88,88,88,88,86,90,90,90,90,90,90,88,90,90,90,73,73,69,69,69,56,60,63,55,65,65,75,85,93,95,95,94,95,95,95,95,95,91,91,100,100,100,110,110,110,110,110,110,110,110,110,110],"gold":16,"neow_bonus":"RANDOM_COMMON_RELIC","is_daily":false,"chose_seed":false,"campfire_upgraded":8,"win_rate":0.0,"timestamp":1613027836,"path_taken":["R","M","?","M","M","R","T","M","E","M","$","M","R","E","M","BOSS","R","M","?","?","M","R","T","M","?","$","E","$","R","M","M","BOSS","R","M","M","$","M","M","T","M","$","E","M","E","R","M","M","BOSS","E","$","R","BOSS","BOSS"],"items_purchased_type":["Relic","Card","Relic","Relic","Relic","Relic","Relic","Card"],"build_version":"2020-12-22","purchased_purges":5,"victory":true,"max_hp_per_floor":[90,90,90,90,90,90,90,90,90,90,90,90,90,90,90,90,90,90,90,95,95,95,95,95,95,95,95,95,95,95,95,95,95,95,95,95,95,95,95,95,95,95,95,100,100,100,110,110,110,110,110,110,110,110,110,110],"card_choices":[{"not_picked":["champ:FalseCounter","champ:RecklessLeap"],"picked":"champ:RapidStrikes","floor":2},{"not_picked":["champ:TornadoPunch","champ:GutPunch"],"picked":"champ:Duel","floor":4},{"not_picked":["champ:EnGarde","champ:SteelEdge"],"picked":"champ:FanOfKnives","floor":5},{"not_picked":["champ:Haymaker","champ:IronFortress","champ:Duel"],"picked":"SKIP","floor":8},{"not_picked":["champ:FlashCut","champ:EnragedBash"],"picked":"champ:RageSigil","floor":9},{"not_picked":["champ:Circumvent","champ:FanOfKnives"],"picked":"champ:Endure","floor":10},{"not_picked":["champ:GladiatorStyle","champ:BladeFlurry"],"picked":"champ:HeartStrike","floor":11},{"not_picked":["champ:Circumvent","champ:DeathBlow","champ:Parry"],"picked":"SKIP","floor":12},{"not_picked":["champ:StanceDance","champ:AdrenalArmor"],"picked":"champ:SwordSigil","floor":14},{"not_picked":["champ:Backstep","champ:Shatter","champ:BerserkersShout"],"picked":"SKIP","floor":15},{"not_picked":["champ:StrikeOfGenius","champ:SwordThrow"],"picked":"champ:GladiatorForm","floor":16},{"not_picked":["champ:BerserkersShout","champ:BladeFlurry","champ:TornadoPunch"],"picked":"SKIP","floor":19},{"not_picked":["champ:Shatter+1","champ:PreciseThrust"],"picked":"champ:ShieldWall","floor":22},{"not_picked":["champ:DancingMaster","champ:PreemptiveStrike","champ:Shatter"],"picked":"SKIP","floor":25},{"not_picked":["champ:Encircle","champ:Backstep+1"],"picked":"champ:EnGarde+1","floor":26},{"not_picked":["champ:PreciseThrust","champ:Haymaker"],"picked":"champ:BerserkerStyle","floor":27},{"not_picked":["champ:Duel","champ:StanceDance+1"],"picked":"champ:ShieldSlam","floor":28},{"not_picked":["champ:EnGarde","champ:EnchantShield"],"picked":"champ:AdrenalArmor","floor":29},{"not_picked":["champ:FanOfKnives","champ:BringItOn+1","champ:ShieldWall"],"picked":"SKIP","floor":31},{"not_picked":["champ:Duel","champ:SkillfulDodge","champ:EnGarde"],"picked":"SKIP","floor":32},{"not_picked":["champ:Circumvent+1"],"picked":"SKIP","floor":36},{"not_picked":[],"picked":"champ:EndlessRage+1","floor":37},{"not_picked":["champ:PreemptiveStrike+1"],"picked":"SKIP","floor":39},{"not_picked":["champ:Shatter+1"],"picked":"SKIP","floor":40},{"not_picked":["champ:Haymaker+1"],"picked":"SKIP","floor":42},{"not_picked":["champ:Shatter"],"picked":"SKIP","floor":44},{"not_picked":["champ:Backstep+1"],"picked":"SKIP","floor":45},{"not_picked":[],"picked":"champ:AdrenalArmor+1","floor":46},{"not_picked":["champ:BladeFlurry+1"],"picked":"SKIP","floor":48},{"not_picked":["champ:FanOfKnives"],"picked":"SKIP","floor":49}],"player_experience":2143430,"relics_obtained":[{"floor":7,"key":"champ:SpectersHand"},{"floor":9,"key":"TungstenRod"},{"floor":14,"key":"Oddly Smooth Stone"},{"floor":24,"key":"Pen Nib"},{"floor":28,"key":"Anchor"},{"floor":44,"key":"Guardian:PocketSentry"},{"floor":46,"key":"Toxic Egg 2"}],"event_choices":[],"is_beta":false,"boss_relics":[{"not_picked":["Fusion Hammer","Snecko Eye","champ:PowerArmor"]},{"not_picked":["Philosopher\u0027s Stone","bronze:MakeshiftBattery"],"picked":"Busted Crown"}],"items_purged_floors":[11,27,29,38,43],"is_endless":false,"potions_floor_spawned":[4,8,9,15,16,25,26,28,31,37,39,44,45,52],"ascension_level":1}}