{"host":"hjajo0rafoe1e6c4","time":1613054686,"event":{"mods":["AchievementEnabler","BaseMod","Bestiary","Colored Map","Colored Powertips","Downfall","Highlight Path","Minty Spire (QoL Compilation)","Relic Stats","Slay the Relics Exporter","StSLib"],"gold_per_floor":[99,99,199,199,199,199,276,304,204,231,241,254,269,269,289,387,387,387,398,142,142,142,142,167,67,84,118,145,45,81,103,132,237,237,237,255,255,276,297,303,338,392,404,416,178,221,221,321,338,338,338,376,7,7,7,7,7,7],"floor_reached":56,"language":"ENG","playtime":22798,"items_purged":["Doubt"],"score":1027,"play_id":"b9ecf10c-4bfa-4f3b-bbe4-f0d548186b8c","local_time":"20210211094446","is_ascension_mode":true,"campfire_choices":[{"floor":1,"key":"RECALL"},{"data":"Guardian:StasisStrike","floor":9,"key":"SMITH"},{"data":"Guardian:TimeSifter","floor":18,"key":"SMITH"},{"data":"Guardian:Suspension","floor":25,"key":"SMITH"},{"floor":29,"key":"REST"},{"data":"expansioncontent:YouAreMine","floor":35,"key":"SMITH"},{"data":"Guardian:TemporalStrike","floor":43,"key":"SMITH"},{"data":"Guardian:FuturePlans","floor":47,"key":"SMITH"},{"floor":54,"key":"REST"}],"circlet_count":0,"master_deck":["Guardian:Defend_Guardian","Guardian:Defend_Guardian","Guardian:Defend_Guardian","Guardian:Defend_Guardian","Guardian:CurlUp","Guardian:TwinSlam","Guardian:Recover","Guardian:Suspension+1","Guardian:StasisStrike+1","Injury","Guardian:PrimingBeam","Guardian:GatlingBeam","Guardian:TemporalShield","Guardian:TemporalStrike+1","CurseOfTheBell","CurseOfTheBell","Guardian:GatlingBeam","Guardian:ShieldCharger","Guardian:TimeSifter+1","Guardian:Recover","Guardian:MultiBeam+1","expansioncontent:YouAreMine+1","Guardian:Reroute","Guardian:PiercingHide","Guardian:TimeBomb","Guardian:AncientConstruct","Guardian:Incinerate","Guardian:ShieldCharger+1","Guardian:ConstructionForm","downfall:Aged","expansioncontent:LastStand","Guardian:TemporalShield+1","Guardian:TimeSifter","Guardian:WalkerClaw+1","Guardian:FuturePlans+1","Guardian:ShieldCharger+1","Guardian:TimeCapacitor"],"relics":["Guardian:ModeShifter","downfall:HeartsMalice","Matryoshka","Boot","downfall:HeartBlessingRed","Unceasing Top","downfall:ExtraCursedBell","Strawberry","Mercury Hourglass","Incense Burner","Philosopher\u0027s Stone","WarpedTongs","MealTicket","downfall:HeartBlessingBlue","CeramicFish","downfall:HeartBlessingGreen","Orichalcum","Empty Cage","MawBank","Blue Candle","Guardian:StasisEgg","Juzu Bracelet","Smiling Mask","Du-Vu Doll","TungstenRod","Pear","Calipers","CaptainsWheel","Bronze Scales"],"acts_visited":["Exordium","TheCity","TheBeyond","TheEnding"],"potions_floor_usage":[12,30,33,33,36,52,52,53,56],"damage_taken":[{"damage":0,"enemies":"Jaw Worm","floor":2,"turns":1},{"damage":0,"enemies":"Small Slimes","floor":4,"turns":1},{"damage":0,"enemies":"Gremlin Nob","floor":8,"turns":1},{"damage":8,"enemies":"Lagavulin","floor":10,"turns":7},{"damage":1,"enemies":"2 Louse","floor":11,"turns":4},{"damage":14,"enemies":"Red Slaver","floor":12,"turns":3},{"damage":3,"enemies":"Blue Slaver","floor":13,"turns":3},{"damage":1,"enemies":"2 Fungi Beasts","floor":15,"turns":2},{"damage":14,"enemies":"SI_SHIV_ARCHETYPE","floor":16,"turns":11},{"damage":8,"enemies":"Shell Parasite","floor":19,"turns":6},{"damage":0,"enemies":"downfall:FleeingMerchant","floor":20,"turns":4},{"damage":0,"enemies":"Chosen","floor":22,"turns":1},{"damage":19,"enemies":"Snake Plant","floor":26,"turns":3},{"damage":4,"enemies":"Book of Stabbing","floor":27,"turns":5},{"damage":3,"enemies":"Snecko","floor":28,"turns":3},{"damage":5,"enemies":"Slavers","floor":30,"turns":2},{"damage":3,"enemies":"Sentry and Sphere","floor":31,"turns":2},{"damage":12,"enemies":"Snake Plant","floor":32,"turns":3},{"damage":50,"enemies":"IC_MUSHROOM_ARCHETYPE","floor":33,"turns":7},{"damage":11,"enemies":"Orb Walker","floor":36,"turns":4},{"damage":9,"enemies":"downfall:FleeingMerchant","floor":40,"turns":4},{"damage":13,"enemies":"Giant Head","floor":42,"turns":7},{"damage":2,"enemies":"downfall:FleeingMerchant","floor":45,"turns":4},{"damage":0,"enemies":"Nemesis","floor":46,"turns":7},{"damage":15,"enemies":"3 Darklings","floor":49,"turns":3},{"damage":4,"enemies":"DF_ARCHETYPE_ORBS","floor":50,"turns":7},{"damage":34,"enemies":"downfall:CharBossMerchant","floor":52,"turns":10},{"damage":13,"enemies":"downfall:NeowBoss","floor":55,"turns":13},{"damage":105,"enemies":"downfall:NeowBossFinal","floor":56,"turns":8}],"seed_played":"3773577057817193169","potions_obtained":[{"floor":10,"key":"PowerPotion"},{"floor":11,"key":"Explosive Potion"},{"floor":12,"key":"Energy Potion"},{"floor":15,"key":"Regen Potion"},{"floor":26,"key":"Swift Potion"},{"floor":28,"key":"SteroidPotion"},{"floor":31,"key":"ColorlessPotion"},{"floor":42,"key":"EssenceOfSteel"},{"floor":49,"key":"sneckomod:MuddlingPotion"}],"is_trial":false,"path_per_floor":["R","M","?","M","?","?","T","E","R","E","M","M","M","?","M","B",null,"R","M","$","?","M","?","T","R","M","E","M","R","E","M","M","B",null,"R","M","T","?","?","$","T","E","R","T","$","E","R","?","M","B",null,"E","$","R","B","B"],"character_chosen":"GUARDIAN","items_purchased":["Guardian:Gem_Yellow","expansioncontent:YouAreMine","TungstenRod","Guardian:FuturePlans","Pear","Guardian:TimeCapacitor","Bronze Scales","Swift Potion","Fruit Juice"],"campfire_rested":2,"item_purchase_floors":[20,20,45,45,45,53,53,53,53],"current_hp_per_floor":[80,80,80,80,80,80,80,80,80,72,71,57,54,61,60,46,87,87,79,79,79,79,79,79,89,70,66,63,92,87,84,72,34,97,97,86,86,86,86,88,88,75,75,75,98,98,98,98,83,79,107,73,93,112,99,0,0,0],"gold":7,"neow_bonus":"THREE_ENEMY_KILL","is_daily":false,"chose_seed":false,"campfire_upgraded":6,"win_rate":0.0,"timestamp":1613054686,"path_taken":["R","M","?","M","?","?","T","E","R","E","M","M","?","?","M","BOSS","R","M","$","?","?","?","T","R","M","E","M","R","E","?","M","BOSS","R","M","?","?","?","$","T","E","R","?","$","E","R","?","M","BOSS","E","$","R","BOSS","BOSS"],"items_purchased_type":["Card","Card","Relic","Card","Relic","Card","Relic","Potion","Potion"],"build_version":"2020-12-22","purchased_purges":1,"victory":false,"max_hp_per_floor":[80,80,80,80,80,80,80,80,80,80,80,80,80,87,87,87,87,87,87,87,87,87,87,87,97,97,97,97,97,97,97,97,97,97,97,97,97,97,97,97,97,97,97,97,107,107,107,107,107,107,107,107,112,112,112,112,112,112],"relic_stats":{"counters":[29,130],"CeramicFish":135,"Blue Candle":[33],"Juzu Bracelet":0,"Orichalcum":[60],"Boot":[68],"MawBank":96,"Smiling Mask":0,"Mercury Hourglass":[248],"WarpedTongs":[90],"Bronze Scales":[54],"MealTicket":41,"obtain_stats":[{"Calipers":46,"Guardian:StasisEgg":38,"CeramicFish":27,"downfall:HeartBlessingGreen":29,"Incense Burner":14,"Juzu Bracelet":41,"Boot":8,"Empty Cage":34,"Smiling Mask":42,"downfall:BrokenWingStatue":5,"Matryoshka":7,"downfall:HeartBlessingBlue":25,"Strawberry":14,"Philosopher\u0027s Stone":17,"MealTicket":24,"downfall:ExtraCursedBell":14,"Pear":45,"downfall:HeartBlessingRed":9,"Blue Candle":37,"Guardian:ModeShifter":0,"downfall:HeartsMalice":0,"Orichalcum":30,"MawBank":37,"Mercury Hourglass":14,"WarpedTongs":23,"Du-Vu Doll":44,"CaptainsWheel":52,"Bronze Scales":53,"Unceasing Top":10,"TungstenRod":45},{"Calipers":24,"Guardian:StasisEgg":20,"CeramicFish":14,"downfall:HeartBlessingGreen":15,"Incense Burner":7,"Juzu Bracelet":21,"Boot":3,"Empty Cage":19,"Smiling Mask":22,"downfall:BrokenWingStatue":2,"Matryoshka":2,"downfall:HeartBlessingBlue":12,"Strawberry":7,"Philosopher\u0027s Stone":9,"MealTicket":12,"downfall:ExtraCursedBell":7,"Pear":23,"downfall:HeartBlessingRed":3,"Blue Candle":20,"Guardian:ModeShifter":0,"downfall:HeartsMalice":0,"Orichalcum":16,"MawBank":20,"Mercury Hourglass":7,"WarpedTongs":12,"Du-Vu Doll":22,"CaptainsWheel":27,"Bronze Scales":27,"Unceasing Top":4,"TungstenRod":23},{"Calipers":90,"Guardian:StasisEgg":68,"CeramicFish":47,"downfall:HeartBlessingGreen":50,"Incense Burner":15,"Juzu Bracelet":72,"Boot":0,"Empty Cage":64,"Smiling Mask":79,"downfall:BrokenWingStatue":0,"Matryoshka":0,"downfall:HeartBlessingBlue":39,"Strawberry":15,"Philosopher\u0027s Stone":28,"MealTicket":39,"downfall:ExtraCursedBell":15,"Pear":83,"downfall:HeartBlessingRed":0,"Blue Candle":68,"Guardian:ModeShifter":0,"downfall:HeartsMalice":0,"Orichalcum":52,"MawBank":68,"Mercury Hourglass":15,"WarpedTongs":39,"Du-Vu Doll":79,"CaptainsWheel":109,"Bronze Scales":109,"Unceasing Top":7,"TungstenRod":83}],"Unceasing Top":[15],"TungstenRod":36},"card_choices":[{"not_picked":["Guardian:Gem_Cyan","Guardian:FloatingOrbs"],"picked":"Guardian:Recover","floor":2},{"not_picked":["Guardian:SentryBeam","Guardian:Emergency"],"picked":"Guardian:Suspension","floor":4},{"not_picked":["Guardian:FloatingOrbs","Guardian:Gem_Fragmented"],"picked":"Guardian:GatlingBeam","floor":8},{"not_picked":["Guardian:ShieldCharger","Guardian:ShieldSpikes"],"picked":"Guardian:TemporalShield","floor":10},{"not_picked":["Guardian:Gem_Green","Guardian:Suspension"],"picked":"Guardian:Gem_Yellow","floor":11},{"not_picked":["Guardian:Incinerate","Guardian:ShieldSpikes"],"picked":"Guardian:TemporalStrike","floor":12},{"not_picked":["Guardian:Incinerate","Guardian:BodySlam"],"picked":"Guardian:Gem_Crimson","floor":13},{"not_picked":["Guardian:BodySlam","Guardian:TemporalStrike"],"picked":"Guardian:ShieldCharger","floor":15},{"not_picked":["Guardian:AncientConstruct","Guardian:GemFinder"],"picked":"Guardian:TimeSifter","floor":16},{"not_picked":["Guardian:VentSteam","Guardian:ShieldCharger"],"picked":"Guardian:Recover","floor":19},{"not_picked":["Guardian:Recover","Guardian:VentSteam+1"],"picked":"Guardian:MultiBeam+1","floor":20},{"not_picked":["Guardian:RollAttack","Guardian:Gem_Lightblue"],"picked":"Guardian:Reroute","floor":22},{"not_picked":["Guardian:Gem_Cyan","Guardian:GuardianWhirl+1"],"picked":"Guardian:PiercingHide","floor":26},{"not_picked":["Guardian:ChargeCore+1","Guardian:Repulse"],"picked":"Guardian:TimeBomb","floor":27},{"not_picked":["Guardian:Reroute","Guardian:TemporalStrike+1"],"picked":"Guardian:Gem_Purple","floor":28},{"not_picked":["Guardian:BodySlam","Guardian:Suspension"],"picked":"Guardian:AncientConstruct","floor":30},{"not_picked":["Guardian:Gem_Crimson","Guardian:VentSteam+1"],"picked":"Guardian:Incinerate","floor":31},{"not_picked":["Guardian:Gem_Lightblue","Guardian:Gem_Green"],"picked":"Guardian:ShieldCharger+1","floor":32},{"not_picked":["Guardian:RevengeProtocol","Guardian:AncientConstruct"],"picked":"Guardian:ConstructionForm","floor":33},{"not_picked":["Guardian:VentSteam","Guardian:ArmoredProtocol","Guardian:CrystalBeam"],"picked":"SKIP","floor":36},{"not_picked":["expansioncontent:YouAreMine","expansioncontent:Chronoboost"],"picked":"expansioncontent:LastStand","floor":39},{"not_picked":["Guardian:PrimingBeam","Guardian:HyperBeam_Guardian"],"picked":"Guardian:TemporalShield+1","floor":40},{"not_picked":["Guardian:Gem_Green","Guardian:EvasiveProtocol"],"picked":"Guardian:TimeSifter","floor":42},{"not_picked":["Guardian:VentSteam","Guardian:RollAttack+1"],"picked":"Guardian:WalkerClaw+1","floor":45},{"not_picked":["Guardian:Gem_Red","Guardian:Gem_Green"],"picked":"Guardian:ShieldCharger+1","floor":46},{"not_picked":["Guardian:SentryBeam","Guardian:Gem_Green","Guardian:Gem_Fragmented"],"picked":"SKIP","floor":49},{"not_picked":["Guardian:RollAttack","Guardian:HyperBeam_Guardian"],"picked":"Guardian:Gem_Cyan","floor":52}],"player_experience":283652,"relics_obtained":[{"floor":7,"key":"Matryoshka"},{"floor":8,"key":"Boot"},{"floor":10,"key":"Unceasing Top"},{"floor":14,"key":"Strawberry"},{"floor":14,"key":"Mercury Hourglass"},{"floor":14,"key":"Incense Burner"},{"floor":24,"key":"MealTicket"},{"floor":27,"key":"CeramicFish"},{"floor":30,"key":"Orichalcum"},{"floor":37,"key":"MawBank"},{"floor":37,"key":"Blue Candle"},{"floor":41,"key":"Juzu Bracelet"},{"floor":42,"key":"Smiling Mask"},{"floor":44,"key":"Du-Vu Doll"},{"floor":46,"key":"Calipers"},{"floor":52,"key":"CaptainsWheel"}],"event_choices":[],"is_beta":false,"boss_relics":[{"not_picked":["Runic Dome","Guardian:StasisSlotReductionRelic"],"picked":"Philosopher\u0027s Stone"},{"not_picked":["Coffee Dripper","SlaversCollar"],"picked":"Empty Cage"}],"items_purged_floors":[20],"is_endless":false,"potions_floor_spawned":[10,11,12,15,16,26,28,31,32,42,49],"killed_by":"downfall:NeowBossFinal","ascension_level":2}}