{"host":"k7udt7atmcuzf6l0","time":1613044837,"event":{"mods":["AchievementEnabler","BaseMod","BetterRewards","Colored Map","Colored Powertips","Highlight Path","Minty Spire (QoL Compilation)","Quick Restart","Rare Cards Sparkle","Relic Stats","StSLib","UnlockEverythingMod"],"gold_per_floor":[116,134,13,27,47,47,81,81,104,104,171,171,187,202,202,302,302,322,247,267,267,182,209,209,57,57,91,91,91,101,130,130,130,130],"floor_reached":33,"language":"ZHS","playtime":761,"items_purged":[],"score":285,"play_id":"b41d1116-9dd2-414c-a754-afcbfca81b2b","local_time":"20210211200037","is_ascension_mode":false,"campfire_choices":[{"data":"Flex","floor":6,"key":"SMITH"},{"data":"Dual Wield","floor":10,"key":"SMITH"},{"data":"Armaments","floor":15,"key":"SMITH"},{"data":"Inflame","floor":24,"key":"SMITH"},{"data":"Shockwave","floor":29,"key":"SMITH"},{"data":"Anger","floor":32,"key":"SMITH"}],"circlet_count":0,"master_deck":["Strike_R+1","Strike_R+1","Strike_R+1","Strike_R+1","Defend_R+1","Defend_R+1","Defend_R+1","Bash","Shockwave+1","Clash","Flex+1","Dual Wield+1","Inflame+1","Anger+1","Metallicize","Armaments+1","Reaper","Cleave+1","Wild Strike+1","Anger+1","Spot Weakness"],"relics":["Burning Blood","NeowsBlessing","Toy Ornithopter","Blood Vial","Black Star","Centennial Puzzle","Mercury Hourglass","Bag of Preparation","Lantern","Incense Burner","Ornamental Fan","CeramicFish"],"acts_visited":["Exordium","TheCity"],"potions_floor_usage":[7,7,27,27],"damage_taken":[{"damage":0,"enemies":"Small Slimes","floor":1,"turns":1},{"damage":0,"enemies":"Cultist","floor":2,"turns":1},{"damage":0,"enemies":"2 Louse","floor":4,"turns":1},{"damage":7,"enemies":"Large Slime","floor":5,"turns":4},{"damage":13,"enemies":"Lagavulin","floor":7,"turns":4},{"damage":13,"enemies":"Blue Slaver","floor":13,"turns":3},{"damage":3,"enemies":"Gremlin Gang","floor":14,"turns":4},{"damage":53,"enemies":"Hexaghost","floor":16,"turns":10},{"damage":6,"enemies":"3 Byrds","floor":18,"turns":6},{"damage":20,"enemies":"2 Thieves","floor":20,"turns":4},{"damage":41,"enemies":"Slavers","floor":23,"turns":6},{"damage":31,"enemies":"Gremlin Leader","floor":27,"turns":5},{"damage":0,"enemies":"Snake Plant","floor":30,"turns":1},{"damage":9,"enemies":"3 Cultists","floor":31,"turns":4},{"damage":51,"enemies":"Automaton","floor":33,"turns":6}],"seed_played":"-1623718553119237086","potions_obtained":[{"floor":2,"key":"Weak Potion"},{"floor":4,"key":"Dexterity Potion"},{"floor":16,"key":"Dexterity Potion"},{"floor":23,"key":"SteroidPotion"},{"floor":27,"key":"BloodPotion"}],"is_trial":false,"path_per_floor":["M","M","$","M","M","R","E","$","T","R","?","?","M","M","R","B",null,"M","?","M","?","?","E","R","$","T","E","$","R","M","M","R","B"],"character_chosen":"IRONCLAD","items_purchased":["Flex","Dual Wield","Lantern"],"campfire_rested":0,"item_purchase_floors":[3,3,25],"current_hp_per_floor":[80,80,80,80,79,79,72,72,72,72,72,72,67,72,72,27,80,80,80,66,66,66,33,33,33,33,41,41,41,49,48,48,0,0],"gold":130,"neow_bonus":"THREE_ENEMY_KILL","is_daily":false,"chose_seed":false,"campfire_upgraded":6,"win_rate":0.0,"timestamp":1613044837,"path_taken":["M","M","$","M","M","R","E","$","T","R","?","?","?","M","R","BOSS","M","?","M","?","?","E","R","$","T","E","?","R","M","M","R","BOSS"],"items_purchased_type":["Card","Card","Relic"],"build_version":"2020-12-22","purchased_purges":0,"victory":false,"max_hp_per_floor":[80,80,80,80,80,80,80,80,80,80,80,80,80,80,80,80,80,80,80,80,80,80,80,80,80,80,80,80,80,80,80,80,80,80],"relic_stats":{"Blood Vial":16,"Centennial Puzzle":[12],"counters":[15,60],"Ornamental Fan":[16],"CeramicFish":18,"Black Star":2,"Bag of Preparation":[8],"obtain_stats":[{"Blood Vial":9,"Centennial Puzzle":22,"Lantern":25,"NeowsBlessing":0,"Ornamental Fan":27,"CeramicFish":27,"Black Star":17,"Bag of Preparation":23,"Incense Burner":26,"Burning Blood":0,"Toy Ornithopter":7,"Mercury Hourglass":23},{"Blood Vial":5,"Centennial Puzzle":10,"Lantern":11,"NeowsBlessing":0,"Ornamental Fan":12,"CeramicFish":12,"Black Star":8,"Bag of Preparation":11,"Incense Burner":11,"Burning Blood":0,"Toy Ornithopter":5,"Mercury Hourglass":11},{"Blood Vial":11,"Centennial Puzzle":38,"Lantern":44,"NeowsBlessing":0,"Ornamental Fan":49,"CeramicFish":49,"Black Star":28,"Bag of Preparation":44,"Incense Burner":44,"Burning Blood":0,"Toy Ornithopter":11,"Mercury Hourglass":44}],"Burning Blood":66,"Toy Ornithopter":10,"Mercury Hourglass":[96]},"card_choices":[{"not_picked":["Armaments","Warcry"],"picked":"Shockwave","floor":1},{"not_picked":["Havoc","Iron Wave"],"picked":"Clash","floor":2},{"not_picked":["Anger","True Grit"],"picked":"Inflame","floor":4},{"not_picked":["Uppercut","Twin Strike"],"picked":"Anger","floor":5},{"not_picked":["Perfected Strike","Barricade"],"picked":"Metallicize","floor":7},{"not_picked":["Wild Strike","Shrug It Off"],"picked":"Armaments","floor":13},{"not_picked":["Wild Strike","Body Slam","Clash"],"picked":"SKIP","floor":14},{"not_picked":["Juggernaut","Feed"],"picked":"Reaper","floor":16},{"not_picked":["Twin Strike","Perfected Strike+1"],"picked":"Cleave+1","floor":18},{"not_picked":["Searing Blow","Shrug It Off"],"picked":"Wild Strike+1","floor":20},{"not_picked":["Body Slam","Anger","Warcry"],"picked":"SKIP","floor":23},{"not_picked":["Body Slam","Sentinel+1"],"picked":"Anger+1","floor":27},{"not_picked":["Perfected Strike","Metallicize","Sword Boomerang"],"picked":"SKIP","floor":30},{"not_picked":["Body Slam","Twin Strike"],"picked":"Spot Weakness","floor":31}],"player_experience":97430,"relics_obtained":[{"floor":7,"key":"Toy Ornithopter"},{"floor":9,"key":"Blood Vial"},{"floor":23,"key":"Mercury Hourglass"},{"floor":23,"key":"Bag of Preparation"},{"floor":26,"key":"Incense Burner"},{"floor":27,"key":"Ornamental Fan"},{"floor":27,"key":"CeramicFish"}],"event_choices":[{"damage_healed":0,"gold_gain":67,"player_choice":"Gained Gold","damage_taken":0,"max_hp_gain":0,"max_hp_loss":0,"event_name":"Golden Wing","floor":11,"gold_loss":0},{"cards_removed":["Defend_R"],"damage_healed":0,"gold_gain":0,"player_choice":"Purged","damage_taken":0,"max_hp_gain":0,"max_hp_loss":0,"event_name":"Purifier","floor":12,"gold_loss":0},{"cards_removed":["Strike_R"],"damage_healed":0,"gold_gain":0,"player_choice":"Gave Gold","damage_taken":0,"max_hp_gain":0,"max_hp_loss":0,"event_name":"Beggar","floor":19,"gold_loss":75},{"damage_healed":0,"gold_gain":0,"player_choice":"Simplicity","damage_taken":0,"max_hp_gain":0,"max_hp_loss":0,"event_name":"Back to Basics","floor":21,"gold_loss":0,"cards_upgraded":["Strike_R","Strike_R","Strike_R","Strike_R","Defend_R","Defend_R","Defend_R"]},{"damage_healed":0,"gold_gain":0,"player_choice":"Obtained Relic","damage_taken":0,"relics_obtained":["Centennial Puzzle"],"max_hp_gain":0,"max_hp_loss":0,"event_name":"Addict","floor":22,"gold_loss":85}],"is_beta":false,"boss_relics":[{"not_picked":["Tiny House","Cursed Key"],"picked":"Black Star"}],"items_purged_floors":[],"is_endless":false,"potions_floor_spawned":[2,4,16,23,27],"killed_by":"Automaton","ascension_level":0}}