{"host":"fmpket6nt7x2ysgi","time":1613039583,"event":{"mods":["AchievementEnabler","BaseMod","Colored Map","Colored Powertips","Downfall","Minty Spire (QoL Compilation)","Quick Restart","Relic Stats","StSLib"],"gold_per_floor":[11,24,44,62,4290,4290,4321,3529,3529,3529,3544,3558,2742,2760,2760,2861,2861,2876,2975,2975,2975,2989,2989,3002,3021,3046,2352,2362,2362,2379,2394,2394,2493,2493,2503,1893,1907,1086,1086,1086,1086,1086,1138,437,451,484,501,535,535,535],"floor_reached":51,"language":"ZHS","playtime":3060,"items_purged":["Strike_P","Defend_P","Defend_P","Defend_P","Strike_P+1","Vigilance","EmptyBody"],"score":936,"play_id":"88e7f327-768a-49ae-a025-2ac4519dc3d2","local_time":"20210211183303","is_ascension_mode":false,"campfire_choices":[{"data":"PathToVictory","floor":6.0,"key":"SMITH"},{"data":"PathToVictory","floor":15.0,"key":"SMITH"},{"data":"Secret Technique","floor":23,"key":"SMITH"},{"data":"Perseverance","floor":29,"key":"SMITH"},{"data":"Protect","floor":32,"key":"SMITH"},{"floor":40,"key":"RECALL"},{"data":"Establishment","floor":42,"key":"SMITH"},{"data":"PathToVictory","floor":49,"key":"SMITH"}],"circlet_count":0,"master_deck":["PathToVictory+1","Protect","PathToVictory+1","Protect+1","Secret Technique+1","DeusExMachina","Protect+1","Perseverance+1","Establishment+1","PathToVictory+1"],"relics":["PureWater","Thread and Needle","Cauldron","Pear","HornCleat","Bird Faced Urn","Lee\u0027s Waffle","Dream Catcher","Blue Candle","ClockworkSouvenir","Damaru","Vajra","Empty Cage","Singing Bowl","Orichalcum","Blood Vial","Question Card","Orrery","Philosopher\u0027s Stone","Melange","Lantern","Nunchaku","TheAbacus","Ancient Tea Set","WingedGreaves","Toy Ornithopter","Happy Flower","Anchor","PrismaticShard","Gambling Chip","Torii"],"acts_visited":["TheCity","TheBeyond"],"potions_floor_usage":[24],"damage_taken":[{"damage":0.0,"enemies":"Cultist","floor":1.0,"turns":2.0},{"damage":0.0,"enemies":"Jaw Worm","floor":2.0,"turns":3.0},{"damage":0.0,"enemies":"2 Louse","floor":3.0,"turns":3.0},{"damage":0.0,"enemies":"Blue Slaver","floor":4.0,"turns":4.0},{"damage":4.0,"enemies":"Lagavulin","floor":7.0,"turns":5.0},{"damage":1.0,"enemies":"Gremlin Gang","floor":11.0,"turns":5.0},{"damage":6.0,"enemies":"Large Slime","floor":12.0,"turns":6.0},{"damage":0.0,"enemies":"2 Fungi Beasts","floor":14.0,"turns":3.0},{"damage":3.0,"enemies":"The Guardian","floor":16.0,"turns":7.0},{"damage":0.0,"enemies":"3 Byrds","floor":18.0,"turns":4.0},{"damage":0,"enemies":"Shell Parasite","floor":22,"turns":4},{"damage":0,"enemies":"3 Cultists","floor":24,"turns":4},{"damage":0,"enemies":"Centurion and Healer","floor":25,"turns":5},{"damage":0,"enemies":"Shelled Parasite and Fungi","floor":28,"turns":4},{"damage":5,"enemies":"Snake Plant","floor":30,"turns":3},{"damage":0,"enemies":"Cultist and Chosen","floor":31,"turns":4},{"damage":5,"enemies":"Champ","floor":33,"turns":5},{"damage":4,"enemies":"Orb Walker","floor":35,"turns":4},{"damage":0,"enemies":"3 Shapes","floor":37,"turns":5},{"damage":0,"enemies":"Spire Growth","floor":45,"turns":3},{"damage":0,"enemies":"Giant Head","floor":46,"turns":5},{"damage":0,"enemies":"Writhing Mass","floor":47,"turns":3},{"damage":0,"enemies":"Nemesis","floor":48,"turns":3},{"damage":2,"enemies":"Donu and Deca","floor":50,"turns":7}],"seed_played":"7209004021282201797","potions_obtained":[{"floor":3.0,"key":"LiquidBronze"},{"floor":5.0,"key":"PowerPotion"},{"floor":5.0,"key":"FairyPotion"},{"floor":5.0,"key":"Ancient Potion"},{"floor":7.0,"key":"StancePotion"},{"floor":24,"key":"Ancient Potion"}],"is_trial":false,"path_per_floor":["M","M","M","M","$","R","E","$","T","?","M","M","$","M","R","B",null,"M","?","T","?","M","R","M","M","T","$","M","R","M","M","R","B",null,"M","$","M","$","?","R","?","R","T","$","M","E","M","E","R","B",null],"character_chosen":"WATCHER","items_purchased":["Cauldron","Pear","HornCleat","PathToVictory","Lee\u0027s Waffle","Dream Catcher","Blue Candle","Fruit Juice","SteroidPotion","ClockworkSouvenir","Damaru","Vajra","BottledMiracle","Secret Technique","Blood Vial","Question Card","Orrery","Melange","Lantern","Nunchaku","TheAbacus","Ancient Tea Set","WingedGreaves","Happy Flower","Anchor","PathToVictory","PrismaticShard"],"campfire_rested":0,"item_purchase_floors":[5,5,5,5,8,8,8,8,8,13,13,13,13,13,27,27,27,36,36,36,38,38,38,44,44,44,44],"current_hp_per_floor":[72,72,72,72,82,82,78,94,94,75,74,68,68,68,68,65,94,94,94,94,94,96,96,98,100,100,108,110,110,107,109,109,106,112,110,110,116,116,116,116,116,116,116,116,118,120,122,124,124,122],"gold":535,"neow_bonus":"ONE_RARE_RELIC","is_daily":false,"chose_seed":false,"campfire_upgraded":7,"win_rate":0.0,"timestamp":1613039583,"path_taken":["M","M","M","M","$","R","E","$","T","?","M","M","$","M","R","BOSS","M","?","?","?","M","R","?","M","T","$","M","R","M","M","R","BOSS","M","$","M","$","?","R","?","R","T","$","?","E","M","E","R","BOSS"],"items_purchased_type":["Relic","Relic","Relic","Card","Relic","Relic","Relic","Potion","Potion","Relic","Relic","Relic","Potion","Card","Relic","Relic","Relic","Relic","Relic","Relic","Relic","Relic","Relic","Relic","Relic","Card","Relic"],"build_version":"2020-12-22","purchased_purges":7,"victory":true,"max_hp_per_floor":[72,72,72,72,82,82,82,94,94,94,94,94,94,94,94,94,94,94,94,94,94,96,96,98,100,100,108,110,110,112,112,112,112,112,114,114,116,116,116,116,116,116,116,116,118,120,122,124,124,124],"relic_stats":{"Lee\u0027s Waffle":11,"Singing Bowl":30,"Happy Flower":[7],"Torii":3,"counters":[24,101],"Blue Candle":[0],"Melange":[34],"Orichalcum":[6],"Question Card":15,"Blood Vial":6,"Dream Catcher":0,"Nunchaku":[0],"TheAbacus":[90],"Bird Faced Urn":[2],"Gambling Chip":[6],"obtain_stats":[{"Lantern":36,"Singing Bowl":20,"Torii":48,"Vajra":13,"Melange":36,"Empty Cage":17,"Ancient Tea Set":38,"PrismaticShard":44,"ClockworkSouvenir":13,"Blood Vial":27,"Dream Catcher":8,"Nunchaku":36,"HornCleat":5,"TheAbacus":38,"Gambling Chip":46,"Philosopher\u0027s Stone":34,"WingedGreaves":38,"Lee\u0027s Waffle":8,"Pear":5,"Happy Flower":44,"Blue Candle":8,"Damaru":13,"Thread and Needle":0,"Orichalcum":26,"Question Card":27,"Cauldron":5,"Anchor":44,"Bird Faced Urn":7,"Orrery":27,"PureWater":0,"Toy Ornithopter":43},{"Lantern":18,"Singing Bowl":10,"Torii":23,"Vajra":7,"Melange":18,"Empty Cage":9,"Ancient Tea Set":19,"PrismaticShard":19,"ClockworkSouvenir":7,"Blood Vial":13,"Dream Catcher":5,"Nunchaku":18,"HornCleat":4,"TheAbacus":19,"Gambling Chip":21,"Philosopher\u0027s Stone":17,"WingedGreaves":19,"Lee\u0027s Waffle":5,"Pear":4,"Happy Flower":19,"Blue Candle":5,"Damaru":7,"Thread and Needle":0,"Orichalcum":13,"Question Card":13,"Cauldron":4,"Anchor":19,"Bird Faced Urn":5,"Orrery":13,"PureWater":0,"Toy Ornithopter":19},{"Lantern":75,"Singing Bowl":42,"Torii":94,"Vajra":28,"Melange":75,"Empty Cage":38,"Ancient Tea Set":80,"PrismaticShard":80,"ClockworkSouvenir":28,"Blood Vial":55,"Dream Catcher":17,"Nunchaku":75,"HornCleat":12,"TheAbacus":80,"Gambling Chip":88,"Philosopher\u0027s Stone":71,"WingedGreaves":80,"Lee\u0027s Waffle":17,"Pear":12,"Happy Flower":80,"Blue Candle":17,"Damaru":28,"Thread and Needle":0,"Orichalcum":55,"Question Card":55,"Cauldron":12,"Anchor":80,"Bird Faced Urn":17,"Orrery":55,"PureWater":0,"Toy Ornithopter":80}],"Toy Ornithopter":0},"card_choices":[{"not_picked":["CutThroughFate","SashWhip"],"picked":"PathToVictory","floor":1.0},{"not_picked":["CutThroughFate","FlyingSleeves"],"picked":"Protect","floor":2.0},{"not_picked":["WaveOfTheHand","InnerPeace","JustLucky"],"picked":"SKIP","floor":3.0},{"not_picked":["Halt","ThirdEye"],"picked":"EmptyBody","floor":4.0},{"not_picked":["Nirvana","Vengeance","Judgement"],"picked":"SKIP","floor":7.0},{"not_picked":["TalkToTheHand","CarveReality"],"picked":"Protect","floor":11.0},{"not_picked":["Swivel","BattleHymn","Wallop"],"picked":"SKIP","floor":12.0},{"not_picked":["Tantrum","SashWhip","Protect"],"picked":"SKIP","floor":14.0},{"not_picked":["ConjureBlade","Brilliance"],"picked":"DeusExMachina","floor":16.0},{"not_picked":["Swivel","Weave"],"picked":"Protect+1","floor":18.0},{"not_picked":["Meditate","Worship","Weave"],"picked":"Singing Bowl","floor":22},{"not_picked":["Evaluate","EmptyBody","Halt"],"picked":"Singing Bowl","floor":24},{"not_picked":["ThirdEye+1","BowlingBash","FlurryOfBlows"],"picked":"Singing Bowl","floor":25},{"not_picked":["Weave+1","BowlingBash","ConjureBlade"],"picked":"Perseverance","floor":27},{"not_picked":["LessonLearned","Meditate","FlurryOfBlows+1","Consecrate+1"],"picked":"Singing Bowl","floor":27},{"not_picked":["EmptyBody+1","FlyingSleeves","ClearTheMind+1","SashWhip"],"picked":"Singing Bowl","floor":27},{"not_picked":["Evaluate","Study+1","WheelKick","WreathOfFlame"],"picked":"Singing Bowl","floor":27},{"not_picked":["Crescendo","Wallop+1","FollowUp+1","Protect+1"],"picked":"Singing Bowl","floor":27},{"not_picked":["LikeWater+1","FollowUp","CrushJoints","EmptyFist"],"picked":"Singing Bowl","floor":28},{"not_picked":["JustLucky","Conclude","Worship+1","DeusExMachina"],"picked":"Singing Bowl","floor":30},{"not_picked":["CrushJoints","FlyingSleeves","Nirvana","Sanctity"],"picked":"SKIP","floor":31},{"not_picked":["Brilliance","DeusExMachina","Judgement"],"picked":"Establishment","floor":33},{"not_picked":["Swivel+1","LikeWater","Halt","Crescendo+1"],"picked":"Singing Bowl","floor":35},{"not_picked":["WheelKick+1","EmptyBody+1","Protect","Worship+1"],"picked":"Singing Bowl","floor":37},{"not_picked":["sneckomod:UnknownClassGUARDIAN+1","Guardian:WalkerClaw","ClearTheMind","Skewer+1"],"picked":"Singing Bowl","floor":45},{"not_picked":["Outmaneuver+1","Crescendo+1","bronze:Safeguard+1","EmptyFist+1"],"picked":"Singing Bowl","floor":46},{"not_picked":["champ:ArenaPreparation","FollowUp","Pommel Strike+1","hexamod:FourthSeal"],"picked":"Singing Bowl","floor":47},{"not_picked":["Slimebound:SamplingLick","champ:HoldFirm","Genetic Algorithm+1","sneckomod:UnknownClassGREEN"],"picked":"Singing Bowl","floor":48}],"player_experience":117976,"relics_obtained":[{"floor":7.0,"key":"Bird Faced Urn"},{"floor":20.0,"key":"Singing Bowl"},{"floor":26,"key":"Orichalcum"},{"floor":43,"key":"Toy Ornithopter"},{"floor":46,"key":"Gambling Chip"},{"floor":48,"key":"Torii"}],"event_choices":[{"damage_healed":0.0,"max_hp_gain":0.0,"max_hp_loss":0.0,"gold_gain":0.0,"event_name":"Shining Light","player_choice":"Entered Light","floor":10.0,"gold_loss":0.0,"damage_taken":19.0,"cards_upgraded":["Strike_P","Defend_P"]},{"damage_healed":0.0,"max_hp_gain":0.0,"max_hp_loss":0.0,"gold_gain":99.0,"event_name":"Nest","player_choice":"Stole From Cult","floor":19.0,"gold_loss":0.0,"damage_taken":0.0},{"damage_healed":0,"gold_gain":0,"cards_transformed":["Strike_P"],"player_choice":"Transformed","damage_taken":0,"max_hp_gain":0,"max_hp_loss":0,"event_name":"Transmorgrifier","floor":21,"gold_loss":0,"cards_obtained":["CutThroughFate"]},{"cards_removed":["CutThroughFate"],"damage_healed":0,"gold_gain":0,"player_choice":"Removed Attack","damage_taken":0,"max_hp_gain":0,"max_hp_loss":0,"event_name":"Falling","floor":39,"gold_loss":0},{"cards_removed":["Defend_P"],"damage_healed":0,"gold_gain":0,"player_choice":"Offered Basic","damage_taken":0,"max_hp_gain":0,"max_hp_loss":0,"event_name":"Bonfire Elementals","floor":41,"gold_loss":0}],"is_beta":false,"boss_relics":[{"not_picked":["Velvet Choker","Fusion Hammer"],"picked":"Empty Cage"},{"not_picked":["SacredBark","SlaversCollar"],"picked":"Philosopher\u0027s Stone"}],"items_purged_floors":[5,8,13,27,36,38,44],"is_endless":false,"potions_floor_spawned":[3,7,12,16,22,24,31,33,45,46,48],"ascension_level":0}}