{"host":"toh0bbw446wnuexf","time":1613007493,"event":{"mods":["BaseMod","Downfall","Hermit","Minty Spire (QoL Compilation)","Random Character Button","StSLib"],"gold_per_floor":[99,112,112,127,277,277,327,346,359,359,123,123,136,148,158,255,255,255,275,275,291,291,291,316,347,347,347,347],"floor_reached":26,"language":"ENG","playtime":1752,"items_purged":["downfall:Icky"],"score":240,"play_id":"bc621f96-155c-4027-8817-8b27db32c802","local_time":"20210211143813","is_ascension_mode":true,"campfire_choices":[{"data":"hexamod:TurnItUp","floor":1,"key":"SMITH"},{"floor":10,"key":"REST"},{"data":"hexamod:Rewind","floor":12,"key":"SMITH"},{"data":"hexamod:HexaLevel","floor":18,"key":"SMITH"},{"floor":23,"key":"REST"}],"circlet_count":0,"master_deck":["hexamod:Strike","hexamod:Strike","hexamod:Strike","hexamod:Defend","hexamod:Defend","hexamod:Defend","hexamod:Defend","hexamod:Sear","hexamod:Float","hexamod:HauntingEcho","hexamod:SwordOfDarkness","hexamod:Rewind+1","hexamod:ShieldOfDarkness","hexamod:HexaLevel+1","hexamod:VolcanoVisage"],"relics":["hexamod:SpiritBrand","Potion Belt","Blood Vial","Empty Cage","Matryoshka","Pen Nib","hexamod:MatchstickCase","HornCleat"],"acts_visited":["Exordium","TheCity"],"potions_floor_usage":[19,25],"damage_taken":[{"damage":0,"enemies":"2 Louse","floor":2,"turns":2},{"damage":0,"enemies":"Small Slimes","floor":4,"turns":3},{"damage":0,"enemies":"Cultist","floor":8,"turns":3},{"damage":38,"enemies":"Exordium Wildlife","floor":9,"turns":6},{"damage":0,"enemies":"downfall:FleeingMerchant","floor":11,"turns":4},{"damage":13,"enemies":"Large Slime","floor":13,"turns":3},{"damage":0,"enemies":"2 Fungi Beasts","floor":14,"turns":3},{"damage":1,"enemies":"3 Louse","floor":15,"turns":3},{"damage":2,"enemies":"SI_SHIV_ARCHETYPE","floor":16,"turns":7},{"damage":15,"enemies":"Chosen","floor":19,"turns":5},{"damage":17,"enemies":"Spheric Guardian","floor":21,"turns":4},{"damage":60,"enemies":"Gremlin Leader","floor":25,"turns":13},{"damage":8,"enemies":"3 Cultists","floor":26,"turns":3}],"seed_played":"-1965850363503019908","potions_obtained":[{"floor":2,"key":"Block Potion"},{"floor":14,"key":"Explosive Potion"},{"floor":15,"key":"champ:CounterPotion"},{"floor":19,"key":"GamblersBrew"},{"floor":25,"key":"hexamod:SoulburnPotion"}],"is_trial":false,"path_per_floor":["R","M","?","M","?","?","T","M","M","R","$","R","M","M","M","B",null,"R","M","?","M","T","R","T","E","M"],"character_chosen":"THE_SPIRIT","items_purchased":["Blood Vial"],"campfire_rested":2,"item_purchase_floors":[11],"current_hp_per_floor":[70,70,70,70,70,70,70,70,32,53,53,53,42,44,45,45,70,70,55,55,40,40,61,61,3,0,0,0],"gold":347,"neow_bonus":"ONE_RANDOM_RARE_CARD","is_daily":false,"chose_seed":false,"campfire_upgraded":3,"win_rate":0.0,"timestamp":1613007493,"path_taken":["R","M","?","M","?","?","T","M","M","R","$","R","?","M","M","BOSS","R","M","?","M","?","R","T","E","M"],"items_purchased_type":["Relic"],"build_version":"2020-12-22","purchased_purges":1,"victory":false,"max_hp_per_floor":[70,70,70,70,70,70,70,70,70,70,70,70,70,70,70,70,70,70,70,70,70,70,70,70,70,70,70,70],"card_choices":[{"not_picked":["hexamod:SkipABeat","hexamod:FastForward"],"picked":"hexamod:HauntingEcho","floor":2},{"not_picked":["hexamod:PhantomFireball","hexamod:BacktrackSmack"],"picked":"hexamod:SwordOfDarkness","floor":4},{"not_picked":["hexamod:GhostLash","hexamod:NightmareGuise"],"picked":"hexamod:Rewind","floor":8},{"not_picked":["hexamod:NightmareStrike","hexamod:HeatMetal"],"picked":"hexamod:ShieldOfDarkness","floor":9},{"not_picked":["hexamod:RadiantFlame","hexamod:ThermalTransfer","hexamod:SpectralSpark"],"picked":"SKIP","floor":11},{"not_picked":["hexamod:ChargedBarrage","hexamod:SpectersWail","hexamod:HeatMetal"],"picked":"SKIP","floor":13},{"not_picked":["hexamod:SpectersWail","hexamod:ThermalTransfer","hexamod:HauntingEcho"],"picked":"SKIP","floor":14},{"not_picked":["hexamod:SpectersWail","hexamod:AdvancingGuard","hexamod:FlamesFromBeyond"],"picked":"SKIP","floor":15},{"not_picked":["hexamod:ApocalypseNow","hexamod:Toasty"],"picked":"hexamod:HexaLevel","floor":16},{"not_picked":["hexamod:ShieldOfDarkness","hexamod:FastForward","hexamod:FlamesFromBeyond+1"],"picked":"SKIP","floor":19},{"not_picked":["hexamod:HeatCrush","hexamod:FlamesFromBeyond","hexamod:BacktrackSmack"],"picked":"SKIP","floor":21},{"not_picked":["hexamod:NecessarySacrifice","hexamod:SuperheatedStrike+1"],"picked":"hexamod:VolcanoVisage","floor":25}],"player_experience":683169,"relics_obtained":[{"floor":7,"key":"Potion Belt"},{"floor":22,"key":"Matryoshka"},{"floor":24,"key":"Pen Nib"},{"floor":24,"key":"hexamod:MatchstickCase"},{"floor":25,"key":"HornCleat"}],"event_choices":[],"is_beta":false,"boss_relics":[{"not_picked":["hexamod:UnbrokenSoul","Fusion Hammer"],"picked":"Empty Cage"}],"items_purged_floors":[11],"is_endless":false,"potions_floor_spawned":[2,14,15,19,25],"killed_by":"3 Cultists","ascension_level":2}}