{"host":"KYO","time":1613049407,"event":{"mods":["ATMod(阿瑾Mod)","BaseMod","Better Vampires","Minty Spire (QoL Compilation)","Permanent Neow","Replay The Spire","Shop Mod","StSLib","SuperFastMode","TestMod","[IsaacMod]以撒尖塔","【遗物卡牌】REMEMod"],"gold_per_floor":[116,116,140,140,261,261,294,294,294,328,343,343,368,383,383,472,472,499,514,539,569,5,55,55,93,119,119,162,201,227,299,299,403,403,418,457,249,249,275,360,360,427,450,474,474,481,506,557,557,570,588,588,588,181,228,315],"floor_reached":57,"language":"ZHS","playtime":2917,"items_purged":["Eruption","Defend_P","Defend_P"],"score":3835,"play_id":"f58b1bc4-ab62-4430-af9b-110bde60f79b","local_time":"20210211211647","is_ascension_mode":true,"campfire_choices":[{"data":"testmod-AutoReboundSystem","floor":6.0,"key":"SMITH"},{"data":"Madness","floor":8.0,"key":"SMITH"},{"floor":12.0,"key":"RECALL"},{"data":"Madness","floor":15.0,"key":"SMITH"},{"data":"Adaptation","floor":24.0,"key":"SMITH"},{"data":"AT_IrregularMenstruation","floor":27.0,"key":"SMITH"},{"data":"AT_RealColorLess","floor":32.0,"key":"SMITH"},{"data":"Eruption","floor":41.0,"key":"SMITH"},{"data":"Vault","floor":49.0,"key":"SMITH"},{"data":"ReplayTheSpireMod:Brewmster","floor":53,"key":"SMITH"}],"circlet_count":0,"master_deck":["AscendersBane","Strike_P","Strike_P","Strike_P","Strike_P","Defend_P+1","Eruption+1","Vigilance+1","REME_FirmDetermination","Madness+1","testmod-AutoReboundSystem+1","JustLucky","Madness+1","AT_RealColorLess+1","ReplayTheSpireMod:Brewmster+1","Adaptation+1","AT_IrregularMenstruation+1","Vault+1","AbeCurse","Alpha","Madness","Madness"],"relics":["HushsDoor","AT_ATBox","REME_ComplimentaryCards","testmod-TestBox","testmod-HeartOfStrike","SatanicBible","Blood Vial","TheBean","Golden Idol","AT_RedTearstoneRing","ReplayTheSpireMod:Ninjato","testmod-DeterminationOfClimber","StrikeDummy","MerchantsRug","NineVolt","Durian","Centennial Puzzle","ReplayTheSpireMod:Lightbulb","InkBottle","AT_EbonyIvory","Abe\u0027s Treasure","testmod-Antiphasic","Bag of Marbles","testmod-HeartOfStrike","SalivaCoin","GoldenEye","HowToJump"],"acts_visited":["Exordium","TheCity","TheBeyond","TheEnding"],"potions_floor_usage":[54,56],"damage_taken":[{"damage":0.0,"enemies":"2 Louse","floor":1.0,"turns":1.0},{"damage":0.0,"enemies":"Small Slimes","floor":3.0,"turns":2.0},{"damage":0.0,"enemies":"Gremlin Nob","floor":7.0,"turns":3.0},{"damage":5.0,"enemies":"3 Sentries","floor":10.0,"turns":3.0},{"damage":0.0,"enemies":"Jaw Worm","floor":11.0,"turns":4.0},{"damage":0.0,"enemies":"Blue Slaver","floor":13.0,"turns":3.0},{"damage":0.0,"enemies":"3 Louse","floor":14.0,"turns":2.0},{"damage":0.0,"enemies":"Hexaghost","floor":16.0,"turns":7.0},{"damage":0.0,"enemies":"3 Byrds","floor":18.0,"turns":3.0},{"damage":0.0,"enemies":"2 Thieves","floor":19.0,"turns":2.0},{"damage":6.0,"enemies":"Centurion and Healer","floor":20.0,"turns":2.0},{"damage":0.0,"enemies":"Chosen and Byrds","floor":21.0,"turns":4.0},{"damage":0.0,"enemies":"REME_1_Revenger","floor":23.0,"turns":3.0},{"damage":0.0,"enemies":"Gremlin Leader","floor":25.0,"turns":3.0},{"damage":0.0,"enemies":"Book of Stabbing","floor":28.0,"turns":2.0},{"damage":0.0,"enemies":"Cultist and Chosen","floor":29.0,"turns":1.0},{"damage":10.0,"enemies":"Snake Plant","floor":30.0,"turns":2.0},{"damage":0.0,"enemies":"Gremlin Leader","floor":31.0,"turns":3.0},{"damage":0.0,"enemies":"Pondfish","floor":33.0,"turns":4.0},{"damage":0.0,"enemies":"Orb Walker","floor":35.0,"turns":2.0},{"damage":0.0,"enemies":"Mind Bloom Boss Battle","floor":36.0,"turns":3.0},{"damage":0.0,"enemies":"3 Darklings","floor":39.0,"turns":2.0},{"damage":0.0,"enemies":"Reptomancer","floor":40.0,"turns":1.0},{"damage":0.0,"enemies":"R_Hoarder","floor":42.0,"turns":3.0},{"damage":0.0,"enemies":"Maw","floor":44.0,"turns":2.0},{"damage":0.0,"enemies":"Jaw Worm Horde","floor":47.0,"turns":1.0},{"damage":0.0,"enemies":"Giant Head","floor":48.0,"turns":1.0},{"damage":0,"enemies":"Replay:Hell Engine","floor":50,"turns":2},{"damage":0,"enemies":"Donu and Deca","floor":51,"turns":3},{"damage":0,"enemies":"Shield and Spear","floor":55,"turns":1},{"damage":8,"enemies":"The Heart","floor":56,"turns":8}],"seed_played":"8391237054549080557","potions_obtained":[{"floor":3.0,"key":"Swift Potion"},{"floor":11.0,"key":"LiquidBronze"},{"floor":19.0,"key":"Fire Potion"},{"floor":25.0,"key":"BlessingOfTheForge"},{"floor":28.0,"key":"Strength Potion"},{"floor":36.0,"key":"Swift Potion"},{"floor":39.0,"key":"REME_GoldPotion"},{"floor":44.0,"key":"SteroidPotion"},{"floor":48.0,"key":"Energy Potion"}],"is_trial":false,"path_per_floor":["M","?","M","?","?","R","E","R","T","E","M","R","M","M","R","B",null,"M","M","M","M","$","E","R","E","T","R","E","M","M","E","R","B",null,"M","?","$","?","M","E","R","E","T","M","T","?","M","E","R","B","B",null,"R","$","E","B",null],"character_chosen":"WATCHER","items_purchased":["StrikeDummy","MerchantsRug","NineVolt","Adaptation","testmod-Antiphasic","GoldenEye","testmod-SpacePotion"],"campfire_rested":0,"item_purchase_floors":[22,22,22,22,37,54,54],"current_hp_per_floor":[63,40,42,42,20,20,22,22,22,19,21,21,23,25,25,27,58,62,67,68,68,68,73,73,73,73,73,73,73,68,73,73,73,73,73,73,73,73,73,73,73,73,73,73,73,60,71,73,73,78,78,78,78,78,78,78],"gold":315,"neow_bonus":"BOSS_RELIC","is_daily":false,"chose_seed":false,"campfire_upgraded":9,"win_rate":0.0,"timestamp":1613049407,"path_taken":["M","?","M","?","?","R","E","R","T","E","?","R","?","M","R","BOSS","M","M","M","M","$","E","R","E","T","R","E","M","M","E","R","BOSS","M","?","$","?","M","E","R","E","T","?","?","?","?","E","R","BOSS","BOSS","R","$","E","BOSS"],"items_purchased_type":["Relic","Relic","Relic","Card","Relic","Relic","Potion"],"build_version":"2020-12-18","purchased_purges":3,"victory":true,"max_hp_per_floor":[68,68,68,68,68,68,68,68,68,68,68,68,68,68,68,68,68,68,68,68,68,68,73,73,73,73,73,73,73,73,73,73,73,73,73,73,73,73,73,73,73,73,73,73,73,73,73,73,73,78,78,78,78,78,78,78],"card_choices":[{"not_picked":[],"picked":"Bomb","floor":0.0},{"not_picked":["WreathOfFlame","CrushJoints","Worship"],"picked":"REME_FirmDetermination","floor":1.0},{"not_picked":["JustLucky","TalkToTheHand","Collect"],"picked":"Madness","floor":3.0},{"not_picked":["JustLucky","ThirdEye","Halt"],"picked":"testmod-AutoReboundSystem","floor":5.0},{"not_picked":["SpiritShield","Protect","ReachHeaven","ReplayTheSpireMod:Necrogeddon"],"picked":"SKIP","floor":7.0},{"not_picked":["Replay:AtTheReady","CutThroughFate","CarveReality","REME_ShortnessOfBreath"],"picked":"SKIP","floor":10.0},{"not_picked":["PathToVictory","FollowUp","testmod-Wormhole"],"picked":"JustLucky","floor":11.0},{"not_picked":["Wireheading","Worship","Protect","Survey Options"],"picked":"SKIP","floor":13.0},{"not_picked":["SignatureMove","Weave","WaveOfTheHand"],"picked":"Madness","floor":14.0},{"not_picked":["Ragnarok","AT_ChampionKick","testmod-PowerStrike"],"picked":"AT_RealColorLess","floor":16.0},{"not_picked":["CutThroughFate","Replay:BluntJabs","DeceiveReality+1","testmod-BloodBlade"],"picked":"SKIP","floor":18.0},{"not_picked":["Study+1","FlurryOfBlows","Sanctity","Good Instincts"],"picked":"SKIP","floor":19.0},{"not_picked":["LikeWater","Nirvana","CutThroughFate"],"picked":"ReplayTheSpireMod:Brewmster","floor":20.0},{"not_picked":["AT_RealColorLess","Pray","CrushJoints+1","ReplayTheSpireMod:Necrogeddon"],"picked":"SKIP","floor":21.0},{"not_picked":["REME_MusicOfDeath","EmptyBody","CrushJoints"],"picked":"SKIP","floor":23.0},{"not_picked":["REME_Repentance","WheelKick"],"picked":"AT_IrregularMenstruation","floor":25.0},{"not_picked":["Crescendo","PathToVictory","Halt"],"picked":"SKIP","floor":28.0},{"not_picked":["FlyingSleeves","EmptyFist","EmptyBody"],"picked":"SKIP","floor":29.0},{"not_picked":["Wallop","FollowUp+1","Consecrate"],"picked":"SKIP","floor":30.0},{"not_picked":["LikeWater","Replay:Anticipation","FollowUp"],"picked":"SKIP","floor":31.0},{"not_picked":["DeusExMachina","Alpha"],"picked":"Vault","floor":33.0},{"not_picked":["FlyingSleeves","WaveOfTheHand","Prostrate"],"picked":"SKIP","floor":35.0},{"not_picked":["CutThroughFate","WindmillStrike+1","Evaluate"],"picked":"SKIP","floor":39.0},{"not_picked":["Crescendo","REME_Repentance","Meditate+1"],"picked":"SKIP","floor":40.0},{"not_picked":["AT_SoftenMuscles+1","Wallop","ForeignInfluence"],"picked":"SKIP","floor":42.0},{"not_picked":["Conclude","WindmillStrike","Consecrate"],"picked":"SKIP","floor":44.0},{"not_picked":["CarveReality","FearNoEvil","Replay:Hum+1"],"picked":"SKIP","floor":47.0},{"not_picked":["AT_MachinaRedman","FlurryOfBlows","AT_DivineConfetti"],"picked":"SKIP","floor":48.0},{"not_picked":["Replay:ManipulateFuture","ForeignInfluence","WheelKick"],"picked":"SKIP","floor":55}],"player_experience":763581,"relics_obtained":[{"floor":0.0,"key":"Blood Vial"},{"floor":0.0,"key":"TheBean"},{"floor":7.0,"key":"Matryoshka"},{"floor":9.0,"key":"AT_RedTearstoneRing"},{"floor":9.0,"key":"ReplayTheSpireMod:Ninjato"},{"floor":10.0,"key":"BlankCard"},{"floor":23.0,"key":"Durian"},{"floor":25.0,"key":"Centennial Puzzle"},{"floor":26.0,"key":"ReplayTheSpireMod:Lightbulb"},{"floor":28.0,"key":"InkBottle"},{"floor":31.0,"key":"AT_EbonyIvory"},{"floor":40.0,"key":"Bag of Marbles"},{"floor":42.0,"key":"Diplopia"},{"floor":43.0,"key":"SalivaCoin"},{"floor":45.0,"key":"AT_BellDemon"},{"floor":48.0,"key":"AT_GuinsooRageblade"},{"floor":55,"key":"HowToJump"}],"event_choices":[{"damage_healed":0.0,"max_hp_gain":0.0,"max_hp_loss":0.0,"gold_gain":0.0,"event_name":"Golden Idol","player_choice":"Take Damage","floor":2.0,"gold_loss":0.0,"damage_taken":23.0,"relics_obtained":["Golden Idol"]},{"damage_healed":0.0,"max_hp_gain":0.0,"max_hp_loss":0.0,"gold_gain":0.0,"event_name":"给自己的盒子","player_choice":"Swap Relic","floor":4.0,"relics_lost":["War Paint"],"gold_loss":0.0,"damage_taken":0.0,"relics_obtained":["War Paint"]},{"damage_healed":0.0,"max_hp_gain":0.0,"max_hp_loss":0.0,"gold_gain":0.0,"event_name":"MindBloom","player_choice":"Fight","floor":36.0,"gold_loss":0.0,"damage_taken":0.0},{"damage_healed":0.0,"max_hp_gain":0.0,"max_hp_loss":0.0,"gold_gain":0.0,"cards_transformed":["Defend_P"],"event_name":"Transmorgrifier","player_choice":"Transformed","floor":38.0,"gold_loss":0.0,"damage_taken":0.0,"cards_obtained":["Alpha"]},{"damage_healed":0.0,"max_hp_gain":0.0,"max_hp_loss":0.0,"gold_gain":0.0,"event_name":"Winding Halls","player_choice":"Embrace Madness","floor":46.0,"gold_loss":0.0,"damage_taken":13.0,"cards_obtained":["Madness","Madness"]}],"is_beta":true,"boss_relics":[{"not_picked":["Fusion Hammer","Replay:Wanted Poster"],"picked":"testmod-DeterminationOfClimber"},{"not_picked":[]},{"not_picked":["Philosopher\u0027s Stone","testmod-EnergyCheck"],"picked":"Abe\u0027s Treasure"},{"not_picked":[]}],"items_purged_floors":[22,37,54],"is_endless":false,"potions_floor_spawned":[3,11,13,19,25,28,29,30,36,39,44,48],"ascension_level":20}}