{"host":"BaytaKuk","time":1613015794,"event":{"mods":["2.2 Compatiblity","BaseMod","Minty Spire (QoL Compilation)","Random Character Button","Rare Cards Sparkle","StSLib","SuperFastMode","Swap Starting Deck Mod","everything is the same but u backflip on backflip"],"gold_per_floor":[116,36,36,36,52,52,62,88,88,97,124,152,205,205,205,205,205],"floor_reached":16,"language":"ENG","playtime":413,"items_purged":[],"score":209,"play_id":"5498660e-82b2-4111-8f31-d0878c3e64f1","local_time":"20210210225634","is_ascension_mode":true,"campfire_choices":[{"data":"Poisoned Stab","floor":6,"key":"SMITH"},{"data":"Footwork","floor":15,"key":"SMITH"}],"circlet_count":0,"master_deck":["AscendersBane","Strike_G","Strike_G","Strike_G","Strike_G","Defend_G","Defend_G","Defend_G","Defend_G","Defend_G","Survivor","Neutralize","Leg Sweep","Infinite Blades","Poisoned Stab+1","Footwork","Poisoned Stab","Injury","Dodge and Roll","Footwork+1","Backflip"],"relics":["Philosopher\u0027s Stone","HornCleat","CeramicFish","Golden Idol","Pen Nib","Sundial"],"acts_visited":["Exordium"],"potions_floor_usage":[8,13],"damage_taken":[{"damage":3,"enemies":"2 Louse","floor":1,"turns":4},{"damage":0,"enemies":"Jaw Worm","floor":5,"turns":5},{"damage":4,"enemies":"Small Slimes","floor":7,"turns":4},{"damage":4,"enemies":"Lagavulin","floor":8,"turns":7},{"damage":12,"enemies":"Exordium Wildlife","floor":11,"turns":7},{"damage":3,"enemies":"Blue Slaver","floor":12,"turns":5},{"damage":9,"enemies":"3 Sentries","floor":13,"turns":10},{"damage":22,"enemies":"Slime Boss","floor":16,"turns":6}],"seed_played":"7908793690168095278","potions_obtained":[{"floor":5,"key":"FearPotion"},{"floor":8,"key":"SteroidPotion"},{"floor":11,"key":"FearPotion"}],"is_trial":false,"path_per_floor":["M","$","?","?","M","R","M","E","T","?","M","M","E","?","R","B"],"character_chosen":"THE_SILENT","items_purchased":["Infinite Blades"],"campfire_rested":0,"item_purchase_floors":[2],"current_hp_per_floor":[56,56,49,49,49,49,45,41,41,41,29,26,17,17,17,0,0],"gold":205,"neow_bonus":"BOSS_RELIC","is_daily":false,"chose_seed":false,"campfire_upgraded":2,"win_rate":0.0,"timestamp":1613015794,"path_taken":["M","$","?","?","M","R","M","E","T","?","?","M","E","?","R","BOSS"],"items_purchased_type":["Card"],"build_version":"2020-12-18","purchased_purges":0,"victory":false,"max_hp_per_floor":[66,66,66,66,66,66,66,66,66,66,66,66,66,66,66,66,66],"card_choices":[{"not_picked":["Underhanded Strike","Endless Agony"],"picked":"Leg Sweep","floor":1},{"not_picked":["PiercingWail","Underhanded Strike"],"picked":"Poisoned Stab","floor":5},{"not_picked":["Flying Knee","Terror"],"picked":"Footwork","floor":7},{"not_picked":["Well Laid Plans","Escape Plan"],"picked":"Poisoned Stab","floor":8},{"not_picked":["Leg Sweep","Well Laid Plans"],"picked":"Dodge and Roll","floor":11},{"not_picked":["Outmaneuver","Quick Slash"],"picked":"Footwork","floor":12},{"not_picked":["Finisher","Poisoned Stab"],"picked":"Backflip","floor":13}],"player_experience":414766,"relics_obtained":[{"floor":8,"key":"HornCleat"},{"floor":9,"key":"CeramicFish"},{"floor":13,"key":"Pen Nib"}],"event_choices":[{"cards_removed":["Strike_G"],"damage_healed":0,"gold_gain":0,"player_choice":"Card Removal","damage_taken":7,"max_hp_gain":0,"max_hp_loss":0,"event_name":"Golden Wing","floor":3,"gold_loss":0},{"damage_healed":0,"gold_gain":0,"player_choice":"Ignored","damage_taken":0,"max_hp_gain":0,"max_hp_loss":0,"event_name":"Liars Game","floor":4,"gold_loss":0},{"damage_healed":0,"gold_gain":0,"player_choice":"Take Wound","damage_taken":0,"relics_obtained":["Golden Idol"],"max_hp_gain":0,"max_hp_loss":0,"event_name":"Golden Idol","floor":10,"gold_loss":0,"cards_obtained":["Injury"]},{"damage_healed":0,"gold_gain":0,"player_choice":"Searched \u00272\u0027 times","damage_taken":0,"relics_obtained":["Sundial"],"max_hp_gain":0,"max_hp_loss":0,"event_name":"Dead Adventurer","floor":14,"gold_loss":0}],"is_beta":true,"boss_relics":[],"items_purged_floors":[],"is_endless":false,"potions_floor_spawned":[5,8,11],"killed_by":"Slime Boss","ascension_level":18}}