{"host":"91blwi3hgehj6ch9","time":1613047590,"event":{"mods":["2.2 Compatiblity","AchievementEnabler","BaseMod","Colored Map","DeckTracker","Keyboard Shortcuts","Minty Spire (QoL Compilation)","Permanent Neow","Quick Restart","StSLib","SuperFastMode","everything is the same but u backflip on backflip"],"gold_per_floor":[110,128,142,92,92,92,107,136,161,161,186,43,71,71,71],"floor_reached":14,"language":"KOR","playtime":426,"items_purged":["Strike_R"],"score":110,"play_id":"7f64f997-ec57-40d0-859c-a4655402a0b6","local_time":"20210211214630","is_ascension_mode":true,"campfire_choices":[{"data":"Demon Form","floor":6.0,"key":"SMITH"}],"circlet_count":0,"master_deck":["Strike_R","Strike_R","Strike_R","Defend_R","Defend_R+1","Defend_R+1","Defend_R","Bash+1","Demon Form+1","Power Through","Disarm","Heavy Blade+1","Dark Embrace","Spot Weakness","Feel No Pain","Second Wind"],"relics":["Burning Blood","Boot","Whetstone","CeramicFish"],"acts_visited":["Exordium"],"potions_floor_usage":[],"damage_taken":[{"damage":12.0,"enemies":"Small Slimes","floor":1.0,"turns":4.0},{"damage":9.0,"enemies":"Jaw Worm","floor":2.0,"turns":5.0},{"damage":2.0,"enemies":"2 Louse","floor":3.0,"turns":3.0},{"damage":6.0,"enemies":"Lots of Slimes","floor":7.0,"turns":3.0},{"damage":26.0,"enemies":"3 Sentries","floor":8.0,"turns":7.0},{"damage":11.0,"enemies":"Looter","floor":11.0,"turns":3.0},{"damage":4.0,"enemies":"Blue Slaver","floor":13.0,"turns":6.0},{"damage":40,"enemies":"Gremlin Nob","floor":14,"turns":4}],"seed_played":"6079870549022564761","potions_obtained":[{"floor":1.0,"key":"Dexterity Potion"},{"floor":3.0,"key":"Explosive Potion"},{"floor":11.0,"key":"Explosive Potion"}],"is_trial":false,"path_per_floor":["M","M","M","?","?","R","M","E","T","?","M","$","M","E"],"character_chosen":"IRONCLAD","items_purchased":["Feel No Pain"],"campfire_rested":0,"item_purchase_floors":[12],"current_hp_per_floor":[74,71,75,75,68,68,68,48,48,32,27,27,29,0,0],"gold":71,"neow_bonus":"ONE_RANDOM_RARE_CARD","is_daily":false,"chose_seed":false,"campfire_upgraded":1,"win_rate":0.0,"timestamp":1613047590,"path_taken":["M","M","M","?","?","R","M","E","T","?","M","?","M","E"],"items_purchased_type":["Card"],"build_version":"2020-12-22","purchased_purges":1,"victory":false,"max_hp_per_floor":[80,80,80,80,80,80,80,80,80,80,80,80,80,80,80],"card_choices":[{"not_picked":["Searing Blow","Hemokinesis"],"picked":"Power Through","floor":1.0},{"not_picked":["Thunderclap","Clothesline","Warcry"],"picked":"SKIP","floor":2.0},{"not_picked":["Bloodletting","Iron Wave"],"picked":"Disarm","floor":3.0},{"not_picked":["Shrug It Off","Flex"],"picked":"Heavy Blade","floor":7.0},{"not_picked":["Reckless Charge","Warcry"],"picked":"Dark Embrace","floor":8.0},{"not_picked":["Searing Blow","Dark Embrace"],"picked":"Spot Weakness","floor":11.0},{"not_picked":["Rage","Anger"],"picked":"Second Wind","floor":13.0}],"player_experience":201568,"relics_obtained":[{"floor":8.0,"key":"Whetstone"},{"floor":9.0,"key":"CeramicFish"}],"event_choices":[{"cards_removed":["Strike_R"],"damage_healed":0.0,"max_hp_gain":0.0,"max_hp_loss":0.0,"gold_gain":0.0,"event_name":"The Cleric","player_choice":"Card Removal","floor":4.0,"gold_loss":50.0,"damage_taken":0.0},{"damage_healed":0.0,"max_hp_gain":0.0,"max_hp_loss":0.0,"gold_gain":0.0,"event_name":"Scrap Ooze","player_choice":"Success","floor":5.0,"gold_loss":0.0,"damage_taken":7.0,"relics_obtained":["Boot"]},{"damage_healed":0.0,"max_hp_gain":0.0,"max_hp_loss":0.0,"gold_gain":0.0,"event_name":"Shining Light","player_choice":"Entered Light","floor":10.0,"gold_loss":0.0,"damage_taken":16.0,"cards_upgraded":["Defend_R","Defend_R"]}],"is_beta":false,"boss_relics":[],"items_purged_floors":[12],"is_endless":false,"potions_floor_spawned":[1,3,11],"killed_by":"Gremlin Nob","ascension_level":4}}