{"host":"yans4pr1zf0lm9bx","time":1613076343,"event":{"mods":["AchievementEnabler","BaseMod","Minty Spire (QoL Compilation)","Replay The Spire","Shop Mod","StSLib","SuperFastMode","slay the spire mod where everything is the same but ironclad has a cowboy hat"],"gold_per_floor":[111,31,31,46,73,73,113,113,137,149,121,156,188,200,212,224,224],"floor_reached":16,"language":"ENG","playtime":472,"items_purged":[],"score":125,"play_id":"7ef56f08-d5d9-44c1-954e-89f2c0d7f446","local_time":"20210211154543","is_ascension_mode":true,"campfire_choices":[{"data":"Envenom","floor":6,"key":"SMITH"},{"floor":8,"key":"REST"},{"floor":15,"key":"DIG"}],"circlet_count":0,"master_deck":["Strike_G","Strike_G","Strike_G","Strike_G","Strike_G","Defend_G","Defend_G","Defend_G","Defend_G","Defend_G","Survivor","Neutralize","Envenom+1","Setup","Dagger Spray","Slice","Dagger Spray","Footwork"],"relics":["Ring of the Snake","Golden Idol","Replay:WaspNest","MawBank","StoneCalendar"],"acts_visited":["Exordium"],"potions_floor_usage":[7,12,13,16,16,16],"damage_taken":[{"damage":4,"enemies":"Small Slimes","floor":1,"turns":5},{"damage":8,"enemies":"Jaw Worm","floor":2,"turns":6},{"damage":10,"enemies":"Cultist","floor":4,"turns":4},{"damage":30,"enemies":"Gremlin Nob","floor":7,"turns":5},{"damage":0,"enemies":"2 Fungi Beasts","floor":12,"turns":4},{"damage":8,"enemies":"Exordium Thugs","floor":13,"turns":4},{"damage":16,"enemies":"Hexaghost","floor":16,"turns":10}],"seed_played":"-9062348032847989942","potions_obtained":[{"floor":4,"key":"Explosive Potion"},{"floor":11,"key":"Energy Potion"},{"floor":11,"key":"Cursed Concoction"},{"floor":11,"key":"EssenceOfSteel"},{"floor":12,"key":"Dexterity Potion"},{"floor":13,"key":"Adrenaline Potion"}],"is_trial":false,"path_per_floor":["M","M","?","M","T","R","E","R","T","$","?","M","M","$","R","B"],"character_chosen":"THE_SILENT","items_purchased":[],"campfire_rested":1,"item_purchase_floors":[],"current_hp_per_floor":[66,58,41,31,31,31,1,22,22,22,22,22,14,14,14,0,0],"gold":224,"neow_bonus":"THREE_RARE_CARDS","is_daily":false,"chose_seed":false,"campfire_upgraded":1,"win_rate":0.0,"timestamp":1613076343,"path_taken":["M","M","?","M","?","R","E","R","T","$","?","?","M","$","R","BOSS"],"items_purchased_type":[],"build_version":"2020-12-22","purchased_purges":0,"victory":false,"max_hp_per_floor":[70,70,70,70,70,70,70,70,70,70,70,70,70,70,70,70,70],"card_choices":[{"not_picked":["Malaise","Tools of the Trade"],"picked":"Envenom","floor":0},{"not_picked":["Outmaneuver","Dodge and Roll"],"picked":"Setup","floor":1},{"not_picked":["All Out Attack","Backstab","Sucker Punch"],"picked":"SKIP","floor":2},{"not_picked":["PiercingWail","Flying Knee"],"picked":"Dagger Spray","floor":4},{"not_picked":["Outmaneuver","Dagger Throw"],"picked":"Slice","floor":7},{"not_picked":["Terror","Choke"],"picked":"Dagger Spray","floor":12},{"not_picked":["Riddle With Holes","Skewer"],"picked":"Footwork","floor":13}],"player_experience":286861,"relics_obtained":[{"floor":7,"key":"Replay:WaspNest"},{"floor":9,"key":"MawBank"},{"floor":15,"key":"StoneCalendar"}],"event_choices":[{"damage_healed":0,"gold_gain":0,"player_choice":"Take Damage","damage_taken":17,"relics_obtained":["Golden Idol"],"max_hp_gain":0,"max_hp_loss":0,"event_name":"Golden Idol","floor":3,"gold_loss":0},{"damage_healed":0,"gold_gain":0,"player_choice":"Bought 3 Potions","damage_taken":0,"max_hp_gain":0,"max_hp_loss":0,"event_name":"The Woman in Blue","floor":11,"gold_loss":0}],"is_beta":false,"boss_relics":[],"items_purged_floors":[],"is_endless":false,"potions_floor_spawned":[4,12,13],"killed_by":"Hexaghost","ascension_level":5}}