{"host":"z2qbs5oitkx9dzyk","time":1613085291,"event":{"mods":["BaseMod","Colored Map","Colored Powertips","Minty Spire (QoL Compilation)"],"gold_per_floor":[14,32,32,32,32,63,63,99,168,25,40,40,54,79,79,199,199,222,33,33,33,105,105,141,155,178,13,29,29,29,43,43,174,174,199,222,285,285,299,299,50,66,66,66,87,103,103,29,29,29,29,29,29,68,68],"floor_reached":56,"language":"ENG","playtime":2708,"items_purged":["Injury","Bash"],"score":1200,"play_id":"995a8e9d-64e4-40e1-a778-d23b6cabe624","local_time":"20210211171451","is_ascension_mode":false,"campfire_choices":[{"data":"Rampage","floor":7.0,"key":"SMITH"},{"data":"Headbutt","floor":15.0,"key":"SMITH"},{"data":"Limit Break","floor":23.0,"key":"SMITH"},{"floor":30.0,"key":"REST"},{"floor":32.0,"key":"REST"},{"floor":40.0,"key":"REST"},{"floor":44.0,"key":"REST"},{"floor":47,"key":"REST"},{"floor":49,"key":"RECALL"},{"data":"Barricade","floor":52,"key":"SMITH"}],"circlet_count":0,"master_deck":["Strike_R+1","Strike_R+1","Defend_R","Defend_R","Defend_R","Defend_R","Rampage+1","Headbutt+1","Limit Break+1","Barricade+1","Inflame","Rampage+1","Feel No Pain","Anger","Dark Embrace+1","Corruption","Inflame+1","Havoc+1","Entrench+1","Parasite","True Grit","Disarm","Clothesline+1","Body Slam+1","Disarm","Shrug It Off+1","Metallicize+1"],"relics":["Burning Blood","Golden Idol","Oddly Smooth Stone","Boot","Kunai","Lee\u0027s Waffle","Velvet Choker","Membership Card","Champion Belt","Pantograph","Bag of Preparation","Dead Branch","Empty Cage","Prayer Wheel","Frozen Egg 2","Red Skull","HornCleat"],"acts_visited":["Exordium","TheCity","TheBeyond","TheEnding"],"potions_floor_usage":[50,50,50,50,50,55],"damage_taken":[{"damage":6.0,"enemies":"Cultist","floor":1.0,"turns":4.0},{"damage":6.0,"enemies":"Jaw Worm","floor":2.0,"turns":3.0},{"damage":21.0,"enemies":"Lagavulin","floor":6.0,"turns":5.0},{"damage":27.0,"enemies":"3 Sentries","floor":8.0,"turns":8.0},{"damage":4.0,"enemies":"Small Slimes","floor":11.0,"turns":4.0},{"damage":13.0,"enemies":"Red Slaver","floor":13.0,"turns":2.0},{"damage":0.0,"enemies":"2 Fungi Beasts","floor":14.0,"turns":3.0},{"damage":50.0,"enemies":"The Guardian","floor":16.0,"turns":11.0},{"damage":13.0,"enemies":"Chosen","floor":18.0,"turns":5.0},{"damage":88.0,"enemies":"Gremlin Leader","floor":24.0,"turns":5.0},{"damage":0.0,"enemies":"Spheric Guardian","floor":25.0,"turns":3.0},{"damage":12.0,"enemies":"Chosen and Byrds","floor":28.0,"turns":4.0},{"damage":11.0,"enemies":"Cultist and Chosen","floor":31.0,"turns":5.0},{"damage":85.0,"enemies":"Automaton","floor":33.0,"turns":10.0},{"damage":51.0,"enemies":"3 Darklings","floor":35.0,"turns":7.0},{"damage":7.0,"enemies":"3 Shapes","floor":36.0,"turns":11.0},{"damage":2.0,"enemies":"Mind Bloom Boss Battle","floor":37.0,"turns":6.0},{"damage":80.0,"enemies":"Writhing Mass","floor":39.0,"turns":9.0},{"damage":43.0,"enemies":"Jaw Worm Horde","floor":42.0,"turns":5.0},{"damage":12.0,"enemies":"Transient","floor":45.0,"turns":5.0},{"damage":21,"enemies":"Writhing Mass","floor":46,"turns":7},{"damage":49,"enemies":"Awakened One","floor":50,"turns":11},{"damage":23,"enemies":"Shield and Spear","floor":54,"turns":8},{"damage":48,"enemies":"The Heart","floor":55,"turns":12}],"seed_played":"7798052217260367581","potions_obtained":[{"floor":1.0,"key":"FearPotion"},{"floor":8.0,"key":"Weak Potion"},{"floor":14.0,"key":"Weak Potion"},{"floor":18.0,"key":"Explosive Potion"},{"floor":28.0,"key":"DistilledChaos"},{"floor":33.0,"key":"Ancient Potion"},{"floor":35.0,"key":"Block Potion"},{"floor":36.0,"key":"Fruit Juice"},{"floor":45.0,"key":"EssenceOfSteel"},{"floor":54,"key":"ColorlessPotion"}],"is_trial":false,"path_per_floor":["M","M","?","?","?","E","R","E","T","$","M","$","M","M","R","B",null,"M","$","?","$","T","R","E","M","T","$","M","?","R","M","R","B",null,"M","M","?","?","M","R","$","M","T","R","M","M","R","$","R","B",null,"R","$","E","B",null],"character_chosen":"IRONCLAD","items_purchased":["Lee\u0027s Waffle","Membership Card","Dead Branch","Feel No Pain","Frozen Egg 2","LiquidBronze","Disarm","Energy Potion","EntropicBrew"],"campfire_rested":5,"item_purchase_floors":[10,19,27,27,41,41,41,48,48],"current_hp_per_floor":[96,96,77,77,77,62,62,41,41,103,103,103,96,102,102,58,103,96,96,96,96,96,96,14,20,20,20,14,14,44,39,69,15,103,58,62,91,91,17,49,49,12,12,44,38,23,55,55,55,52,108,108,108,91,66],"gold":68,"neow_bonus":"TWENTY_PERCENT_HP_BONUS","is_daily":false,"chose_seed":false,"campfire_upgraded":4,"win_rate":0.0,"timestamp":1613085291,"path_taken":["M","?","?","?","?","E","R","E","T","$","?","?","M","?","R","BOSS","M","$","?","?","?","R","E","M","T","$","?","?","R","M","R","BOSS","M","?","?","?","M","R","$","M","T","R","?","M","R","?","R","BOSS","R","$","E","BOSS"],"items_purchased_type":["Relic","Relic","Relic","Card","Relic","Potion","Card","Potion","Potion"],"build_version":"2020-12-22","purchased_purges":2,"victory":true,"max_hp_per_floor":[96,96,96,96,96,96,96,96,96,103,103,103,103,103,103,103,103,103,103,103,103,103,103,103,103,103,103,103,103,103,103,103,103,103,103,108,108,108,108,108,108,108,108,108,108,108,108,108,108,108,108,108,108,108,108],"card_choices":[{"not_picked":["Twin Strike","Shrug It Off"],"picked":"Rampage","floor":1.0},{"not_picked":["Perfected Strike","Cleave","Thunderclap"],"picked":"SKIP","floor":2.0},{"not_picked":["Warcry","Shrug It Off"],"picked":"Headbutt","floor":6.0},{"not_picked":["Perfected Strike","Fire Breathing","Twin Strike"],"picked":"SKIP","floor":8.0},{"not_picked":["Clothesline","Wild Strike","Sword Boomerang"],"picked":"SKIP","floor":11.0},{"not_picked":["Clash","Sword Boomerang"],"picked":"Limit Break","floor":13.0},{"not_picked":["Power Through","Evolve","Seeing Red"],"picked":"SKIP","floor":14.0},{"not_picked":["Berserk","Feed"],"picked":"Barricade","floor":16.0},{"not_picked":["Dual Wield","Disarm"],"picked":"Inflame","floor":18.0},{"not_picked":["Bloodletting","Havoc"],"picked":"Rampage","floor":24.0},{"not_picked":["Heavy Blade","Twin Strike","Flex"],"picked":"SKIP","floor":25.0},{"not_picked":["Reckless Charge","Clash"],"picked":"Anger","floor":28.0},{"not_picked":["Twin Strike","Headbutt+1"],"picked":"Dark Embrace+1","floor":31.0},{"not_picked":["Bludgeon","Fiend Fire"],"picked":"Corruption","floor":33.0},{"not_picked":["Combust","Warcry+1"],"picked":"Inflame+1","floor":35.0},{"not_picked":["Rage+1","Cleave"],"picked":"Havoc+1","floor":36.0},{"not_picked":["Thunderclap","Rage+1"],"picked":"Entrench+1","floor":37.0},{"not_picked":["Sword Boomerang+1","Heavy Blade+1"],"picked":"True Grit","floor":39.0},{"not_picked":["Perfected Strike+1","Fire Breathing","Twin Strike"],"picked":"SKIP","floor":39.0},{"not_picked":["Iron Wave","Cleave"],"picked":"Clothesline+1","floor":42.0},{"not_picked":["Double Tap","Perfected Strike","Dual Wield+1"],"picked":"SKIP","floor":42.0},{"not_picked":["Armaments+1","Flex"],"picked":"Body Slam+1","floor":45.0},{"not_picked":["Headbutt+1","Iron Wave"],"picked":"Disarm","floor":45.0},{"not_picked":["Iron Wave+1","Cleave+1"],"picked":"Shrug It Off+1","floor":46},{"not_picked":["Reaper","Pommel Strike+1","Burning Pact+1"],"picked":"SKIP","floor":46},{"not_picked":["Spot Weakness+1","Flex+1"],"picked":"Metallicize+1","floor":54}],"player_experience":403499,"relics_obtained":[{"floor":6.0,"key":"Oddly Smooth Stone"},{"floor":8.0,"key":"Boot"},{"floor":9.0,"key":"Kunai"},{"floor":20.0,"key":"Champion Belt"},{"floor":24.0,"key":"Pantograph"},{"floor":26.0,"key":"Bag of Preparation"},{"floor":37.0,"key":"Prayer Wheel"},{"floor":43.0,"key":"Red Skull"},{"floor":54,"key":"HornCleat"}],"event_choices":[{"damage_healed":0.0,"max_hp_gain":0.0,"max_hp_loss":0.0,"gold_gain":0.0,"event_name":"Shining Light","player_choice":"Entered Light","floor":3.0,"gold_loss":0.0,"damage_taken":19.0,"cards_upgraded":["Strike_R","Strike_R"]},{"damage_healed":0.0,"max_hp_gain":0.0,"max_hp_loss":0.0,"gold_gain":0.0,"event_name":"Golden Idol","player_choice":"Take Wound","floor":4.0,"gold_loss":0.0,"damage_taken":0.0,"relics_obtained":["Golden Idol"],"cards_obtained":["Injury"]},{"damage_healed":0.0,"max_hp_gain":0.0,"max_hp_loss":0.0,"gold_gain":0.0,"event_name":"NoteForYourself","player_choice":"Ignored","floor":5.0,"gold_loss":0.0,"damage_taken":0.0},{"damage_healed":0.0,"max_hp_gain":0.0,"max_hp_loss":0.0,"gold_gain":0.0,"event_name":"Wheel of Change","player_choice":"Relic","floor":20.0,"gold_loss":0.0,"damage_taken":0.0},{"damage_healed":0.0,"max_hp_gain":0.0,"max_hp_loss":0.0,"gold_gain":0.0,"event_name":"Upgrade Shrine","player_choice":"Upgraded","floor":29.0,"gold_loss":0.0,"damage_taken":0.0,"cards_upgraded":["Rampage"]},{"damage_healed":0.0,"max_hp_gain":0.0,"max_hp_loss":0.0,"gold_gain":0.0,"event_name":"MindBloom","player_choice":"Fight","floor":37.0,"gold_loss":0.0,"damage_taken":0.0},{"cards_removed":["Strike_R"],"damage_healed":0.0,"max_hp_gain":0.0,"max_hp_loss":0.0,"gold_gain":0.0,"event_name":"Bonfire Elementals","player_choice":"Offered Basic","floor":38.0,"gold_loss":0.0,"damage_taken":0.0}],"is_beta":false,"boss_relics":[{"not_picked":["Busted Crown","Runic Dome"],"picked":"Velvet Choker"},{"not_picked":["Black Star","Philosopher\u0027s Stone"],"picked":"Empty Cage"}],"items_purged_floors":[19,41],"is_endless":false,"potions_floor_spawned":[1,8,14,18,28,33,35,36,45,54],"ascension_level":0}}