{"host":"1bzbl1adcbkdzqlf","time":1613004884,"event":{"mods":["BaseMod","Minty Spire (QoL Compilation)","Slay the Relics Exporter"],"gold_per_floor":[116,136,151,151,171,204,214,225,225,250,276,276,301,376,376,480,480,491,491,31,64,78,107,126,151,204,230,108,78,78,88,88,193,193,206,206,1205,265,285,285,285],"floor_reached":40,"language":"ENG","playtime":5103,"items_purged":["Normality"],"score":808,"play_id":"83bd8c16-c64c-459f-aff4-268188874bf5","local_time":"20210210185444","is_ascension_mode":true,"campfire_choices":[{"floor":12,"key":"REST"},{"floor":15,"key":"REST"},{"floor":30,"key":"REST"},{"floor":32,"key":"REST"}],"circlet_count":0,"master_deck":["AscendersBane","Strike_R","Strike_R","Strike_R","Strike_R+1","Strike_R","Defend_R","Defend_R","Defend_R","Defend_R","Bash","Carnage","Twin Strike","Pommel Strike","Armaments","Flex+1","Shrug It Off","Spot Weakness","Disarm","Offering+1","Evolve+1","Thunderclap+1","Intimidate","Clothesline","Reckless Charge","Inflame","Double Tap","Feed","Twin Strike+1","Trip","Violence","Mayhem","Normality","Wild Strike+1"],"relics":["Fusion Hammer","FossilizedHelix","Shuriken","The Courier","Odd Mushroom","Letter Opener","Busted Crown","Blood Vial","War Paint","Question Card","Red Mask","Juzu Bracelet","Akabeko","Whetstone","Bag of Preparation","Orichalcum","Runic Pyramid","Centennial Puzzle","Medical Kit","Bottled Tornado","Pear","Thread and Needle"],"acts_visited":["Exordium","TheCity","TheBeyond"],"potions_floor_usage":[6,10,10,11,16,22,23,25,25,31,33,39,39],"damage_taken":[{"damage":2,"enemies":"Jaw Worm","floor":1,"turns":3},{"damage":0,"enemies":"Cultist","floor":2,"turns":2},{"damage":7,"enemies":"Small Slimes","floor":3,"turns":2},{"damage":0,"enemies":"3 Louse","floor":5,"turns":3},{"damage":16,"enemies":"Gremlin Nob","floor":6,"turns":3},{"damage":0,"enemies":"Exordium Wildlife","floor":7,"turns":4},{"damage":12,"enemies":"Gremlin Gang","floor":8,"turns":4},{"damage":2,"enemies":"3 Sentries","floor":10,"turns":9},{"damage":22,"enemies":"The Mushroom Lair","floor":11,"turns":3},{"damage":15,"enemies":"Lagavulin","floor":13,"turns":6},{"damage":19,"enemies":"The Guardian","floor":16,"turns":7},{"damage":23,"enemies":"3 Byrds","floor":18,"turns":4},{"damage":7,"enemies":"Masked Bandits","floor":21,"turns":4},{"damage":6,"enemies":"Shell Parasite","floor":22,"turns":2},{"damage":0,"enemies":"Slavers","floor":23,"turns":2},{"damage":10,"enemies":"Centurion and Healer","floor":24,"turns":5},{"damage":6,"enemies":"Book of Stabbing","floor":25,"turns":4},{"damage":19,"enemies":"Slavers","floor":27,"turns":4},{"damage":0,"enemies":"Snecko","floor":31,"turns":3},{"damage":24,"enemies":"Collector","floor":33,"turns":6},{"damage":0,"enemies":"Orb Walker","floor":35,"turns":2},{"damage":55,"enemies":"3 Darklings","floor":39,"turns":10},{"damage":39,"enemies":"Reptomancer","floor":40,"turns":3}],"seed_played":"1826154358187223105","potions_obtained":[{"floor":1,"key":"FearPotion"},{"floor":4,"key":"BloodPotion"},{"floor":10,"key":"EntropicBrew"},{"floor":11,"key":"CultistPotion"},{"floor":16,"key":"SmokeBomb"},{"floor":18,"key":"Block Potion"},{"floor":22,"key":"SteroidPotion"},{"floor":24,"key":"Dexterity Potion"},{"floor":29,"key":"LiquidMemories"},{"floor":29,"key":"AttackPotion"},{"floor":33,"key":"Dexterity Potion"},{"floor":35,"key":"BlessingOfTheForge"}],"is_trial":false,"path_per_floor":["M","M","M","?","M","E","M","M","T","E","?","R","E","?","R","B",null,"M","?","$","?","M","E","M","E","T","E","$","?","R","M","R","B",null,"M","?","?","$","M","E"],"character_chosen":"IRONCLAD","items_purchased":["Thunderclap","Blood Vial","War Paint","Question Card","Orichalcum","Centennial Puzzle","Medical Kit","Bottled Tornado","Pear","Thread and Needle"],"campfire_rested":4,"item_purchase_floors":[20,20,20,20,28,38,38,38,38,38],"current_hp_per_floor":[70,70,63,63,63,47,47,35,35,49,32,57,42,31,56,37,73,50,34,34,29,43,45,37,33,33,16,16,16,43,45,72,50,80,85,75,75,85,32,0,0],"gold":285,"neow_bonus":"BOSS_RELIC","is_daily":false,"chose_seed":false,"campfire_upgraded":0,"win_rate":0.0,"timestamp":1613004884,"path_taken":["M","M","M","?","?","E","M","M","T","E","?","R","E","?","R","BOSS","M","?","$","?","M","E","M","E","T","E","?","?","R","M","R","BOSS","M","?","?","$","M","E"],"items_purchased_type":["Card","Relic","Relic","Relic","Relic","Relic","Relic","Relic","Relic","Relic"],"build_version":"2020-12-22","purchased_purges":1,"victory":false,"max_hp_per_floor":[80,80,80,80,80,80,80,80,80,80,85,85,85,85,85,85,85,85,90,90,90,90,90,90,90,90,90,90,90,90,90,90,90,90,93,93,93,103,103,103,103],"card_choices":[{"not_picked":["Dual Wield","Bloodletting"],"picked":"Carnage","floor":1},{"not_picked":["Combust","Anger"],"picked":"Twin Strike","floor":2},{"not_picked":["Burning Pact","Armaments"],"picked":"Pommel Strike","floor":3},{"not_picked":["Headbutt","Anger"],"picked":"Armaments","floor":5},{"not_picked":["Headbutt","Warcry"],"picked":"Flex","floor":6},{"not_picked":["Warcry","Armaments","Anger"],"picked":"SKIP","floor":7},{"not_picked":["Combust","Armaments"],"picked":"Shrug It Off","floor":8},{"not_picked":["Reckless Charge","Exhume"],"picked":"Spot Weakness","floor":10},{"not_picked":["Flex","Twin Strike"],"picked":"Disarm","floor":11},{"not_picked":["Searing Blow","Pummel","Anger"],"picked":"SKIP","floor":13},{"not_picked":["Corruption","Impervious"],"picked":"Offering","floor":16},{"not_picked":[],"picked":"Evolve+1","floor":18},{"not_picked":["Headbutt"],"picked":"Intimidate","floor":22},{"not_picked":["Intimidate","Clothesline"],"picked":"SKIP","floor":23},{"not_picked":["Intimidate"],"picked":"Clothesline","floor":23},{"not_picked":["Havoc"],"picked":"Reckless Charge","floor":24},{"not_picked":["Searing Blow+1"],"picked":"Inflame","floor":25},{"not_picked":["Thunderclap","Havoc"],"picked":"SKIP","floor":27},{"not_picked":["Dropkick"],"picked":"Double Tap","floor":31},{"not_picked":["Impervious"],"picked":"Feed","floor":33},{"not_picked":["Body Slam"],"picked":"Twin Strike+1","floor":35},{"not_picked":["Finesse"],"picked":"Trip","floor":36},{"not_picked":["Panacea"],"picked":"Violence","floor":36},{"not_picked":["Panacea"],"picked":"Mayhem","floor":36},{"not_picked":["Headbutt"],"picked":"Wild Strike+1","floor":39}],"player_experience":417651,"relics_obtained":[{"floor":6,"key":"FossilizedHelix"},{"floor":9,"key":"Shuriken"},{"floor":10,"key":"The Courier"},{"floor":11,"key":"Odd Mushroom"},{"floor":13,"key":"Letter Opener"},{"floor":21,"key":"Red Mask"},{"floor":23,"key":"Juzu Bracelet"},{"floor":25,"key":"Akabeko"},{"floor":26,"key":"Whetstone"},{"floor":27,"key":"Bag of Preparation"}],"event_choices":[{"damage_healed":0,"gold_gain":0,"player_choice":"Got Potions","damage_taken":0,"max_hp_gain":0,"max_hp_loss":0,"event_name":"Lab","floor":4,"gold_loss":0},{"damage_healed":0,"gold_gain":0,"player_choice":"Fought Mushrooms","damage_taken":0,"max_hp_gain":0,"max_hp_loss":0,"event_name":"Mushrooms","floor":11,"gold_loss":0},{"damage_healed":0,"gold_gain":75,"player_choice":"Gather Gold","damage_taken":11,"max_hp_gain":0,"max_hp_loss":0,"event_name":"World of Goop","floor":14,"gold_loss":0},{"damage_healed":0,"gold_gain":0,"player_choice":"Shed Blood","damage_taken":21,"max_hp_gain":5,"max_hp_loss":0,"event_name":"Forgotten Altar","floor":19,"gold_loss":0},{"damage_healed":0,"gold_gain":0,"player_choice":"Fought Bandits","damage_taken":0,"max_hp_gain":0,"max_hp_loss":0,"event_name":"Masked Bandits","floor":21,"gold_loss":0},{"damage_healed":0,"gold_gain":0,"player_choice":"Bought 2 Potions","damage_taken":0,"max_hp_gain":0,"max_hp_loss":0,"event_name":"The Woman in Blue","floor":29,"gold_loss":0},{"damage_healed":0,"gold_gain":0,"player_choice":"Memory 3","damage_taken":10,"max_hp_gain":0,"max_hp_loss":0,"event_name":"SensoryStone","floor":36,"gold_loss":0},{"damage_healed":0,"gold_gain":999,"player_choice":"Gold","damage_taken":0,"max_hp_gain":0,"max_hp_loss":0,"event_name":"MindBloom","floor":37,"gold_loss":0,"cards_obtained":["Normality","Normality"]}],"is_beta":false,"boss_relics":[{"not_picked":["Tiny House","Velvet Choker"],"picked":"Busted Crown"},{"not_picked":["Runic Cube","Black Star"],"picked":"Runic Pyramid"}],"items_purged_floors":[38],"is_endless":false,"potions_floor_spawned":[1,5,10,11,16,18,22,24,33,35],"killed_by":"Reptomancer","ascension_level":11}}