{"host":"sian7qp8a9pc9xwd","time":1613074198,"event":{"mods":["BaseMod","Minty Spire (QoL Compilation)","StSLib","SuperFastMode"],"gold_per_floor":[112,112,127,127,26,26,44,72,143,143,154,180,180,196,196,298,298,315,415,21,39,58,85,132,161,161,181,181,213,213,65,65,162,162,182,227,277,291,513,513,543,543,543,558,570,42,53,71,71,71],"floor_reached":51,"language":"ENG","playtime":1818,"items_purged":["Decay"],"score":919,"play_id":"1bdca626-1d6c-419f-8883-b2237694d4a2","local_time":"20210211150958","is_ascension_mode":true,"campfire_choices":[{"data":"Eruption","floor":6.0,"key":"SMITH"},{"floor":13.0,"key":"REST"},{"data":"Worship","floor":15.0,"key":"SMITH"},{"floor":28.0,"key":"REST"},{"data":"Devotion","floor":30.0,"key":"SMITH"},{"floor":32.0,"key":"REST"},{"floor":40.0,"key":"DIG"},{"floor":42.0,"key":"REST"},{"floor":49,"key":"REST"}],"circlet_count":0,"master_deck":["Strike_P+1","Strike_P+1","Strike_P","Strike_P+1","Defend_P","Defend_P+1","Defend_P+1","Defend_P+1","Eruption+1","Vigilance+1","FlurryOfBlows+1","FlurryOfBlows+1","Consecrate+1","FollowUp+1","Consecrate","Worship+1","Evaluate+1","Prostrate+1","Devotion+1","BattleHymn+1","Evaluate+1","EmptyFist+1","LessonLearned+1","FlurryOfBlows","SpiritShield+1","Consecrate+1","MentalFortress","CutThroughFate+1","Meditate+1","Worship+1","Thinking Ahead+1","JustLucky+1"],"relics":["PureWater","NeowsBlessing","Lantern","Kunai","Toxic Egg 2","Runic Pyramid","Whetstone","TeardropLocket","Akabeko","Bronze Scales","Mercury Hourglass","Potion Belt","Red Mask","Anchor","Cursed Key","Calipers","Shovel","Darkstone Periapt","Omamori","Happy Flower","Turnip"],"acts_visited":["Exordium","TheCity","TheBeyond"],"potions_floor_usage":[47,48,50],"damage_taken":[{"damage":0.0,"enemies":"Jaw Worm","floor":1.0,"turns":1.0},{"damage":0.0,"enemies":"2 Louse","floor":3.0,"turns":1.0},{"damage":0.0,"enemies":"Cultist","floor":7.0,"turns":1.0},{"damage":35.0,"enemies":"Lagavulin","floor":8.0,"turns":3.0},{"damage":0.0,"enemies":"2 Fungi Beasts","floor":11.0,"turns":3.0},{"damage":10.0,"enemies":"3 Sentries","floor":12.0,"turns":5.0},{"damage":0.0,"enemies":"3 Louse","floor":14.0,"turns":3.0},{"damage":5.0,"enemies":"Slime Boss","floor":16.0,"turns":6.0},{"damage":4.0,"enemies":"Spheric Guardian","floor":18.0,"turns":4.0},{"damage":0.0,"enemies":"Chosen","floor":21.0,"turns":3.0},{"damage":11.0,"enemies":"Shelled Parasite and Fungi","floor":22.0,"turns":3.0},{"damage":21.0,"enemies":"Book of Stabbing","floor":23.0,"turns":5.0},{"damage":19.0,"enemies":"Gremlin Leader","floor":25.0,"turns":3.0},{"damage":0.0,"enemies":"Snecko","floor":27.0,"turns":4.0},{"damage":0.0,"enemies":"Masked Bandits","floor":29.0,"turns":2.0},{"damage":35.0,"enemies":"Collector","floor":33.0,"turns":6.0},{"damage":0.0,"enemies":"3 Shapes","floor":35.0,"turns":3.0},{"damage":25.0,"enemies":"2 Orb Walkers","floor":36.0,"turns":5.0},{"damage":0.0,"enemies":"Mind Bloom Boss Battle","floor":37.0,"turns":3.0},{"damage":0.0,"enemies":"3 Darklings","floor":38.0,"turns":3.0},{"damage":27.0,"enemies":"Nemesis","floor":41.0,"turns":5.0},{"damage":18.0,"enemies":"Spire Growth","floor":44.0,"turns":3.0},{"damage":4.0,"enemies":"Writhing Mass","floor":45.0,"turns":5.0},{"damage":0,"enemies":"Jaw Worm Horde","floor":47,"turns":2},{"damage":0,"enemies":"4 Shapes","floor":48,"turns":2},{"damage":30,"enemies":"Donu and Deca","floor":50,"turns":7}],"seed_played":"7053929641388351205","potions_obtained":[{"floor":3.0,"key":"PowerPotion"},{"floor":11.0,"key":"ColorlessPotion"},{"floor":12.0,"key":"LiquidMemories"},{"floor":14.0,"key":"Strength Potion"},{"floor":18.0,"key":"StancePotion"},{"floor":23.0,"key":"StancePotion"},{"floor":27.0,"key":"Explosive Potion"},{"floor":41.0,"key":"LiquidBronze"},{"floor":47,"key":"DistilledChaos"}],"is_trial":false,"path_per_floor":["M","?","M","?","$","R","M","E","T","?","M","E","R","M","R","B",null,"M","?","$","M","M","E","T","E","T","M","R","?","R","$","R","B",null,"M","?","?","M","?","R","E","R","T","M","M","$","M","M","R","B",null],"character_chosen":"WATCHER","items_purchased":["Consecrate","Whetstone","TeardropLocket","Anchor","Worship+1","Turnip","Thinking Ahead+1"],"campfire_rested":5,"item_purchase_floors":[5,20,20,31,46,46,46],"current_hp_per_floor":[72,77,77,77,77,77,77,42,42,27,27,17,40,40,40,35,67,63,63,63,63,52,31,31,12,12,12,35,35,35,35,58,23,64,64,39,39,39,39,39,12,35,35,17,13,13,13,13,36,6],"gold":71,"neow_bonus":"THREE_ENEMY_KILL","is_daily":false,"chose_seed":false,"campfire_upgraded":3,"win_rate":0.0,"timestamp":1613074198,"path_taken":["M","?","M","?","$","R","?","E","T","?","M","E","R","M","R","BOSS","M","?","$","?","M","E","?","E","T","M","R","?","R","$","R","BOSS","M","?","?","M","?","R","E","R","T","M","M","?","?","M","R","BOSS"],"items_purchased_type":["Card","Relic","Relic","Relic","Card","Relic","Card"],"build_version":"2020-12-22","purchased_purges":1,"victory":true,"max_hp_per_floor":[72,77,77,77,77,77,77,77,77,77,77,77,77,77,77,77,77,77,77,77,77,77,77,77,77,77,77,77,77,77,77,77,77,77,77,77,77,77,77,77,77,77,77,77,77,77,77,77,77,77],"card_choices":[{"not_picked":["Crescendo","JustLucky"],"picked":"FlurryOfBlows","floor":1.0},{"not_picked":["ClearTheMind","Collect"],"picked":"FlurryOfBlows","floor":3.0},{"not_picked":["FollowUp","BowlingBash","DeceiveReality"],"picked":"SKIP","floor":7.0},{"not_picked":["BowlingBash","DeceiveReality"],"picked":"FollowUp","floor":7.0},{"not_picked":["FollowUp","Swivel"],"picked":"Consecrate","floor":8.0},{"not_picked":["WaveOfTheHand","CrushJoints"],"picked":"Worship","floor":11.0},{"not_picked":["Conclude","Nirvana"],"picked":"Evaluate+1","floor":12.0},{"not_picked":["Halt+1","JustLucky"],"picked":"Prostrate+1","floor":14.0},{"not_picked":["DeusExMachina+1","Establishment"],"picked":"Devotion","floor":16.0},{"not_picked":["WheelKick","Halt+1"],"picked":"BattleHymn+1","floor":18.0},{"not_picked":["FollowUp","Adaptation+1"],"picked":"Evaluate+1","floor":21.0},{"not_picked":["WaveOfTheHand+1","ConjureBlade+1","LikeWater"],"picked":"SKIP","floor":22.0},{"not_picked":["Indignation+1","WheelKick"],"picked":"EmptyFist+1","floor":23.0},{"not_picked":["SandsOfTime+1","EmptyFist+1"],"picked":"LessonLearned","floor":25.0},{"not_picked":["ForeignInfluence+1","Halt+1","Crescendo+1"],"picked":"SKIP","floor":27.0},{"not_picked":["Indignation+1","Nirvana+1"],"picked":"FlurryOfBlows","floor":29.0},{"not_picked":["DevaForm","Blasphemy+1"],"picked":"SpiritShield+1","floor":33.0},{"not_picked":["Protect+1","Evaluate+1"],"picked":"Consecrate+1","floor":35.0},{"not_picked":["Tantrum","LikeWater+1"],"picked":"MentalFortress","floor":36.0},{"not_picked":["FlyingSleeves+1","Weave+1","ClearTheMind+1"],"picked":"SKIP","floor":38.0},{"not_picked":["Protect+1","SashWhip+1"],"picked":"CutThroughFate+1","floor":41.0},{"not_picked":["SashWhip+1","Nirvana","FlyingSleeves+1"],"picked":"SKIP","floor":44.0},{"not_picked":["PathToVictory+1","Indignation+1"],"picked":"Meditate+1","floor":45.0},{"not_picked":["DeceiveReality+1","Fasting2+1"],"picked":"JustLucky+1","floor":47},{"not_picked":["Vengeance+1","JustLucky","InnerPeace+1"],"picked":"SKIP","floor":48}],"player_experience":958637,"relics_obtained":[{"floor":8.0,"key":"Lantern"},{"floor":9.0,"key":"Kunai"},{"floor":12.0,"key":"Toxic Egg 2"},{"floor":23.0,"key":"Akabeko"},{"floor":24.0,"key":"Bronze Scales"},{"floor":25.0,"key":"Mercury Hourglass"},{"floor":26.0,"key":"Potion Belt"},{"floor":29.0,"key":"Red Mask"},{"floor":36.0,"key":"Calipers"},{"floor":37.0,"key":"Shovel"},{"floor":40.0,"key":"Darkstone Periapt"},{"floor":41.0,"key":"Omamori"},{"floor":43.0,"key":"Happy Flower"}],"event_choices":[{"damage_healed":0.0,"max_hp_gain":5.0,"max_hp_loss":0.0,"gold_gain":0.0,"event_name":"Big Fish","player_choice":"Donut","floor":2.0,"gold_loss":0.0,"damage_taken":0.0},{"damage_healed":0.0,"max_hp_gain":0.0,"max_hp_loss":0.0,"gold_gain":0.0,"event_name":"Wheel of Change","player_choice":"Cursed","floor":4.0,"gold_loss":0.0,"damage_taken":0.0,"cards_obtained":["Decay"]},{"damage_healed":0.0,"max_hp_gain":0.0,"max_hp_loss":0.0,"gold_gain":0.0,"event_name":"Shining Light","player_choice":"Entered Light","floor":10.0,"gold_loss":0.0,"damage_taken":15.0,"cards_upgraded":["Strike_P","Defend_P"]},{"damage_healed":0.0,"max_hp_gain":0.0,"max_hp_loss":0.0,"gold_gain":100.0,"event_name":"Golden Shrine","player_choice":"Pray","floor":19.0,"gold_loss":0.0,"damage_taken":0.0},{"damage_healed":0.0,"max_hp_gain":0.0,"max_hp_loss":0.0,"gold_gain":0.0,"event_name":"Masked Bandits","player_choice":"Fought Bandits","floor":29.0,"gold_loss":0.0,"damage_taken":0.0},{"damage_healed":0.0,"max_hp_gain":0.0,"max_hp_loss":0.0,"gold_gain":0.0,"event_name":"Mysterious Sphere","player_choice":"Fight","floor":36.0,"gold_loss":0.0,"damage_taken":0.0},{"damage_healed":0.0,"max_hp_gain":0.0,"max_hp_loss":0.0,"gold_gain":0.0,"event_name":"MindBloom","player_choice":"Fight","floor":37.0,"gold_loss":0.0,"damage_taken":0.0},{"damage_healed":0.0,"max_hp_gain":0.0,"max_hp_loss":0.0,"gold_gain":222.0,"event_name":"Tomb of Lord Red Mask","player_choice":"Wore Mask","floor":39.0,"gold_loss":0.0,"damage_taken":0.0}],"is_beta":false,"boss_relics":[{"not_picked":["Runic Dome","Snecko Eye"],"picked":"Runic Pyramid"},{"not_picked":["Philosopher\u0027s Stone","Velvet Choker"],"picked":"Cursed Key"}],"items_purged_floors":[5],"is_endless":false,"potions_floor_spawned":[3,11,12,14,18,23,27,41,47],"ascension_level":5}}