{"host":"3y9j540ftq0by6cq","time":1613047155,"event":{"mods":["BaseMod","Minty Spire (QoL Compilation)","StSLib"],"gold_per_floor":[119,138,152,53,72,103,103,103,103,103,121,121,121,132,132,229,229,212,133,143,93,93,104,137,137,137,137,137,137,137,137,137,137,137],"floor_reached":33,"language":"ZHT","playtime":1453,"items_purged":[],"score":288,"play_id":"9f3b6797-298d-4aa6-87fe-28ecf023cf7f","local_time":"20210211203915","is_ascension_mode":false,"campfire_choices":[{"data":"Power Through","floor":7,"key":"SMITH"},{"data":"Reaper","floor":12,"key":"SMITH"},{"data":"Armaments","floor":15,"key":"SMITH"},{"floor":30,"key":"REST"},{"floor":32,"key":"REST"}],"circlet_count":0,"master_deck":["Strike_R","Strike_R","Strike_R","Strike_R","Strike_R","Defend_R+1","Defend_R","Defend_R","Defend_R","Rage+1","Iron Wave","Body Slam","Reckless Charge","Shrug It Off","Anger","Power Through+1","Reaper+1","Armaments+1","Juggernaut","Double Tap","Shrug It Off","Shrug It Off","Shrug It Off","Battle Trance","Rampage","Regret"],"relics":["Black Blood","Matryoshka","Ancient Tea Set","Ornamental Fan","Boot","Juzu Bracelet","Paper Frog","Mummified Hand"],"acts_visited":["Exordium","TheCity"],"potions_floor_usage":[6,6,23,29,33,33],"damage_taken":[{"damage":2,"enemies":"2 Louse","floor":1,"turns":4},{"damage":1,"enemies":"Small Slimes","floor":2,"turns":4},{"damage":6,"enemies":"Cultist","floor":3,"turns":4},{"damage":2,"enemies":"3 Louse","floor":5,"turns":5},{"damage":32,"enemies":"Lagavulin","floor":6,"turns":6},{"damage":0,"enemies":"2 Fungi Beasts","floor":11,"turns":4},{"damage":2,"enemies":"Exordium Wildlife","floor":14,"turns":5},{"damage":66,"enemies":"The Guardian","floor":16,"turns":16},{"damage":31,"enemies":"2 Thieves","floor":18,"turns":4},{"damage":15,"enemies":"Spheric Guardian","floor":20,"turns":5},{"damage":17,"enemies":"Snake Plant","floor":23,"turns":5},{"damage":33,"enemies":"Book of Stabbing","floor":24,"turns":8},{"damage":32,"enemies":"Colosseum Slavers","floor":29,"turns":6},{"damage":78,"enemies":"Collector","floor":33,"turns":7}],"seed_played":"2502516246218076514","potions_obtained":[{"floor":1,"key":"ColorlessPotion"},{"floor":3,"key":"AttackPotion"},{"floor":14,"key":"Ancient Potion"},{"floor":20,"key":"Explosive Potion"},{"floor":23,"key":"SpeedPotion"},{"floor":24,"key":"LiquidBronze"}],"is_trial":false,"path_per_floor":["M","M","M","$","M","E","R","?","T","?","M","R","?","M","R","B",null,"M","$","M","$","?","M","E","?","T","$","?","?","R","?","R","B"],"character_chosen":"IRONCLAD","items_purchased":["Reckless Charge","Shrug It Off","Double Tap","Shrug It Off"],"campfire_rested":2,"item_purchase_floors":[4,4,19,21],"current_hp_per_floor":[80,80,80,80,80,54,54,47,47,47,53,53,73,80,80,20,80,61,61,58,58,43,41,25,25,25,25,25,15,39,39,63,0,0],"gold":137,"neow_bonus":"UPGRADE_CARD","is_daily":false,"chose_seed":false,"campfire_upgraded":3,"win_rate":0.0,"timestamp":1613047155,"path_taken":["M","M","M","$","M","E","R","?","T","?","?","R","?","M","R","BOSS","M","$","M","$","?","M","E","?","T","$","?","?","R","?","R","BOSS"],"items_purchased_type":["Card","Card","Card","Card"],"build_version":"2020-12-22","purchased_purges":0,"victory":false,"max_hp_per_floor":[80,80,80,80,80,80,80,80,80,80,80,80,80,80,80,80,80,80,80,80,80,85,85,85,85,85,85,82,82,82,82,82,82,82],"card_choices":[{"not_picked":["Body Slam","Combust"],"picked":"Rage","floor":1},{"not_picked":["Anger","Armaments"],"picked":"Iron Wave","floor":2},{"not_picked":["Sword Boomerang","Warcry"],"picked":"Body Slam","floor":3},{"not_picked":["Uppercut","True Grit"],"picked":"Anger","floor":5},{"not_picked":["Spot Weakness","Sword Boomerang"],"picked":"Power Through","floor":6},{"not_picked":["Clash","Carnage"],"picked":"Reaper","floor":11},{"not_picked":["Dark Embrace","Pummel"],"picked":"Armaments","floor":14},{"not_picked":["Double Tap","Berserk"],"picked":"Juggernaut","floor":16},{"not_picked":["Shockwave","True Grit","Pummel"],"picked":"SKIP","floor":18},{"not_picked":["Burning Pact","Clash"],"picked":"Shrug It Off","floor":20},{"not_picked":["Flex","Spot Weakness"],"picked":"Shrug It Off","floor":23},{"not_picked":["Heavy Blade","Body Slam"],"picked":"Battle Trance","floor":24}],"player_experience":65483,"relics_obtained":[{"floor":6,"key":"Matryoshka"},{"floor":9,"key":"Ancient Tea Set"},{"floor":9,"key":"Ornamental Fan"},{"floor":24,"key":"Boot"},{"floor":26,"key":"Juzu Bracelet"},{"floor":26,"key":"Paper Frog"}],"event_choices":[{"cards_removed":["Bash"],"damage_healed":0,"gold_gain":0,"player_choice":"Card Removal","damage_taken":7,"max_hp_gain":0,"max_hp_loss":0,"event_name":"Golden Wing","floor":8,"gold_loss":0},{"damage_healed":0,"gold_gain":0,"player_choice":"Forge","damage_taken":0,"max_hp_gain":0,"max_hp_loss":0,"event_name":"Accursed Blacksmith","floor":10,"gold_loss":0,"cards_upgraded":["Rage"]},{"damage_healed":20,"gold_gain":0,"player_choice":"Healed and dodged fight","damage_taken":0,"max_hp_gain":0,"max_hp_loss":0,"event_name":"Mushrooms","floor":13,"gold_loss":0,"cards_obtained":["Parasite"]},{"damage_healed":0,"gold_gain":0,"player_choice":"Shed Blood","damage_taken":20,"max_hp_gain":5,"max_hp_loss":0,"event_name":"Forgotten Altar","floor":22,"gold_loss":0},{"damage_healed":0,"gold_gain":0,"player_choice":"Read","damage_taken":0,"max_hp_gain":0,"max_hp_loss":0,"event_name":"The Library","floor":25,"gold_loss":0,"cards_obtained":["Rampage"]},{"damage_healed":0,"gold_gain":0,"cards_transformed":["Parasite"],"player_choice":"Transformed","damage_taken":0,"max_hp_gain":0,"max_hp_loss":0,"event_name":"Transmorgrifier","floor":28,"gold_loss":0,"cards_obtained":["Regret"]},{"damage_healed":0,"gold_gain":0,"player_choice":"Fight","damage_taken":0,"max_hp_gain":0,"max_hp_loss":0,"event_name":"Colosseum","floor":29,"gold_loss":0},{"damage_healed":0,"gold_gain":0,"player_choice":"Fled From Nobs","damage_taken":0,"max_hp_gain":0,"max_hp_loss":0,"event_name":"Colosseum","floor":29,"gold_loss":0},{"damage_healed":0,"gold_gain":0,"player_choice":"Opened","damage_taken":0,"relics_obtained":["Mummified Hand"],"max_hp_gain":0,"max_hp_loss":0,"event_name":"The Mausoleum","floor":31,"gold_loss":0}],"is_beta":false,"boss_relics":[{"not_picked":["Fusion Hammer","Snecko Eye"],"picked":"Black Blood"}],"items_purged_floors":[],"is_endless":false,"potions_floor_spawned":[1,3,14,20,23,24,29],"killed_by":"Collector","ascension_level":0}}