{"host":"wshey5htrz8rni6u","time":1613027710,"event":{"mods":["2.2 Compatiblity","BaseMod","Block Reminder","Colored Map","Colored Powertips","Current Relic Mod","Curses Come First","Dark Map","Key Reminder","Minty Spire (QoL Compilation)","Potion Indicator Mod","Quick Restart","Random Character Button","Relic Sorter","Relic Stats","StSLib","SuperFastMode","Twitch Utils","Unceasing Turn Reminder","Weighted Paths","everything is the same but u backflip on backflip"],"gold_per_floor":[109,109,109,109,34,34,34],"floor_reached":6,"language":"ENG","playtime":174,"items_purged":["Regret"],"score":37,"play_id":"2d64fc2a-20dc-4786-8e02-768b108167c0","local_time":"20210210231510","is_ascension_mode":true,"campfire_choices":[],"circlet_count":0,"master_deck":["Strike_G","Strike_G","Strike_G","Strike_G","Strike_G","Defend_G","Defend_G","Defend_G","Defend_G","Defend_G","Survivor","Neutralize","Panache","Backstab"],"relics":["Ring of the Snake","Sundial","Frozen Egg 2","GremlinMask"],"acts_visited":["Exordium"],"potions_floor_usage":[6],"damage_taken":[{"damage":0,"enemies":"Cultist","floor":1,"turns":4},{"damage":75,"enemies":"Lagavulin","floor":6,"turns":9}],"seed_played":"-4373544520520164304","potions_obtained":[{"floor":1,"key":"SteroidPotion"}],"is_trial":false,"path_per_floor":["M","T","?","?","$","E"],"character_chosen":"THE_SILENT","items_purchased":[],"campfire_rested":0,"item_purchase_floors":[],"current_hp_per_floor":[63,63,63,63,63,0,0],"gold":34,"neow_bonus":"RANDOM_COLORLESS_2","is_daily":false,"chose_seed":false,"campfire_upgraded":0,"win_rate":0.0,"timestamp":1613027710,"path_taken":["M","?","?","?","$","E"],"items_purchased_type":[],"build_version":"2020-12-13","purchased_purges":1,"victory":false,"max_hp_per_floor":[63,63,63,63,63,63,63],"relic_stats":{"counters":[2,13],"Sundial":[2],"obtain_stats":[{"Sundial":2,"GremlinMask":4,"Frozen Egg 2":3,"Ring of the Snake":0},{"Sundial":1,"GremlinMask":1,"Frozen Egg 2":1,"Ring of the Snake":0},{"Sundial":4,"GremlinMask":4,"Frozen Egg 2":4,"Ring of the Snake":0}],"Ring of the Snake":[4]},"card_choices":[{"not_picked":["Magnetism","The Bomb"],"picked":"Panache","floor":0},{"not_picked":["Underhanded Strike","Poisoned Stab"],"picked":"Backstab","floor":1}],"player_experience":41224,"relics_obtained":[{"floor":2,"key":"Sundial"}],"event_choices":[{"damage_healed":0,"gold_gain":0,"player_choice":"Box","damage_taken":0,"relics_obtained":["Frozen Egg 2"],"max_hp_gain":0,"max_hp_loss":0,"event_name":"Big Fish","floor":3,"gold_loss":0,"cards_obtained":["Regret"]},{"damage_healed":0,"gold_gain":0,"player_choice":"Trade","damage_taken":0,"relics_obtained":["GremlinMask"],"max_hp_gain":0,"max_hp_loss":0,"event_name":"FaceTrader","floor":4,"gold_loss":0}],"is_beta":false,"boss_relics":[],"items_purged_floors":[5],"is_endless":false,"potions_floor_spawned":[1],"killed_by":"Lagavulin","ascension_level":3}}