{"host":"b7dyfc527bmrkvbm","time":1613082157,"event":{"mods":["2.2 Compatiblity","Act Like it!","BaseMod","BetterRewards","Conspire","Downfall","Hubris","Infinite Spire","Mimic Mod","Minty Spire (QoL Compilation)","Replay The Spire","Shop Mod","StSLib","The Jungle"],"gold_per_floor":[118,64,74,249,249,275,275,319,319,2,17,17,51,51,171,171,195,285,80,103,118,156,156,187,187,203,203,203,303,303,303,303],"floor_reached":33,"language":"ENG","playtime":4334,"items_purged":["Doubt","Strike_B","Forethought"],"score":344,"play_id":"8677d4a5-54f9-483d-92e2-c9374c8a1a93","local_time":"20210211172237","is_ascension_mode":true,"campfire_choices":[{"floor":13,"key":"REST"},{"floor":15,"key":"REST"},{"floor":24,"key":"REST"},{"data":"Genetic Algorithm","floor":28,"key":"SMITH"},{"floor":32,"key":"RECALL"}],"circlet_count":0,"master_deck":["Strike_B","Strike_B","Strike_B","Defend_B","Defend_B","Defend_B","Defend_B","Zap","Dualcast","BasicCrystalCard","ReplayTheSpireMod:Dual Polarity+1","hubris:PowerSurge","Compile Driver","hubris:PowerSurge","Defragment","hubris:SpecializedCircuitry","Panic Button+1","conspire:SharedLibrary","Time Bomb","Go for the Eyes","Genetic Algorithm+1","Aggregate","Self Repair"],"relics":["FrozenCore","hubris:Teleporter","Replay:Mystery Machine","Golden Idol","MerchantsRug","Replay:Rubber Ducky","ReplayFunnel","BargainBundle","infinitespire:Satchel","Ancient Tea Set","Blue Doll","Juzu Bracelet","conspire:SeveredTorchhead"],"acts_visited":["Exordium","TheCity"],"potions_floor_usage":[16,23,33,33,33],"damage_taken":[{"damage":1,"enemies":"Cultist","floor":1,"turns":4},{"damage":3,"enemies":"2 Louse","floor":3,"turns":2},{"damage":40,"enemies":"3 Sentries","floor":6,"turns":6},{"damage":30,"enemies":"Lagavulin","floor":8,"turns":9},{"damage":0,"enemies":"Jaw Worm","floor":11,"turns":3},{"damage":26,"enemies":"3 Sentries","floor":14,"turns":10},{"damage":24,"enemies":"The Guardian","floor":16,"turns":16},{"damage":20,"enemies":"Shell Parasite","floor":18,"turns":5},{"damage":1,"enemies":"Chosen","floor":21,"turns":5},{"damage":9,"enemies":"Centurion and Healer","floor":22,"turns":10},{"damage":22,"enemies":"Slavers","floor":23,"turns":7},{"damage":11,"enemies":"Book of Stabbing","floor":25,"turns":7},{"damage":0,"enemies":"Sentry and Sphere","floor":27,"turns":7},{"damage":31,"enemies":"hubris:MusketHawk","floor":33,"turns":6}],"seed_played":"-2217507278025876431","potions_obtained":[{"floor":6,"key":"Strength Potion"},{"floor":8,"key":"hexamod:SoulburnPotion"},{"floor":11,"key":"Doom Potion"},{"floor":14,"key":"SpeedPotion"},{"floor":23,"key":"Fire Potion"},{"floor":27,"key":"Fruit Juice"}],"is_trial":false,"path_per_floor":["M","$","M","?","?","E","?","E","T","$","M","R","E","R","B",null,"M","?","$","M","M","E","R","E","T","M","R","AVR","?","R","B"],"character_chosen":"DEFECT","items_purchased":["ReplayTheSpireMod:Dual Polarity+1","MerchantsRug","hubris:PowerSurge","Replay:Rubber Ducky","BargainBundle","SteroidPotion","ColorlessPotion","conspire:SharedLibrary","Time Bomb"],"campfire_rested":3,"item_purchase_floors":[2,10,10,10,20,20,20,20,20],"current_hp_per_floor":[81,81,78,78,78,38,38,8,8,8,8,30,4,26,2,76,56,38,38,37,28,6,28,17,17,17,17,17,17,17,0,0],"gold":303,"neow_bonus":"TEN_PERCENT_HP_BONUS","is_daily":false,"chose_seed":false,"campfire_upgraded":1,"win_rate":0.0,"timestamp":1613082157,"path_taken":["M","$","?","?","?","E","?","E","T","?","?","R","E","R","BOSS","M","?","$","M","?","E","R","E","T","?","R","AVR","?","R","BOSS"],"items_purchased_type":["Card","Relic","Card","Relic","Relic","Potion","Potion","Card","Card"],"build_version":"2020-12-22","purchased_purges":3,"victory":false,"max_hp_per_floor":[82,82,82,82,82,82,76,76,76,76,76,76,76,76,76,76,76,76,76,76,76,76,76,76,76,76,76,76,76,76,81,81],"card_choices":[{"not_picked":["Beam Cell","Hologram"],"picked":"BasicCrystalCard","floor":1},{"not_picked":["ReplaySort","Beam Cell","Double Energy"],"picked":"SKIP","floor":3},{"not_picked":["Thunder Strike","Compile Driver"],"picked":"hubris:PowerSurge","floor":6},{"not_picked":["Biased Cognition","Redo"],"picked":"Compile Driver","floor":8},{"not_picked":["Leap","Stack","Turbo"],"picked":"SKIP","floor":11},{"not_picked":["Darkness","BootSequence"],"picked":"Defragment","floor":14},{"not_picked":["Buffer","Machine Learning"],"picked":"hubris:SpecializedCircuitry","floor":16},{"not_picked":["Conserve Battery","Compile Driver+1"],"picked":"Panic Button+1","floor":18},{"not_picked":["Aggregate","BasicCrystalCard"],"picked":"Go for the Eyes","floor":21},{"not_picked":["BasicCrystalCard+1","ReplayTheSpireMod:Reroute Power","hubris:Ukulele"],"picked":"SKIP","floor":22},{"not_picked":["Static Discharge","Compile Driver"],"picked":"Genetic Algorithm","floor":23},{"not_picked":["Meteor Strike","Stack+1"],"picked":"Aggregate","floor":25},{"not_picked":["BasicCrystalCard","Turbo"],"picked":"Self Repair","floor":27}],"player_experience":465408,"relics_obtained":[{"floor":5,"key":"hubris:Teleporter"},{"floor":6,"key":"Replay:Mystery Machine"},{"floor":8,"key":"ReplayTheSpireMod:Lightbulb"},{"floor":14,"key":"ReplayFunnel"},{"floor":23,"key":"infinitespire:Satchel"},{"floor":25,"key":"Ancient Tea Set"},{"floor":26,"key":"Blue Doll"}],"event_choices":[{"damage_healed":0,"gold_gain":175,"player_choice":"AGREE","damage_taken":0,"max_hp_gain":0,"max_hp_loss":0,"event_name":"Liars Game","floor":4,"gold_loss":0,"cards_obtained":["Doubt"]},{"damage_healed":0,"gold_gain":0,"player_choice":"Lose Max HP","damage_taken":0,"relics_obtained":["Golden Idol"],"max_hp_gain":0,"max_hp_loss":6,"event_name":"Golden Idol","floor":7,"gold_loss":0},{"damage_healed":0,"gold_gain":90,"player_choice":"GOLD CARD ","damage_taken":18,"max_hp_gain":0,"max_hp_loss":0,"event_name":"Knowing Skull","floor":19,"potions_obtained":[],"gold_loss":0,"cards_obtained":["Forethought"]},{"damage_healed":0,"gold_gain":100,"player_choice":"Pray","damage_taken":0,"max_hp_gain":0,"max_hp_loss":0,"event_name":"Golden Shrine","floor":31,"gold_loss":0}],"is_beta":false,"boss_relics":[{"not_picked":["conspire:RunicOctahedron","Cursed Key"],"picked":"FrozenCore"}],"items_purged_floors":[10,20,30],"is_endless":false,"potions_floor_spawned":[6,8,11,14,23,27],"killed_by":"hubris:MusketHawk","ascension_level":3}}