{"host":"d3bsw5ou8fswq5qc","time":1613079413,"event":{"mods":["Ascension Reborn","Aspiration","BaseMod","Colored Map","Conspire","Downfall","Duelist Mod","GifTheSpireLib","Googly Eyes","Minty Spire (QoL Compilation)","Replay The Spire","StSLib","Stuff the Spire","The Jungle"],"gold_per_floor":[114,77,133,148,167,196,216,241,241,241,274,274,304,304,304,405,405,420,420,420,434,45,78,78,105,130,140,33,33,63,80,80,176,276,290,303,358,358,172,203,203,220,220,265,45,45,45,62,62,62,62],"floor_reached":50,"language":"FRA","playtime":6549,"items_purged":["Amnesia"],"score":658,"play_id":"bb52bf63-aba9-4b5d-b60a-c71909a319e1","local_time":"20210211223652","is_ascension_mode":true,"campfire_choices":[{"floor":10,"key":"REST"},{"floor":12,"key":"REST"},{"data":"Noxious Fumes","floor":24,"key":"SMITH"},{"floor":29,"key":"REST"},{"floor":32,"key":"REST"},{"floor":41,"key":"REST"},{"floor":46,"key":"REST"}],"circlet_count":0,"master_deck":["Strike_G","Strike_G","Strike_G","Strike_G","Strike_G","Defend_G","Defend_G+1","Survivor","Neutralize+1","StuffTheSpire:Python+1","PiercingWail+1","Cloak And Dagger","StuffTheSpire:Injection+1","Die Die Die+1","Backflip","Bane+1","Infinite Blades","StuffTheSpire:DoubleShiv","Blur+1","ReplayTheSpireMod:Shiv Toss+1","Backflip+1","Calculated Gamble+1","Shame","Deadly Poison","Noxious Fumes+1","Draining Mist","Poisoned Stab+1","Sneak Up+1","Accuracy","StuffTheSpire:MirrorStance+1","Terror+1","Accuracy","A Thousand Cuts","Poisoned Stab+1","Cloak And Dagger+1","StuffTheSpire:Perfection","Noxious Fumes","Choke+1","Tools of the Trade","StuffTheSpire:Python","Accuracy","Backstab+1","Acrobatics+1"],"relics":["Ring of the Snake","aspiration:DSix","Molten Egg 2","Bag of Marbles","Singing Bowl","StoneCalendar","Slimebound:StickyStick","Astrolabe","theJungle:SneckoAutograph","StuffTheSpire:Saxophone","Mummified Hand","StuffTheSpire:Barrel","aspiration:Headhunter","Juzu Bracelet","Replay:Mystery Machine","Replay:Wanted Poster","Ice Cream","Ring of Fangs","ReplayTheSpireMod:Ring of Sloth","StuffTheSpire:HeavyRock","MawBank","aspiration:Lifesprig","Blood Vial"],"acts_visited":["Exordium","Exordium","TheBeyond"],"potions_floor_usage":[8,13,16,23,30,36,37,42,44,50,50],"damage_taken":[{"damage":0,"enemies":"Cultist","floor":1,"turns":3},{"damage":0,"enemies":"conspire:RoseBush","floor":4,"turns":2},{"damage":0,"enemies":"2 Louse","floor":5,"turns":1},{"damage":28,"enemies":"Lagavulin","floor":6,"turns":7},{"damage":2,"enemies":"Large Slime","floor":7,"turns":5},{"damage":4,"enemies":"3 Sentries","floor":8,"turns":5},{"damage":10,"enemies":"Lagavulin","floor":11,"turns":4},{"damage":0,"enemies":"Gremlin Nob","floor":13,"turns":3},{"damage":7,"enemies":"Slime Boss","floor":16,"turns":7},{"damage":4,"enemies":"theJungle:MUSHROOMGANG","floor":18,"turns":4},{"damage":1,"enemies":"theJungle:GiantWrat","floor":21,"turns":5},{"damage":17,"enemies":"theJungle:Cassacara","floor":23,"turns":6},{"damage":18,"enemies":"theJungle:MamaSnecko","floor":25,"turns":5},{"damage":6,"enemies":"theJungle:Snecko_Cultist_And_Trap","floor":27,"turns":6},{"damage":28,"enemies":"theJungle:Cassacara","floor":30,"turns":7},{"damage":0,"enemies":"theJungle:2_Snecko_Cultists","floor":31,"turns":3},{"damage":14,"enemies":"theJungle:QueenSpyder","floor":33,"turns":6},{"damage":15,"enemies":"3 Shapes","floor":35,"turns":5},{"damage":8,"enemies":"Orb Walker","floor":36,"turns":3},{"damage":38,"enemies":"2 Orb Walkers","floor":37,"turns":4},{"damage":8,"enemies":"Reptomancer","floor":40,"turns":6},{"damage":1,"enemies":"Transient","floor":42,"turns":5},{"damage":33,"enemies":"conspire:MimicChest","floor":44,"turns":6},{"damage":8,"enemies":"Sphere and 2 Shapes","floor":48,"turns":4},{"damage":159,"enemies":"conspire:OrnateMirror","floor":50,"turns":7}],"seed_played":"1959090329469154567","potions_obtained":[{"floor":1,"key":"Dexterity Potion"},{"floor":6,"key":"LiquidMemories"},{"floor":7,"key":"Block Potion"},{"floor":8,"key":"Elixir"},{"floor":16,"key":"BlessingOfTheForge"},{"floor":18,"key":"EssenceOfSteel"},{"floor":21,"key":"Energy Potion"},{"floor":33,"key":"Swift Potion"},{"floor":36,"key":"Milkshake"},{"floor":40,"key":"Poison Potion"},{"floor":49,"key":"LifebloodPotion"},{"floor":49,"key":"Languid Potion"}],"is_trial":false,"path_per_floor":["M","$","?","M","M","E","M","E","T","R","E","R","E","?","R_BF","B",null,"M","?","?","M","$","E","R","E","T","M","$","R","E","M","R","B",null,"M","M","?","?","$","E","R","M","T","?","$","R","?","M","R_BF","B"],"character_chosen":"THE_SILENT","items_purchased":["PiercingWail+1","Noxious Fumes","Mummified Hand","Flashbang","Accuracy","StuffTheSpire:MirrorStance","Noxious Fumes","Choke+1","Backstab+1","Blood Vial"],"campfire_rested":6,"item_purchase_floors":[2,22,22,22,28,28,39,39,45,45],"current_hp_per_floor":[70,70,53,53,53,25,23,19,19,40,32,53,53,53,72,65,72,70,70,74,73,73,56,56,38,38,32,32,54,34,34,56,42,74,66,58,22,22,22,21,43,42,42,9,9,31,86,86,86,0,0],"gold":62,"neow_bonus":"DSIX","is_daily":false,"chose_seed":false,"campfire_upgraded":1,"win_rate":0.0,"timestamp":1613079412,"path_taken":["M","?","?","M","M","E","M","E","T","R","E","R","E","?","R_BF","BOSS","M","?","?","M","$","E","R","E","T","M","$","R","E","M","R","BOSS","M","M","?","?","$","E","R","M","T","?","$","R","?","M","R_BF","BOSS"],"items_purchased_type":["Card","Card","Relic","Potion","Card","Card","Card","Card","Card","Relic"],"build_version":"2020-12-22","purchased_purges":1,"victory":false,"max_hp_per_floor":[70,70,70,70,70,70,70,70,70,70,72,72,72,72,72,72,72,74,74,74,74,74,74,74,74,74,74,74,74,74,74,74,74,74,74,74,76,76,76,76,76,76,76,76,76,76,86,86,86,86,86],"card_choices":[{"not_picked":["Flechettes","Sucker Punch"],"picked":"StuffTheSpire:Python","floor":1},{"not_picked":["Acrobatics","Bane+1"],"picked":"Cloak And Dagger","floor":3},{"not_picked":["StuffTheSpire:Python","Dagger Spray+1"],"picked":"StuffTheSpire:Injection+1","floor":3},{"not_picked":["StuffTheSpire:ReptileScales","Deflect"],"picked":"Die Die Die+1","floor":4},{"not_picked":["Blade Dance","ReplayTheSpireMod:Shiv Toss"],"picked":"Backflip","floor":5},{"not_picked":["Hidden Blade","Flying Knee+1"],"picked":"Bane+1","floor":6},{"not_picked":["Outmaneuver","Concentrate"],"picked":"Infinite Blades","floor":7},{"not_picked":["Doppelganger","Cloak And Dagger"],"picked":"StuffTheSpire:DoubleShiv","floor":8},{"not_picked":["Backflip","conspire:PoisonWeapons","StuffTheSpire:Injection+1"],"picked":"Singing Bowl","floor":11},{"not_picked":["Infinite Blades","Flechettes+1"],"picked":"Blur","floor":13},{"not_picked":["Night Terror","Atom Bomb+1"],"picked":"Burst","floor":16},{"not_picked":["StuffTheSpire:ClusterCrunch+1","Masterful Stab+1","ReplayTheSpireMod:Exploit Weakness"],"picked":"Singing Bowl","floor":18},{"not_picked":["Sneak Up","Masterful Stab+1"],"picked":"Deadly Poison","floor":21},{"not_picked":["All Out Attack+1","Acrobatics"],"picked":"Draining Mist","floor":23},{"not_picked":["Finisher+1","Bouncing Flask"],"picked":"Poisoned Stab+1","floor":25},{"not_picked":["StuffTheSpire:Python","Tactician+1"],"picked":"Sneak Up+1","floor":27},{"not_picked":["Setup","StuffTheSpire:Sprint"],"picked":"Terror+1","floor":30},{"not_picked":["PiercingWail+1","Hidden Blade+1"],"picked":"Accuracy","floor":31},{"not_picked":["Die Die Die+1","Burst"],"picked":"A Thousand Cuts","floor":33},{"not_picked":["Tactician","Acrobatics"],"picked":"Poisoned Stab+1","floor":35},{"not_picked":["Flying Knee+1","Accuracy"],"picked":"Cloak And Dagger+1","floor":36},{"not_picked":["StuffTheSpire:Fury+1","Dagger Spray+1","Sneak Up+1"],"picked":"Singing Bowl","floor":37},{"not_picked":["StuffTheSpire:Python","Poisoned Stab+1"],"picked":"Tools of the Trade","floor":40},{"not_picked":["Hidden Blade","StuffTheSpire:Incantation+1"],"picked":"StuffTheSpire:Python","floor":42},{"not_picked":["StuffTheSpire:DoubleShiv","ReplayTheSpireMod:The Works"],"picked":"Accuracy","floor":44},{"not_picked":["Deflect+1","Prepared"],"picked":"Acrobatics+1","floor":48}],"player_experience":252601,"relics_obtained":[{"floor":3,"key":"Molten Egg 2"},{"floor":6,"key":"Bag of Marbles"},{"floor":8,"key":"Singing Bowl"},{"floor":11,"key":"StoneCalendar"},{"floor":13,"key":"Slimebound:StickyStick"},{"floor":23,"key":"StuffTheSpire:Barrel"},{"floor":25,"key":"aspiration:Headhunter"},{"floor":26,"key":"Juzu Bracelet"},{"floor":30,"key":"Replay:Mystery Machine"},{"floor":37,"key":"Ice Cream"},{"floor":38,"key":"Ring of Fangs"},{"floor":38,"key":"ReplayTheSpireMod:Ring of Sloth"},{"floor":40,"key":"StuffTheSpire:HeavyRock"},{"floor":43,"key":"MawBank"},{"floor":44,"key":"aspiration:Lifesprig"}],"event_choices":[{"damage_healed":0,"gold_gain":0,"player_choice":"Upgraded","damage_taken":0,"max_hp_gain":0,"max_hp_loss":0,"event_name":"Upgrade Shrine","floor":14,"gold_loss":0,"cards_upgraded":["Neutralize"]},{"damage_healed":0,"gold_gain":0,"player_choice":"Fight","damage_taken":0,"max_hp_gain":0,"max_hp_loss":0,"event_name":"Mysterious Sphere","floor":37,"gold_loss":0},{"cards_removed":["Burst"],"damage_healed":45,"gold_gain":0,"player_choice":"Offered Rare","damage_taken":0,"max_hp_gain":10,"max_hp_loss":0,"event_name":"Bonfire Elementals","floor":47,"gold_loss":0}],"is_beta":false,"boss_relics":[{"not_picked":["Tiny House","Snecko Eye"],"picked":"Astrolabe"},{"not_picked":["aspiration:FutureDiary","Runic Dome"],"picked":"Replay:Wanted Poster"}],"items_purged_floors":[39],"is_endless":false,"potions_floor_spawned":[1,6,7,8,16,18,21,33,36,40],"killed_by":"conspire:OrnateMirror","ascension_level":1}}