{"host":"r4aerl4ckfvw1dw3","time":1613011750,"event":{"mods":["BaseMod","BetterRewards","Minty Spire (QoL Compilation)","Quick Restart","StSLib"],"gold_per_floor":[113,38,57,68,68,68,85,13,13,13,42,54,4,31,43,159,171,203,226,248,107,32,32,32],"floor_reached":23,"language":"ENG","playtime":1214,"items_purged":["Strike_B","Strike_B"],"score":221,"play_id":"48fb0169-f2c8-4295-b403-d732d8e32401","local_time":"20210210184910","is_ascension_mode":true,"campfire_choices":[{"data":"Genetic Algorithm","floor":6,"key":"SMITH"},{"data":"Defragment","floor":10,"key":"SMITH"},{"floor":15,"key":"REST"}],"circlet_count":0,"master_deck":["Defend_B","Defend_B","Defend_B","Defend_B","Zap+1","Dualcast","Genetic Algorithm+1","Ball Lightning","Ball Lightning","Defragment+1","Undo","Biased Cognition+1","Melter","Undo","Machine Learning+1","CurseOfTheBell","Coolheaded+1","Thunder Strike","Go for the Eyes+1","Ball Lightning"],"relics":["Cracked Core","Frozen Egg 2","Pear","MawBank","Calling Bell","Toy Ornithopter","Ornamental Fan","Gambling Chip"],"acts_visited":["Exordium","TheCity"],"potions_floor_usage":[14,23],"damage_taken":[{"damage":3,"enemies":"2 Louse","floor":1,"turns":4},{"damage":5,"enemies":"Cultist","floor":3,"turns":5},{"damage":5,"enemies":"Small Slimes","floor":4,"turns":3},{"damage":5,"enemies":"Exordium Wildlife","floor":7,"turns":3},{"damage":18,"enemies":"Gremlin Nob","floor":11,"turns":4},{"damage":13,"enemies":"3 Louse","floor":12,"turns":3},{"damage":11,"enemies":"3 Sentries","floor":14,"turns":5},{"damage":20,"enemies":"Slime Boss","floor":16,"turns":7},{"damage":0,"enemies":"Chosen","floor":18,"turns":4},{"damage":0,"enemies":"Spheric Guardian","floor":19,"turns":3},{"damage":51,"enemies":"3 Cultists","floor":20,"turns":6},{"damage":67,"enemies":"Slavers","floor":23,"turns":4}],"seed_played":"5838868396947493533","potions_obtained":[{"floor":0,"key":"Dexterity Potion"},{"floor":0,"key":"SmokeBomb"},{"floor":0,"key":"PotionOfCapacity"},{"floor":3,"key":"Dexterity Potion"},{"floor":14,"key":"FairyPotion"},{"floor":16,"key":"PotionOfCapacity"}],"is_trial":false,"path_per_floor":["M","$","M","M","?","R","M","$","T","R","E","M","?","E","R","B",null,"M","M","M","$","?","E"],"character_chosen":"DEFECT","items_purchased":["Undo","Ball Lightning"],"campfire_rested":1,"item_purchase_floors":[8,21],"current_hp_per_floor":[72,72,67,62,62,62,57,57,57,57,49,36,36,25,50,30,85,85,85,34,34,34,0,0],"gold":32,"neow_bonus":"THREE_SMALL_POTIONS","is_daily":false,"chose_seed":false,"campfire_upgraded":2,"win_rate":0.0,"timestamp":1613011750,"path_taken":["M","$","M","M","?","R","?","$","T","R","E","M","?","E","R","BOSS","M","M","M","$","?","E"],"items_purchased_type":["Card","Card"],"build_version":"2020-12-22","purchased_purges":2,"victory":false,"max_hp_per_floor":[75,75,75,75,75,75,75,75,75,75,85,85,85,85,85,85,85,85,85,85,85,85,85,85],"card_choices":[{"not_picked":["Compile Driver","Rip and Tear"],"picked":"Genetic Algorithm","floor":1},{"not_picked":["Doom and Gloom","Conserve Battery"],"picked":"Ball Lightning","floor":3},{"not_picked":["Gash","Beam Cell"],"picked":"Ball Lightning","floor":4},{"not_picked":["Tempest","Self Repair"],"picked":"Defragment","floor":7},{"not_picked":["Hologram","Leap"],"picked":"Biased Cognition+1","floor":11},{"not_picked":["Stack","Redo"],"picked":"Melter","floor":12},{"not_picked":["Rebound","Darkness"],"picked":"Undo","floor":14},{"not_picked":["Seek","Amplify"],"picked":"Machine Learning+1","floor":16},{"not_picked":["Leap","Force Field"],"picked":"Coolheaded+1","floor":18},{"not_picked":["Ball Lightning","Redo"],"picked":"Thunder Strike","floor":19},{"not_picked":["Cold Snap","Tempest"],"picked":"Go for the Eyes+1","floor":20}],"player_experience":572576,"relics_obtained":[{"floor":9,"key":"Frozen Egg 2"},{"floor":11,"key":"Pear"},{"floor":14,"key":"MawBank"},{"floor":17,"key":"Toy Ornithopter"},{"floor":17,"key":"Ornamental Fan"},{"floor":17,"key":"Gambling Chip"}],"event_choices":[{"damage_healed":0,"gold_gain":0,"player_choice":"Upgraded","damage_taken":0,"max_hp_gain":0,"max_hp_loss":0,"event_name":"Upgrade Shrine","floor":5,"gold_loss":0,"cards_upgraded":["Zap"]},{"cards_removed":["Strike_B"],"damage_healed":0,"gold_gain":0,"player_choice":"Card Removal","damage_taken":0,"max_hp_gain":0,"max_hp_loss":0,"event_name":"The Cleric","floor":13,"gold_loss":50},{"cards_removed":["Strike_B"],"damage_healed":0,"gold_gain":0,"player_choice":"Gave Gold","damage_taken":0,"max_hp_gain":0,"max_hp_loss":0,"event_name":"Beggar","floor":22,"gold_loss":75}],"is_beta":false,"boss_relics":[{"not_picked":["Runic Dome","Tiny House"],"picked":"Calling Bell"}],"items_purged_floors":[2,21],"is_endless":false,"potions_floor_spawned":[3,12,14,16,18],"killed_by":"Slavers","ascension_level":2}}