{"host":"ryxkq7m36cv0y2ky","time":1613078696,"event":{"mods":["100% Spire Juice","Act Like it!","Arknights","Bard","BaseMod","CapriCore","Dio Mod","Downfall","Ekko","Gensokyo","Gremlin Mod","GungeonMod","Hermit","HololiveMod","Hubris","Hunter ??","Jorbs\u0027s Wanderer Trilogy","Marisa????????","Minty Spire (QoL Compilation)","Nova Terra(??·??)","Reliquary","Remilia??????","Replay The Spire","Robot Space Explorer","SOS???????","Shade Mod","Spire Arcade","StSLib","The Animator","The Blackbeard","The Bladedancer","The Disciple","The Exalted","The Forsaken","The Hayseed","The Immortal","The Judge","The Juggle","The Marked","The Mystic","The Necromancer","The Poker Player","The Runesmith","The Saiyan","The Senshi","The Servant 0.9.4","The Showman","The Witch","TheVacant","Yakumo Yukari mod","thorton","????"],"gold_per_floor":[99,118,118,118,64,128,128,162,181,201,201,236,255,270,285,285,285],"floor_reached":16,"language":"ENG","playtime":790,"items_purged":[],"score":137,"play_id":"a14ac172-d3e6-44c7-86ea-c349f4e26e4c","local_time":"20210212075456","is_ascension_mode":false,"campfire_choices":[{"floor":1,"key":"RECALL"},{"floor":11,"key":"REST"}],"circlet_count":0,"master_deck":["ats:Strike C","ats:Strike G","ats:Strike S","ats:Strike V","ats:Armor Crushing Shot","ats:Defend","ats:Defend","ats:Defend","ats:Defend","ats:Emotion Absorption","ats:Cat Scratch","Amnesia","ats:Consecutive Shot Auto","ats:Sunburst","ats:Guard Mode","ats:Wolf Pack","ats:Neurotoxin","ats:Neurotoxin","ats:Flexible Camouflage","ats:Consecutive Shot Auto","ats:Poison Spread","ats:Explosion Area Strengthen","ats:Consecutive Shot Auto"],"relics":["ats:Sanity","Ring of Misfortune","Ring of Fangs","Golden Idol","Onion Ring","Bottled Flame","ats:Originium","DemoMod:Orange","Art of War","DemoMod:GlassGuonStoneRelic"],"acts_visited":["Exordium"],"potions_floor_usage":[12,16,16,16],"damage_taken":[{"damage":8,"enemies":"Cultist","floor":2,"turns":5},{"damage":0,"enemies":"downfall:FleeingMerchant","floor":5,"turns":4},{"damage":13,"enemies":"Gremlin Nob","floor":8,"turns":4},{"damage":0,"enemies":"2 Louse","floor":9,"turns":3},{"damage":0,"enemies":"Jaw Worm","floor":10,"turns":3},{"damage":22,"enemies":"Lagavulin","floor":12,"turns":4},{"damage":6,"enemies":"Blue Slaver","floor":13,"turns":3},{"damage":10,"enemies":"Exordium Wildlife","floor":14,"turns":5},{"damage":0,"enemies":"2 Fungi Beasts","floor":15,"turns":2},{"damage":12,"enemies":"Slime Boss","floor":16,"turns":3}],"seed_played":"-9153902718842822045","potions_obtained":[{"floor":2,"key":"FearPotion"},{"floor":8,"key":"Death Potion"},{"floor":10,"key":"AttackPotion"},{"floor":15,"key":"DemoMod:LeadSkinPotion"}],"is_trial":false,"path_per_floor":["R","M","?","?","$","?","T","E","M","M","R","E","M","M","M","B"],"character_chosen":"DOCTOR_CLASS","items_purchased":["ats:Sunburst"],"campfire_rested":1,"item_purchase_floors":[5],"current_hp_per_floor":[79,71,71,52,52,21,21,20,20,20,47,25,19,9,9,0,0],"gold":285,"neow_bonus":"TEN_PERCENT_HP_BONUS","is_daily":false,"chose_seed":false,"campfire_upgraded":0,"win_rate":0.0,"timestamp":1613078696,"path_taken":["R","M","?","?","$","?","T","E","M","M","R","E","?","M","M","BOSS"],"items_purchased_type":["Card"],"build_version":"2020-12-22","purchased_purges":0,"victory":false,"max_hp_per_floor":[79,79,79,79,79,79,79,91,91,91,91,91,91,91,91,91,91],"card_choices":[{"not_picked":["ats:Collapsing Strike","ats:Part Time Job"],"picked":"ats:Cat Scratch","floor":2},{"not_picked":["ats:Ignite","ats:Very Hot Blade"],"picked":"ats:Consecutive Shot Auto","floor":5},{"not_picked":["ats:Assault Order","ats:Leaping Hammer"],"picked":"ats:Guard Mode","floor":6},{"not_picked":["ats:Powerful Strike","ats:Very Hot Blade"],"picked":"ats:Wolf Pack","floor":6},{"not_picked":["ats:Absolute Focus","ats:Apocalypse"],"picked":"ats:Neurotoxin","floor":8},{"not_picked":["ats:Rapid Magazine","ats:Serious Mode"],"picked":"ats:Neurotoxin","floor":9},{"not_picked":["ats:Poison Spread","ats:Blood Oath"],"picked":"ats:Flexible Camouflage","floor":10},{"not_picked":["ats:Cat Scratch","ats:Encircling Forest"],"picked":"ats:Consecutive Shot Auto","floor":12},{"not_picked":["ats:Assault Order","ats:Guard Mode"],"picked":"ats:Poison Spread","floor":13},{"not_picked":["ats:Cat Scratch","ats:Shadow Raid"],"picked":"ats:Explosion Area Strengthen","floor":14},{"not_picked":["ats:Beaten Up","ats:Cat Scratch"],"picked":"ats:Consecutive Shot Auto","floor":15}],"player_experience":346674,"relics_obtained":[{"floor":3,"key":"Ring of Misfortune"},{"floor":3,"key":"Ring of Fangs"},{"floor":6,"key":"Onion Ring"},{"floor":7,"key":"Bottled Flame"},{"floor":8,"key":"ats:Originium"},{"floor":8,"key":"DemoMod:Orange"},{"floor":12,"key":"ats:Originium"},{"floor":12,"key":"Art of War"}],"event_choices":[{"damage_healed":0,"gold_gain":0,"player_choice":"Take Damage","damage_taken":19,"relics_obtained":["Golden Idol"],"max_hp_gain":0,"max_hp_loss":0,"event_name":"Golden Idol","floor":4,"gold_loss":0}],"is_beta":false,"boss_relics":[],"items_purged_floors":[],"is_endless":false,"potions_floor_spawned":[2,8,10,15],"killed_by":"Slime Boss","ascension_level":0}}