{"host":"hnrafgucdht3qvsp","time":1613082759,"event":{"mods":["BaseMod","Bestiary","Colored Map","Downfall","Minty Spire (QoL Compilation)","Relic Stats","StSLib"],"gold_per_floor":[99,115,173,187,187,187,187,187,212,212,230,241,341,360,378,378,378,378],"floor_reached":16,"language":"ENG","playtime":877,"items_purged":[],"score":107,"play_id":"002c7945-c1a5-4323-89be-fbe169a82cc6","local_time":"20210211173239","is_ascension_mode":true,"campfire_choices":[{"data":"champ:Taunt","floor":1,"key":"SMITH"},{"data":"champ:CrownThrow","floor":8,"key":"SMITH"},{"data":"champ:HoldFirm","floor":10,"key":"SMITH"}],"circlet_count":0,"master_deck":["champ:Strike","champ:Strike","champ:Strike","champ:Strike","champ:Defend","champ:Defend","champ:Defend","champ:Defend","champ:Execute","champ:Taunt+1","champ:ShieldSigil","champ:CrownThrow+1","champ:HoldFirm+1","champ:FanOfKnives","champ:CrownThrow","champ:SwordSigil"],"relics":["champ:ChampionCrown","hexamod:Sixitude","Gremlin Horn","Smiling Mask","Tiny Chest"],"acts_visited":["Exordium"],"potions_floor_usage":[16,16,16],"damage_taken":[{"damage":23,"enemies":"Jaw Worm","floor":2,"turns":3},{"damage":67,"enemies":"Gremlin Nob","floor":3,"turns":5},{"damage":10,"enemies":"Small Slimes","floor":4,"turns":3},{"damage":57,"enemies":"3 Sentries","floor":9,"turns":7},{"damage":0,"enemies":"2 Louse","floor":11,"turns":2},{"damage":23,"enemies":"Exordium Thugs","floor":12,"turns":4},{"damage":0,"enemies":"3 Louse","floor":14,"turns":3},{"damage":1,"enemies":"Red Slaver","floor":15,"turns":3},{"damage":74,"enemies":"WA_ARCHETYPE_RETAIN","floor":16,"turns":6}],"seed_played":"6629791472231140867","potions_obtained":[{"floor":3,"key":"SkillPotion"},{"floor":11,"key":"champ:OpenerPotion"},{"floor":14,"key":"Swift Potion"}],"is_trial":false,"path_per_floor":["R","M","?","M","?","?","T","R","E","R","M","M","?","M","M","B"],"character_chosen":"THE_CHAMP","items_purchased":[],"campfire_rested":0,"item_purchase_floors":[],"current_hp_per_floor":[99,96,69,69,66,71,71,71,49,49,49,36,36,36,35,0,0,0],"gold":378,"neow_bonus":"TEN_PERCENT_HP_BONUS","is_daily":false,"chose_seed":false,"campfire_upgraded":3,"win_rate":0.0,"timestamp":1613082759,"path_taken":["R","M","?","M","?","?","T","R","E","R","M","?","?","M","M","BOSS"],"items_purchased_type":[],"build_version":"2020-12-22","purchased_purges":0,"victory":false,"max_hp_per_floor":[99,99,99,99,99,104,104,104,104,104,104,104,104,104,104,104,104,104],"relic_stats":{"Gremlin Horn":[6,6],"counters":[9,36],"Tiny Chest":0,"Smiling Mask":0,"obtain_stats":[{"Gremlin Horn":5,"hexamod:Sixitude":3,"champ:ChampionCrown":0,"Tiny Chest":9,"Smiling Mask":7},{"Gremlin Horn":3,"hexamod:Sixitude":2,"champ:ChampionCrown":0,"Tiny Chest":4,"Smiling Mask":3},{"Gremlin Horn":11,"hexamod:Sixitude":8,"champ:ChampionCrown":0,"Tiny Chest":18,"Smiling Mask":11}]},"card_choices":[{"not_picked":["champ:FalseCounter","champ:BladeFlurry"],"picked":"champ:ShieldSigil","floor":2},{"not_picked":["champ:Endure","champ:FocusedBerserking"],"picked":"champ:CrownThrow","floor":4},{"not_picked":["champ:Circumvent","champ:GutPunch"],"picked":"champ:HoldFirm","floor":9},{"not_picked":["champ:Haymaker","champ:BladeFlurry"],"picked":"champ:FanOfKnives","floor":11},{"not_picked":["champ:Circumvent","champ:PerfectedStrike"],"picked":"champ:CrownThrow","floor":12},{"not_picked":["champ:SkillfulDodge","champ:FalseCounter","champ:EnGarde"],"picked":"SKIP","floor":14},{"not_picked":["champ:BladeFlurry","champ:Haymaker"],"picked":"champ:SwordSigil","floor":15}],"player_experience":640292,"relics_obtained":[{"floor":3,"key":"hexamod:Sixitude"},{"floor":7,"key":"Smiling Mask"},{"floor":9,"key":"Tiny Chest"}],"event_choices":[{"damage_healed":0,"gold_gain":0,"player_choice":"Success","damage_taken":3,"relics_obtained":["Gremlin Horn"],"max_hp_gain":0,"max_hp_loss":0,"event_name":"Scrap Ooze","floor":5,"gold_loss":0},{"damage_healed":0,"gold_gain":0,"player_choice":"Donut","damage_taken":0,"max_hp_gain":5,"max_hp_loss":0,"event_name":"Big Fish","floor":6,"gold_loss":0}],"is_beta":false,"boss_relics":[],"items_purged_floors":[],"is_endless":false,"potions_floor_spawned":[3,11,14],"killed_by":"WA_ARCHETYPE_RETAIN","ascension_level":1}}