{"host":"n43wxkei7kulhi8o","time":1613005343,"event":{"mods":["BaseMod","Bestiary","Block Reminder","Colored Map","Colored Powertips","Curses Come First","Custom Start","Dark Map","Highlight Path","Minty Spire (QoL Compilation)","Relic Stats","StSLib"],"gold_per_floor":[113,113,132,152,167,167,18,36,36,62,82,7,22,36,36,136,136,151,5,18,28,41,41,41,53,53,53,66,66,66,85,85,190,190,201,211,211,211,211,211,261,277,357,357,357,369,389,404,404,404],"floor_reached":51,"language":"ENG","playtime":2625,"items_purged":[],"score":647,"play_id":"116f39c4-97be-48a7-9c37-b830aa795f01","local_time":"20210210200223","is_ascension_mode":false,"campfire_choices":[{"data":"Zap","floor":6,"key":"SMITH"},{"data":"Defragment","floor":15,"key":"SMITH"},{"floor":23,"key":"RECALL"}],"circlet_count":0,"master_deck":["Strike_B","Strike_B","Strike_B","Strike_B","Defend_B","Defend_B","Defend_B","Defend_B","Zap+1","Dualcast","Coolheaded+1","Leap","Ball Lightning","Ball Lightning","Coolheaded","Machine Learning","Melter","Defragment+1","Electrodynamics","Ball Lightning+1","Tempest","Defragment","Core Surge","Writhe","Conserve Battery+1"],"relics":["Coffee Dripper","Tiny Chest","Kunai","Odd Mushroom","Fusion Hammer","Toy Ornithopter","Letter Opener","Incense Burner","Inserter","StrikeDummy","Pen Nib","HornCleat"],"acts_visited":["Exordium","TheCity","TheBeyond"],"potions_floor_usage":[11,33,33,50,50,50],"damage_taken":[{"damage":0,"enemies":"Small Slimes","floor":1,"turns":4},{"damage":0,"enemies":"Cultist","floor":3,"turns":4},{"damage":6,"enemies":"Jaw Worm","floor":4,"turns":4},{"damage":11,"enemies":"2 Fungi Beasts","floor":5,"turns":3},{"damage":0,"enemies":"Blue Slaver","floor":8,"turns":3},{"damage":13,"enemies":"The Mushroom Lair","floor":10,"turns":4},{"damage":7,"enemies":"Exordium Wildlife","floor":11,"turns":5},{"damage":0,"enemies":"3 Louse","floor":13,"turns":3},{"damage":0,"enemies":"Large Slime","floor":14,"turns":3},{"damage":9,"enemies":"The Guardian","floor":16,"turns":9},{"damage":5,"enemies":"Chosen","floor":18,"turns":3},{"damage":6,"enemies":"2 Thieves","floor":20,"turns":2},{"damage":0,"enemies":"Cultist and Chosen","floor":21,"turns":5},{"damage":1,"enemies":"3 Cultists","floor":22,"turns":3},{"damage":16,"enemies":"Centurion and Healer","floor":25,"turns":5},{"damage":5,"enemies":"Snake Plant","floor":28,"turns":4},{"damage":0,"enemies":"Sentry and Sphere","floor":31,"turns":3},{"damage":36,"enemies":"Automaton","floor":33,"turns":8},{"damage":8,"enemies":"3 Darklings","floor":35,"turns":3},{"damage":5,"enemies":"3 Shapes","floor":36,"turns":3},{"damage":55,"enemies":"Maw","floor":42,"turns":7},{"damage":4,"enemies":"Transient","floor":46,"turns":5},{"damage":20,"enemies":"Jaw Worm Horde","floor":47,"turns":4},{"damage":19,"enemies":"Sphere and 2 Shapes","floor":48,"turns":3},{"damage":26,"enemies":"Time Eater","floor":50,"turns":20}],"seed_played":"960795596288784523","potions_obtained":[{"floor":1,"key":"EntropicBrew"},{"floor":8,"key":"CultistPotion"},{"floor":10,"key":"FocusPotion"},{"floor":11,"key":"Fruit Juice"},{"floor":13,"key":"Strength Potion"},{"floor":20,"key":"FairyPotion"},{"floor":22,"key":"DistilledChaos"},{"floor":36,"key":"PotionOfCapacity"},{"floor":42,"key":"Dexterity Potion"},{"floor":48,"key":"Regen Potion"}],"is_trial":false,"path_per_floor":["M","?","M","M","M","R","$","M","T","?","M","$","M","M","R","B",null,"M","$","M","M","M","R","?","M","T","R","M","T","$","M","R","B",null,"M","M","?","T","?","R","T","M","T","$","R","M","M","M","R","B",null],"character_chosen":"DEFECT","items_purchased":["Tiny Chest","Melter","Toy Ornithopter"],"campfire_rested":0,"item_purchase_floors":[7,12,19],"current_hp_per_floor":[75,75,75,69,58,58,58,58,58,45,43,43,43,43,43,34,80,75,75,69,69,68,68,68,52,52,52,47,47,47,47,47,21,80,72,67,67,67,80,80,80,25,25,25,25,21,1,14,14,18],"gold":404,"neow_bonus":"BOSS_RELIC","is_daily":false,"chose_seed":false,"campfire_upgraded":2,"win_rate":0.0,"timestamp":1613005343,"path_taken":["M","?","M","M","M","R","?","?","T","?","M","$","M","M","R","BOSS","M","$","M","M","M","R","?","M","T","R","M","?","$","M","R","BOSS","M","M","?","?","?","R","?","M","T","$","R","M","M","M","R","BOSS"],"items_purchased_type":["Relic","Card","Relic"],"build_version":"2020-12-22","purchased_purges":0,"victory":true,"max_hp_per_floor":[75,75,75,75,75,75,75,75,75,75,80,80,80,80,80,80,80,80,80,80,80,80,80,80,80,80,80,80,80,80,80,80,80,80,80,80,80,80,80,80,80,80,80,80,80,80,80,80,80,80],"relic_stats":{"Inserter":[17],"counters":[25,120],"Tiny Chest":2,"Pen Nib":[4],"Kunai":[19],"Letter Opener":[71],"obtain_stats":[{"Inserter":34,"Pen Nib":41,"Incense Burner":29,"Letter Opener":26,"Odd Mushroom":10,"HornCleat":43,"Tiny Chest":7,"Fusion Hammer":17,"Coffee Dripper":0,"Kunai":9,"Cracked Core":0,"StrikeDummy":38,"Toy Ornithopter":19},{"Inserter":18,"Pen Nib":20,"Incense Burner":16,"Letter Opener":15,"Odd Mushroom":6,"HornCleat":21,"Tiny Chest":4,"Fusion Hammer":10,"Coffee Dripper":0,"Kunai":5,"Cracked Core":0,"StrikeDummy":20,"Toy Ornithopter":11},{"Inserter":75,"Pen Nib":81,"Incense Burner":64,"Letter Opener":60,"Odd Mushroom":22,"HornCleat":88,"Tiny Chest":15,"Fusion Hammer":42,"Coffee Dripper":0,"Kunai":18,"Cracked Core":0,"StrikeDummy":81,"Toy Ornithopter":45}],"Toy Ornithopter":25},"card_choices":[{"not_picked":["Stack","Redo"],"picked":"Coolheaded","floor":1},{"not_picked":["Steam","Self Repair"],"picked":"Leap","floor":3},{"not_picked":["Compile Driver","Storm"],"picked":"Ball Lightning","floor":4},{"not_picked":["Rainbow","Rebound","Hologram"],"picked":"SKIP","floor":5},{"not_picked":["Rebound","Turbo"],"picked":"Ball Lightning","floor":8},{"not_picked":["Heatsinks","BootSequence"],"picked":"Coolheaded","floor":10},{"not_picked":["Turbo","Double Energy"],"picked":"Machine Learning","floor":11},{"not_picked":["Leap","Redo"],"picked":"Defragment","floor":13},{"not_picked":["Hello World","Beam Cell","Coolheaded"],"picked":"SKIP","floor":14},{"not_picked":["Amplify","Hyperbeam"],"picked":"Electrodynamics","floor":16},{"not_picked":["Redo+1","Go for the Eyes"],"picked":"Ball Lightning+1","floor":18},{"not_picked":["Lockon+1","Recycle","Gash"],"picked":"SKIP","floor":20},{"not_picked":["Lockon+1","Recycle","Gash"],"picked":"SKIP","floor":20},{"not_picked":["Genetic Algorithm","Barrage","Steam+1"],"picked":"SKIP","floor":21},{"not_picked":["Stack","Streamline"],"picked":"Tempest","floor":22},{"not_picked":["Skim","Multi-Cast"],"picked":"Defragment","floor":25},{"not_picked":["Coolheaded","Loop","Hologram"],"picked":"SKIP","floor":28},{"not_picked":["Barrage","Steam Power","Steam+1"],"picked":"SKIP","floor":31},{"not_picked":["Multi-Cast","Meteor Strike"],"picked":"Core Surge","floor":33},{"not_picked":["Go for the Eyes+1","Sweeping Beam","Hello World+1"],"picked":"SKIP","floor":35},{"not_picked":["Skim+1","Scrape+1","Chill+1"],"picked":"SKIP","floor":36},{"not_picked":["Aggregate","Sweeping Beam+1"],"picked":"Conserve Battery+1","floor":42},{"not_picked":["Hologram+1","White Noise","Go for the Eyes"],"picked":"SKIP","floor":46},{"not_picked":["Hologram+1","Ball Lightning","Beam Cell+1"],"picked":"SKIP","floor":47},{"not_picked":["Turbo","Chill+1","Go for the Eyes+1"],"picked":"SKIP","floor":48}],"player_experience":687462,"relics_obtained":[{"floor":9,"key":"Kunai"},{"floor":10,"key":"Odd Mushroom"},{"floor":26,"key":"Letter Opener"},{"floor":29,"key":"Incense Burner"},{"floor":38,"key":"StrikeDummy"},{"floor":41,"key":"Pen Nib"},{"floor":43,"key":"HornCleat"}],"event_choices":[{"damage_healed":0,"gold_gain":0,"player_choice":"Forge","damage_taken":0,"max_hp_gain":0,"max_hp_loss":0,"event_name":"Accursed Blacksmith","floor":2,"gold_loss":0,"cards_upgraded":["Coolheaded"]},{"damage_healed":0,"gold_gain":0,"player_choice":"Fought Mushrooms","damage_taken":0,"max_hp_gain":0,"max_hp_loss":0,"event_name":"Mushrooms","floor":10,"gold_loss":0},{"damage_healed":0,"gold_gain":0,"player_choice":"Ignored","damage_taken":0,"max_hp_gain":0,"max_hp_loss":0,"event_name":"Ghosts","floor":24,"gold_loss":0},{"damage_healed":0,"gold_gain":0,"player_choice":"Ignored","damage_taken":0,"max_hp_gain":0,"max_hp_loss":0,"event_name":"Tomb of Lord Red Mask","floor":37,"gold_loss":0},{"damage_healed":20,"gold_gain":0,"player_choice":"Writhe","damage_taken":0,"max_hp_gain":0,"max_hp_loss":0,"event_name":"Winding Halls","floor":39,"gold_loss":0,"cards_obtained":["Writhe"]}],"is_beta":false,"boss_relics":[{"not_picked":["Philosopher\u0027s Stone","Runic Pyramid"],"picked":"Fusion Hammer"},{"not_picked":["Black Star","Calling Bell"],"picked":"Inserter"}],"items_purged_floors":[],"is_endless":false,"potions_floor_spawned":[1,8,10,11,13,16,20,21,22,25,36,42,48],"ascension_level":0}}