{"host":"za9ilm1uiwmpmin1","time":1613041925,"event":{"mods":["AchievementEnabler","Act Like it!","BaseMod","Dota2Spire","Downfall","Friendly Minions","KomeijiMod","Lobotomy","LobotomyExtend","Minty Spire (QoL Compilation)","MostiFishMod","Reorder Act Four","RumiaBox-露米娅的神秘盒子","StSLib","TestMod","Waifu the Spire","[IsaacMod]以撒尖塔","【功能Mod】混沌之环修复补丁"],"gold_per_floor":[119,119,130,147,162,193,47,58,109,109,140,157,157,192,192,1469,1469,1469,1469,1003,1062,810,856,856,913,940,997,997,1032,1032,1032,1032,1138,1138,1185,962,1005,1053,1053,1101,1101,1157,1157,1206,1260,795,755,796,796,829,829,829,517,517,579,660],"floor_reached":57,"language":"ZHS","playtime":1773,"items_purged":["sneckomod:Strike+1","sneckomod:Strike+1","sneckomod:Unknown+1","sneckomod:Strike+1"],"score":3101,"play_id":"6e0d36ac-26ab-4484-b911-390037a5b5af","local_time":"20210211191205","is_ascension_mode":true,"campfire_choices":[{"floor":10.0,"key":"RECALL"},{"data":"sneckomod:SlitherStrike","floor":13.0,"key":"SMITH"},{"data":"sneckomod:UnknownDraw","floor":15.0,"key":"SMITH"},{"floor":24.0,"key":"REST"},{"data":"sneckomod:Unknown0Cost","floor":30,"key":"SMITH"},{"data":"sneckomod:DiceBoulder+2","floor":32,"key":"SMITH"},{"data":"sneckomod:DiceBoulder+7","floor":41,"key":"SMITH"},{"data":"sneckomod:DiceBoulder+13","floor":49,"key":"SMITH"},{"data":"sneckomod:DiceBoulder+15","floor":54,"key":"SMITH"}],"circlet_count":0,"master_deck":["AscendersBane","sneckomod:Defend+1","sneckomod:Defend+1","sneckomod:Defend+1","sneckomod:TailWhip+1","sneckomod:SnekBite+1","sneckomod:Unknown+1","sneckomod:SnakeSap+1","sneckomod:SlitherStrike+1","sneckomod:UnknownDraw+1","sneckomod:GlitteringGambit+1","sneckomod:DiceBoulder+18","sneckomod:Unknown0Cost+1","sneckomod:UnknownBlock+1","sneckomod:TrashToTreasure+1","sneckomod:Rotation+1"],"relics":["DaveBox","HushsDoor","testmod-TestBox","testmod-Maize","MoneyPower","DSteel32","PatriotShield","SynthV:TestCard","LetterFromLob","Dota2Spire:BladeMail","Ccalipers","testmod-DragonStarHat","Juzu Bracelet","Busted Crown","OrangePellets","Sundial","Red Mask","Chemical X","HornCleat","BookOfRevelations","Dota2Spire:PhaseBoots","GodSword6","testmod-Acrobat","sneckomod:SneckoTalon","Dota2Spire:PowerTreads","Meat on the Bone","Toxic Egg 2","SharpPlug","Akabeko","Dota2Spire:AghanimScepter","Civilization","testmod-Fortitude","sneckomod:ConfusingCodex","TheBean"],"acts_visited":["Exordium","TheCity","TheBeyond","TheEnding"],"potions_floor_usage":[56,56],"damage_taken":[{"damage":0.0,"enemies":"Jaw Worm","floor":1.0,"turns":2.0},{"damage":0.0,"enemies":"Small Slimes","floor":3.0,"turns":2.0},{"damage":0.0,"enemies":"Cultist","floor":4.0,"turns":1.0},{"damage":0.0,"enemies":"2 Fungi Beasts","floor":5.0,"turns":1.0},{"damage":0.0,"enemies":"Lagavulin","floor":6.0,"turns":3.0},{"damage":0.0,"enemies":"Looter","floor":8.0,"turns":2.0},{"damage":0.0,"enemies":"3 Sentries","floor":11.0,"turns":4.0},{"damage":0.0,"enemies":"Exordium Wildlife","floor":12.0,"turns":2.0},{"damage":0.0,"enemies":"Lagavulin","floor":14.0,"turns":2.0},{"damage":0.0,"enemies":"Slime Boss","floor":16.0,"turns":8.0},{"damage":0.0,"enemies":"Masked Bandits","floor":21.0,"turns":2.0},{"damage":0.0,"enemies":"Book of Stabbing","floor":23.0,"turns":2.0},{"damage":0.0,"enemies":"Slavers","floor":25.0,"turns":3.0},{"damage":0.0,"enemies":"Gremlin Leader","floor":27.0,"turns":3.0},{"damage":0,"enemies":"Slavers","floor":29,"turns":2},{"damage":0,"enemies":"Collector","floor":33,"turns":3},{"damage":0,"enemies":"3 Darklings","floor":35,"turns":2},{"damage":0,"enemies":"Orb Walker","floor":38,"turns":1},{"damage":0,"enemies":"Giant Head","floor":40,"turns":2},{"damage":0,"enemies":"Nemesis","floor":42,"turns":1},{"damage":0,"enemies":"Spire Growth","floor":44,"turns":1},{"damage":0,"enemies":"Reptomancer","floor":45,"turns":2},{"damage":4,"enemies":"Writhing Mass","floor":48,"turns":2},{"damage":0,"enemies":"Time Eater","floor":50,"turns":2},{"damage":0,"enemies":"Shield and Spear","floor":55,"turns":1},{"damage":0,"enemies":"The Heart","floor":56,"turns":3}],"seed_played":"-7421051197199566059","potions_obtained":[{"floor":4.0,"key":"AttackPotion"},{"floor":5.0,"key":"Dexterity Potion"},{"floor":8.0,"key":"Fire Potion"},{"floor":11.0,"key":"Block Potion"}],"is_trial":false,"path_per_floor":["M","?","M","M","M","E","$","M","T","R","E","M","R","E","R","B",null,"M","?","$","?","$","E","R","E","T","E","?","E","R","?","R","B",null,"M","$","?","M","T","E","R","E","T","M","E","$","?","M","R","B",null,null,"$","R","E","B",null],"character_chosen":"THE_SNECKO","items_purchased":["Ccalipers","sneckomod:GlitteringGambit","OrangePellets","Sundial","Chemical X","Dota2Spire:PowerTreads","Guardian:BlockOnCardUsePotion","Civilization","testmod-Fortitude","sneckomod:Rotation+1","sneckomod:ConfusingCodex"],"campfire_rested":1,"item_purchase_floors":[7,17,20,20,22,36,36,46,46,53,53],"current_hp_per_floor":[75,83,83,83,83,83,83,83,83,83,83,83,83,83,83,83,75,75,75,75,75,75,75,75,75,75,75,75,75,75,75,75,75,68,68,68,53,53,53,53,53,53,53,53,53,53,53,50,50,52,52,66,66,66,70,75],"gold":660,"neow_bonus":"BOSS_RELIC","is_daily":false,"chose_seed":false,"campfire_upgraded":7,"win_rate":0.0,"timestamp":1613041925,"path_taken":["M","?","M","M","M","E","$","M","T","R","E","M","R","E","R","BOSS","M","?","?","?","$","E","R","E","T","E","?","E","R","?","R","BOSS","M","$","?","M","?","E","R","E","T","M","E","$","?","M","R","BOSS","$","R","E","BOSS"],"items_purchased_type":["Relic","Card","Relic","Relic","Relic","Relic","Potion","Relic","Relic","Card","Relic"],"build_version":"2020-12-22","purchased_purges":4,"victory":true,"max_hp_per_floor":[83,83,83,83,83,83,83,83,83,83,83,83,83,83,83,83,75,75,75,75,75,75,75,75,75,75,75,75,75,75,75,75,75,68,68,68,68,68,68,68,68,68,68,68,68,68,68,69,69,71,71,71,71,71,75,80],"card_choices":[{"not_picked":["sneckomod:UnknownColorless","sneckomod:RainOfDice","sneckomod:UnknownCommonAttack"],"picked":"SKIP","floor":1.0},{"not_picked":["sneckomod:UnknownCommonSkill","sneckomod:Unknown0Cost","sneckomod:UnknownCommonAttack","sneckomod:DiceBlock","sneckomod:UnknownBoss"],"picked":"SKIP","floor":3.0},{"not_picked":["sneckomod:IronFang","sneckomod:RainOfDice","sneckomod:UnendingSupply","sneckomod:QuickBite"],"picked":"sneckomod:SnakeSap","floor":4.0},{"not_picked":["sneckomod:DiceCrush","sneckomod:SnekBeam","sneckomod:UnknownUncommonSkill","sneckomod:QuickMove","sneckomod:MasterEye"],"picked":"SKIP","floor":5.0},{"not_picked":["sneckomod:UnknownDexterity","sneckomod:SnekBeam","sneckomod:UnknownBlock","sneckomod:Cheat","sneckomod:WideSting"],"picked":"SKIP","floor":6.0},{"not_picked":["sneckomod:RainOfDice","sneckomod:MasterEye","sneckomod:UnknownCommonAttack","sneckomod:SnakeSap"],"picked":"Bomb","floor":8.0},{"not_picked":["sneckomod:Unknown1Cost","sneckomod:SerpentMind","sneckomod:UnknownExhaust","sneckomod:UnknownDraw"],"picked":"sneckomod:SlitherStrike","floor":11.0},{"not_picked":["sneckomod:UnknownCommonSkill","sneckomod:UnknownVulnerable","sneckomod:WideSting","sneckomod:UnknownClassBLUE"],"picked":"sneckomod:UnknownDraw","floor":12.0},{"not_picked":["sneckomod:SoulRoll","sneckomod:UnknownCommonSkill","sneckomod:UnendingSupply","sneckomod:DangerNoodle","sneckomod:UnknownClassGUARDIAN"],"picked":"SKIP","floor":14.0},{"not_picked":["sneckomod:RainOfDice","sneckomod:UnknownStrike","sneckomod:UnknownCommonAttack"],"picked":"SKIP","floor":23.0},{"not_picked":["sneckomod:Unknown1Cost","sneckomod:UnknownStrike","sneckomod:UnknownWeak"],"picked":"SKIP","floor":25.0},{"not_picked":["sneckomod:UnknownCommonSkill","sneckomod:WideSting"],"picked":"sneckomod:DiceBoulder+1","floor":27.0},{"not_picked":["sneckomod:IronFang","sneckomod:UnknownVulnerable"],"picked":"sneckomod:Unknown0Cost","floor":29},{"not_picked":["sneckomod:SoulCleanse","sneckomod:DiceBoulder","sneckomod:SnekBeam"],"picked":"SKIP","floor":35},{"not_picked":["sneckomod:IronFang","sneckomod:DefensiveFlair"],"picked":"sneckomod:UnknownBlock+1","floor":38},{"not_picked":["sneckomod:UnknownBlock+1","sneckomod:SoulRoll+1","sneckomod:Nope+1"],"picked":"SKIP","floor":40},{"not_picked":["sneckomod:SlitherStrike+1","sneckomod:IronFang+1"],"picked":"sneckomod:TrashToTreasure+1","floor":42},{"not_picked":["sneckomod:UnknownUncommonAttack+1","sneckomod:DiceBlock+1","sneckomod:SnekBeam"],"picked":"SKIP","floor":44},{"not_picked":["sneckomod:CheapStock","sneckomod:UnknownBlock+1","sneckomod:UnknownClassBLUE+1"],"picked":"SKIP","floor":45},{"not_picked":["sneckomod:UnknownBlock+1","sneckomod:UnknownCommonAttack","sneckomod:UnknownUncommonSkill+1"],"picked":"SKIP","floor":48},{"not_picked":["sneckomod:UnknownUncommonPower","sneckomod:UnknownStrike","sneckomod:Unknown1Cost+1"],"picked":"SKIP","floor":55}],"player_experience":1119084,"relics_obtained":[{"floor":1.0,"key":"SynthV:TestCard"},{"floor":1.0,"key":"LetterFromLob"},{"floor":6.0,"key":"Dota2Spire:BladeMail"},{"floor":11.0,"key":"testmod-DragonStarHat"},{"floor":14.0,"key":"Juzu Bracelet"},{"floor":21.0,"key":"Red Mask"},{"floor":23.0,"key":"HornCleat"},{"floor":25.0,"key":"BookOfRevelations"},{"floor":26.0,"key":"Dota2Spire:PhaseBoots"},{"floor":27.0,"key":"GodSword6"},{"floor":29,"key":"testmod-Acrobat"},{"floor":39,"key":"Meat on the Bone"},{"floor":40,"key":"Toxic Egg 2"},{"floor":42,"key":"SharpPlug"},{"floor":43,"key":"Akabeko"},{"floor":45,"key":"Dota2Spire:AghanimScepter"},{"floor":55,"key":"TheBean"}],"event_choices":[{"damage_healed":0.0,"max_hp_gain":0.0,"max_hp_loss":0.0,"gold_gain":0.0,"event_name":"给自己的盒子","player_choice":"Swap Relic","floor":19.0,"relics_lost":["Technique"],"gold_loss":0.0,"damage_taken":0.0,"relics_obtained":["Technique"]},{"damage_healed":0.0,"max_hp_gain":0.0,"max_hp_loss":0.0,"gold_gain":0.0,"event_name":"Masked Bandits","player_choice":"Fought Bandits","floor":21.0,"gold_loss":0.0,"damage_taken":0.0},{"damage_healed":0,"gold_gain":0,"player_choice":"Ignored","damage_taken":0,"max_hp_gain":0,"max_hp_loss":0,"event_name":"The Mausoleum","floor":28,"gold_loss":0},{"damage_healed":0,"gold_gain":0,"player_choice":"Ignored","damage_taken":0,"max_hp_gain":0,"max_hp_loss":0,"event_name":"Ghosts","floor":31,"gold_loss":0},{"damage_healed":0,"gold_gain":0,"player_choice":"Upgrade","damage_taken":0,"max_hp_gain":0,"max_hp_loss":0,"event_name":"Designer","floor":47,"gold_loss":40,"cards_upgraded":["sneckomod:DiceBoulder"]}],"is_beta":false,"boss_relics":[{"not_picked":["SoulBox","testmod-DreamHouse"],"picked":"Busted Crown"},{"not_picked":[]},{"not_picked":["Empty Cage","RhineCircuit"],"picked":"sneckomod:SneckoTalon"},{"not_picked":[]}],"items_purged_floors":[17,20,22,34],"is_endless":false,"potions_floor_spawned":[4,5,8,11,14,21,25,33,35,40,44],"ascension_level":14}}