{"host":"vex7walpoxzv48nx","time":1613064268,"event":{"mods":["AchievementEnabler","BaseMod","Highlight Path","Minty Spire (QoL Compilation)","Permanent Neow","Quick Restart","StSLib","UnlockEverythingMod"],"gold_per_floor":[115,133,149,149,35,61,61,61,116,128,163,177,177,188,188,262,262,277,304,304,304],"floor_reached":20,"language":"ENG","playtime":2147,"items_purged":["Strike_G"],"score":368,"play_id":"3cfdbdb6-cc28-4e3c-a59d-e53552f26a6b","local_time":"20210211182428","is_ascension_mode":true,"campfire_choices":[{"floor":7,"key":"REST"},{"data":"Neutralize","floor":15,"key":"SMITH"}],"circlet_count":0,"master_deck":["AscendersBane","Strike_G","Defend_G","Defend_G","Defend_G","Defend_G","Defend_G","Survivor","Neutralize+1","Storm of Steel","Calculated Gamble","Sucker Punch","Noxious Fumes+1","Infinite Blades","Heel Hook","Bane","Endless Agony","Leg Sweep","Well Laid Plans","After Image","Slice"],"relics":["Ring of the Snake","Nunchaku","Boot","Omamori","Empty Cage","Red Mask"],"acts_visited":["Exordium","TheCity"],"potions_floor_usage":[6,11,16,18,19],"damage_taken":[{"damage":0.0,"enemies":"2 Louse","floor":1.0,"turns":3.0},{"damage":7.0,"enemies":"Jaw Worm","floor":2.0,"turns":5.0},{"damage":3.0,"enemies":"Cultist","floor":3.0,"turns":4.0},{"damage":25,"enemies":"Lagavulin","floor":6,"turns":8},{"damage":1,"enemies":"Blue Slaver","floor":10,"turns":4},{"damage":17,"enemies":"3 Sentries","floor":11,"turns":7},{"damage":5,"enemies":"Red Slaver","floor":12,"turns":3},{"damage":0,"enemies":"2 Fungi Beasts","floor":14,"turns":4},{"damage":2,"enemies":"The Guardian","floor":16,"turns":11},{"damage":12,"enemies":"3 Byrds","floor":18,"turns":4},{"damage":32,"enemies":"Masked Bandits","floor":19,"turns":5},{"damage":10,"enemies":"Shell Parasite","floor":20,"turns":1}],"seed_played":"6529272979415666854","potions_obtained":[{"floor":2.0,"key":"AttackPotion"},{"floor":8,"key":"Strength Potion"},{"floor":8,"key":"BlessingOfTheForge"},{"floor":11,"key":"DuplicationPotion"},{"floor":12,"key":"Energy Potion"},{"floor":14,"key":"DuplicationPotion"},{"floor":18,"key":"Energy Potion"},{"floor":19,"key":"LiquidBronze"}],"is_trial":false,"path_per_floor":["M","M","M","?","$","E","R","?","T","M","E","M","?","M","R","B",null,"M","?","M"],"character_chosen":"THE_SILENT","items_purchased":["Infinite Blades"],"campfire_rested":1,"item_purchase_floors":[5],"current_hp_per_floor":[59,52,49,42,42,17,35,35,35,34,17,12,12,12,12,10,48,36,4,0,0],"gold":304,"neow_bonus":"THREE_RARE_CARDS","is_daily":false,"chose_seed":false,"campfire_upgraded":1,"win_rate":0.0,"timestamp":1613064268,"path_taken":["M","M","M","?","$","E","R","?","T","?","E","M","?","M","R","BOSS","M","?","M"],"items_purchased_type":["Card"],"build_version":"2020-12-22","purchased_purges":1,"victory":false,"max_hp_per_floor":[60,60,60,60,60,60,60,60,60,60,60,60,60,60,60,60,60,60,60,60,60],"card_choices":[{"not_picked":["Grand Finale","Tools of the Trade"],"picked":"Storm of Steel","floor":0.0},{"not_picked":["Underhanded Strike","Cloak And Dagger"],"picked":"Calculated Gamble","floor":1.0},{"not_picked":["Calculated Gamble","Prepared"],"picked":"Sucker Punch","floor":2.0},{"not_picked":["Skewer","Acrobatics"],"picked":"Noxious Fumes","floor":3.0},{"not_picked":["Blur","Dodge and Roll"],"picked":"Heel Hook","floor":6},{"not_picked":["All Out Attack","Noxious Fumes"],"picked":"Bane","floor":10},{"not_picked":["Dodge and Roll","Outmaneuver"],"picked":"Endless Agony","floor":11},{"not_picked":["Dagger Throw","Prepared"],"picked":"Leg Sweep","floor":12},{"not_picked":["Dagger Spray","Escape Plan"],"picked":"Well Laid Plans","floor":14},{"not_picked":["Venomology","Doppelganger"],"picked":"After Image","floor":16},{"not_picked":["Catalyst","Noxious Fumes","Predator"],"picked":"SKIP","floor":18},{"not_picked":["Eviscerate","Concentrate"],"picked":"Slice","floor":19}],"player_experience":289116,"relics_obtained":[{"floor":6,"key":"Nunchaku"},{"floor":9,"key":"Boot"},{"floor":11,"key":"Omamori"},{"floor":19,"key":"Red Mask"}],"event_choices":[{"cards_removed":["Strike_G"],"damage_healed":0.0,"max_hp_gain":0.0,"max_hp_loss":0.0,"gold_gain":0.0,"event_name":"Golden Wing","player_choice":"Card Removal","floor":4.0,"gold_loss":0.0,"damage_taken":7.0},{"damage_healed":0,"gold_gain":0,"player_choice":"Got Potions","damage_taken":0,"max_hp_gain":0,"max_hp_loss":0,"event_name":"Lab","floor":8,"gold_loss":0},{"damage_healed":0,"gold_gain":0,"player_choice":"Upgraded","damage_taken":0,"max_hp_gain":0,"max_hp_loss":0,"event_name":"Upgrade Shrine","floor":13,"gold_loss":0,"cards_upgraded":["Noxious Fumes"]},{"damage_healed":0,"gold_gain":0,"player_choice":"Fought Bandits","damage_taken":0,"max_hp_gain":0,"max_hp_loss":0,"event_name":"Masked Bandits","floor":19,"gold_loss":0}],"is_beta":false,"boss_relics":[{"not_picked":["SacredBark","Velvet Choker"],"picked":"Empty Cage"}],"items_purged_floors":[5],"is_endless":false,"potions_floor_spawned":[2,10,11,12,14,18,19],"killed_by":"Shell Parasite","ascension_level":20}}