{"host":"lq2h7q9ca6uwu60x","time":1613048805,"event":{"mods":["Act Like it!","BaseMod","Gensokyo","Minty Spire (QoL Compilation)","StSLib","Yakumo Yukari mod"],"gold_per_floor":[133,133,11,28,40,40,120,120,174,389,389,403,403,403,403,507,507,526,476,476,476,493,493,493,493,493],"floor_reached":25,"language":"ZHS","playtime":961,"items_purged":["MagicEyes_LaplaceDemon_purple"],"score":246,"play_id":"596d8b0e-ca76-4812-86dc-c2731445bc78","local_time":"20210211210645","is_ascension_mode":true,"campfire_choices":[{"data":"Observe_purple_2","floor":6,"key":"SMITH"},{"data":"Fancifulhole_purple","floor":8,"key":"SMITH"},{"data":"Fancifulhole_purple","floor":15,"key":"SMITH"},{"data":"Gensokyo:LochNessMonster","floor":23,"key":"SMITH"}],"circlet_count":0,"master_deck":["Observe_purple_2+1","Fancifulhole_purple+1","ButterflyHabitatTemple_purple","WangLiang_LineAndCurveDreams_purple","SfantasyHide_purple+1","Gensokyo:LochNessMonster+1","MNeedle_purple"],"relics":["Memoryfragments_purpleEX","Pandora\u0027s Box","Gensokyo:Justice","Bag of Preparation","Smiling Mask","Gensokyo:OccultBall","Gensokyo:PortableGap","Happy Flower","Empty Cage","Gensokyo:ChorusOfJoy"],"acts_visited":["Exordium","Gensokyo:Gensokyo"],"potions_floor_usage":[],"damage_taken":[{"damage":3,"enemies":"Gensokyo:2_Kodama","floor":1,"turns":2},{"damage":6,"enemies":"Gensokyo:3_Fairies","floor":4,"turns":3},{"damage":20,"enemies":"Gensokyo:Gryphon","floor":5,"turns":3},{"damage":5,"enemies":"Gensokyo:Kitsune","floor":10,"turns":3},{"damage":0,"enemies":"Gensokyo:3_Kodama","floor":12,"turns":2},{"damage":3,"enemies":"Gensokyo:Reimu","floor":16,"turns":5},{"damage":5,"enemies":"Gensokyo:AngelMirror","floor":18,"turns":1},{"damage":0,"enemies":"Gensokyo:Chomper","floor":22,"turns":3},{"damage":0,"enemies":"Gensokyo:Monolith_and_Dog","floor":25,"turns":1}],"seed_played":"6754889780383356027","potions_obtained":[{"floor":5,"key":"RealmPotion"},{"floor":10,"key":"SteroidPotion"},{"floor":16,"key":"FearPotion"},{"floor":22,"key":"PowerPotion"}],"is_trial":false,"path_per_floor":["M","?","COS","M","M","R","?","R","T","M","?","M","?","?","R","B",null,"M","$","?","?","M","R","?","M"],"character_chosen":"Youkari","items_purchased":[],"campfire_rested":0,"item_purchase_floors":[],"current_hp_per_floor":[60,60,60,55,36,36,36,36,36,34,34,34,34,34,34,34,56,51,51,51,51,54,54,54,54,54],"gold":493,"neow_bonus":"BOSS_RELIC","is_daily":false,"chose_seed":false,"campfire_upgraded":4,"win_rate":0.0,"timestamp":1613048805,"path_taken":["M","?","COS","M","M","R","?","R","T","M","?","?","?","?","R","BOSS","M","$","?","?","?","R","?","M"],"items_purchased_type":[],"build_version":"2020-12-22","purchased_purges":1,"victory":false,"max_hp_per_floor":[70,70,70,70,70,70,70,70,70,70,70,70,63,63,63,63,63,63,63,57,57,57,54,54,54,54],"card_choices":[{"not_picked":["MeetDecomposer_purple","Boundary_LightAndDark_purple","ButterflyHabitatTemple_purple"],"picked":"SKIP","floor":1},{"not_picked":["Mirror_Drifter_purple","OmniscientAndOmnipotent_Monster_purple","DarkRealmRedLine_purple"],"picked":"SKIP","floor":4},{"not_picked":["Photoelasticity_Doppler_Effect_purple","SfantasyHide_purple","Line_surface_state_purple"],"picked":"SKIP","floor":5},{"not_picked":["Line_surface_state_purple","ExternalForce_HighSpeedFlying_purple"],"picked":"ButterflyHabitatTemple_purple","floor":10},{"not_picked":["Mirror_FormAndEmptin_purple","Boundary_DynamicStaticEquilibrium_purple","Yakumo_Ran_purple"],"picked":"SKIP","floor":12},{"not_picked":["UniverseChoice_purple","Fancifulhole_purple"],"picked":"WangLiang_LineAndCurveDreams_purple","floor":16},{"not_picked":["Umbrella_purple","StateDuplicate_purple"],"picked":"SfantasyHide_purple+1","floor":18},{"not_picked":["Gensokyo:Kunekune","Gensokyo:Apocalypse"],"picked":"Gensokyo:LochNessMonster","floor":20},{"not_picked":["Realm_recovery_purpleEX","Worldmountain_purple+1"],"picked":"MNeedle_purple","floor":22}],"player_experience":711416,"relics_obtained":[{"floor":9,"key":"Vajra"},{"floor":16,"key":"Gensokyo:OccultBall"}],"event_choices":[],"is_beta":false,"boss_relics":[{"not_picked":["Seventeenyearold_girl_Forever","Runic Dome"],"picked":"Empty Cage"}],"items_purged_floors":[19],"is_endless":false,"potions_floor_spawned":[5,10,16,22],"killed_by":"Gensokyo:Monolith_and_Dog","ascension_level":6}}