{"host":"swn8ychr123rw3gf","time":1613053259,"event":{"mods":["BaseMod","Minty Spire (QoL Compilation)","StSLib"],"gold_per_floor":[113,38,50,63,63,63,63,63,87,118,118,132,132,152,152,223,223,237,237,137,137,12,12,12,12],"floor_reached":24,"language":"ZHS","playtime":642,"items_purged":["Strike_R","Strike_R","Bash"],"score":326,"play_id":"6d2646a1-b8ef-4ff5-b6fb-c14d7507ad9d","local_time":"20210211222059","is_ascension_mode":true,"campfire_choices":[{"data":"Sword Boomerang","floor":6.0,"key":"SMITH"},{"data":"Flex","floor":11.0,"key":"SMITH"},{"data":"Disarm","floor":13.0,"key":"SMITH"},{"data":"Flex","floor":15.0,"key":"SMITH"},{"data":"Dark Embrace","floor":23.0,"key":"SMITH"}],"circlet_count":0,"master_deck":["AscendersBane","Defend_R+1","Defend_R","Defend_R","Defend_R","Sword Boomerang+1","Thunderclap+1","Disarm+1","Flex+1","Flex+1","Demon Form","Dark Embrace+1"],"relics":["Burning Blood","Orichalcum","Mummified Hand","Black Star"],"acts_visited":["Exordium","TheCity"],"potions_floor_usage":[],"damage_taken":[{"damage":3.0,"enemies":"Jaw Worm","floor":1.0,"turns":6.0},{"damage":0.0,"enemies":"2 Louse","floor":3.0,"turns":3.0},{"damage":4.0,"enemies":"Small Slimes","floor":4.0,"turns":4.0},{"damage":22.0,"enemies":"Lagavulin","floor":10.0,"turns":8.0},{"damage":7.0,"enemies":"Exordium Wildlife","floor":12.0,"turns":4.0},{"damage":1.0,"enemies":"Looter","floor":14.0,"turns":3.0},{"damage":28.0,"enemies":"The Guardian","floor":16.0,"turns":12.0},{"damage":36.0,"enemies":"2 Thieves","floor":18.0,"turns":4.0},{"damage":34,"enemies":"Slavers","floor":24,"turns":2}],"seed_played":"443421372470231998","potions_obtained":[{"floor":1.0,"key":"Block Potion"},{"floor":12.0,"key":"LiquidMemories"}],"is_trial":false,"path_per_floor":["M","$","M","M","?","R","?","?","T","E","R","M","R","M","R","B",null,"M","?","$","?","$","R","E"],"character_chosen":"IRONCLAD","items_purchased":[],"campfire_rested":0,"item_purchase_floors":[],"current_hp_per_floor":[71,71,75,75,68,68,53,53,53,37,37,36,36,41,41,19,61,31,31,31,31,31,31,0,0],"gold":12,"neow_bonus":"REMOVE_CARD","is_daily":false,"chose_seed":false,"campfire_upgraded":5,"win_rate":0.0,"timestamp":1613053259,"path_taken":["M","$","M","M","?","R","?","?","T","E","R","M","R","M","R","BOSS","M","?","$","?","?","R","E"],"items_purchased_type":[],"build_version":"2020-12-22","purchased_purges":3,"victory":false,"max_hp_per_floor":[75,75,75,75,75,75,75,75,75,75,75,75,75,75,75,75,75,75,75,75,75,75,75,75,75],"card_choices":[{"not_picked":["Sentinel","Headbutt"],"picked":"Sword Boomerang","floor":1.0},{"not_picked":["Sword Boomerang","Twin Strike"],"picked":"Thunderclap","floor":3.0},{"not_picked":["Sever Soul","Wild Strike"],"picked":"Disarm","floor":4.0},{"not_picked":["Perfected Strike","Pommel Strike"],"picked":"Flex","floor":10.0},{"not_picked":["Cleave","Sword Boomerang","Sever Soul"],"picked":"SKIP","floor":12.0},{"not_picked":["Anger","Hemokinesis"],"picked":"Flex","floor":14.0},{"not_picked":["Impervious","Bludgeon"],"picked":"Demon Form","floor":16.0},{"not_picked":["Sword Boomerang","Flex+1"],"picked":"Dark Embrace","floor":18.0}],"player_experience":464405,"relics_obtained":[{"floor":9.0,"key":"Orichalcum"},{"floor":10.0,"key":"Mummified Hand"}],"event_choices":[{"cards_removed":["Strike_R"],"damage_healed":0.0,"max_hp_gain":0.0,"max_hp_loss":0.0,"gold_gain":0.0,"event_name":"Golden Wing","player_choice":"Card Removal","floor":5.0,"gold_loss":0.0,"damage_taken":7.0},{"damage_healed":0.0,"max_hp_gain":0.0,"max_hp_loss":0.0,"gold_gain":0.0,"event_name":"Shining Light","player_choice":"Entered Light","floor":7.0,"gold_loss":0.0,"damage_taken":15.0,"cards_upgraded":["Defend_R","Thunderclap"]},{"cards_removed":["Strike_R"],"damage_healed":0.0,"max_hp_gain":0.0,"max_hp_loss":0.0,"gold_gain":0.0,"event_name":"Living Wall","player_choice":"Forget","floor":8.0,"gold_loss":0.0,"damage_taken":0.0},{"damage_healed":0.0,"max_hp_gain":0.0,"max_hp_loss":0.0,"gold_gain":0.0,"event_name":"Vampires","player_choice":"Ignored","floor":19.0,"gold_loss":0.0,"damage_taken":0.0},{"damage_healed":0.0,"max_hp_gain":0.0,"max_hp_loss":0.0,"gold_gain":0.0,"event_name":"Ghosts","player_choice":"Ignored","floor":21.0,"gold_loss":0.0,"damage_taken":0.0}],"is_beta":false,"boss_relics":[{"not_picked":["Pandora\u0027s Box","Ectoplasm"],"picked":"Black Star"}],"items_purged_floors":[2,20,22],"is_endless":false,"potions_floor_spawned":[1,12],"killed_by":"Slavers","ascension_level":14}}