{"host":"lxu17chzujqn8whl","time":1613074686,"event":{"mods":["BaseMod","Minty Spire (QoL Compilation)","Relic Stats","StSLib"],"gold_per_floor":[112,112,128,1,1,26,38,65,77,105,82,111,187,218,230,343,405,433,445,473,495,36,67,67,80,80,100,100,100,114,148,148,249,249,265,278,293,293,310,335,335,352,352,369,385,385,396,4,4,4,4],"floor_reached":50,"language":"ENG","playtime":1244,"items_purged":["Strike_G","Strike_G"],"score":520,"play_id":"4b56738b-aed6-49cc-8550-d95e272cbd4f","local_time":"20210211121806","is_ascension_mode":false,"campfire_choices":[{"data":"Backstab","floor":15.0,"key":"SMITH"},{"floor":24.0,"key":"REST"},{"data":"Backstab","floor":28.0,"key":"SMITH"},{"data":"Accuracy","floor":32.0,"key":"SMITH"},{"data":"Accuracy","floor":41,"key":"SMITH"},{"data":"Adrenaline","floor":49,"key":"SMITH"}],"circlet_count":0,"master_deck":["Strike_G","Strike_G","Strike_G","Defend_G","Defend_G","Defend_G","Defend_G","Survivor","Neutralize+1","Flying Knee","Blade Dance","Blade Dance","Dagger Spray+1","Footwork+1","Backstab+1","Footwork","Flying Knee","Glass Knife","Accuracy+1","Backstab+1","Predator+1","Accuracy+1","Blade Dance","Deflect","Cloak And Dagger+1","Swift Strike","Backstab+1","Adrenaline+1","Backflip+1","Accuracy+1","Cloak And Dagger+1","Well Laid Plans","Cloak And Dagger+1"],"relics":["Ring of the Snake","Calipers","Bag of Marbles","MawBank","Blue Candle","White Beast Statue","Tiny House","Mercury Hourglass","Whetstone","Toy Ornithopter","Unceasing Top","WristBlade","The Courier","Lantern","Question Card","Pen Nib","Eternal Feather"],"acts_visited":["Exordium","TheCity","TheBeyond"],"potions_floor_usage":[40,40,44,45,47,47,47,50],"damage_taken":[{"damage":0.0,"enemies":"Small Slimes","floor":1.0,"turns":4.0},{"damage":0.0,"enemies":"Jaw Worm","floor":3.0,"turns":4.0},{"damage":4.0,"enemies":"Gremlin Nob","floor":6.0,"turns":3.0},{"damage":0.0,"enemies":"2 Louse","floor":8.0,"turns":1.0},{"damage":6.0,"enemies":"Exordium Thugs","floor":10.0,"turns":4.0},{"damage":0.0,"enemies":"2 Fungi Beasts","floor":12.0,"turns":2.0},{"damage":4.0,"enemies":"3 Sentries","floor":13.0,"turns":6.0},{"damage":0.0,"enemies":"Looter","floor":14.0,"turns":1.0},{"damage":41.0,"enemies":"Hexaghost","floor":16.0,"turns":10.0},{"damage":16.0,"enemies":"Shell Parasite","floor":18.0,"turns":5.0},{"damage":2.0,"enemies":"Chosen","floor":20.0,"turns":4.0},{"damage":5.0,"enemies":"Centurion and Healer","floor":21.0,"turns":4.0},{"damage":12.0,"enemies":"Book of Stabbing","floor":23.0,"turns":3.0},{"damage":0.0,"enemies":"Snecko","floor":25.0,"turns":2.0},{"damage":0.0,"enemies":"Shelled Parasite and Fungi","floor":27.0,"turns":1.0},{"damage":5.0,"enemies":"Centurion and Healer","floor":30.0,"turns":3.0},{"damage":13.0,"enemies":"Gremlin Leader","floor":31.0,"turns":3.0},{"damage":85.0,"enemies":"Champ","floor":33.0,"turns":9.0},{"damage":0.0,"enemies":"3 Darklings","floor":35.0,"turns":2.0},{"damage":12.0,"enemies":"3 Shapes","floor":36.0,"turns":1.0},{"damage":0.0,"enemies":"Sphere and 2 Shapes","floor":37.0,"turns":2.0},{"damage":0.0,"enemies":"Jaw Worm Horde","floor":39.0,"turns":1.0},{"damage":3,"enemies":"Reptomancer","floor":40,"turns":2},{"damage":6,"enemies":"Spire Growth","floor":42,"turns":2},{"damage":0,"enemies":"3 Darklings","floor":44,"turns":1},{"damage":3,"enemies":"4 Shapes","floor":45,"turns":1},{"damage":15,"enemies":"Writhing Mass","floor":47,"turns":3},{"damage":77,"enemies":"Awakened One","floor":50,"turns":6}],"seed_played":"-1138070426688025846","potions_obtained":[{"floor":6.0,"key":"Regen Potion"},{"floor":8.0,"key":"BlessingOfTheForge"},{"floor":14.0,"key":"DistilledChaos"},{"floor":16.0,"key":"Swift Potion"},{"floor":17.0,"key":"ColorlessPotion"},{"floor":18.0,"key":"Poison Potion"},{"floor":20.0,"key":"DistilledChaos"},{"floor":21.0,"key":"AttackPotion"},{"floor":23.0,"key":"SteroidPotion"},{"floor":25.0,"key":"PowerPotion"},{"floor":27.0,"key":"Energy Potion"},{"floor":30.0,"key":"DuplicationPotion"},{"floor":31.0,"key":"Weak Potion"},{"floor":33.0,"key":"ColorlessPotion"},{"floor":35.0,"key":"Fruit Juice"},{"floor":36.0,"key":"ColorlessPotion"},{"floor":37.0,"key":"AttackPotion"},{"floor":39.0,"key":"Fire Potion"},{"floor":40,"key":"ColorlessPotion"},{"floor":42,"key":"Ancient Potion"},{"floor":44,"key":"Fire Potion"},{"floor":45,"key":"Weak Potion"},{"floor":47,"key":"Block Potion"}],"is_trial":false,"path_per_floor":["M","?","M","$","?","E","?","M","T","M","?","M","?","M","R","B",null,"M","?","M","M","$","E","R","M","T","M","R","?","M","E","R","B",null,"M","M","M","T","M","E","R","M","T","M","M","?","M","$","R","B"],"character_chosen":"THE_SILENT","items_purchased":["Blade Dance","Accuracy","Blade Dance","Mercury Hourglass","FairyPotion","Pen Nib","Eternal Feather"],"campfire_rested":1,"item_purchase_floors":[4,22,22,22,22,48,48],"current_hp_per_floor":[70,63,63,63,56,52,52,52,52,55,67,67,63,63,63,22,72,56,56,54,49,49,37,58,58,58,63,63,63,67,59,59,5,72,72,70,70,70,75,74,74,68,68,73,74,74,62,62,77,0,0],"gold":4,"neow_bonus":"ONE_RARE_RELIC","is_daily":false,"chose_seed":false,"campfire_upgraded":5,"win_rate":0.0,"timestamp":1613074686,"path_taken":["M","?","M","$","?","E","?","?","T","M","?","M","?","M","R","BOSS","M","?","M","M","?","E","R","?","T","M","R","?","M","E","R","BOSS","M","?","M","?","?","E","R","M","T","M","M","?","M","$","R","BOSS"],"items_purchased_type":["Card","Card","Card","Relic","Potion","Relic","Relic"],"build_version":"2020-12-22","purchased_purges":2,"victory":false,"max_hp_per_floor":[70,67,67,67,67,67,67,67,67,67,67,67,67,67,67,67,72,72,72,72,72,72,72,72,72,72,72,72,72,72,72,72,72,72,72,77,77,77,77,77,77,77,77,77,77,77,77,77,77,77,77],"relic_stats":{"counters":[28,89],"Blue Candle":[0],"Eternal Feather":15,"Pen Nib":[2],"Whetstone":["Neutralize","Dagger Spray"],"MawBank":192,"Question Card":3,"obtain_stats":[{"Lantern":40,"Calipers":0,"Tiny House":17,"Blue Candle":9,"Eternal Feather":48,"The Courier":38,"Pen Nib":48,"Whetstone":23,"MawBank":6,"Question Card":43,"White Beast Statue":13,"Mercury Hourglass":22,"WristBlade":34,"Bag of Marbles":5,"Toy Ornithopter":26,"Unceasing Top":31,"Ring of the Snake":0},{"Lantern":23,"Calipers":0,"Tiny House":9,"Blue Candle":4,"Eternal Feather":27,"The Courier":21,"Pen Nib":27,"Whetstone":13,"MawBank":3,"Question Card":24,"White Beast Statue":7,"Mercury Hourglass":12,"WristBlade":18,"Bag of Marbles":2,"Toy Ornithopter":14,"Unceasing Top":17,"Ring of the Snake":0},{"Lantern":76,"Calipers":0,"Tiny House":35,"Blue Candle":12,"Eternal Feather":83,"The Courier":73,"Pen Nib":83,"Whetstone":51,"MawBank":11,"Question Card":78,"White Beast Statue":24,"Mercury Hourglass":48,"WristBlade":68,"Bag of Marbles":8,"Toy Ornithopter":53,"Unceasing Top":59,"Ring of the Snake":0}],"Toy Ornithopter":48,"Unceasing Top":[6],"Ring of the Snake":[56],"Mercury Hourglass":[165]},"card_choices":[{"not_picked":["Slice","Accuracy"],"picked":"Flying Knee","floor":1.0},{"not_picked":["Crippling Poison","Bouncing Flask"],"picked":"Blade Dance","floor":3.0},{"not_picked":["Quick Slash","Blade Dance"],"picked":"Dagger Spray","floor":6.0},{"not_picked":["Crippling Poison","Deflect"],"picked":"Footwork","floor":8.0},{"not_picked":["Skewer","Reflex","Endless Agony"],"picked":"SKIP","floor":10.0},{"not_picked":["Underhanded Strike","Crippling Poison"],"picked":"Backstab","floor":12.0},{"not_picked":["Bouncing Flask","Bane"],"picked":"Footwork","floor":13.0},{"not_picked":["Sucker Punch","Deadly Poison"],"picked":"Flying Knee","floor":14.0},{"not_picked":["Wraith Form v2","Bullet Time"],"picked":"Glass Knife","floor":16.0},{"not_picked":["Catalyst","Deadly Poison"],"picked":"Accuracy","floor":17.0},{"not_picked":["Riddle With Holes","Footwork","Prepared"],"picked":"SKIP","floor":18.0},{"not_picked":["Backflip","Dagger Throw"],"picked":"Backstab","floor":20.0},{"not_picked":["Blur+1","Slice"],"picked":"Predator+1","floor":21.0},{"not_picked":["Sucker Punch+1","Escape Plan"],"picked":"Deflect","floor":23.0},{"not_picked":["Reflex","Deadly Poison+1"],"picked":"Cloak And Dagger+1","floor":25.0},{"not_picked":["Tactician","Slice","Dagger Throw"],"picked":"SKIP","floor":27.0},{"not_picked":["Flying Knee","Prepared+1","Night Terror"],"picked":"SKIP","floor":30.0},{"not_picked":["Crippling Poison","Endless Agony"],"picked":"Backstab+1","floor":31.0},{"not_picked":["Doppelganger","Envenom"],"picked":"Adrenaline","floor":33.0},{"not_picked":["Dagger Throw+1","Prepared"],"picked":"Backflip+1","floor":35.0},{"not_picked":["Underhanded Strike+1","Deadly Poison+1"],"picked":"Accuracy","floor":36.0},{"not_picked":["Predator","Bane+1"],"picked":"Cloak And Dagger+1","floor":37.0},{"not_picked":["Riddle With Holes","Acrobatics"],"picked":"Well Laid Plans","floor":39.0},{"not_picked":["Riddle With Holes+1","Dodge and Roll"],"picked":"Cloak And Dagger+1","floor":40},{"not_picked":["Dagger Spray+1","Eviscerate+1"],"picked":"Burst","floor":42},{"not_picked":["Deadly Poison+1","Skewer","Riddle With Holes","Flying Knee+1"],"picked":"SKIP","floor":44},{"not_picked":["Quick Slash+1","Choke+1","Flying Knee","Dash+1"],"picked":"SKIP","floor":45},{"not_picked":["Poisoned Stab+1","Quick Slash+1","Reflex","Sucker Punch"],"picked":"SKIP","floor":47}],"player_experience":662001,"relics_obtained":[{"floor":6.0,"key":"MawBank"},{"floor":9.0,"key":"Blue Candle"},{"floor":13.0,"key":"White Beast Statue"},{"floor":23.0,"key":"Whetstone"},{"floor":26.0,"key":"Toy Ornithopter"},{"floor":31.0,"key":"Unceasing Top"},{"floor":38.0,"key":"The Courier"},{"floor":40,"key":"Lantern"},{"floor":43,"key":"Question Card"}],"event_choices":[{"cards_removed":["Parasite"],"damage_healed":0.0,"max_hp_gain":0.0,"max_hp_loss":0.0,"gold_gain":0.0,"event_name":"Golden Wing","player_choice":"Card Removal","floor":2.0,"gold_loss":0.0,"damage_taken":7.0},{"damage_healed":0.0,"max_hp_gain":0.0,"max_hp_loss":0.0,"gold_gain":0.0,"event_name":"Scrap Ooze","player_choice":"Success","floor":5.0,"gold_loss":0.0,"damage_taken":7.0,"relics_obtained":["Bag of Marbles"]},{"cards_removed":["Defend_G"],"damage_healed":0.0,"max_hp_gain":0.0,"max_hp_loss":0.0,"gold_gain":0.0,"event_name":"Bonfire Elementals","player_choice":"Offered Basic","floor":7.0,"gold_loss":0.0,"damage_taken":0.0},{"damage_healed":16.0,"max_hp_gain":0.0,"max_hp_loss":0.0,"gold_gain":0.0,"event_name":"The Cleric","player_choice":"Healed","floor":11.0,"gold_loss":35.0,"damage_taken":0.0},{"damage_healed":0.0,"max_hp_gain":0.0,"max_hp_loss":0.0,"gold_gain":0.0,"event_name":"Dead Adventurer","player_choice":"Searched \u00271\u0027 times","floor":13.0,"gold_loss":0.0,"damage_taken":0.0},{"damage_healed":0.0,"max_hp_gain":0.0,"max_hp_loss":0.0,"gold_gain":0.0,"event_name":"Upgrade Shrine","player_choice":"Upgraded","floor":19.0,"gold_loss":0.0,"damage_taken":0.0,"cards_upgraded":["Accuracy"]},{"damage_healed":0.0,"max_hp_gain":0.0,"max_hp_loss":0.0,"gold_gain":0.0,"event_name":"Match and Keep!","player_choice":"1 cards matched","floor":29.0,"gold_loss":0.0,"damage_taken":0.0,"cards_obtained":["Swift Strike"]},{"cards_removed":["Burst"],"damage_healed":0,"gold_gain":0,"player_choice":"Removed Skill","damage_taken":0,"max_hp_gain":0,"max_hp_loss":0,"event_name":"Falling","floor":46,"gold_loss":0}],"is_beta":false,"boss_relics":[{"not_picked":["Empty Cage","Velvet Choker"],"picked":"Tiny House"},{"not_picked":["Calling Bell","Runic Dome"],"picked":"WristBlade"}],"items_purged_floors":[4,48],"is_endless":false,"potions_floor_spawned":[6,8,14,16,18,20,21,23,25,27,30,31,33,35,36,37,39,40,42,44,45,47],"killed_by":"Awakened One","ascension_level":0}}