{"host":"tetq3wi5anb97imq","time":1613075264,"event":{"mods":["BaseMod","Block Reminder","Minty Spire (QoL Compilation)","Quick Restart","StSLib","SuperFastMode"],"gold_per_floor":[118,118,118,118,128,128,144,169,169,196,214,243,243,260,260,337,337,337,337,8,8,8,8,8,8,8,8,8,8,8,8,8,8,8,8,8,8,8,8,8,8],"floor_reached":40,"language":"ENG","playtime":1661,"items_purged":[],"score":1027,"play_id":"b87158b4-7a91-47f3-ba57-1d708f7e00d3","local_time":"20210211182744","is_ascension_mode":true,"campfire_choices":[{"data":"A Thousand Cuts","floor":6.0,"key":"SMITH"},{"floor":13.0,"key":"REST"},{"data":"Footwork","floor":15.0,"key":"SMITH"},{"data":"Distraction","floor":23.0,"key":"SMITH"},{"data":"Footwork","floor":25.0,"key":"SMITH"},{"data":"Glass Knife","floor":30.0,"key":"SMITH"},{"data":"Dash","floor":32.0,"key":"SMITH"}],"circlet_count":0,"master_deck":["AscendersBane","Strike_G+1","Strike_G+1","Strike_G+1","Strike_G+1","Defend_G+1","Defend_G+1","Defend_G+1","Defend_G+1","Defend_G+1","Survivor","Neutralize","A Thousand Cuts+1","Footwork+1","Poisoned Stab+1","Unload","Infinite Blades","Dodge and Roll","Distraction+1","Slice","Glass Knife+1","Distraction","PiercingWail","Backflip","Escape Plan","Footwork+1","Cloak And Dagger+1","Dash+1","After Image","Deflect+1","Escape Plan","Backflip","Leg Sweep","Parasite","Endless Agony","Dagger Throw","Leg Sweep","Die Die Die","Cloak And Dagger+1"],"relics":["Ring of the Snake","Kunai","Whetstone","Ornamental Fan","Lantern","Ectoplasm","PreservedInsect","Potion Belt","Mummified Hand","Prayer Wheel","Peace Pipe","WristBlade"],"acts_visited":["Exordium","TheCity","TheBeyond"],"potions_floor_usage":[33,33,36,37,38,38],"damage_taken":[{"damage":6.0,"enemies":"Cultist","floor":1.0,"turns":4.0},{"damage":6.0,"enemies":"2 Louse","floor":5.0,"turns":4.0},{"damage":7.0,"enemies":"Small Slimes","floor":7.0,"turns":3.0},{"damage":28.0,"enemies":"3 Sentries","floor":8.0,"turns":9.0},{"damage":11.0,"enemies":"Lagavulin","floor":10.0,"turns":6.0},{"damage":0.0,"enemies":"Blue Slaver","floor":11.0,"turns":5.0},{"damage":9.0,"enemies":"3 Sentries","floor":12.0,"turns":4.0},{"damage":0.0,"enemies":"Looter","floor":14.0,"turns":3.0},{"damage":3.0,"enemies":"The Guardian","floor":16.0,"turns":8.0},{"damage":4.0,"enemies":"Shell Parasite","floor":18.0,"turns":3.0},{"damage":4.0,"enemies":"Spheric Guardian","floor":22.0,"turns":4.0},{"damage":0.0,"enemies":"Gremlin Leader","floor":24.0,"turns":7.0},{"damage":8.0,"enemies":"Shelled Parasite and Fungi","floor":31.0,"turns":4.0},{"damage":0,"enemies":"Champ","floor":33,"turns":11},{"damage":1,"enemies":"3 Shapes","floor":35,"turns":5},{"damage":9,"enemies":"Orb Walker","floor":36,"turns":4},{"damage":0,"enemies":"Writhing Mass","floor":37,"turns":8},{"damage":29,"enemies":"3 Darklings","floor":38,"turns":6},{"damage":5,"enemies":"4 Shapes","floor":39,"turns":5},{"damage":0,"enemies":"Giant Head","floor":40,"turns":5}],"seed_played":"8225394573972902350","potions_obtained":[{"floor":8.0,"key":"SteroidPotion"},{"floor":10.0,"key":"LiquidMemories"},{"floor":12.0,"key":"DistilledChaos"},{"floor":14.0,"key":"Dexterity Potion"},{"floor":24.0,"key":"ColorlessPotion"},{"floor":31.0,"key":"SkillPotion"},{"floor":33,"key":"Poison Potion"},{"floor":36,"key":"Weak Potion"}],"is_trial":false,"path_per_floor":["M","?","?","?","M","R","M","E","T","E","M","E","R","M","R","B",null,"M","?","$","?","M","R","E","R","T","T","$","T","R","M","R","B",null,"M","M","M","M","M","E"],"character_chosen":"THE_SILENT","items_purchased":["PreservedInsect","PiercingWail","PowerPotion","Backflip"],"campfire_rested":1,"item_purchase_floors":[20,20,20,20],"current_hp_per_floor":[53,33,26,66,60,60,53,25,25,14,14,5,24,24,24,21,55,51,51,51,51,47,47,47,47,47,47,47,47,47,39,39,39,59,58,49,49,20,15,15,15],"gold":8,"neow_bonus":"ONE_RANDOM_RARE_CARD","is_daily":false,"chose_seed":false,"campfire_upgraded":6,"win_rate":0.0,"timestamp":1613075264,"path_taken":["M","?","?","?","M","R","M","E","T","E","M","E","R","M","R","BOSS","M","?","$","?","M","R","E","R","T","?","?","?","R","M","R","BOSS","M","M","M","M","M","E"],"items_purchased_type":["Relic","Card","Potion","Card"],"build_version":"2020-12-22","purchased_purges":0,"victory":false,"max_hp_per_floor":[66,66,66,66,66,66,66,66,66,66,66,66,66,66,66,66,66,66,66,66,66,66,66,66,66,66,66,66,66,66,66,66,66,66,66,66,66,66,66,66,66],"card_choices":[{"not_picked":["Prepared","Outmaneuver","Accuracy"],"picked":"SKIP","floor":1.0},{"not_picked":["Cloak And Dagger","Flying Knee"],"picked":"Footwork","floor":5.0},{"not_picked":["Bane","Masterful Stab"],"picked":"Poisoned Stab","floor":7.0},{"not_picked":["Expertise","Bouncing Flask"],"picked":"Unload","floor":8.0},{"not_picked":["Setup","Terror"],"picked":"Infinite Blades","floor":10.0},{"not_picked":["Eviscerate","All Out Attack"],"picked":"Dodge and Roll","floor":11.0},{"not_picked":["Catalyst","Prepared"],"picked":"Distraction","floor":12.0},{"not_picked":["Predator","Acrobatics"],"picked":"Slice","floor":14.0},{"not_picked":["Tools of the Trade","Unload"],"picked":"Glass Knife","floor":16.0},{"not_picked":["Sucker Punch","PiercingWail+1"],"picked":"Distraction","floor":18.0},{"not_picked":["Slice+1","Cloak And Dagger"],"picked":"Escape Plan","floor":22.0},{"not_picked":["Predator","Accuracy"],"picked":"Footwork","floor":24.0},{"not_picked":["Backflip","Prepared"],"picked":"Cloak And Dagger+1","floor":31.0},{"not_picked":["All Out Attack","Prepared"],"picked":"Dash","floor":31.0},{"not_picked":["Bullet Time","Malaise"],"picked":"After Image","floor":33},{"not_picked":["Eviscerate+1","Masterful Stab"],"picked":"Deflect+1","floor":35},{"not_picked":["PiercingWail","Quick Slash"],"picked":"Escape Plan","floor":35},{"not_picked":["Dagger Spray","Catalyst"],"picked":"Backflip","floor":36},{"not_picked":["Poisoned Stab","Bane"],"picked":"Leg Sweep","floor":36},{"not_picked":["Crippling Poison","Distraction+1"],"picked":"Endless Agony","floor":37},{"not_picked":["Poisoned Stab","Acrobatics"],"picked":"Dagger Throw","floor":37},{"not_picked":["Flying Knee","Deadly Poison+1"],"picked":"Leg Sweep","floor":38},{"not_picked":["Calculated Gamble","Outmaneuver","Prepared"],"picked":"SKIP","floor":38},{"not_picked":["Dash","Accuracy"],"picked":"Die Die Die","floor":39},{"not_picked":["Leg Sweep+1","Riddle With Holes"],"picked":"Cloak And Dagger+1","floor":39}],"player_experience":1663788,"relics_obtained":[{"floor":8.0,"key":"Kunai"},{"floor":9.0,"key":"Whetstone"},{"floor":10.0,"key":"Ornamental Fan"},{"floor":12.0,"key":"Lantern"},{"floor":24.0,"key":"Potion Belt"},{"floor":26.0,"key":"Mummified Hand"},{"floor":27.0,"key":"Prayer Wheel"},{"floor":29.0,"key":"Peace Pipe"}],"event_choices":[{"damage_healed":0.0,"max_hp_gain":0.0,"max_hp_loss":0.0,"gold_gain":0.0,"event_name":"Shining Light","player_choice":"Entered Light","floor":2.0,"gold_loss":0.0,"damage_taken":20.0,"cards_upgraded":["Strike_G","Strike_G"]},{"cards_removed":["Strike_G"],"damage_healed":0.0,"max_hp_gain":0.0,"max_hp_loss":0.0,"gold_gain":0.0,"event_name":"Golden Wing","player_choice":"Card Removal","floor":3.0,"gold_loss":0.0,"damage_taken":7.0},{"damage_healed":40.0,"max_hp_gain":0.0,"max_hp_loss":0.0,"gold_gain":0.0,"event_name":"Wheel of Change","player_choice":"Full Heal","floor":4.0,"gold_loss":0.0,"damage_taken":0.0},{"damage_healed":0.0,"max_hp_gain":0.0,"max_hp_loss":0.0,"gold_gain":0.0,"event_name":"Back to Basics","player_choice":"Simplicity","floor":19.0,"gold_loss":0.0,"damage_taken":0.0,"cards_upgraded":["Strike_G","Defend_G","Defend_G","Defend_G","Defend_G","Defend_G"]},{"damage_healed":0.0,"max_hp_gain":0.0,"max_hp_loss":0.0,"gold_gain":0.0,"event_name":"Vampires","player_choice":"Ignored","floor":21.0,"gold_loss":0.0,"damage_taken":0.0}],"is_beta":false,"boss_relics":[{"not_picked":["Coffee Dripper","Runic Pyramid"],"picked":"Ectoplasm"},{"not_picked":["Sozu","Cursed Key"],"picked":"WristBlade"}],"items_purged_floors":[],"is_endless":false,"potions_floor_spawned":[8,10,12,14,16,24,31,33,36],"killed_by":"Giant Head","ascension_level":20}}