{"host":"h4lp0eeso8a0ssq0","time":1613072884,"event":{"mods":["2.2 Compatiblity","AchievementEnabler","BaseMod","CapriCore","Colored Map","Minty Spire (QoL Compilation)","StSLib","SuperFastMode"],"gold_per_floor":[110,110,185,202,202,231,231,263,263,276,291,306,306,321,321,399,399,415,330,62,88,107,107,132,132,132,166,166,177,177,177,177,260,260,289,308,38,38,65,65,80,80,89,89,112,16,16,31,31,31,31],"floor_reached":52,"language":"KOR","playtime":1198,"items_purged":["Pain"],"score":1818,"play_id":"90c55a43-5b46-427c-bbf3-450586c7c647","local_time":"20210212044804","is_ascension_mode":true,"campfire_choices":[{"data":"Blade Dance","floor":7.0,"key":"SMITH"},{"data":"Accuracy","floor":13.0,"key":"SMITH"},{"data":"Choke","floor":15.0,"key":"SMITH"},{"data":"Blade Dance","floor":23.0,"key":"SMITH"},{"floor":25.0,"key":"REST"},{"data":"Wraith Form v2","floor":28.0,"key":"SMITH"},{"data":"Phantasmal Killer","floor":30.0,"key":"SMITH"},{"floor":32.0,"key":"REST"},{"data":"Blade Dance","floor":40.0,"key":"SMITH"},{"data":"Acrobatics","floor":42.0,"key":"SMITH"},{"data":"Cloak And Dagger","floor":47.0,"key":"SMITH"},{"data":"Neutralize","floor":49.0,"key":"SMITH"}],"circlet_count":0,"master_deck":["AscendersBane","Strike_G","Strike_G","Strike_G","Defend_G","Defend_G","Defend_G","Defend_G","Survivor","Neutralize+1","Blade Dance+1","Heel Hook","Choke+1","Accuracy+1","Sucker Punch","Blade Dance+1","Backflip","Die Die Die","Wraith Form v2+1","Deflect","Sucker Punch+1","Accuracy+1","Phantasmal Killer+1","Storm of Steel","Accuracy+1","Blade Dance+1","Acrobatics+1","Corpse Explosion","Cloak And Dagger+1"],"relics":["Ring of the Snake","NeowsBlessing","StoneCalendar","Vajra","Meat on the Bone","Philosopher\u0027s Stone","CeramicFish","Ornamental Fan","Paper Crane","Enchiridion","Cursed Key","MealTicket","Mango"],"acts_visited":["Exordium","TheCity","TheBeyond"],"potions_floor_usage":[51],"damage_taken":[{"damage":0.0,"enemies":"Jaw Worm","floor":1.0,"turns":1.0},{"damage":0.0,"enemies":"Small Slimes","floor":4.0,"turns":1.0},{"damage":0.0,"enemies":"Lagavulin","floor":6.0,"turns":1.0},{"damage":30.0,"enemies":"3 Sentries","floor":8.0,"turns":7.0},{"damage":1.0,"enemies":"2 Louse","floor":10.0,"turns":3.0},{"damage":4.0,"enemies":"Large Slime","floor":11.0,"turns":5.0},{"damage":0.0,"enemies":"2 Fungi Beasts","floor":12.0,"turns":2.0},{"damage":0.0,"enemies":"3 Louse","floor":14.0,"turns":3.0},{"damage":24.0,"enemies":"The Guardian","floor":16.0,"turns":9.0},{"damage":28.0,"enemies":"Spheric Guardian","floor":18.0,"turns":4.0},{"damage":4.0,"enemies":"2 Thieves","floor":21.0,"turns":2.0},{"damage":0.0,"enemies":"Chosen and Byrds","floor":22.0,"turns":3.0},{"damage":16.0,"enemies":"Centurion and Healer","floor":24.0,"turns":5.0},{"damage":2.0,"enemies":"Book of Stabbing","floor":27.0,"turns":4.0},{"damage":9.0,"enemies":"Sentry and Sphere","floor":29.0,"turns":4.0},{"damage":1.0,"enemies":"Champ","floor":33.0,"turns":6.0},{"damage":21.0,"enemies":"3 Shapes","floor":35.0,"turns":2.0},{"damage":7.0,"enemies":"3 Darklings","floor":36.0,"turns":6.0},{"damage":0.0,"enemies":"Jaw Worm Horde","floor":39.0,"turns":3.0},{"damage":0.0,"enemies":"Transient","floor":41.0,"turns":6.0},{"damage":0.0,"enemies":"Spire Growth","floor":45.0,"turns":2.0},{"damage":0.0,"enemies":"Jaw Worm Horde","floor":48.0,"turns":2.0},{"damage":22.0,"enemies":"Donu and Deca","floor":50.0,"turns":3.0},{"damage":39,"enemies":"Time Eater","floor":51,"turns":6}],"seed_played":"4281782615450296657","potions_obtained":[{"floor":1.0,"key":"ColorlessPotion"},{"floor":6.0,"key":"CultistPotion"},{"floor":10.0,"key":"SneckoOil"},{"floor":21.0,"key":"SkillPotion"},{"floor":27.0,"key":"Strength Potion"},{"floor":36.0,"key":"Weak Potion"}],"is_trial":false,"path_per_floor":["M","?","?","M","?","E","R","E","T","M","M","M","R","M","R","B",null,"M","?","$","M","M","R","M","R","T","E","R","M","R","?","R","B",null,"M","M","$","?","M","R","M","R","T","?","M","$","R","M","R","B","B",null],"character_chosen":"THE_SILENT","items_purchased":["Ornamental Fan","MealTicket","FairyPotion","Cloak And Dagger"],"campfire_rested":2,"item_purchase_floors":[20,37,37,46],"current_hp_per_floor":[59,59,48,48,41,41,41,11,11,22,30,42,42,42,42,30,57,41,41,41,37,37,37,33,52,52,50,50,41,41,20,39,38,59,38,43,43,43,43,43,43,43,57,57,57,72,72,72,72,50,23],"gold":31,"neow_bonus":"THREE_ENEMY_KILL","is_daily":false,"chose_seed":false,"campfire_upgraded":10,"win_rate":0.0,"timestamp":1613072884,"path_taken":["M","?","?","M","?","E","R","E","T","M","M","M","R","M","R","BOSS","M","?","$","M","M","R","M","R","T","E","R","M","R","?","R","BOSS","M","M","$","?","M","R","M","R","T","?","M","$","R","M","R","BOSS","BOSS"],"items_purchased_type":["Relic","Relic","Potion","Card"],"build_version":"2020-12-22","purchased_purges":1,"victory":true,"max_hp_per_floor":[66,66,66,66,66,66,66,66,66,66,66,66,66,66,66,66,66,66,66,66,66,66,66,66,66,66,66,66,66,66,66,66,66,66,66,66,66,66,66,66,66,66,80,80,80,80,80,80,80,80,80],"card_choices":[{"not_picked":["Blur","Tactician"],"picked":"Blade Dance","floor":1.0},{"not_picked":["Bane","Prepared"],"picked":"Heel Hook","floor":4.0},{"not_picked":["Backflip","Dodge and Roll"],"picked":"Choke","floor":6.0},{"not_picked":["Catalyst","Dagger Throw"],"picked":"Accuracy","floor":8.0},{"not_picked":["Outmaneuver","Catalyst"],"picked":"Sucker Punch","floor":10.0},{"not_picked":["PiercingWail","Dodge and Roll"],"picked":"Blade Dance","floor":11.0},{"not_picked":["Underhanded Strike","Crippling Poison"],"picked":"Backflip","floor":12.0},{"not_picked":["Deflect","Distraction"],"picked":"Die Die Die","floor":14.0},{"not_picked":["Envenom","Adrenaline"],"picked":"Wraith Form v2","floor":16.0},{"not_picked":["Blur","Bane","Flechettes"],"picked":"SKIP","floor":18.0},{"not_picked":["Deadly Poison","Backstab"],"picked":"Deflect","floor":21.0},{"not_picked":["Prepared","Heel Hook+1"],"picked":"Sucker Punch+1","floor":22.0},{"not_picked":["Backflip+1","Quick Slash"],"picked":"Accuracy+1","floor":24.0},{"not_picked":["Calculated Gamble","Concentrate"],"picked":"Phantasmal Killer","floor":27.0},{"not_picked":["Bane","Expertise","Footwork"],"picked":"SKIP","floor":29.0},{"not_picked":["Venomology","Phantasmal Killer"],"picked":"Storm of Steel","floor":33.0},{"not_picked":["Dash+1","Eviscerate"],"picked":"Accuracy+1","floor":35.0},{"not_picked":["Masterful Stab","Caltrops+1"],"picked":"Blade Dance","floor":36.0},{"not_picked":["Expertise+1","Slice"],"picked":"Acrobatics","floor":39.0},{"not_picked":["Bane+1","Flying Knee","Skewer"],"picked":"SKIP","floor":41.0},{"not_picked":["Dagger Spray","Dagger Throw"],"picked":"Corpse Explosion","floor":45.0},{"not_picked":["Sucker Punch+1","Slice+1","PiercingWail"],"picked":"SKIP","floor":48.0}],"player_experience":225633,"relics_obtained":[{"floor":6.0,"key":"StoneCalendar"},{"floor":8.0,"key":"Vajra"},{"floor":9.0,"key":"Meat on the Bone"},{"floor":26.0,"key":"Paper Crane"},{"floor":31.0,"key":"Enchiridion"},{"floor":43.0,"key":"Mango"}],"event_choices":[{"cards_removed":["Strike_G"],"damage_healed":0.0,"max_hp_gain":0.0,"max_hp_loss":0.0,"gold_gain":0.0,"event_name":"Living Wall","player_choice":"Forget","floor":2.0,"gold_loss":0.0,"damage_taken":0.0},{"damage_healed":0.0,"max_hp_gain":0.0,"max_hp_loss":0.0,"gold_gain":75.0,"event_name":"World of Goop","player_choice":"Gather Gold","floor":3.0,"gold_loss":0.0,"damage_taken":11.0},{"cards_removed":["Strike_G"],"damage_healed":0.0,"max_hp_gain":0.0,"max_hp_loss":0.0,"gold_gain":0.0,"event_name":"Golden Wing","player_choice":"Card Removal","floor":5.0,"gold_loss":0.0,"damage_taken":7.0},{"damage_healed":0.0,"max_hp_gain":0.0,"max_hp_loss":0.0,"gold_gain":0.0,"event_name":"Addict","player_choice":"Obtained Relic","floor":19.0,"gold_loss":85.0,"damage_taken":0.0,"relics_obtained":["CeramicFish"]},{"damage_healed":0.0,"max_hp_gain":0.0,"max_hp_loss":0.0,"gold_gain":0.0,"event_name":"Cursed Tome","player_choice":"Obtained Book","floor":31.0,"gold_loss":0.0,"damage_taken":21.0},{"cards_removed":["Defend_G"],"damage_healed":0.0,"max_hp_gain":0.0,"max_hp_loss":0.0,"gold_gain":0.0,"event_name":"Falling","player_choice":"Removed Skill","floor":38.0,"gold_loss":0.0,"damage_taken":0.0},{"damage_healed":0.0,"max_hp_gain":0.0,"max_hp_loss":0.0,"gold_gain":0.0,"event_name":"Tomb of Lord Red Mask","player_choice":"Ignored","floor":44.0,"gold_loss":0.0,"damage_taken":0.0}],"is_beta":false,"boss_relics":[{"not_picked":["Calling Bell","HoveringKite"],"picked":"Philosopher\u0027s Stone"},{"not_picked":["Ring of the Serpent","Empty Cage"],"picked":"Cursed Key"}],"items_purged_floors":[46],"is_endless":false,"potions_floor_spawned":[1,6,10,21,27,36,41,48],"ascension_level":20}}