{"host":"n95r2z13dwkl182w","time":1613044084,"event":{"mods":["2.2 Compatiblity","AchievementEnabler","BaseMod","Colored Map","Hermit","Marisa£¨Ùöéë¡¡Øª×âÞÞ£©","Minty Spire (QoL Compilation)","StSLib","SuperFastMode","The Poker Player","everything is the same but u backflip on backflip"],"gold_per_floor":[16,16,30,30,30,65,65,96,96,96,111,125,125,146,146,271,334,354,354,368,368,65,65,98,13,59,59,103,126,165,165,165,165,165],"floor_reached":33,"language":"KOR","playtime":1100,"items_purged":[],"score":422,"play_id":"76071792-b91e-4e67-b015-a7518f32c39e","local_time":"20210211204804","is_ascension_mode":true,"campfire_choices":[{"floor":15.0,"key":"REST"},{"data":"BinaryStars","floor":23.0,"key":"SMITH"},{"floor":32,"key":"REST"}],"circlet_count":0,"master_deck":["Defend_MRS+1","Defend_MRS","Defend_MRS","Defend_MRS+1","MasterSpark","UpSweep","FinalSpark+1","GrandCross+1","FairyDestructionRay+1","Injury","DoubleSpark+1","BinaryStars+1","Bite+1","Bite+1","Bite+1","Bite+1","Bite+1","NonDirectionalLaser+1","DoubleSpark+1","StarDustReverie","ManaRampage"],"relics":["MiniHakkero","Incense Burner","Molten Egg 2","Sundial","Singing Bowl","Golden Idol","Tiny House","MutagenicStrength","Omamori","Orrery","War Paint","Matryoshka","Centennial Puzzle","Dream Catcher","Bag of Marbles","Meat on the Bone"],"acts_visited":["Exordium","TheCity"],"potions_floor_usage":[],"damage_taken":[{"damage":2.0,"enemies":"2 Louse","floor":1.0,"turns":2.0},{"damage":1.0,"enemies":"Cultist","floor":3.0,"turns":4.0},{"damage":12.0,"enemies":"3 Sentries","floor":6.0,"turns":5.0},{"damage":19.0,"enemies":"Lagavulin","floor":8.0,"turns":4.0},{"damage":13.0,"enemies":"Jaw Worm","floor":11.0,"turns":4.0},{"damage":1.0,"enemies":"Looter","floor":12.0,"turns":2.0},{"damage":0.0,"enemies":"Large Slime","floor":14.0,"turns":4.0},{"damage":0.0,"enemies":"Slime Boss","floor":16.0,"turns":3.0},{"damage":29.0,"enemies":"2 Thieves","floor":18.0,"turns":3.0},{"damage":0.0,"enemies":"Spheric Guardian","floor":20.0,"turns":2.0},{"damage":33.0,"enemies":"Book of Stabbing","floor":24.0,"turns":4.0},{"damage":3.0,"enemies":"Slavers","floor":28.0,"turns":4.0},{"damage":10.0,"enemies":"Snecko","floor":29.0,"turns":3.0},{"damage":23.0,"enemies":"Book of Stabbing","floor":30.0,"turns":4.0},{"damage":19,"enemies":"Colosseum Slavers","floor":31,"turns":3},{"damage":68,"enemies":"Champ","floor":33,"turns":9}],"seed_played":"-9064826431050167086","potions_obtained":[{"floor":1.0,"key":"SkillPotion"},{"floor":11.0,"key":"PowerPotion"},{"floor":12.0,"key":"Strength Potion"},{"floor":17.0,"key":"Dexterity Potion"},{"floor":20.0,"key":"GamblersBrew"},{"floor":29.0,"key":"FairyPotion"}],"is_trial":false,"path_per_floor":["M","?","M","$","$","E","?","E","T","$","M","M","?","M","R","B",null,"M","?","M","?","$","R","E","?","T","?","E","M","E","?","R","B"],"character_chosen":"MARISA","items_purchased":["Omamori","Orrery"],"campfire_rested":2,"item_purchase_floors":[22,22],"current_hp_per_floor":[73,73,72,72,72,60,60,41,41,41,28,29,29,29,52,52,84,57,57,60,60,66,66,40,40,40,62,68,60,48,38,61,14,14],"gold":165,"neow_bonus":"THREE_RARE_CARDS","is_daily":false,"chose_seed":false,"campfire_upgraded":1,"win_rate":0.0,"timestamp":1613044084,"path_taken":["M","?","M","?","$","E","?","E","T","$","M","M","?","M","R","BOSS","M","?","M","?","$","R","E","?","T","?","E","M","E","?","R","BOSS"],"items_purchased_type":["Relic","Relic"],"build_version":"2020-12-22","purchased_purges":0,"victory":false,"max_hp_per_floor":[75,75,75,75,75,75,75,75,75,75,75,77,77,77,77,77,84,86,60,60,60,66,66,68,68,68,68,68,70,72,72,74,74,74],"card_choices":[{"not_picked":["BigCrunch","EscapeVelocity"],"picked":"FinalSpark","floor":0.0},{"not_picked":["EnergyRecoil","LuminesStrike","DarkSpark"],"picked":"SKIP","floor":1.0},{"not_picked":["6A","LuminesStrike","ShootTheMoon"],"picked":"SKIP","floor":3.0},{"not_picked":["SuperPerseids","MagicChant"],"picked":"GrandCross+1","floor":6.0},{"not_picked":["ChargingUp","ShootTheMoon+1","ChargeUpSpray+1"],"picked":"SKIP","floor":8.0},{"not_picked":["DoubleSpark+1","OortCloud"],"picked":"FairyDestructionRay+1","floor":11.0},{"not_picked":["MagicChant","UnstableBomb+1","OrrerysSun"],"picked":"Singing Bowl","floor":12.0},{"not_picked":["GrandCross+1","IllusionStar"],"picked":"DoubleSpark+1","floor":14.0},{"not_picked":["TreasureHunter+1","AbsoluteMagnitude+1"],"picked":"BinaryStars","floor":16.0},{"not_picked":["SporeBomb","ManaConvection","Acceleration"],"picked":"Singing Bowl","floor":17.0},{"not_picked":["Singularity","DarkMatter","6A+1"],"picked":"Singing Bowl","floor":18.0},{"not_picked":["StarlightTyphoon","LuminesStrike+1"],"picked":"NonDirectionalLaser+1","floor":20.0},{"not_picked":["EnergyFlow","MysteriousBeam+1"],"picked":"DoubleSpark+1","floor":22.0},{"not_picked":["DarkMatter","ChargingUp"],"picked":"StarDustReverie","floor":22.0},{"not_picked":["AsteroidBelt","OortCloud+1","MysteriousBeam+1"],"picked":"Singing Bowl","floor":22.0},{"not_picked":["DoubleSpark+1","WitchOfGreed","ManaConvection"],"picked":"Singing Bowl","floor":22.0},{"not_picked":["6A+1","DoubleSpark+1","MagicChant"],"picked":"Singing Bowl","floor":22.0},{"not_picked":["IllusionStar","DoubleSpark+1","OpenUniverse"],"picked":"Singing Bowl","floor":24.0},{"not_picked":["UnstableBomb+1","DeepEcoloBomb+1"],"picked":"ManaRampage","floor":28.0},{"not_picked":["MilkyWay","DeepEcoloBomb+1","OrrerysSun+1"],"picked":"Singing Bowl","floor":29.0},{"not_picked":["EnergyRecoil","AsteroidBelt","ChargingUp"],"picked":"Singing Bowl","floor":30.0},{"not_picked":["IllusionStar","MysteriousBeam+1","DoubleSpark+1"],"picked":"Singing Bowl","floor":32}],"player_experience":76350,"relics_obtained":[{"floor":6.0,"key":"Molten Egg 2"},{"floor":8.0,"key":"Sundial"},{"floor":9.0,"key":"Singing Bowl"},{"floor":24.0,"key":"War Paint"},{"floor":26.0,"key":"Centennial Puzzle"},{"floor":26.0,"key":"Dream Catcher"},{"floor":28.0,"key":"Bag of Marbles"},{"floor":30.0,"key":"Meat on the Bone"}],"event_choices":[{"damage_healed":0.0,"max_hp_gain":0.0,"max_hp_loss":0.0,"gold_gain":0.0,"event_name":"WeMeetAgain","player_choice":"Gave Potion","floor":2.0,"gold_loss":0.0,"damage_taken":0.0,"relics_obtained":["Incense Burner"]},{"damage_healed":0.0,"max_hp_gain":0.0,"max_hp_loss":0.0,"gold_gain":0.0,"event_name":"Living Wall","player_choice":"Grow","floor":7.0,"gold_loss":0.0,"damage_taken":0.0,"cards_upgraded":["FinalSpark"]},{"damage_healed":0.0,"max_hp_gain":0.0,"max_hp_loss":0.0,"gold_gain":0.0,"event_name":"Golden Idol","player_choice":"Take Wound","floor":13.0,"gold_loss":0.0,"damage_taken":0.0,"relics_obtained":["Golden Idol"],"cards_obtained":["Injury"]},{"damage_healed":0.0,"max_hp_gain":0.0,"max_hp_loss":26.0,"gold_gain":0.0,"event_name":"Vampires","player_choice":"Became a vampire","floor":19.0,"gold_loss":0.0,"damage_taken":0.0,"cards_obtained":["Bite","Bite","Bite","Bite","Bite"]},{"damage_healed":0.0,"max_hp_gain":0.0,"max_hp_loss":0.0,"gold_gain":0.0,"event_name":"Drug Dealer","player_choice":"Inject Mutagens","floor":21.0,"gold_loss":0.0,"damage_taken":0.0,"relics_obtained":["MutagenicStrength"]},{"damage_healed":0.0,"max_hp_gain":0.0,"max_hp_loss":0.0,"gold_gain":0.0,"event_name":"Addict","player_choice":"Obtained Relic","floor":25.0,"gold_loss":85.0,"damage_taken":0.0,"relics_obtained":["Matryoshka"]},{"damage_healed":22.0,"max_hp_gain":0.0,"max_hp_loss":0.0,"gold_gain":0.0,"event_name":"The Library","player_choice":"Heal","floor":27.0,"gold_loss":0.0,"damage_taken":0.0},{"damage_healed":0,"gold_gain":0,"player_choice":"Fight","damage_taken":0,"max_hp_gain":0,"max_hp_loss":0,"event_name":"Colosseum","floor":31,"gold_loss":0},{"damage_healed":0,"gold_gain":0,"player_choice":"Fled From Nobs","damage_taken":0,"max_hp_gain":0,"max_hp_loss":0,"event_name":"Colosseum","floor":31,"gold_loss":0}],"is_beta":false,"boss_relics":[{"not_picked":["Snecko Eye","Runic Pyramid"],"picked":"Tiny House"}],"items_purged_floors":[],"is_endless":false,"potions_floor_spawned":[1,11,12,20,29,30,31],"killed_by":"Champ","ascension_level":2}}