{"host":"b7dyfc527bmrkvbm","time":1613085660,"event":{"mods":["2.2 Compatiblity","Act Like it!","BaseMod","BetterRewards","Conspire","Downfall","Hubris","Infinite Spire","Mimic Mod","Minty Spire (QoL Compilation)","Replay The Spire","Shop Mod","StSLib","The Jungle"],"gold_per_floor":[115,115,165,205,217,229,241,253,303,315,327,365,416,461,473,43,43,51,51],"floor_reached":18,"language":"ENG","playtime":2117,"items_purged":["hubris:Sloth"],"score":163,"play_id":"87d83392-52b9-48d5-97af-44b80a322a23","local_time":"20210211182100","is_ascension_mode":true,"campfire_choices":[{"data":"Zap","floor":8,"key":"SMITH"},{"floor":10,"key":"RECALL"},{"floor":17,"key":"REST"}],"circlet_count":0,"master_deck":["Strike_B","Strike_B","Strike_B","Strike_B","Defend_B","Defend_B","Defend_B","Defend_B","Zap+1","Dualcast","Go for the Eyes","Capacitor","Gash"],"relics":["Cracked Core","NeowsBlessing","Golden Idol","Ring of Greed","MawBank","ReplayTheSpireMod:Ring of Collecting","Replay:Bandana","Shuriken","infinitespire:Broken Mirror","Ring of Shattering","Replay:Rubber Ducky","infinitespire:Bottled Soul","Spirit Poop","MerchantsRug","Mirror"],"acts_visited":["Exordium"],"potions_floor_usage":[],"damage_taken":[{"damage":0,"enemies":"Cultist","floor":1,"turns":1},{"damage":0,"enemies":"2 Louse","floor":4,"turns":1},{"damage":0,"enemies":"3 Sentries","floor":9,"turns":2},{"damage":2,"enemies":"Jaw Worm","floor":12,"turns":2},{"damage":23,"enemies":"Lagavulin","floor":13,"turns":5},{"damage":32,"enemies":"Lots of Slimes","floor":14,"turns":5},{"damage":65,"enemies":"Fading Forest","floor":18,"turns":9}],"seed_played":"5949950536823698370","potions_obtained":[{"floor":12,"key":"DuplicationPotion"},{"floor":14,"key":"LiquidBronze"}],"is_trial":false,"path_per_floor":["M","?","?","M","?","PTL","PTL","R","E","R","T","M","E","M","?","$","R","B"],"character_chosen":"DEFECT","items_purchased":["MerchantsRug","Mirror"],"campfire_rested":1,"item_purchase_floors":[16,16],"current_hp_per_floor":[75,69,69,69,69,69,69,69,69,69,69,67,44,12,12,12,32,0,0],"gold":51,"neow_bonus":"THREE_ENEMY_KILL","is_daily":false,"chose_seed":false,"campfire_upgraded":1,"win_rate":0.0,"timestamp":1613085660,"path_taken":["M","?","?","M","?","PTL","PTL","R","E","R","T","?","E","M","?","$","R","BOSS"],"items_purchased_type":["Relic","Relic"],"build_version":"2020-12-22","purchased_purges":1,"victory":false,"max_hp_per_floor":[75,69,69,69,69,69,69,69,69,69,69,69,69,69,69,69,69,69,69],"card_choices":[{"not_picked":["Beam Cell","Gash"],"picked":"Leap","floor":1},{"not_picked":["Meteor Strike","Leap","Sweeping Beam"],"picked":"SKIP","floor":4},{"not_picked":["Stack","Fusion","Redo"],"picked":"SKIP","floor":9},{"not_picked":["Chill","Turbo"],"picked":"Go for the Eyes","floor":12},{"not_picked":["Aggregate","Force Field"],"picked":"Capacitor","floor":13},{"not_picked":["Cold Snap","ReplayTheSpireMod:Omega Cannon"],"picked":"Gash","floor":14}],"player_experience":471064,"relics_obtained":[{"floor":3,"key":"Ring of Greed"},{"floor":3,"key":"MawBank"},{"floor":3,"key":"ReplayTheSpireMod:Ring of Collecting"},{"floor":3,"key":"Replay:Bandana"},{"floor":9,"key":"infinitespire:Broken Mirror"},{"floor":11,"key":"Ring of Shattering"},{"floor":11,"key":"Replay:Rubber Ducky"},{"floor":13,"key":"infinitespire:Bottled Soul"}],"event_choices":[{"damage_healed":0,"gold_gain":0,"player_choice":"Lose Max HP","damage_taken":0,"relics_obtained":["Golden Idol"],"max_hp_gain":0,"max_hp_loss":6,"event_name":"Golden Idol","floor":2,"gold_loss":0},{"cards_removed":["Leap"],"damage_healed":0,"gold_gain":0,"player_choice":"Gave Card","damage_taken":0,"relics_obtained":["Shuriken"],"max_hp_gain":0,"max_hp_loss":0,"event_name":"WeMeetAgain","floor":5,"gold_loss":0},{"cards_removed":["Sickly"],"damage_healed":0,"gold_gain":0,"player_choice":"Offered Curse","damage_taken":0,"relics_obtained":["Spirit Poop"],"max_hp_gain":0,"max_hp_loss":0,"event_name":"Bonfire Elementals","floor":15,"gold_loss":0}],"is_beta":false,"boss_relics":[],"items_purged_floors":[16],"is_endless":false,"potions_floor_spawned":[12,14],"killed_by":"Fading Forest","ascension_level":3}}