{"host":"h4lp0eeso8a0ssq0","time":1613065117,"event":{"mods":["2.2 Compatiblity","AchievementEnabler","BaseMod","CapriCore","Colored Map","Minty Spire (QoL Compilation)","StSLib","SuperFastMode"],"gold_per_floor":[109,125,125,125,50,82,82,92,92,106,47,47,47,63,63,63,63],"floor_reached":16,"language":"KOR","playtime":450,"items_purged":[],"score":250,"play_id":"ab4ead8f-0014-40b1-bad6-9be10de13da6","local_time":"20210212023837","is_ascension_mode":true,"campfire_choices":[{"data":"Tactician","floor":7.0,"key":"SMITH"},{"data":"Sucker Punch","floor":12.0,"key":"SMITH"},{"floor":15.0,"key":"REST"}],"circlet_count":0,"master_deck":["AscendersBane","Strike_G+1","Strike_G","Strike_G","Defend_G","Defend_G","Defend_G","Defend_G","Defend_G","Survivor","Neutralize","Heel Hook+1","Tactician+1","Tactician","Heel Hook","Cloak And Dagger","Quick Slash","Calculated Gamble","Sucker Punch+1","Dagger Spray","A Thousand Cuts"],"relics":["Ring of the Snake","NeowsBlessing","Prayer Wheel","Gremlin Horn"],"acts_visited":["Exordium"],"potions_floor_usage":[16,16],"damage_taken":[{"damage":0.0,"enemies":"Small Slimes","floor":1.0,"turns":1.0},{"damage":0.0,"enemies":"Jaw Worm","floor":2.0,"turns":1.0},{"damage":0.0,"enemies":"3 Sentries","floor":6.0,"turns":2.0},{"damage":2.0,"enemies":"2 Louse","floor":8.0,"turns":2.0},{"damage":3.0,"enemies":"Blue Slaver","floor":10.0,"turns":6.0},{"damage":13.0,"enemies":"Large Slime","floor":14.0,"turns":7.0},{"damage":36,"enemies":"Slime Boss","floor":16,"turns":8}],"seed_played":"2339135816891907296","potions_obtained":[{"floor":1.0,"key":"FearPotion"},{"floor":14.0,"key":"Explosive Potion"}],"is_trial":false,"path_per_floor":["M","M","?","?","?","E","R","M","T","M","$","R","?","M","R","B"],"character_chosen":"THE_SILENT","items_purchased":["Sucker Punch"],"campfire_rested":1,"item_purchase_floors":[11],"current_hp_per_floor":[59,59,39,39,39,39,39,37,37,34,34,34,27,14,33,0,0],"gold":63,"neow_bonus":"THREE_ENEMY_KILL","is_daily":false,"chose_seed":false,"campfire_upgraded":2,"win_rate":0.0,"timestamp":1613065117,"path_taken":["M","M","?","?","?","E","R","M","T","M","?","R","?","M","R","BOSS"],"items_purchased_type":["Card"],"build_version":"2020-12-22","purchased_purges":0,"victory":false,"max_hp_per_floor":[66,66,66,66,66,66,66,66,66,66,66,66,66,66,66,66,66],"card_choices":[{"not_picked":["Outmaneuver","Underhanded Strike"],"picked":"Heel Hook","floor":1.0},{"not_picked":["Outmaneuver","Dodge and Roll"],"picked":"Tactician","floor":2.0},{"not_picked":["Dodge and Roll","Flying Knee"],"picked":"Tactician","floor":6.0},{"not_picked":["Deflect","Sucker Punch"],"picked":"Heel Hook","floor":8.0},{"not_picked":["Blade Dance","Deadly Poison"],"picked":"Cloak And Dagger","floor":8.0},{"not_picked":["Deadly Poison","Cloak And Dagger"],"picked":"Quick Slash","floor":10.0},{"not_picked":["Backflip","Distraction"],"picked":"Calculated Gamble","floor":10.0},{"not_picked":["Flying Knee","Tactician"],"picked":"Dagger Spray","floor":14.0},{"not_picked":["Expertise","Finisher"],"picked":"A Thousand Cuts","floor":14.0}],"player_experience":220048,"relics_obtained":[{"floor":6.0,"key":"Prayer Wheel"},{"floor":9.0,"key":"Gremlin Horn"}],"event_choices":[{"damage_healed":0.0,"max_hp_gain":0.0,"max_hp_loss":0.0,"gold_gain":0.0,"event_name":"Shining Light","player_choice":"Entered Light","floor":3.0,"gold_loss":0.0,"damage_taken":20.0,"cards_upgraded":["Heel Hook","Strike_G"]},{"damage_healed":0.0,"max_hp_gain":0.0,"max_hp_loss":0.0,"gold_gain":0.0,"event_name":"Scrap Ooze","player_choice":"Fled","floor":4.0,"gold_loss":0.0,"damage_taken":0.0},{"cards_removed":["Strike_G"],"damage_healed":0.0,"max_hp_gain":0.0,"max_hp_loss":0.0,"gold_gain":0.0,"event_name":"The Cleric","player_choice":"Card Removal","floor":5.0,"gold_loss":75.0,"damage_taken":0.0},{"cards_removed":["Strike_G"],"damage_healed":0.0,"max_hp_gain":0.0,"max_hp_loss":0.0,"gold_gain":0.0,"event_name":"Golden Wing","player_choice":"Card Removal","floor":13.0,"gold_loss":0.0,"damage_taken":7.0}],"is_beta":false,"boss_relics":[],"items_purged_floors":[],"is_endless":false,"potions_floor_spawned":[1,14],"killed_by":"Slime Boss","ascension_level":20}}