{"host":"vyjryxuuuxkt43k4","time":1613028307,"event":{"mods":["AchievementEnabler","BaseMod","Colored Map","DeckTracker","Keyboard Shortcuts","Minty Spire (QoL Compilation)","Permanent Neow","Quick Restart","StSLib","SuperFastMode","everything is the same but u backflip on backflip"],"gold_per_floor":[10,29,40,40,50,50,50,50],"floor_reached":7,"language":"KOR","playtime":384,"items_purged":[],"score":86,"play_id":"6c8b933a-19a1-45d7-b35d-dbfa56a20d09","local_time":"20210211162507","is_ascension_mode":true,"campfire_choices":[{"data":"Concentrate","floor":6,"key":"SMITH"}],"circlet_count":0,"master_deck":["AscendersBane","Strike_G","Strike_G","Strike_G","Strike_G","Defend_G","Defend_G","Defend_G","Defend_G","Defend_G","Survivor","Neutralize","Sadistic Nature","Concentrate+1","Poisoned Stab","Blade Dance","Adrenaline"],"relics":["Ring of the Snake"],"acts_visited":["Exordium"],"potions_floor_usage":[7],"damage_taken":[{"damage":4,"enemies":"Jaw Worm","floor":1,"turns":6},{"damage":0,"enemies":"Small Slimes","floor":2,"turns":4},{"damage":0,"enemies":"2 Louse","floor":3,"turns":4},{"damage":6,"enemies":"Looter","floor":5,"turns":4},{"damage":43,"enemies":"3 Sentries","floor":7,"turns":8}],"seed_played":"-778025997459970171","potions_obtained":[{"floor":5,"key":"Weak Potion"}],"is_trial":false,"path_per_floor":["M","M","M","?","M","R","E"],"character_chosen":"THE_SILENT","items_purchased":[],"campfire_rested":0,"item_purchase_floors":[],"current_hp_per_floor":[55,55,55,48,42,42,0,0],"gold":50,"neow_bonus":"RANDOM_COLORLESS_2","is_daily":false,"chose_seed":false,"campfire_upgraded":1,"win_rate":0.0,"timestamp":1613028307,"path_taken":["M","M","M","?","M","R","E"],"items_purchased_type":[],"build_version":"2020-12-22","purchased_purges":0,"victory":false,"max_hp_per_floor":[66,66,66,66,66,66,66,66],"card_choices":[{"not_picked":["Violence","Magnetism"],"picked":"Sadistic Nature","floor":0},{"not_picked":["PiercingWail","Expertise"],"picked":"Concentrate","floor":1},{"not_picked":["PiercingWail","Choke"],"picked":"Poisoned Stab","floor":2},{"not_picked":["Slice","Outmaneuver"],"picked":"Blade Dance","floor":3},{"not_picked":["Dagger Spray","Slice"],"picked":"Adrenaline","floor":5}],"player_experience":931676,"relics_obtained":[],"event_choices":[{"cards_removed":["Strike_G"],"damage_healed":0,"gold_gain":0,"player_choice":"Card Removal","damage_taken":7,"max_hp_gain":0,"max_hp_loss":0,"event_name":"Golden Wing","floor":4,"gold_loss":0}],"is_beta":false,"boss_relics":[],"items_purged_floors":[],"is_endless":false,"potions_floor_spawned":[5],"killed_by":"3 Sentries","ascension_level":20}}