{"host":"k6d6vy172g6ium25","time":1613084670,"event":{"mods":["Act Like it!","BaseMod","Bossed Relics","Custom Start","Downfall","Friendly Minions","Kiyohime????","Marisa????????","Minty Spire (QoL Compilation)","Prisma Mod","Rare Cards Sparkle","Relic Filter","StSLib","The Alterego","Transform Curses","Waifu the Spire","Wide Potions","Yakumo Yukari mod","Yohane!"],"gold_per_floor":[111,130,130,40,40,40,67,83,103,116,145,80,80,115,115,218,218,229,248,83,83,83,83],"floor_reached":21,"language":"ENG","playtime":2162,"items_purged":["Regret"],"score":188,"play_id":"a3ffa880-748e-4a42-9ad2-796d6e3d84a4","local_time":"20210212000430","is_ascension_mode":false,"campfire_choices":[{"data":"Slimebound:Split","floor":6,"key":"SMITH"},{"floor":13,"key":"REST"},{"floor":15,"key":"REST"}],"circlet_count":0,"master_deck":["Slimebound:Strike_Slimebound","Slimebound:Strike_Slimebound","Slimebound:Tackle","Slimebound:Defend_Slimebound","Slimebound:Defend_Slimebound","Slimebound:Defend_Slimebound","Slimebound:Split+1","Slimebound:CorrosiveSpit","Slimebound:Repurpose","Slimebound:SplitMire","Slimebound:LivingWall","Slimebound:MinionMaster","Slimebound:LeadByExample","Slimebound:Replication","Slimebound:SpikyOuterGoop","Slimebound:LevelUp","Slimebound:LeechEnergy","Slimebound:SamplingLick","Slimebound:MassFeed","Slimebound:SplitBruiser","Slimebound:SplitLeeching","Slimebound:Prepare"],"relics":["Slimebound:AbsorbEndCombat","Ginger","CaptainsWheel","Spirit Poop","InkBottle","Empty Cage","Busted Crown","Anchor"],"acts_visited":["Exordium","TheCity"],"potions_floor_usage":[11,14,19],"damage_taken":[{"damage":3,"enemies":"Small Slimes","floor":1,"turns":4},{"damage":14,"enemies":"Jaw Worm","floor":2,"turns":4},{"damage":10,"enemies":"downfall:FleeingMerchant","floor":4,"turns":4},{"damage":0,"enemies":"Cultist","floor":8,"turns":4},{"damage":14,"enemies":"Lots of Slimes","floor":9,"turns":5},{"damage":4,"enemies":"2 Fungi Beasts","floor":10,"turns":5},{"damage":33,"enemies":"3 Sentries","floor":11,"turns":8},{"damage":0,"enemies":"downfall:FleeingMerchant","floor":12,"turns":4},{"damage":33,"enemies":"Gremlin Nob","floor":14,"turns":5},{"damage":3,"enemies":"SI_SHIV_ARCHETYPE","floor":16,"turns":9},{"damage":27,"enemies":"Shell Parasite","floor":18,"turns":5},{"damage":13,"enemies":"Chosen and Byrds","floor":19,"turns":5},{"damage":17,"enemies":"downfall:FleeingMerchant","floor":20,"turns":4},{"damage":26,"enemies":"Cultist and Chosen","floor":21,"turns":5}],"seed_played":"4184242072042789094","potions_obtained":[{"floor":1,"key":"Slimebound:SlimedPotion"},{"floor":9,"key":"champ:CounterPotion"},{"floor":18,"key":"AttackPotion"}],"is_trial":false,"path_per_floor":["M","M","?","$","?","R","T","M","M","M","E","$","R","E","R","B",null,"M","M","$","M"],"character_chosen":"SLIMEBOUND","items_purchased":["Slimebound:LeechEnergy","Anchor"],"campfire_rested":2,"item_purchase_floors":[12,20],"current_hp_per_floor":[64,52,52,46,46,46,46,50,44,44,15,21,40,11,30,35,65,47,45,32,8,8,8],"gold":83,"neow_bonus":"ONE_RARE_RELIC","is_daily":false,"chose_seed":false,"campfire_upgraded":1,"win_rate":0.0,"timestamp":1613084670,"path_taken":["M","M","?","$","?","R","T","?","M","?","E","$","R","E","R","BOSS","M","M","$","M"],"items_purchased_type":["Card","Relic"],"build_version":"2020-12-22","purchased_purges":1,"victory":false,"max_hp_per_floor":[65,65,65,65,65,65,65,65,65,65,65,65,65,65,65,65,65,68,71,71,71,71,71],"card_choices":[{"not_picked":["Slimebound:ProtectTheBoss","Slimebound:GoopTackle"],"picked":"Slimebound:Repurpose","floor":1},{"not_picked":["Slimebound:HauntingLick","Slimebound:ComboTackle"],"picked":"Slimebound:SplitMire","floor":2},{"not_picked":["Slimebound:LeechEnergy","Slimebound:GrowthPunch"],"picked":"Slimebound:LivingWall","floor":4},{"not_picked":["Slimebound:GoopTackle","Slimebound:RejuvenatingLick"],"picked":"Slimebound:MinionMaster","floor":8},{"not_picked":["Slimebound:HauntingLick","Slimebound:ItLooksTasty"],"picked":"Slimebound:LeadByExample","floor":9},{"not_picked":["Slimebound:SlimeBrawl","Slimebound:FinishingTackle"],"picked":"Slimebound:Replication","floor":10},{"not_picked":["Slimebound:GoopTackle","Slimebound:SplitAcid"],"picked":"Slimebound:SpikyOuterGoop","floor":11},{"not_picked":["Slimebound:ItLooksTasty","Slimebound:LivingWall"],"picked":"Slimebound:LevelUp","floor":12},{"not_picked":["Slimebound:GoopTackle","Slimebound:CheckThePlaybook"],"picked":"Slimebound:SamplingLick","floor":14},{"not_picked":["Slimebound:DouseInSlime","Slimebound:OneTwoCombo"],"picked":"Slimebound:MassFeed","floor":16},{"not_picked":[],"picked":"Slimebound:SplitBruiser","floor":18},{"not_picked":[],"picked":"Slimebound:SplitLeeching","floor":19},{"not_picked":[],"picked":"Slimebound:Prepare","floor":20}],"player_experience":101096,"relics_obtained":[{"floor":11,"key":"InkBottle"},{"floor":14,"key":"Empty Cage"}],"event_choices":[{"damage_healed":0,"gold_gain":0,"player_choice":"Box","damage_taken":0,"relics_obtained":["CaptainsWheel"],"max_hp_gain":0,"max_hp_loss":0,"event_name":"Big Fish","floor":3,"gold_loss":0,"cards_obtained":["Regret"]},{"cards_removed":["Doubt"],"damage_healed":0,"gold_gain":0,"player_choice":"Offered Curse","damage_taken":0,"relics_obtained":["Spirit Poop"],"max_hp_gain":0,"max_hp_loss":0,"event_name":"Bonfire Elementals","floor":5,"gold_loss":0}],"is_beta":false,"boss_relics":[{"not_picked":["Slimebound:AbsorbEndCombatUpgraded","Fusion Hammer"],"picked":"Busted Crown"}],"items_purged_floors":[4],"is_endless":false,"potions_floor_spawned":[1,9,10,11,18],"killed_by":"Cultist and Chosen","ascension_level":0}}