{"host":"poshtwjux72eqzmy","time":1613083607,"event":{"mods":["BaseMod","Bestiary","Block Reminder","Highlight Path","Minty Spire (QoL Compilation)","Quick Restart","Relic Stats","StSLib","ojb\u0027s Info Mod"],"gold_per_floor":[113,113,137,187,202,202,233,233,233,247,288,438,27,40,40,131,131,146,146,159,209,209,248,248,288,288,288,313,49,49,64,64,157,157,177,195,27,58,124,167,167,206,206,81,81,106,106,130,130,130,130,130,130,74,108,108,108],"floor_reached":56,"language":"ENG","playtime":5496,"items_purged":["Doubt","Regret","Shame"],"score":2052,"play_id":"778390fe-66d3-4fbb-a17e-6653e500167a","local_time":"20210212004647","is_ascension_mode":true,"campfire_choices":[{"data":"Chaos","floor":6.0,"key":"SMITH"},{"data":"Rip and Tear","floor":8.0,"key":"SMITH"},{"data":"Reinforced Body","floor":15.0,"key":"SMITH"},{"data":"Rainbow","floor":24.0,"key":"SMITH"},{"data":"White Noise","floor":27.0,"key":"SMITH"},{"data":"Electrodynamics","floor":32.0,"key":"SMITH"},{"data":"Machine Learning","floor":41.0,"key":"SMITH"},{"floor":45.0,"key":"RECALL"},{"data":"1","floor":49.0,"key":"LIFT"},{"data":"2","floor":53.0,"key":"LIFT"}],"circlet_count":0,"master_deck":["AscendersBane","Strike_B+1","Strike_B+1","Defend_B+1","Defend_B+1","Zap","Dualcast","Recycle+1","Self Repair+1","Defragment+1","Compile Driver+1","Chaos+1","FTL+1","Rip and Tear+1","White Noise+1","Reinforced Body+1","Ball Lightning","Electrodynamics+1","Force Field+1","Rainbow+1","Double Energy+1","Steam+1","Undo+1","BootSequence","Machine Learning+1","Glacier","Loop+1","Turbo+1","Cold Snap+1","Chill","Hologram+1"],"relics":["Astrolabe","Golden Idol","White Beast Statue","Eternal Feather","Sundial","Bag of Preparation","Runic Capacitor","Cursed Key","Bronze Scales","Darkstone Periapt","Pear","Mummified Hand","Orrery","Empty Cage","ClockworkSouvenir","Girya","Du-Vu Doll","Juzu Bracelet","StoneCalendar","Whetstone"],"acts_visited":["Exordium","TheCity","TheBeyond","TheEnding"],"potions_floor_usage":[56,56],"damage_taken":[{"damage":9.0,"enemies":"Small Slimes","floor":1.0,"turns":4.0},{"damage":11.0,"enemies":"2 Louse","floor":3.0,"turns":4.0},{"damage":7.0,"enemies":"Cultist","floor":5.0,"turns":4.0},{"damage":15.0,"enemies":"Lagavulin","floor":7.0,"turns":5.0},{"damage":7.0,"enemies":"2 Fungi Beasts","floor":10.0,"turns":3.0},{"damage":36.0,"enemies":"3 Sentries","floor":11.0,"turns":6.0},{"damage":0.0,"enemies":"Large Slime","floor":14.0,"turns":4.0},{"damage":5.0,"enemies":"Slime Boss","floor":16.0,"turns":6.0},{"damage":17.0,"enemies":"Chosen","floor":18.0,"turns":5.0},{"damage":23.0,"enemies":"2 Thieves","floor":20.0,"turns":3.0},{"damage":48.0,"enemies":"Slavers","floor":23.0,"turns":4.0},{"damage":18.0,"enemies":"Gremlin Leader","floor":25.0,"turns":4.0},{"damage":22.0,"enemies":"Chosen and Byrds","floor":28.0,"turns":5.0},{"damage":14.0,"enemies":"Snake Plant","floor":31.0,"turns":4.0},{"damage":6.0,"enemies":"Automaton","floor":33.0,"turns":8.0},{"damage":2.0,"enemies":"3 Shapes","floor":35.0,"turns":3.0},{"damage":0.0,"enemies":"Orb Walker","floor":36.0,"turns":4.0},{"damage":0.0,"enemies":"Mind Bloom Boss Battle","floor":38.0,"turns":6.0},{"damage":2.0,"enemies":"2 Orb Walkers","floor":39.0,"turns":5.0},{"damage":0.0,"enemies":"Giant Head","floor":40.0,"turns":8.0},{"damage":0.0,"enemies":"Reptomancer","floor":42.0,"turns":6.0},{"damage":10.0,"enemies":"Writhing Mass","floor":46.0,"turns":7.0},{"damage":0.0,"enemies":"Transient","floor":48.0,"turns":6.0},{"damage":32.0,"enemies":"Donu and Deca","floor":50.0,"turns":8.0},{"damage":48.0,"enemies":"Time Eater","floor":51.0,"turns":17.0},{"damage":74.0,"enemies":"Shield and Spear","floor":55.0,"turns":15.0},{"damage":31,"enemies":"The Heart","floor":56,"turns":12}],"seed_played":"3170254735616650302","potions_obtained":[{"floor":5.0,"key":"Regen Potion"},{"floor":10.0,"key":"Swift Potion"},{"floor":11.0,"key":"Swift Potion"},{"floor":14.0,"key":"Ancient Potion"},{"floor":23.0,"key":"Swift Potion"},{"floor":25.0,"key":"BlessingOfTheForge"},{"floor":28.0,"key":"LiquidMemories"},{"floor":31.0,"key":"PowerPotion"},{"floor":33.0,"key":"Fire Potion"},{"floor":35.0,"key":"Swift Potion"},{"floor":39.0,"key":"FearPotion"},{"floor":40.0,"key":"PotionOfCapacity"},{"floor":42.0,"key":"PotionOfCapacity"},{"floor":48.0,"key":"SteroidPotion"},{"floor":55.0,"key":"Swift Potion"}],"is_trial":false,"path_per_floor":["M","?","M","?","M","R","E","R","T","M","E","?","$","M","R","B",null,"M","?","M","?","?","E","R","E","T","R","M","$","?","M","R","B",null,"M","M","$","?","?","E","R","E","T","$","R","M","?","M","R","B","B",null,"R","$","E","B"],"character_chosen":"DEFECT","items_purchased":["Bag of Preparation","Runic Capacitor","Orrery","ClockworkSouvenir","SpeedPotion"],"campfire_rested":0,"item_purchase_floors":[13,13,29,37,54],"current_hp_per_floor":[65,41,40,40,43,43,52,52,52,55,29,29,29,39,48,53,67,70,70,57,57,57,19,31,33,39,51,39,39,39,35,50,54,79,87,87,87,87,87,87,87,87,93,93,93,93,93,93,93,71,33,78,93,93,31,0,0],"gold":108,"neow_bonus":"BOSS_RELIC","is_daily":false,"chose_seed":false,"campfire_upgraded":7,"win_rate":0.0,"timestamp":1613083607,"path_taken":["M","?","M","?","M","R","E","R","T","?","E","?","$","M","R","BOSS","M","?","M","?","?","E","R","E","T","R","M","$","?","M","R","BOSS","M","?","$","?","?","E","R","E","T","?","R","M","?","M","R","BOSS","BOSS","R","$","E","BOSS"],"items_purchased_type":["Relic","Relic","Relic","Relic","Potion"],"build_version":"2020-12-22","purchased_purges":3,"victory":false,"max_hp_per_floor":[71,71,71,71,71,71,71,71,71,71,71,71,71,71,71,71,71,71,71,71,71,71,71,71,81,87,87,87,87,87,87,87,87,87,87,87,87,87,87,87,87,87,93,93,93,93,93,93,93,93,93,93,93,93,93,93,93],"relic_stats":{"Darkstone Periapt":12,"counters":[27,166],"Golden Idol":195,"Astrolabe":["Recycle","Self Repair","Defragment"],"Eternal Feather":63,"StoneCalendar":[133],"Bag of Preparation":[42],"Juzu Bracelet":0,"Whetstone":["Compile Driver","FTL"],"Cursed Key":2,"Sundial":[18],"Mummified Hand":[113],"Bronze Scales":[541],"obtain_stats":[{"Darkstone Periapt":23,"Girya":38,"Pear":25,"Golden Idol":2,"Astrolabe":0,"Eternal Feather":9,"StoneCalendar":42,"Bag of Preparation":13,"Runic Capacitor":13,"Juzu Bracelet":40,"Whetstone":55,"Cursed Key":17,"Empty Cage":34,"White Beast Statue":7,"ClockworkSouvenir":37,"Du-Vu Doll":39,"Sundial":11,"Mummified Hand":26,"Bronze Scales":19,"Orrery":29,"Cracked Core":0},{"Darkstone Periapt":11,"Girya":18,"Pear":12,"Golden Idol":1,"Astrolabe":0,"Eternal Feather":4,"StoneCalendar":21,"Bag of Preparation":6,"Runic Capacitor":6,"Juzu Bracelet":20,"Whetstone":26,"Cursed Key":8,"Empty Cage":15,"White Beast Statue":4,"ClockworkSouvenir":17,"Du-Vu Doll":19,"Sundial":6,"Mummified Hand":12,"Bronze Scales":9,"Orrery":13,"Cracked Core":0},{"Darkstone Periapt":48,"Girya":82,"Pear":52,"Golden Idol":4,"Astrolabe":0,"Eternal Feather":17,"StoneCalendar":101,"Bag of Preparation":26,"Runic Capacitor":26,"Juzu Bracelet":95,"Whetstone":154,"Cursed Key":36,"Empty Cage":69,"White Beast Statue":17,"ClockworkSouvenir":76,"Du-Vu Doll":87,"Sundial":26,"Mummified Hand":52,"Bronze Scales":41,"Orrery":57,"Cracked Core":0}]},"card_choices":[{"not_picked":["Barrage","Hologram"],"picked":"Compile Driver","floor":1.0},{"not_picked":["Double Energy","Leap"],"picked":"Chaos","floor":3.0},{"not_picked":["Redo","Conserve Battery"],"picked":"FTL","floor":5.0},{"not_picked":["Coolheaded","Steam"],"picked":"Rip and Tear","floor":7.0},{"not_picked":["Double Energy","Leap"],"picked":"White Noise","floor":10.0},{"not_picked":["Chaos","Hologram"],"picked":"Reinforced Body","floor":11.0},{"not_picked":["Conserve Battery","Redo"],"picked":"Ball Lightning","floor":14.0},{"not_picked":["Reboot","Rainbow"],"picked":"Electrodynamics","floor":16.0},{"not_picked":["Conserve Battery","Rebound"],"picked":"Force Field+1","floor":18.0},{"not_picked":["Compile Driver","Leap","Stack+1"],"picked":"SKIP","floor":20.0},{"not_picked":["Static Discharge","Rebound"],"picked":"Rainbow","floor":23.0},{"not_picked":["Recycle","Hologram"],"picked":"Double Energy+1","floor":25.0},{"not_picked":["Melter+1","Beam Cell","Hologram"],"picked":"SKIP","floor":28.0},{"not_picked":["Go for the Eyes","Creative AI"],"picked":"Steam+1","floor":29.0},{"not_picked":["Gash","Turbo"],"picked":"Undo","floor":29.0},{"not_picked":["Rebound+1","Loop"],"picked":"BootSequence","floor":29.0},{"not_picked":["Barrage","BootSequence","Steam"],"picked":"SKIP","floor":31.0},{"not_picked":["Amplify","Multi-Cast"],"picked":"Machine Learning","floor":33.0},{"not_picked":["Hologram","Barrage"],"picked":"Glacier","floor":35.0},{"not_picked":["Lockon","Steam","Force Field"],"picked":"SKIP","floor":36.0},{"not_picked":["Hologram","Lockon"],"picked":"Loop+1","floor":39.0},{"not_picked":["Go for the Eyes","Gash+1"],"picked":"Turbo+1","floor":40.0},{"not_picked":["FTL","Coolheaded"],"picked":"Cold Snap+1","floor":42.0},{"not_picked":["Melter","FTL"],"picked":"Chill","floor":46.0},{"not_picked":["Gash","Cold Snap","Steam"],"picked":"SKIP","floor":48.0},{"not_picked":["Amplify","Go for the Eyes"],"picked":"Hologram+1","floor":55.0}],"player_experience":1117735,"relics_obtained":[{"floor":7.0,"key":"White Beast Statue"},{"floor":9.0,"key":"Eternal Feather"},{"floor":11.0,"key":"Sundial"},{"floor":23.0,"key":"Darkstone Periapt"},{"floor":25.0,"key":"Pear"},{"floor":26.0,"key":"Mummified Hand"},{"floor":38.0,"key":"Girya"},{"floor":39.0,"key":"Du-Vu Doll"},{"floor":40.0,"key":"Juzu Bracelet"},{"floor":42.0,"key":"StoneCalendar"},{"floor":55.0,"key":"Whetstone"}],"event_choices":[{"damage_healed":0.0,"max_hp_gain":0.0,"max_hp_loss":0.0,"gold_gain":0.0,"event_name":"Golden Idol","player_choice":"Take Damage","floor":2.0,"gold_loss":0.0,"damage_taken":24.0,"relics_obtained":["Golden Idol"]},{"damage_healed":0.0,"max_hp_gain":0.0,"max_hp_loss":0.0,"gold_gain":50.0,"event_name":"Golden Shrine","player_choice":"Pray","floor":4.0,"gold_loss":0.0,"damage_taken":0.0},{"damage_healed":0.0,"max_hp_gain":0.0,"max_hp_loss":0.0,"gold_gain":150.0,"event_name":"Liars Game","player_choice":"AGREE","floor":12.0,"gold_loss":0.0,"damage_taken":0.0,"cards_obtained":["Doubt"]},{"damage_healed":0.0,"max_hp_gain":0.0,"max_hp_loss":0.0,"gold_gain":0.0,"event_name":"The Mausoleum","player_choice":"Opened","floor":19.0,"gold_loss":0.0,"damage_taken":0.0,"relics_obtained":["Bronze Scales"],"cards_obtained":["Writhe"]},{"damage_healed":0.0,"max_hp_gain":0.0,"max_hp_loss":0.0,"gold_gain":50.0,"event_name":"Nest","player_choice":"Stole From Cult","floor":21.0,"gold_loss":0.0,"damage_taken":0.0},{"damage_healed":0.0,"max_hp_gain":0.0,"max_hp_loss":0.0,"gold_gain":0.0,"event_name":"Back to Basics","player_choice":"Simplicity","floor":22.0,"gold_loss":0.0,"damage_taken":0.0,"cards_upgraded":["Strike_B","Strike_B","Strike_B","Defend_B","Defend_B"]},{"damage_healed":0.0,"max_hp_gain":0.0,"max_hp_loss":0.0,"gold_gain":0.0,"event_name":"Accursed Blacksmith","player_choice":"Forge","floor":30.0,"gold_loss":0.0,"damage_taken":0.0,"cards_upgraded":["Undo"]},{"damage_healed":0.0,"max_hp_gain":0.0,"max_hp_loss":0.0,"gold_gain":0.0,"event_name":"MindBloom","player_choice":"Fight","floor":38.0,"gold_loss":0.0,"damage_taken":0.0},{"damage_healed":0.0,"max_hp_gain":0.0,"max_hp_loss":0.0,"gold_gain":0.0,"event_name":"Mysterious Sphere","player_choice":"Fight","floor":39.0,"gold_loss":0.0,"damage_taken":0.0},{"damage_healed":0.0,"max_hp_gain":0.0,"max_hp_loss":0.0,"gold_gain":0.0,"event_name":"Tomb of Lord Red Mask","player_choice":"Ignored","floor":47.0,"gold_loss":0.0,"damage_taken":0.0}],"is_beta":false,"boss_relics":[{"not_picked":["Sozu","Tiny House"],"picked":"Cursed Key"},{"not_picked":["Coffee Dripper","Runic Pyramid"],"picked":"Empty Cage"}],"items_purged_floors":[13,29,44],"is_endless":false,"potions_floor_spawned":[5,10,11,14,16,18,20,23,25,28,31,33,35,36,38,39,40,42,46,48,55],"killed_by":"The Heart","ascension_level":20}}