{"host":"gaqyve1328ta0etl","time":1613074858,"event":{"mods":["BaseMod","Colored Map","Colored Powertips","Duelist Mod","Googly Eyes","Hero for Fun","Minty Spire (QoL Compilation)","Shop Mod","StSLib","SuperFastMode","The Hierophant","The Runesmith"],"gold_per_floor":[136,151,8,22,38,38,49,61,61,61,61,72,86,86,86,185,185,203,302,402,417,149,149,178,198,276,276,276,307,307,322,322,423,423,438,26,26,40,40,40,50,79,79,12,12,12,0,14,14,14,14],"floor_reached":50,"language":"ENG","playtime":1862,"items_purged":["theDuelist:Sparks","theDuelist:CastleWalls","theDuelist:CastleWalls"],"score":938,"play_id":"8491dc18-f65e-4432-8694-007d7e274e7e","local_time":"20210211122058","is_ascension_mode":true,"campfire_choices":[{"data":"theDuelist:HappyLover","floor":6,"key":"SMITH"},{"data":"theDuelist:YamiForm","floor":10,"key":"SMITH"},{"data":"theDuelist:FusionWeapon","floor":15,"key":"SMITH"},{"data":"theDuelist:HappyLover","floor":23,"key":"SMITH"},{"data":"theDuelist:RainbowNeos","floor":27,"key":"SMITH"},{"floor":32,"key":"REST"},{"data":"theDuelist:KamionTimelord","floor":40,"key":"SMITH"},{"floor":49,"key":"REST"}],"circlet_count":0,"master_deck":["theDuelist:BeaverWarrior","theDuelist:BeaverWarrior","theDuelist:FinalFlame","theDuelist:GiantSoldier","theDuelist:GiantSoldier","theDuelist:ScrapFactory","theDuelist:StormSparks","theDuelist:RainbowNeos+1","theDuelist:Eva","theDuelist:ElectromagneticShield","theDuelist:Eva","theDuelist:HappyLover+1","theDuelist:YamiForm+1","theDuelist:WeepingIdol","theDuelist:FusionWeapon+1","theDuelist:GridRod","theDuelist:HappyLover+1","theDuelist:Wiretap","theDuelist:KamionTimelord+1","theDuelist:HappyLover+1","theDuelist:FinalFlame","theDuelist:HappyLover+1","theDuelist:GravityLash"],"relics":["theDuelist:MillenniumPuzzle","theDuelist:CardPoolRelic","theDuelist:CardPoolBasicRelic","theDuelist:BoosterPackPoolRelic","theDuelist:CardPoolAddRelic","theDuelist:CardPoolMinusRelic","theDuelist:CardPoolSaveRelic","theDuelist:CardPoolOptionsRelic","Anchor","Letter Opener","Philosopher\u0027s Stone","theDuelist:PointPass","Oddly Smooth Stone","Strawberry","Bottled Flame","Smiling Mask","theDuelist:ElectricToken","Cursed Key","theDuelist:YugiMirror","Vajra","theDuelist:CursedHealer","theDuelist:BoosterExtraAllRaresRelic","theDuelist:NamelessPowerRelicA","theDuelist:NamelessWarRelicB","theDuelist:MetronomeRelicB"],"acts_visited":["Exordium","TheCity","TheBeyond"],"potions_floor_usage":[13,16,24,29,33,48,50],"damage_taken":[{"damage":0,"enemies":"Cultist","floor":1,"turns":4},{"damage":0,"enemies":"Jaw Worm","floor":2,"turns":3},{"damage":0,"enemies":"Small Slimes","floor":4,"turns":2},{"damage":0,"enemies":"3 Louse","floor":5,"turns":4},{"damage":1,"enemies":"Lots of Slimes","floor":7,"turns":3},{"damage":0,"enemies":"Large Slime","floor":8,"turns":6},{"damage":0,"enemies":"Blue Slaver","floor":12,"turns":5},{"damage":0,"enemies":"Exordium Wildlife","floor":13,"turns":2},{"damage":0,"enemies":"Hexaghost","floor":16,"turns":6},{"damage":4,"enemies":"2 Thieves","floor":18,"turns":4},{"damage":0,"enemies":"Shell Parasite","floor":21,"turns":5},{"damage":0,"enemies":"theDuelist:KaibaA2","floor":24,"turns":8},{"damage":0,"enemies":"Cultist and Chosen","floor":25,"turns":9},{"damage":27,"enemies":"Slavers","floor":29,"turns":9},{"damage":2,"enemies":"Centurion and Healer","floor":31,"turns":6},{"damage":26,"enemies":"Automaton","floor":33,"turns":12},{"damage":0,"enemies":"3 Shapes","floor":35,"turns":7},{"damage":0,"enemies":"Orb Walker","floor":38,"turns":4},{"damage":4,"enemies":"3 Darklings","floor":41,"turns":5},{"damage":0,"enemies":"Giant Head","floor":42,"turns":11},{"damage":0,"enemies":"Transient","floor":48,"turns":5},{"damage":92,"enemies":"Time Eater","floor":50,"turns":11}],"seed_played":"-5938548511460864588","potions_obtained":[{"floor":4,"key":"theDuelist:BurningPotion"},{"floor":5,"key":"theDuelist:BottledKuriboh"},{"floor":7,"key":"Fire Potion"},{"floor":13,"key":"Dexterity Potion"},{"floor":21,"key":"theDuelist:DestructPotionPotB"},{"floor":24,"key":"theDuelist:MegaupgradePotion"},{"floor":31,"key":"SmokeBomb"},{"floor":42,"key":"AttackPotion"},{"floor":48,"key":"theDuelist:ReducerPotion"}],"is_trial":false,"path_per_floor":["M","M","$","M","M","R","M","M","T","R","?","M","M","?","R","B",null,"M","?","$","M","$","R","E","M","T","R","?","E","?","M","R","B",null,"M","$","?","M","?","R","M","E","T","?","$","$","?","M","R","B"],"character_chosen":"THE_DUELIST","items_purchased":["theDuelist:ElectromagneticShield","theDuelist:PointPass","Oddly Smooth Stone","theDuelist:YugiMirror","Vajra"],"campfire_rested":2,"item_purchase_floors":[3,20,22,36,36],"current_hp_per_floor":[72,72,72,72,72,72,71,71,71,71,71,71,71,71,71,71,78,74,74,74,74,74,74,81,81,81,81,81,54,48,46,72,46,77,77,77,77,77,87,87,83,83,83,58,58,58,58,58,90,0,0],"gold":14,"neow_bonus":"RANDOM_COMMON_RELIC","is_daily":false,"chose_seed":false,"campfire_upgraded":6,"win_rate":0.0,"timestamp":1613074858,"path_taken":["M","?","$","M","M","R","M","?","T","R","?","?","?","?","R","BOSS","M","?","$","M","$","R","E","M","T","R","?","E","?","M","R","BOSS","M","$","?","?","?","R","M","E","T","?","?","$","?","M","R","BOSS"],"items_purchased_type":["Card","Relic","Relic","Relic","Relic"],"build_version":"2020-12-22","purchased_purges":3,"victory":false,"max_hp_per_floor":[80,80,80,80,80,80,80,80,80,80,80,80,80,80,80,80,80,80,80,80,80,80,80,87,87,87,87,87,87,87,87,87,87,87,87,87,87,87,87,87,87,87,87,107,107,107,107,107,107,107,107],"card_choices":[{"not_picked":["theDuelist:MeteorDestruction","theDuelist:PowerKaishin","theDuelist:Eva","theDuelist:SpellShatteringArrow"],"picked":"theDuelist:RainbowNeos","floor":1},{"not_picked":["theDuelist:DoubleTool","theDuelist:SpiritHarp","theDuelist:SwordDeepSeated","theDuelist:WhiteMagicalHat"],"picked":"theDuelist:Eva","floor":2},{"not_picked":["theDuelist:CombinationAttack","theDuelist:SpiritHarp","theDuelist:Tuningware","theDuelist:UnderworldCannon"],"picked":"theDuelist:Eva","floor":4},{"not_picked":["theDuelist:RainbowNeos","theDuelist:Eva","theDuelist:RainbowKuriboh","theDuelist:RainbowOverdragon"],"picked":"theDuelist:HappyLover","floor":5},{"not_picked":["theDuelist:ImperialOrder","theDuelist:GravityAxe","theDuelist:Electrowhip","theDuelist:MiraculousDescent"],"picked":"theDuelist:YamiForm","floor":7},{"not_picked":["theDuelist:Fissure","theDuelist:PowerGiant","theDuelist:RainbowBridge","theDuelist:Terraforming"],"picked":"theDuelist:WeepingIdol","floor":8},{"not_picked":["theDuelist:MiracleFertilizer","theDuelist:SpiritHarp","theDuelist:AncientGearFist","theDuelist:AfterGenocide"],"picked":"theDuelist:FusionWeapon","floor":12},{"not_picked":["theDuelist:MeteorDestruction","theDuelist:Eva","theDuelist:SpiritHarp","theDuelist:PowerWall","theDuelist:GravityAxe"],"picked":"SKIP","floor":13},{"not_picked":["theDuelist:Wildfire","theDuelist:Raigeki","theDuelist:LightningBlade","theDuelist:InstantFusion"],"picked":"theDuelist:GridRod","floor":16},{"not_picked":["theDuelist:SangaEarth+1","theDuelist:MythicalBeast","theDuelist:FrontierWiseman","theDuelist:RainbowNeos"],"picked":"theDuelist:HappyLover","floor":18},{"not_picked":["theDuelist:MeteorDestruction","theDuelist:CoreBlaster+1","theDuelist:OnslaughtFireKings","theDuelist:DarkBurningAttack","theDuelist:CrossAttack"],"picked":"SKIP","floor":21},{"not_picked":["theDuelist:WhiteHowling","theDuelist:Electrowhip","theDuelist:ElectromagneticShield","theDuelist:MiraculousDescent+1"],"picked":"SKIP","floor":24},{"not_picked":["theDuelist:MeteorDestruction","theDuelist:Hinotama","theDuelist:CombinationAttack","theDuelist:BigFire","theDuelist:MythicalBeast+1"],"picked":"SKIP","floor":25},{"not_picked":["theDuelist:WhiteHowling+1","theDuelist:FairyBox","theDuelist:SilverApples","theDuelist:CrystalRaigeki"],"picked":"theDuelist:Wiretap","floor":29},{"not_picked":["theDuelist:MeteorDestruction+1","theDuelist:SpiritHarp","theDuelist:WhiteMagicalHat","theDuelist:Hinotama","theDuelist:GravityAxe"],"picked":"SKIP","floor":31},{"not_picked":["theDuelist:YamiForm","theDuelist:Wildfire","theDuelist:LightningBlade","theDuelist:ForbiddenLance"],"picked":"theDuelist:KamionTimelord","floor":33},{"not_picked":["theDuelist:WhiteMagicalHat","theDuelist:SangaEarth+1","theDuelist:MythicalBeast+1","theDuelist:Eva"],"picked":"theDuelist:HappyLover+1","floor":35},{"not_picked":["theDuelist:RainbowNeos","theDuelist:KamionTimelord","theDuelist:Eva+1","theDuelist:RainbowOverdragon"],"picked":"theDuelist:HappyLover+1","floor":38},{"not_picked":["theDuelist:GilfordLegend","theDuelist:GreyGreedOni","theDuelist:GolemSentry+1","theDuelist:ChangeHeart","theDuelist:BattleguardKing"],"picked":"SKIP","floor":41},{"not_picked":["theDuelist:FusionWeapon+1","theDuelist:Downbeat+1","theDuelist:Eva+1","theDuelist:FrontierWiseman+1","theDuelist:LightningVortex+1"],"picked":"SKIP","floor":42},{"not_picked":["theDuelist:DoubleTool+1","theDuelist:CoreBlaster","theDuelist:PowerKaishin","theDuelist:Eva","theDuelist:PotDuality"],"picked":"SKIP","floor":48}],"player_experience":2132700,"relics_obtained":[{"floor":9,"key":"Letter Opener"},{"floor":24,"key":"Strawberry"},{"floor":26,"key":"Bottled Flame"},{"floor":29,"key":"Smiling Mask"},{"floor":42,"key":"theDuelist:BoosterExtraAllRaresRelic"}],"event_choices":[{"damage_healed":0,"gold_gain":0,"player_choice":"Got Potions","damage_taken":0,"max_hp_gain":0,"max_hp_loss":0,"event_name":"Lab","floor":11,"gold_loss":0},{"damage_healed":0,"gold_gain":0,"player_choice":"Leave","duelist":true,"damage_taken":0,"max_hp_gain":0,"max_hp_loss":0,"event_name":"Relic Duplicator","floor":14,"gold_loss":0},{"damage_healed":0,"gold_gain":99,"player_choice":"Stole From Cult","damage_taken":0,"max_hp_gain":0,"max_hp_loss":0,"event_name":"Nest","floor":19,"gold_loss":0},{"damage_healed":0,"gold_gain":0,"player_choice":"Ignored","damage_taken":0,"max_hp_gain":0,"max_hp_loss":0,"event_name":"The Mausoleum","floor":28,"gold_loss":0},{"damage_healed":0,"gold_gain":0,"player_choice":"Dig - random Duelist relic","duelist":true,"damage_taken":0,"max_hp_gain":0,"max_hp_loss":0,"event_name":"Aknamkanon\u0027s Tomb","floor":30,"gold_loss":0},{"damage_healed":0,"gold_gain":0,"player_choice":"0 cards matched","damage_taken":0,"max_hp_gain":0,"max_hp_loss":0,"event_name":"Match and Keep!","floor":37,"gold_loss":0,"cards_obtained":[]},{"damage_healed":0,"gold_gain":0,"player_choice":"Succumb - +25HP/Cursed Relic","duelist":true,"damage_taken":0,"max_hp_gain":0,"max_hp_loss":0,"event_name":"Tomb of the Nameless","floor":39,"gold_loss":0},{"power_reward":2,"total_magic_score":102,"gold_gain":0,"duelist":true,"damage_taken":45,"relics_obtained":["theDuelist:NamelessPowerRelicA","theDuelist:NamelessWarRelicB"],"points":7,"war_reward":2,"max_hp_gain":20,"max_hp_loss":0,"spent_points":{"magic":1,"greed":0,"war":2,"power":2,"hunger":2},"event_name":"Nameless Tomb","hunger_reward":2,"floor":44,"gold_loss":67,"cards_obtained":[]},{"damage_healed":0,"gold_gain":0,"player_choice":"Purchased Gravity Lash for 12 Gold.","duelist":true,"damage_taken":0,"max_hp_gain":0,"max_hp_loss":0,"event_name":"Card Trader","floor":47,"gold_loss":0}],"is_beta":false,"boss_relics":[{"not_picked":["theDuelist:MillenniumKey","Velvet Choker"],"picked":"Philosopher\u0027s Stone"},{"not_picked":["theDuelist:HauntedRelic","Runesmith:UraniumAnvil"],"picked":"Cursed Key"}],"items_purged_floors":[3,20,22],"is_endless":false,"potions_floor_spawned":[4,5,7,12,13,21,24,31,42,48],"killed_by":"Time Eater","ascension_level":7}}