{"host":"68ypu360vyldwzrz","time":1613077472,"event":{"mods":["Act Like it!","BaseMod","Better Note","Better Third Choice","Better Vampires","BetterRewards","CapriCore","DeckTracker","Downfall","Friendly Minions","GifTheSpireLib","Hubris","Jorbs\u0027s Wanderer Trilogy","Luminous","Minty Spire (QoL Compilation)","Quick Restart","Rare Cards Sparkle","Relic Stats","Shade Mod","Shop Mod","StSLib","Td1madao Mod","The Administrix","The Alterego","The Cursed","The Hierophant","The Immortal","The Necromancer","The Senshi","The Servant 0.9.4","The Wild Card","TheVacant"],"gold_per_floor":[99,114,128,147,147,322,399,399,409,419,419,4,4,23,38,139,139,139,155,175,192,192,192,192,92,92,92,104,135,235,247,261,358,358,258,271,371,210,360,375,375,159,173,193,259,192,192,203,223,223],"floor_reached":51,"language":"ENG","playtime":5539,"items_purged":["Doubt"],"score":1987,"play_id":"13b090d1-c01e-43e2-9980-f8d345cc3533","local_time":"20210211130432","is_ascension_mode":true,"campfire_choices":[{"data":"Bone_Wall","floor":1.0,"key":"SMITH"},{"data":"Summon_Undead","floor":11.0,"key":"SMITH"},{"data":"Summon_Undead","floor":13.0,"key":"SMITH"},{"data":"Cloudkill","floor":18.0,"key":"SMITH"},{"floor":23.0,"key":"REST"},{"floor":25.0,"key":"RECALL"},{"data":"Plague_Bolt","floor":27.0,"key":"SMITH"},{"data":"Cloudkill","floor":35.0,"key":"SMITH"},{"data":"Life_Drain","floor":47.0,"key":"SMITH"}],"circlet_count":0,"master_deck":["Strike_W","Strike_W","Strike_W","Strike_W","Defend_W","Defend_W","Defend_W","Defend_W","Negative_Energy_Arrows","Bone_Wall+1","Bone_Bullets","Summon_Undead+1","Negative_Energy_Shield","Toxic_Smoke_Screen","Summon_Undead+1","Thousand_Bone_Knives","Plague_Bolt+1","Shade_Step","Bone_Armory+1","Cloudkill+1","Summon_Undead_Army+1","Negative_Energy_Javelin","Summon_Death_Knight+1","Life_Drain+1","Negative_Energy_Sphere","Life_Tap+1","Bone_Spikes","Cloudkill+1","Negative_Energy_Sphere+1","Death_Coil","Summon_Vampire_Lady+1","Toxic_Smoke_Screen","Summon_Death_Knight+1","Death_March_Dance+1","Bone_Prison","Death_Coil","Negative_Energy_Sphere+1","Toxic_Smoke_Screen","Consume_Illness","Chill_Blood"],"relics":["Vampire_Amulet","Frozen Egg 2","hubris:EmptyBottle","Busted Crown","downfall:HeartBlessingBlue","hubris:Icosahedron","hubris:Spice","downfall:CloakOfManyFaces","CultistMask","FaceOfCleric","NlothsMask","GremlinMask","SsserpentHead","downfall:HeartBlessingRed","Lizard Tail","Cauldron","downfall:GremlinWheel","DollysMirror","hubris:64BitClover"],"acts_visited":["Exordium","TheCity","TheBeyond"],"potions_floor_usage":[50,50,50,50],"damage_taken":[{"damage":7.0,"enemies":"Small Slimes","floor":2.0,"turns":4.0},{"damage":3.0,"enemies":"2 Louse","floor":3.0,"turns":3.0},{"damage":1.0,"enemies":"Cultist","floor":4.0,"turns":4.0},{"damage":0.0,"enemies":"Large Slime","floor":9.0,"turns":6.0},{"damage":8.0,"enemies":"Exordium Thugs","floor":10.0,"turns":4.0},{"damage":10.0,"enemies":"downfall:FleeingMerchant","floor":12.0,"turns":4.0},{"damage":0.0,"enemies":"Large Slime","floor":14.0,"turns":4.0},{"damage":30.0,"enemies":"Gremlin Gang","floor":15.0,"turns":4.0},{"damage":43.0,"enemies":"DF_ARCHETYPE_STREAMLINE","floor":16.0,"turns":9.0},{"damage":18.0,"enemies":"3 Byrds","floor":19.0,"turns":4.0},{"damage":6.0,"enemies":"Spheric Guardian","floor":20.0,"turns":4.0},{"damage":8.0,"enemies":"Snake Plant","floor":21.0,"turns":4.0},{"damage":5.0,"enemies":"Chosen and Byrds","floor":28.0,"turns":4.0},{"damage":69.0,"enemies":"Slavers","floor":29.0,"turns":5.0},{"damage":0.0,"enemies":"downfall:FaceTrader","floor":30.0,"turns":6.0},{"damage":18.0,"enemies":"Shelled Parasite and Fungi","floor":31.0,"turns":3.0},{"damage":7.0,"enemies":"Snake Plant","floor":32.0,"turns":3.0},{"damage":35.0,"enemies":"IC_MUSHROOM_ARCHETYPE","floor":33.0,"turns":7.0},{"damage":4.0,"enemies":"3 Shapes","floor":36.0,"turns":5.0},{"damage":1.0,"enemies":"3 Shapes","floor":37.0,"turns":5.0},{"damage":9.0,"enemies":"downfall:FleeingMerchant","floor":38.0,"turns":4.0},{"damage":4.0,"enemies":"downfall:FleeingMerchant","floor":39.0,"turns":3.0},{"damage":12.0,"enemies":"Orb Walker","floor":40.0,"turns":4.0},{"damage":4.0,"enemies":"downfall:FleeingMerchant","floor":42.0,"turns":4.0},{"damage":32.0,"enemies":"Sphere and 2 Shapes","floor":43.0,"turns":4.0},{"damage":43.0,"enemies":"Transient","floor":44.0,"turns":5.0},{"damage":3.0,"enemies":"Maw","floor":45.0,"turns":7.0},{"damage":0.0,"enemies":"downfall:FleeingMerchant","floor":46.0,"turns":3.0},{"damage":42.0,"enemies":"Writhing Mass","floor":48.0,"turns":6.0},{"damage":32.0,"enemies":"3 Darklings","floor":49.0,"turns":5.0},{"damage":27,"enemies":"WA_ARCHETYPE_DIVINITY","floor":50,"turns":10}],"seed_played":"3384738781371419131","potions_obtained":[{"floor":0.0,"key":"SneckoOil"},{"floor":0.0,"key":"LiquidBronze"},{"floor":0.0,"key":"PowerPotion"},{"floor":3.0,"key":"Fire Potion"},{"floor":4.0,"key":"Guardian:BlockOnCardUsePotion"},{"floor":16.0,"key":"Dexterity Potion"},{"floor":21.0,"key":"SteroidPotion"},{"floor":29.0,"key":"LiquidBronze"},{"floor":30.0,"key":"LiquidBronze"},{"floor":33.0,"key":"Block Potion"},{"floor":38.0,"key":"CultistPotion"},{"floor":38.0,"key":"hexamod:SoulburnPotion"},{"floor":38.0,"key":"DuplicationPotion"},{"floor":49.0,"key":"AttackPotion"}],"is_trial":false,"path_per_floor":["R","M","M","M","?","?","T","?","M","M","R","$","R","M","M","B",null,"R","M","M","M","?","R","T","R","?","R","M","E","?","M","M","B",null,"R","M","?","$","?","M","T","$","M","M","M","$","R","M","M","B",null],"character_chosen":"NECROMANCER","items_purchased":["Bone_Armory+1","hubris:EmptyBottle","Cloudkill","Cauldron","Toxic_Smoke_Screen","DollysMirror","Toxic_Smoke_Screen","hubris:64BitClover","Consume_Illness"],"campfire_rested":1,"item_purchase_floors":[12,12,12,38,42,42,46,46,46],"current_hp_per_floor":[75,70,71,72,72,72,72,72,75,74,74,75,75,75,51,10,75,75,61,60,54,54,75,75,85,85,85,84,47,64,60,62,44,104,104,105,106,104,105,102,102,110,96,68,83,92,114,101,75,117],"gold":223,"neow_bonus":"THREE_SMALL_POTIONS","is_daily":false,"chose_seed":false,"campfire_upgraded":7,"win_rate":0.0,"timestamp":1613077472,"path_taken":["R","M","M","M","?","?","T","?","M","M","R","$","R","?","M","BOSS","R","M","M","M","?","R","T","R","?","R","M","E","?","M","M","BOSS","R","M","?","$","?","M","T","$","M","M","?","$","R","M","M","BOSS"],"items_purchased_type":["Card","Relic","Card","Relic","Card","Relic","Card","Relic","Card"],"build_version":"2020-12-22","purchased_purges":1,"victory":true,"max_hp_per_floor":[75,75,75,75,75,75,75,75,75,75,75,75,75,75,75,75,75,75,75,75,75,75,75,75,85,85,85,85,93,93,94,95,96,104,104,105,106,107,108,109,109,110,111,112,113,114,114,115,116,117],"relic_stats":{"SsserpentHead":150,"Lizard Tail":0,"Busted Crown":42,"FaceOfCleric":16,"counters":[31,147],"obtain_stats":[{"downfall:HeartBlessingRed":35,"hubris:64BitClover":46,"GremlinMask":30,"Frozen Egg 2":7,"hubris:EmptyBottle":12,"SsserpentHead":30,"Cauldron":38,"Lizard Tail":37,"Busted Crown":17,"hubris:Icosahedron":26,"downfall:GremlinWheel":39,"FaceOfCleric":30,"downfall:HeartBlessingBlue":25,"hubris:Spice":29,"DollysMirror":42,"Vampire_Amulet":0,"CultistMask":30,"downfall:CloakOfManyFaces":30,"NlothsMask":30},{"downfall:HeartBlessingRed":18,"hubris:64BitClover":28,"GremlinMask":15,"Frozen Egg 2":3,"hubris:EmptyBottle":6,"SsserpentHead":15,"Cauldron":21,"Lizard Tail":20,"Busted Crown":9,"hubris:Icosahedron":12,"downfall:GremlinWheel":22,"FaceOfCleric":15,"downfall:HeartBlessingBlue":12,"hubris:Spice":14,"DollysMirror":24,"Vampire_Amulet":0,"CultistMask":15,"downfall:CloakOfManyFaces":15,"NlothsMask":15},{"downfall:HeartBlessingRed":82,"hubris:64BitClover":126,"GremlinMask":69,"Frozen Egg 2":11,"hubris:EmptyBottle":25,"SsserpentHead":69,"Cauldron":96,"Lizard Tail":92,"Busted Crown":42,"hubris:Icosahedron":54,"downfall:GremlinWheel":99,"FaceOfCleric":69,"downfall:HeartBlessingBlue":54,"hubris:Spice":63,"DollysMirror":107,"Vampire_Amulet":0,"CultistMask":69,"downfall:CloakOfManyFaces":69,"NlothsMask":69}]},"card_choices":[{"not_picked":["Slay_Living","Violent_Necrosis"],"picked":"Bone_Bullets","floor":2.0},{"not_picked":["Toxic_Smoke_Screen","Negative_Energy_Javelin"],"picked":"Summon_Undead","floor":3.0},{"not_picked":["Bones_to_Steel","Corrupt"],"picked":"Negative_Energy_Shield","floor":4.0},{"not_picked":["Shackles_Of_Pain","Bone_Spikes"],"picked":"Thousand_Bone_Knives","floor":9.0},{"not_picked":["Flesh_Made_Foul","Blood_Whip"],"picked":"Plague_Bolt","floor":10.0},{"not_picked":["Necrotic_Claws","Corrupt"],"picked":"Shade_Step","floor":12.0},{"not_picked":["Bones_to_Steel","Blood_Curse"],"picked":"Summon_Undead_Army+1","floor":14.0},{"not_picked":["Siphon_Strength","Bone_Shift"],"picked":"Negative_Energy_Javelin","floor":15.0},{"not_picked":["Reap_The_Weak","Blood_Magic+1"],"picked":"Summon_Death_Knight+1","floor":16.0},{"not_picked":["Bone_Shift"],"picked":"SKIP","floor":19.0},{"not_picked":["Blood_Whip+1"],"picked":"SKIP","floor":20.0},{"not_picked":[],"picked":"Life_Drain","floor":21.0},{"not_picked":[],"picked":"Negative_Energy_Sphere","floor":28.0},{"not_picked":[],"picked":"Life_Tap+1","floor":29.0},{"not_picked":[],"picked":"Bone_Spikes","floor":31.0},{"not_picked":["Whirlwind_of_Bones"],"picked":"SKIP","floor":32.0},{"not_picked":[],"picked":"Cloudkill","floor":33.0},{"not_picked":[],"picked":"Negative_Energy_Sphere+1","floor":36.0},{"not_picked":[],"picked":"Death_Coil","floor":37.0},{"not_picked":[],"picked":"Summon_Vampire_Lady+1","floor":38.0},{"not_picked":["Blood_Whip"],"picked":"SKIP","floor":40.0},{"not_picked":["Pandemic"],"picked":"SKIP","floor":42.0},{"not_picked":[],"picked":"Death_March_Dance+1","floor":43.0},{"not_picked":[],"picked":"Bone_Prison","floor":44.0},{"not_picked":[],"picked":"Death_Coil","floor":45.0},{"not_picked":[],"picked":"Negative_Energy_Sphere+1","floor":46.0},{"not_picked":[],"picked":"Chill_Blood","floor":48.0},{"not_picked":["hubris:SpiceAddiction"],"picked":"SKIP","floor":49.0}],"player_experience":380585,"relics_obtained":[{"floor":7.0,"key":"Frozen Egg 2"},{"floor":29.0,"key":"hubris:Spice"},{"floor":30.0,"key":"downfall:CloakOfManyFaces"},{"floor":37.0,"key":"Lizard Tail"},{"floor":39.0,"key":"downfall:GremlinWheel"}],"event_choices":[{"damage_healed":0.0,"max_hp_gain":0.0,"max_hp_loss":0.0,"gold_gain":0.0,"event_name":"Vampires","player_choice":"Ignored","floor":22.0,"gold_loss":0.0,"damage_taken":0.0},{"damage_healed":22.0,"max_hp_gain":0.0,"max_hp_loss":0.0,"gold_gain":0.0,"event_name":"Wheel of Change","player_choice":"Full Heal","floor":47.0,"gold_loss":0.0,"damage_taken":0.0}],"is_beta":false,"boss_relics":[{"not_picked":["bronze:MakeshiftBattery","Empty Cage"],"picked":"Busted Crown"},{"not_picked":["SlaversCollar","hubris:GrandSneckoEye"],"picked":"hubris:Spice"}],"items_purged_floors":[12],"is_endless":false,"potions_floor_spawned":[3,4,16,21,29,30,32,33,40,43,44,45,49],"ascension_level":2}}