{"host":"eya4veotfj2c6je8","time":1613067368,"event":{"mods":["2.2 Compatiblity","AchievementEnabler","BaseMod","BetterRewards","Colored Map","Downfall","Hermit","Hubris","Infinite Spire","Jorbs\u0027s Wanderer Trilogy","Marisa????????","Minty Spire (QoL Compilation)","Replay The Spire","Shop Mod","StSLib","Td1madao Mod","The Animator","The Construct","The Cursed","The Disciple","The Hierophant","The Mystic","The Runesmith","The Servant 0.9.4"],"gold_per_floor":[111,111,131,131,53,92,92,125,125,125,125,150,150,174,174,298,298,266,266,279,279,2,2,2,2,22,22,22,40,40,40],"floor_reached":30,"language":"ENG","playtime":2444,"items_purged":[],"score":259,"play_id":"1dfe3ce2-1190-49bf-8c9f-7ae6378062ff","local_time":"20210211121608","is_ascension_mode":false,"campfire_choices":[{"data":"hermit:Maintenance","floor":7.0,"key":"SMITH"},{"floor":10.0,"key":"REST"},{"floor":13.0,"key":"REST"},{"floor":15.0,"key":"REST"},{"floor":23.0,"key":"REST"},{"data":"hermit:Maintenance","floor":27.0,"key":"SMITH"}],"circlet_count":0,"master_deck":["hermit:Strike_Hermit","hermit:Strike_Hermit","hermit:Strike_Hermit+1","hermit:Strike_Hermit+1","hermit:Defend_Hermit","hermit:Defend_Hermit","hermit:Defend_Hermit","hermit:Defend_Hermit","hermit:Snapshot","hermit:Covet","hermit:PistolWhip","hermit:Snipe","Injury","hermit:BigShot","hermit:Maintenance+1","hermit:Dive","hermit:PistolWhip","hermit:HeroicBravado","hermit:CalledShot","downfall:Bewildered","hermit:CursedWeapon","Slimebound:CheckThePlaybook","downfall:Icky","hermit:Maintenance+1","hermit:Misfire+1"],"relics":["hermit:Momento","NeowsBlessing","Golden Idol","Replay:Bottled Flurry","Mercury Hourglass","Simple Rune","hubris:Towel","Lantern","hubris:HollowSoul","sneckomod:BabySnecko","Replay:Wax Seal","hubris:MysteriousPyramids","Replay:Bottled Steam"],"acts_visited":["Exordium","TheCity"],"potions_floor_usage":[29,30],"damage_taken":[{"damage":0.0,"enemies":"2 Louse","floor":1.0,"turns":1.0},{"damage":0.0,"enemies":"Jaw Worm","floor":3.0,"turns":1.0},{"damage":0.0,"enemies":"3 Sentries","floor":6.0,"turns":1.0},{"damage":56.0,"enemies":"Lagavulin","floor":8.0,"turns":7.0},{"damage":1.0,"enemies":"Small Slimes","floor":14.0,"turns":3.0},{"damage":67.0,"enemies":"Hexaghost","floor":16.0,"turns":12.0},{"damage":23.0,"enemies":"2 Thieves","floor":18.0,"turns":5.0},{"damage":2.0,"enemies":"Chosen","floor":20.0,"turns":4.0},{"damage":23.0,"enemies":"Snake Plant","floor":26.0,"turns":4.0},{"damage":38,"enemies":"Cultist and Chosen","floor":29,"turns":7},{"damage":21,"enemies":"3 Cultists","floor":30,"turns":3}],"seed_played":"5393398297341425162","potions_obtained":[{"floor":6.0,"key":"GamblersBrew"},{"floor":8.0,"key":"sneckomod:MuddlingPotion"},{"floor":14.0,"key":"Dexterity Potion"},{"floor":20.0,"key":"Milkshake"},{"floor":26.0,"key":"Milkshake"}],"is_trial":false,"path_per_floor":["M","?","M","?","$","E","R","E","T","R","?","T","R","M","R","B",null,"M","?","M","?","$","R","PTL","PTL","M","R","T","M","M"],"character_chosen":"HERMIT","items_purchased":["hermit:BigShot","Replay:Wax Seal","hubris:MysteriousPyramids"],"campfire_rested":4,"item_purchase_floors":[5,22,22],"current_hp_per_floor":[75,75,75,75,75,75,75,19,19,41,41,41,63,62,75,8,75,52,52,50,50,50,72,72,72,49,49,49,11,0,0],"gold":40,"neow_bonus":"THREE_ENEMY_KILL","is_daily":false,"chose_seed":false,"campfire_upgraded":2,"win_rate":0.0,"timestamp":1613067368,"path_taken":["M","?","M","?","$","E","R","E","T","R","?","?","R","?","R","BOSS","M","?","M","?","$","R","PTL","PTL","M","R","T","M","M"],"items_purchased_type":["Card","Relic","Relic"],"build_version":"2020-12-22","purchased_purges":0,"victory":false,"max_hp_per_floor":[75,75,75,75,75,75,75,75,75,75,75,75,75,75,75,75,75,75,75,75,75,75,75,75,75,75,75,75,75,75,75],"card_choices":[{"not_picked":["hermit:Coalescence","hermit:Determination"],"picked":"hermit:PistolWhip","floor":1.0},{"not_picked":["hermit:LoneWolf","hermit:Cheat"],"picked":"hermit:Snipe","floor":3.0},{"not_picked":["hermit:ItchyTrigger","hermit:Manifest"],"picked":"hermit:Maintenance","floor":6.0},{"not_picked":["hermit:BlackWind","hermit:EyeOfTheStorm"],"picked":"hermit:Dive","floor":8.0},{"not_picked":["hermit:Misfire","hermit:Roulette"],"picked":"hermit:PistolWhip","floor":14.0},{"not_picked":["hermit:HighNoon","hermit:FromBeyond"],"picked":"hermit:HeroicBravado","floor":16.0},{"not_picked":["hermit:Combo","hermit:PistolWhip"],"picked":"hermit:CalledShot","floor":18.0},{"not_picked":["hermit:TakeAim+1","hermit:Snipe"],"picked":"hermit:CursedWeapon","floor":20.0},{"not_picked":["hermit:BodyArmor","hermit:Dive"],"picked":"hermit:Maintenance","floor":26.0},{"not_picked":["hermit:WideOpen","hermit:ShadowCloak"],"picked":"hermit:Misfire+1","floor":29}],"player_experience":305819,"relics_obtained":[{"floor":6.0,"key":"Replay:Bottled Flurry"},{"floor":8.0,"key":"Mercury Hourglass"},{"floor":9.0,"key":"Simple Rune"},{"floor":12.0,"key":"Lantern"},{"floor":28.0,"key":"Replay:Bottled Steam"}],"event_choices":[{"damage_healed":0.0,"max_hp_gain":0.0,"max_hp_loss":0.0,"gold_gain":0.0,"event_name":"Golden Idol","player_choice":"Take Wound","floor":4.0,"gold_loss":0.0,"damage_taken":0.0,"relics_obtained":["Golden Idol"],"cards_obtained":["Injury"]}],"is_beta":false,"boss_relics":[{"not_picked":["Fusion Hammer","hubris:Backtick"],"picked":"hubris:HollowSoul"}],"items_purged_floors":[],"is_endless":false,"potions_floor_spawned":[6,8,14,20,26],"killed_by":"3 Cultists","ascension_level":0}}