{"host":"njruw0b0uprlitpx","time":1613067145,"event":{"mods":["2.2 Compatiblity","Act Like it!","Aspiration","Bartender","BaseMod","Better Altar","Better Match","Better Note","Better Sensory Stone","Better Skull","Better Third Choice","BetterRewards","Block Reminder","Colored Map","Colored Powertips","Curses Come First","Energized Spire","Hallownest","Jedi Mod","Keyboard Shortcuts","Minty Spire (QoL Compilation)","Quick Restart","Rare Cards Sparkle","Relic Stats","Replay The Spire","SacredBarkPlus","Spicy Shops","StSLib","SuperFastMode","The Blackbeard"],"gold_per_floor":[114,189,4,4,19,19,34,34,34,34,49,64,79,33,33,133,133,148,4,4,19,44,59,59,74,124,139,139,169,94,94,94,194,194,209,224,224,2,17,17,17,66,66,66,81,96,111,126,126,126],"floor_reached":51,"language":"ENG","playtime":6343,"items_purged":["jedi:frostbite","Decay"],"score":911,"play_id":"2e9944de-a56f-4fad-a8f6-f657bf99778e","local_time":"20210211121225","daily_mods":["Allstar","Vintage","Binary"],"is_ascension_mode":false,"campfire_choices":[{"floor":6.0,"key":"REST"},{"data":"ReplayUltimateDefense","floor":8.0,"key":"SMITH"},{"data":"jedi:cleanse","floor":10.0,"key":"SMITH"},{"data":"Well Laid Plans","floor":15.0,"key":"SMITH"},{"data":"Caltrops","floor":24.0,"key":"SMITH"},{"data":"Perfected Strike","floor":28.0,"key":"SMITH"},{"data":"Glass Knife","floor":32.0,"key":"SMITH"},{"data":"Phantasmal Killer","floor":40.0,"key":"SMITH"},{"data":"Wraith Form v2","floor":44.0,"key":"SMITH"},{"data":"Enlightenment","floor":49.0,"key":"SMITH"}],"circlet_count":0,"master_deck":["Strike_G","Strike_G","Strike_G","Strike_G","Strike_G","Defend_G","Defend_G","Defend_G","Neutralize","Enlightenment+1","Dark Shackles","jedi:cleanse+1","ReplayUltimateDefense+1","Deep Breath","Well Laid Plans+1","Quick Slash","Hidden Blade","Dagger Throw","Glass Knife+1","Backstab","Caltrops+1","Pommel Strike","Replay:Sssssssssstrike","Replay:Sssssssssstrike","Twin Strike","jedi:strikingstrike","Perfected Strike+1","Noxious Fumes+1","Leg Sweep","Phantasmal Killer+1","Wraith Form v2+1","Footwork","Backstab","Backstab"],"relics":["Ring of the Snake","Blood Vial","Protect_Vest","Pet Ghost","Snack Pack","jedi:ghostblades","Bronze Scales","FossilizedHelix","Painkiller Herb","ReplayTheSpireMod:Shallot","Boot","ReplayTheSpireMod:CursedCoin","Mummified Hand","Replay:Bottled Flurry","jedi:rubbersling","Centennial Puzzle","Bag of Marbles","aspiration:IroncladSkillbook","Toy Ornithopter","Replay:Towering Pillar of Hats","TungstenRod","Meat on the Bone","jedi:ominousloannote","Bottled Tornado","Mercury Hourglass","Juzu Bracelet","ReplayTheSpireMod:Lightbulb","Akabeko","Onion Ring"],"acts_visited":["Exordium","TheCity","TheBeyond"],"potions_floor_usage":[50,50],"damage_taken":[{"damage":0.0,"enemies":"2 Louse","floor":1.0,"turns":5.0},{"damage":5.0,"enemies":"Jaw Worm","floor":5.0,"turns":5.0},{"damage":0.0,"enemies":"Cultist","floor":7.0,"turns":5.0},{"damage":0.0,"enemies":"Exordium Wildlife","floor":11.0,"turns":6.0},{"damage":0.0,"enemies":"Looter","floor":12.0,"turns":4.0},{"damage":0.0,"enemies":"Large Slime","floor":13.0,"turns":6.0},{"damage":0.0,"enemies":"Hexaghost","floor":16.0,"turns":10.0},{"damage":0.0,"enemies":"2 Thieves","floor":18.0,"turns":4.0},{"damage":0.0,"enemies":"Spheric Guardian","floor":21.0,"turns":3.0},{"damage":0.0,"enemies":"Centurion and Healer","floor":23.0,"turns":4.0},{"damage":0.0,"enemies":"Cultist and Chosen","floor":25.0,"turns":5.0},{"damage":0.0,"enemies":"Shelled Parasite and Fungi","floor":27.0,"turns":4.0},{"damage":0.0,"enemies":"Replay:Snechameleon","floor":29.0,"turns":4.0},{"damage":0.0,"enemies":"Collector","floor":33.0,"turns":7.0},{"damage":0.0,"enemies":"3 Shapes","floor":35.0,"turns":2.0},{"damage":0.0,"enemies":"3 Darklings","floor":36.0,"turns":3.0},{"damage":2.0,"enemies":"Sphere and 2 Shapes","floor":39.0,"turns":3.0},{"damage":0.0,"enemies":"Spire Growth","floor":45.0,"turns":4.0},{"damage":0.0,"enemies":"3 Darklings","floor":46.0,"turns":3.0},{"damage":0.0,"enemies":"Writhing Mass","floor":47.0,"turns":5.0},{"damage":0.0,"enemies":"Jaw Worm Horde","floor":48.0,"turns":4.0},{"damage":0,"enemies":"Awakened One","floor":50,"turns":8}],"seed_played":"-587577638262706789","potions_obtained":[{"floor":1.0,"key":"SneckoOil"},{"floor":11.0,"key":"SpeedPotion"},{"floor":12.0,"key":"Energy Potion"},{"floor":18.0,"key":"Reflective Coating"},{"floor":21.0,"key":"Fruit Juice"},{"floor":25.0,"key":"jedi:StrikingPotion"},{"floor":36.0,"key":"DuplicationPotion"},{"floor":39.0,"key":"ColorlessPotion"}],"is_trial":false,"path_per_floor":["M","?","$","?","M","R","M","R","T","R","M","M","M","$","R","B",null,"?","T","?","?","T","?","T","?","T","?","T","E","?","?","T","B",null,"?","?","?","T","?","T","?","T","T","T","?","?","?","?","T","B",null],"character_chosen":"THE_SILENT","items_purchased":["Well Laid Plans","Quick Slash","Hidden Blade","Dagger Throw","Backstab","Caltrops","ReplayTheSpireMod:CursedCoin","Strength Potion","Footwork","TungstenRod","Backstab","jedi:ominousloannote","Bottled Tornado","CultistPotion"],"campfire_rested":1,"item_purchase_floors":[3,3,3,14,19,19,22,22,38,38,38,42,42,42],"current_hp_per_floor":[70,59,59,52,49,70,70,70,70,70,70,70,70,70,70,70,70,70,70,70,75,75,75,75,75,75,75,75,75,75,75,75,75,75,75,75,60,60,68,68,68,68,68,68,75,75,75,75,75,75],"gold":126,"neow_bonus":"","is_daily":true,"chose_seed":false,"campfire_upgraded":9,"win_rate":0.0,"timestamp":1613067145,"path_taken":["M","?","$","?","M","R","M","R","T","R","?","?","M","?","R","BOSS","?","T","?","?","T","?","T","?","T","?","T","E","?","?","T","BOSS","?","?","?","?","?","T","?","T","T","T","?","?","?","?","T","BOSS"],"items_purchased_type":["Card","Card","Card","Card","Card","Card","Relic","Potion","Card","Relic","Card","Relic","Relic","Potion"],"build_version":"2020-12-22","purchased_purges":2,"victory":true,"max_hp_per_floor":[70,70,70,70,70,70,70,70,70,70,70,70,70,70,70,70,70,70,70,70,75,75,75,75,75,75,75,75,75,75,75,75,75,75,75,75,75,75,75,75,75,75,75,75,75,75,75,75,75,75],"relic_stats":{"counters":[22,104],"Juzu Bracelet":0,"Boot":[43],"Mercury Hourglass":[81],"Blood Vial":6,"Centennial Puzzle":[3],"Mummified Hand":[38],"Bronze Scales":[259],"obtain_stats":[{"jedi:ghostblades":11,"Painkiller Herb":17,"Juzu Bracelet":45,"Bottled Tornado":42,"Boot":21,"Pet Ghost":7,"Blood Vial":1,"Centennial Puzzle":27,"Mummified Hand":23,"Replay:Bottled Flurry":25,"Ring of the Snake":0,"Replay:Towering Pillar of Hats":36,"ReplayTheSpireMod:CursedCoin":22,"Protect_Vest":5,"aspiration:IroncladSkillbook":34,"Akabeko":47,"Mercury Hourglass":43,"ReplayTheSpireMod:Shallot":18,"jedi:ominousloannote":42,"Bronze Scales":12,"jedi:rubbersling":26,"Onion Ring":48,"Snack Pack":9,"Bag of Marbles":29,"ReplayTheSpireMod:Lightbulb":46,"FossilizedHelix":13,"Toy Ornithopter":35,"TungstenRod":38,"Meat on the Bone":39},{"jedi:ghostblades":4,"Painkiller Herb":7,"Juzu Bracelet":18,"Bottled Tornado":17,"Boot":9,"Pet Ghost":3,"Blood Vial":1,"Centennial Puzzle":12,"Mummified Hand":10,"Replay:Bottled Flurry":11,"Ring of the Snake":0,"Replay:Towering Pillar of Hats":16,"ReplayTheSpireMod:CursedCoin":9,"Protect_Vest":2,"aspiration:IroncladSkillbook":14,"Akabeko":20,"Mercury Hourglass":17,"ReplayTheSpireMod:Shallot":8,"jedi:ominousloannote":17,"Bronze Scales":5,"jedi:rubbersling":11,"Onion Ring":21,"Snack Pack":3,"Bag of Marbles":13,"ReplayTheSpireMod:Lightbulb":19,"FossilizedHelix":6,"Toy Ornithopter":15,"TungstenRod":16,"Meat on the Bone":17},{"jedi:ghostblades":21,"Painkiller Herb":41,"Juzu Bracelet":84,"Bottled Tornado":80,"Boot":48,"Pet Ghost":15,"Blood Vial":5,"Centennial Puzzle":61,"Mummified Hand":52,"Replay:Bottled Flurry":57,"Ring of the Snake":0,"Replay:Towering Pillar of Hats":77,"ReplayTheSpireMod:CursedCoin":48,"Protect_Vest":10,"aspiration:IroncladSkillbook":72,"Akabeko":92,"Mercury Hourglass":80,"ReplayTheSpireMod:Shallot":45,"jedi:ominousloannote":80,"Bronze Scales":25,"jedi:rubbersling":57,"Onion Ring":96,"Snack Pack":15,"Bag of Marbles":65,"ReplayTheSpireMod:Lightbulb":87,"FossilizedHelix":31,"Toy Ornithopter":74,"TungstenRod":77,"Meat on the Bone":80}],"Toy Ornithopter":0,"TungstenRod":1,"Ring of the Snake":[44],"Meat on the Bone":0},"card_choices":[{"not_picked":["jedi:brewingpoison"],"picked":"Glass Knife","floor":16.0},{"not_picked":["Tactician+1"],"picked":"Noxious Fumes+1","floor":29.0},{"not_picked":["Unload"],"picked":"Phantasmal Killer","floor":33.0}],"player_experience":1208250,"relics_obtained":[{"floor":1.0,"key":"Blood Vial"},{"floor":5.0,"key":"Protect_Vest"},{"floor":7.0,"key":"Pet Ghost"},{"floor":9.0,"key":"Snack Pack"},{"floor":11.0,"key":"jedi:ghostblades"},{"floor":12.0,"key":"Bronze Scales"},{"floor":13.0,"key":"FossilizedHelix"},{"floor":18.0,"key":"ReplayTheSpireMod:Shallot"},{"floor":21.0,"key":"Boot"},{"floor":23.0,"key":"Mummified Hand"},{"floor":25.0,"key":"Replay:Bottled Flurry"},{"floor":26.0,"key":"jedi:rubbersling"},{"floor":27.0,"key":"Centennial Puzzle"},{"floor":29.0,"key":"Bag of Marbles"},{"floor":35.0,"key":"Toy Ornithopter"},{"floor":36.0,"key":"Replay:Towering Pillar of Hats"},{"floor":39.0,"key":"Meat on the Bone"},{"floor":43.0,"key":"Mercury Hourglass"},{"floor":45.0,"key":"Juzu Bracelet"},{"floor":46.0,"key":"ReplayTheSpireMod:Lightbulb"},{"floor":47.0,"key":"Akabeko"},{"floor":48.0,"key":"Onion Ring"}],"event_choices":[{"damage_healed":0.0,"max_hp_gain":0.0,"max_hp_loss":0.0,"gold_gain":75.0,"event_name":"betterThird:BetterGoop","player_choice":"Gold","floor":2.0,"gold_loss":0.0,"damage_taken":11.0},{"cards_removed":["Defend_G"],"damage_healed":0.0,"max_hp_gain":0.0,"max_hp_loss":0.0,"gold_gain":0.0,"event_name":"Golden Wing","player_choice":"Card Removal","floor":4.0,"gold_loss":0.0,"damage_taken":7.0},{"cards_removed":["Defend_G"],"damage_healed":0.0,"max_hp_gain":0.0,"max_hp_loss":0.0,"gold_gain":0.0,"event_name":"Beggar","player_choice":"Gave Gold","floor":30.0,"gold_loss":75.0,"damage_taken":0.0},{"damage_healed":0.0,"max_hp_gain":0.0,"max_hp_loss":0.0,"gold_gain":0.0,"event_name":"The Library","player_choice":"Read","floor":31.0,"gold_loss":0.0,"damage_taken":0.0,"cards_obtained":["Leg Sweep"]},{"damage_healed":0.0,"max_hp_gain":0.0,"max_hp_loss":15.0,"gold_gain":3.0,"event_name":"betterStone:BetterStone","player_choice":"2","floor":37.0,"gold_loss":0.0,"damage_taken":0.0},{"cards_removed":["Survivor"],"damage_healed":0.0,"max_hp_gain":0.0,"max_hp_loss":0.0,"gold_gain":0.0,"event_name":"Falling","player_choice":"Removed Skill","floor":41.0,"gold_loss":0.0,"damage_taken":0.0}],"is_beta":false,"boss_relics":[{"not_picked":["Ectoplasm","Busted Crown"],"picked":"Painkiller Herb"},{"not_picked":["Snecko Heart","aspiration:FutureDiary"],"picked":"aspiration:IroncladSkillbook"}],"items_purged_floors":[22,42],"is_endless":false,"potions_floor_spawned":[1,11,12,18,21,25,36,39,45],"ascension_level":0}}