{"host":"r6jigiblrojhp6xe","time":1613031306,"event":{"mods":["AchievementEnabler","BaseMod","DeckTracker","Hermit","Minty Spire (QoL Compilation)","Quick Restart","Rare Cards Sparkle","Relic Stats","StSLib","SuperFastMode","everything is the same but u backflip on backflip"],"gold_per_floor":[113,38,38,38,56,91,111,125,125,125,154,154,154,179,191,275,287,315,341,103,28,298,323,343,343,343,363,382,399,399,274,274,348,348,361,211,227,245,245,245,245,276,303,330,330,340,373,31,31,31,31,31,31,31,57,57],"floor_reached":57,"language":"KOR","playtime":1603,"items_purged":["Defend_G","Strike_G","Strike_G","Strike_G","Defend_G"],"score":2986,"play_id":"d2f5e34d-a3fa-4742-ab2b-ea37234dcee7","local_time":"20210211171506","is_ascension_mode":true,"campfire_choices":[{"data":"Cloak And Dagger","floor":10.0,"key":"SMITH"},{"data":"Well Laid Plans","floor":13.0,"key":"SMITH"},{"data":"Neutralize","floor":15.0,"key":"SMITH"},{"floor":25.0,"key":"REST"},{"data":"Cloak And Dagger","floor":30.0,"key":"SMITH"},{"floor":32.0,"key":"REST"},{"floor":40.0,"key":"RECALL"},{"floor":49.0,"key":"REST"},{"data":"After Image","floor":53.0,"key":"SMITH"}],"circlet_count":0,"master_deck":["AscendersBane","Strike_G+1","Strike_G+1","Defend_G","Defend_G","Survivor","Neutralize+1","Blade Dance","Cloak And Dagger+1","Blade Dance","Backflip","Well Laid Plans+1","After Image+1","Die Die Die","Blade Dance+1","Cloak And Dagger+1","Cloak And Dagger+1","Thinking Ahead","Blur","Prepared+1"],"relics":["Ring of the Snake","NeowsBlessing","Shuriken","Kunai","Singing Bowl","Pantograph","MawBank","WristBlade","Whetstone","Bag of Marbles","Sozu","Potion Belt","Anchor","Ninja Scroll","Lantern","The Specimen"],"acts_visited":["Exordium","TheCity","TheBeyond","TheEnding"],"potions_floor_usage":[56],"damage_taken":[{"damage":0.0,"enemies":"Cultist","floor":1.0,"turns":1.0},{"damage":0.0,"enemies":"Jaw Worm","floor":5.0,"turns":1.0},{"damage":0.0,"enemies":"3 Sentries","floor":6.0,"turns":1.0},{"damage":0.0,"enemies":"2 Louse","floor":7.0,"turns":3.0},{"damage":0.0,"enemies":"Looter","floor":8.0,"turns":3.0},{"damage":6.0,"enemies":"Gremlin Nob","floor":11.0,"turns":3.0},{"damage":9.0,"enemies":"Hexaghost","floor":16.0,"turns":8.0},{"damage":10.0,"enemies":"2 Thieves","floor":18.0,"turns":4.0},{"damage":10.0,"enemies":"Shell Parasite","floor":19.0,"turns":4.0},{"damage":4.0,"enemies":"Slavers","floor":23.0,"turns":3.0},{"damage":0.0,"enemies":"Centurion and Healer","floor":24.0,"turns":4.0},{"damage":0.0,"enemies":"Chosen and Byrds","floor":27.0,"turns":3.0},{"damage":20.0,"enemies":"Snake Plant","floor":28.0,"turns":5.0},{"damage":0.0,"enemies":"Shelled Parasite and Fungi","floor":29.0,"turns":1.0},{"damage":19.0,"enemies":"Collector","floor":33.0,"turns":6.0},{"damage":0.0,"enemies":"Orb Walker","floor":35.0,"turns":2.0},{"damage":20.0,"enemies":"3 Shapes","floor":37.0,"turns":5.0},{"damage":7.0,"enemies":"Writhing Mass","floor":38.0,"turns":6.0},{"damage":0.0,"enemies":"Reptomancer","floor":42.0,"turns":6.0},{"damage":0.0,"enemies":"Giant Head","floor":44.0,"turns":5.0},{"damage":0.0,"enemies":"Maw","floor":46.0,"turns":5.0},{"damage":28.0,"enemies":"Nemesis","floor":47.0,"turns":7.0},{"damage":0.0,"enemies":"Awakened One","floor":50.0,"turns":7.0},{"damage":2.0,"enemies":"Donu and Deca","floor":51.0,"turns":6.0},{"damage":21.0,"enemies":"Shield and Spear","floor":55.0,"turns":6.0},{"damage":108,"enemies":"The Heart","floor":56,"turns":8}],"seed_played":"-5381075142554871669","potions_obtained":[{"floor":5.0,"key":"ColorlessPotion"},{"floor":6.0,"key":"Poison Potion"},{"floor":16.0,"key":"DistilledChaos"},{"floor":18.0,"key":"SkillPotion"},{"floor":23.0,"key":"LiquidMemories"},{"floor":27.0,"key":"FairyPotion"},{"floor":33.0,"key":"FearPotion"}],"is_trial":false,"path_per_floor":["M","$","?","$","M","E","M","M","T","R","E","?","R","T","R","B",null,"M","M","$","?","?","E","M","R","T","M","M","M","R","$","R","B",null,"M","$","M","M","?","R","?","E","T","E","?","M","E","$","R","B","B",null,"R","$","E","B",null],"character_chosen":"THE_SILENT","items_purchased":["After Image","Lantern"],"campfire_rested":3,"item_purchase_floors":[20,48],"current_hp_per_floor":[59,59,54,54,54,54,54,54,54,54,48,53,53,53,53,64,71,63,55,55,55,28,24,24,47,47,47,29,29,29,29,52,60,76,78,78,60,55,55,55,55,55,55,57,57,57,31,31,57,82,85,87,87,87,68,10],"gold":57,"neow_bonus":"THREE_ENEMY_KILL","is_daily":false,"chose_seed":false,"campfire_upgraded":5,"win_rate":0.0,"timestamp":1613031306,"path_taken":["M","?","?","$","M","E","M","M","T","R","E","?","R","?","R","BOSS","M","M","$","?","?","E","M","R","T","?","M","M","R","$","R","BOSS","M","$","M","M","?","R","?","E","T","E","?","M","E","?","R","BOSS","BOSS","R","$","E","BOSS"],"items_purchased_type":["Card","Relic"],"build_version":"2020-12-22","purchased_purges":5,"victory":true,"max_hp_per_floor":[66,66,66,66,66,66,66,66,66,66,66,71,71,71,71,73,73,75,77,77,77,77,77,77,77,77,77,79,79,79,79,79,81,81,83,83,85,87,87,87,87,87,87,89,85,85,87,87,87,87,87,87,87,87,89,89],"relic_stats":{"Sozu":2,"Singing Bowl":22,"counters":[26,113],"Shuriken":[154],"Pantograph":94,"Kunai":[153],"Whetstone":["Strike_G","Strike_G"],"MawBank":72,"obtain_stats":[{"Potion Belt":42,"Lantern":48,"NeowsBlessing":0,"Singing Bowl":9,"The Specimen":55,"Whetstone":23,"MawBank":14,"Sozu":34,"Anchor":44,"WristBlade":17,"Shuriken":3,"Ninja Scroll":47,"Pantograph":11,"Bag of Marbles":26,"Kunai":6,"Ring of the Snake":0},{"Potion Belt":19,"Lantern":22,"NeowsBlessing":0,"Singing Bowl":5,"The Specimen":25,"Whetstone":10,"MawBank":6,"Sozu":15,"Anchor":20,"WristBlade":7,"Shuriken":1,"Ninja Scroll":22,"Pantograph":6,"Bag of Marbles":11,"Kunai":3,"Ring of the Snake":0},{"Potion Belt":69,"Lantern":86,"NeowsBlessing":0,"Singing Bowl":9,"The Specimen":105,"Whetstone":31,"MawBank":12,"Sozu":50,"Anchor":74,"WristBlade":20,"Shuriken":1,"Ninja Scroll":86,"Pantograph":12,"Bag of Marbles":35,"Kunai":3,"Ring of the Snake":0}],"Ring of the Snake":[52]},"card_choices":[{"not_picked":["Masterful Stab","Choke"],"picked":"Blade Dance","floor":1.0},{"not_picked":["Dagger Throw","All Out Attack"],"picked":"Cloak And Dagger","floor":5.0},{"not_picked":["Well Laid Plans","Bane"],"picked":"Blade Dance","floor":6.0},{"not_picked":["Poisoned Stab","Bane"],"picked":"Backflip","floor":7.0},{"not_picked":["Expertise","Catalyst","Slice"],"picked":"SKIP","floor":8.0},{"not_picked":["Storm of Steel","Calculated Gamble"],"picked":"Well Laid Plans","floor":11.0},{"not_picked":["Glass Knife","Night Terror","Storm of Steel"],"picked":"Singing Bowl","floor":16.0},{"not_picked":["Acrobatics","Quick Slash","Deflect+1"],"picked":"Singing Bowl","floor":18.0},{"not_picked":["Deadly Poison","Underhanded Strike","Deflect"],"picked":"Singing Bowl","floor":19.0},{"not_picked":["All Out Attack+1","Bouncing Flask"],"picked":"Die Die Die","floor":23.0},{"not_picked":["Slice","Quick Slash"],"picked":"Blade Dance+1","floor":24.0},{"not_picked":["Backstab","Reflex+1"],"picked":"Cloak And Dagger","floor":27.0},{"not_picked":["Reflex+1","Dagger Spray","Flying Knee"],"picked":"Singing Bowl","floor":28.0},{"not_picked":["Outmaneuver","Accuracy"],"picked":"Cloak And Dagger+1","floor":29.0},{"not_picked":["Night Terror","Bullet Time","Malaise"],"picked":"Singing Bowl","floor":33.0},{"not_picked":["Bane+1","Choke","Footwork"],"picked":"Singing Bowl","floor":35.0},{"not_picked":["Sucker Punch","Flying Knee","Crippling Poison"],"picked":"Singing Bowl","floor":37.0},{"not_picked":["Quick Slash","Prepared","Acrobatics"],"picked":"Singing Bowl","floor":38.0},{"not_picked":["Bandage Up","Mind Blast"],"picked":"Thinking Ahead","floor":39.0},{"not_picked":["Crippling Poison","Sucker Punch"],"picked":"Blur","floor":42.0},{"not_picked":["Leg Sweep","Finisher+1","PiercingWail"],"picked":"Singing Bowl","floor":44.0},{"not_picked":["Calculated Gamble+1","Quick Slash+1"],"picked":"Prepared+1","floor":46.0},{"not_picked":["Dagger Throw","Masterful Stab","Outmaneuver+1"],"picked":"Singing Bowl","floor":47.0},{"not_picked":["Flechettes","Well Laid Plans+1","PiercingWail"],"picked":"Singing Bowl","floor":55.0}],"player_experience":609549,"relics_obtained":[{"floor":6.0,"key":"Kunai"},{"floor":9.0,"key":"Singing Bowl"},{"floor":11.0,"key":"Pantograph"},{"floor":14.0,"key":"MawBank"},{"floor":23.0,"key":"Whetstone"},{"floor":26.0,"key":"Bag of Marbles"},{"floor":42.0,"key":"Potion Belt"},{"floor":44.0,"key":"Anchor"},{"floor":47.0,"key":"Ninja Scroll"},{"floor":55.0,"key":"The Specimen"}],"event_choices":[{"damage_healed":0.0,"max_hp_gain":0.0,"max_hp_loss":0.0,"gold_gain":0.0,"event_name":"Scrap Ooze","player_choice":"Success","floor":3.0,"gold_loss":0.0,"damage_taken":5.0,"relics_obtained":["Shuriken"]},{"damage_healed":0.0,"max_hp_gain":5.0,"max_hp_loss":0.0,"gold_gain":0.0,"event_name":"Big Fish","player_choice":"Donut","floor":12.0,"gold_loss":0.0,"damage_taken":0.0},{"cards_removed":["Defend_G"],"damage_healed":0.0,"max_hp_gain":0.0,"max_hp_loss":0.0,"gold_gain":0.0,"event_name":"Beggar","player_choice":"Gave Gold","floor":21.0,"gold_loss":75.0,"damage_taken":0.0},{"damage_healed":0.0,"max_hp_gain":0.0,"max_hp_loss":0.0,"gold_gain":270.0,"event_name":"Knowing Skull","player_choice":"GOLD GOLD GOLD ","floor":22.0,"potions_obtained":[],"gold_loss":0.0,"damage_taken":27.0,"cards_obtained":[]},{"damage_healed":0.0,"max_hp_gain":0.0,"max_hp_loss":0.0,"gold_gain":0.0,"event_name":"SensoryStone","player_choice":"Memory 1","floor":39.0,"gold_loss":0.0,"damage_taken":0.0},{"damage_healed":0.0,"max_hp_gain":0.0,"max_hp_loss":0.0,"gold_gain":0.0,"event_name":"Tomb of Lord Red Mask","player_choice":"Ignored","floor":41.0,"gold_loss":0.0,"damage_taken":0.0},{"damage_healed":0.0,"max_hp_gain":0.0,"max_hp_loss":4.0,"gold_gain":0.0,"event_name":"Winding Halls","player_choice":"Max HP","floor":45.0,"gold_loss":0.0,"damage_taken":0.0}],"is_beta":false,"boss_relics":[{"not_picked":["Snecko Eye","Fusion Hammer"],"picked":"WristBlade"},{"not_picked":["Tiny House","Velvet Choker"],"picked":"Sozu"}],"items_purged_floors":[2,20,31,36,48],"is_endless":false,"potions_floor_spawned":[5,6,16,18,19,23,27,33,38,47],"ascension_level":20}}