{"host":"mqhvlr3kpxebko0t","time":1613026016,"event":{"mods":["AchievementEnabler","BaseMod","Colored Map","Colored Powertips","KOR Keyword Fix","Keyboard Shortcuts","Minty Spire (QoL Compilation)","StSLib","SuperFastMode"],"gold_per_floor":[111,129,147,147,157,157,175,175,175],"floor_reached":8,"language":"KOR","playtime":162,"items_purged":[],"score":90,"play_id":"2cfffddc-2f6f-4a7b-84c0-a427a810a6c5","local_time":"20210211154656","is_ascension_mode":true,"campfire_choices":[{"data":"Prepared","floor":6,"key":"SMITH"}],"circlet_count":0,"master_deck":["AscendersBane","Strike_G","Strike_G","Strike_G","Strike_G","Defend_G","Defend_G","Defend_G+1","Defend_G","Defend_G","Survivor+1","Neutralize","CurseOfTheBell","Crippling Poison","Reflex","Backflip","Prepared+1","Acrobatics"],"relics":["Calling Bell","War Paint","StrikeDummy","Tough Bandages"],"acts_visited":["Exordium"],"potions_floor_usage":[8],"damage_taken":[{"damage":2,"enemies":"Jaw Worm","floor":1,"turns":5},{"damage":5,"enemies":"2 Louse","floor":2,"turns":3},{"damage":0,"enemies":"Small Slimes","floor":3,"turns":3},{"damage":3,"enemies":"3 Louse","floor":5,"turns":3},{"damage":13,"enemies":"Exordium Wildlife","floor":7,"turns":6},{"damage":30,"enemies":"Lagavulin","floor":8,"turns":8}],"seed_played":"-6349020420905269652","potions_obtained":[{"floor":7,"key":"LiquidBronze"}],"is_trial":false,"path_per_floor":["M","M","M","?","M","R","M","E"],"character_chosen":"THE_SILENT","items_purchased":[],"campfire_rested":0,"item_purchase_floors":[],"current_hp_per_floor":[57,52,52,45,42,42,29,0,0],"gold":175,"neow_bonus":"BOSS_RELIC","is_daily":false,"chose_seed":false,"campfire_upgraded":1,"win_rate":0.0,"timestamp":1613026016,"path_taken":["M","M","M","?","M","R","M","E"],"items_purchased_type":[],"build_version":"2020-12-22","purchased_purges":0,"victory":false,"max_hp_per_floor":[66,66,66,66,66,66,66,66,66],"card_choices":[{"not_picked":["Quick Slash","Concentrate"],"picked":"Crippling Poison","floor":1},{"not_picked":["Flying Knee","Prepared"],"picked":"Reflex","floor":2},{"not_picked":["Outmaneuver","Blade Dance"],"picked":"Backflip","floor":3},{"not_picked":["Bouncing Flask","Deflect"],"picked":"Prepared","floor":5},{"not_picked":["Flying Knee","Catalyst"],"picked":"Acrobatics","floor":7}],"player_experience":706801,"relics_obtained":[{"floor":0,"key":"War Paint"},{"floor":0,"key":"StrikeDummy"},{"floor":0,"key":"Tough Bandages"}],"event_choices":[{"cards_removed":["Strike_G"],"damage_healed":0,"gold_gain":0,"player_choice":"Card Removal","damage_taken":7,"max_hp_gain":0,"max_hp_loss":0,"event_name":"Golden Wing","floor":4,"gold_loss":0}],"is_beta":false,"boss_relics":[],"items_purged_floors":[],"is_endless":false,"potions_floor_spawned":[7],"killed_by":"Lagavulin","ascension_level":16}}