{"host":"sobjo4rml6cot8rh","time":1613082138,"event":{"mods":["BaseMod","Bestiary","Colored Map","Colored Powertips","Dark Map","Marisa????????","Minty Spire (QoL Compilation)","Quick Restart","Random Character Button","StSLib","The Alterego","Waifu the Spire"],"gold_per_floor":[17,29,29,41,41,79,102,137,137,412,456,20,20,45,45,164,164,182,200,218,233,253,253,289,289,289,325,179,214,139,182,182,302,302,325,343,343,17,35,74,90,90,90,90,106,106,106,120,120,120,120,120,10,49,49],"floor_reached":56,"language":"ENG","playtime":3145,"items_purged":["Regret","Strike_R","Strike_R"],"score":1528,"play_id":"dbbea39e-1671-4ddf-ba56-172d99c4c80c","local_time":"20210211172218","is_ascension_mode":true,"campfire_choices":[{"floor":13.0,"key":"REST"},{"data":"Intimidate","floor":15.0,"key":"SMITH"},{"data":"Demon Form","floor":23.0,"key":"SMITH"},{"floor":25.0,"key":"REST"},{"data":"Feed","floor":32.0,"key":"SMITH"},{"floor":44,"key":"RECALL"},{"data":"Offering","floor":46,"key":"SMITH"},{"data":"Impervious","floor":49,"key":"SMITH"},{"data":"Uppercut","floor":52,"key":"SMITH"}],"circlet_count":0,"master_deck":["Strike_R","Strike_R","Defend_R","Defend_R","Defend_R","Defend_R","Bash","Spot Weakness","Uppercut+1","Fire Breathing","Pummel","Intimidate+1","Sword Boomerang","Impervious+1","Offering+1","Demon Form+1","Heavy Blade","Flame Barrier+1","Barricade","Shrug It Off","Feed+1","Bludgeon","Rupture+1","Reaper","Disarm+1"],"relics":["Burning Blood","Incense Burner","Golden Idol","Tiny Chest","Singing Bowl","Pear","Letter Opener","Membership Card","TungstenRod","Snecko Eye","PreservedInsect","Bird Faced Urn","Oddly Smooth Stone","Lee\u0027s Waffle","Blood Vial","Pantograph","Coffee Dripper","OrangePellets","Omamori","Bag of Preparation","Mummified Hand","Frozen Egg 2","Strawberry","Orichalcum"],"acts_visited":["Exordium","TheCity","TheBeyond","TheEnding"],"potions_floor_usage":[54,55,55,55],"damage_taken":[{"damage":1.0,"enemies":"Cultist","floor":1.0,"turns":3.0},{"damage":1.0,"enemies":"Jaw Worm","floor":2.0,"turns":5.0},{"damage":0.0,"enemies":"Small Slimes","floor":4.0,"turns":3.0},{"damage":26.0,"enemies":"3 Sentries","floor":6.0,"turns":5.0},{"damage":4.0,"enemies":"Red Slaver","floor":7.0,"turns":3.0},{"damage":24.0,"enemies":"Gremlin Nob","floor":8.0,"turns":4.0},{"damage":25.0,"enemies":"Lagavulin","floor":11.0,"turns":8.0},{"damage":16.0,"enemies":"2 Fungi Beasts","floor":14.0,"turns":4.0},{"damage":18.0,"enemies":"Slime Boss","floor":16.0,"turns":9.0},{"damage":5.0,"enemies":"Chosen","floor":18.0,"turns":3.0},{"damage":6.0,"enemies":"Shell Parasite","floor":19.0,"turns":4.0},{"damage":35.0,"enemies":"Shelled Parasite and Fungi","floor":20.0,"turns":6.0},{"damage":14.0,"enemies":"Snake Plant","floor":21.0,"turns":5.0},{"damage":18.0,"enemies":"Centurion and Healer","floor":22.0,"turns":4.0},{"damage":40.0,"enemies":"Slavers","floor":24.0,"turns":4.0},{"damage":7.0,"enemies":"Book of Stabbing","floor":27.0,"turns":4.0},{"damage":9.0,"enemies":"Slavers","floor":29.0,"turns":4.0},{"damage":5.0,"enemies":"Gremlin Leader","floor":31.0,"turns":4.0},{"damage":5.0,"enemies":"Champ","floor":33.0,"turns":8.0},{"damage":32.0,"enemies":"3 Darklings","floor":35.0,"turns":6.0},{"damage":5.0,"enemies":"3 Shapes","floor":36.0,"turns":4.0},{"damage":5,"enemies":"Sphere and 2 Shapes","floor":39,"turns":5},{"damage":10,"enemies":"Reptomancer","floor":40,"turns":11},{"damage":5,"enemies":"Transient","floor":41,"turns":5},{"damage":5,"enemies":"Writhing Mass","floor":45,"turns":4},{"damage":5,"enemies":"3 Darklings","floor":48,"turns":4},{"damage":21,"enemies":"Awakened One","floor":50,"turns":10},{"damage":25,"enemies":"Shield and Spear","floor":54,"turns":6},{"damage":59,"enemies":"The Heart","floor":55,"turns":8}],"seed_played":"830651477046335497","potions_obtained":[{"floor":4.0,"key":"Dexterity Potion"},{"floor":6.0,"key":"ColorlessPotion"},{"floor":11.0,"key":"Strength Potion"},{"floor":16.0,"key":"Swift Potion"},{"floor":22.0,"key":"Fruit Juice"},{"floor":24.0,"key":"BlessingOfTheForge"},{"floor":27.0,"key":"BloodPotion"},{"floor":36.0,"key":"PowerPotion"},{"floor":54,"key":"DistilledChaos"}],"is_trial":false,"path_per_floor":["M","M","$","M","?","E","M","E","T","?","E","$","R","M","R","B",null,"M","M","M","M","M","R","E","R","T","E","$","E","?","E","R","B",null,"M","M","?","$","M","E","M","T","T","R","M","R","?","M","R","B",null,"R","$","E","B",null],"character_chosen":"IRONCLAD","items_purchased":["Membership Card","Fruit Juice","Sword Boomerang","TungstenRod","PowerPotion","Lee\u0027s Waffle","Shrug It Off","OrangePellets","Rupture","Omamori","Bag of Preparation","Reaper","Strawberry"],"campfire_rested":2,"item_purchase_floors":[12,12,12,12,12,28,28,38,38,38,38,53,53],"current_hp_per_floor":[80,80,80,80,60,40,42,24,34,34,17,22,51,41,41,29,97,99,101,72,64,57,57,25,57,57,60,115,117,117,117,117,121,121,105,133,130,130,141,147,149,149,149,149,155,155,155,161,161,148,161,161,168,168,121],"gold":49,"neow_bonus":"ONE_RARE_RELIC","is_daily":false,"chose_seed":false,"campfire_upgraded":6,"win_rate":0.0,"timestamp":1613082138,"path_taken":["M","M","?","M","?","E","M","E","T","?","E","$","R","M","R","BOSS","M","M","M","M","M","R","E","R","T","E","$","E","?","E","R","BOSS","M","M","?","$","M","E","M","?","T","R","M","R","?","?","R","BOSS","R","$","E","BOSS"],"items_purchased_type":["Relic","Potion","Card","Relic","Potion","Relic","Card","Relic","Card","Relic","Relic","Card","Relic"],"build_version":"2020-12-22","purchased_purges":3,"victory":true,"max_hp_per_floor":[80,80,80,80,80,80,80,80,90,90,92,97,97,97,97,97,97,99,101,101,101,106,106,108,108,108,108,115,117,117,117,117,121,121,127,133,139,139,145,147,149,149,149,149,155,155,155,161,161,161,161,161,168,168,168],"card_choices":[{"not_picked":["Clash","Seeing Red"],"picked":"Spot Weakness","floor":1.0},{"not_picked":["Evolve","Armaments"],"picked":"Uppercut","floor":2.0},{"not_picked":["Thunderclap","Dropkick","Fire Breathing"],"picked":"SKIP","floor":4.0},{"not_picked":["Thunderclap","Dropkick"],"picked":"Fire Breathing","floor":4.0},{"not_picked":["Evolve","Havoc"],"picked":"Pummel","floor":6.0},{"not_picked":["Blood for Blood","Dark Embrace","Spot Weakness"],"picked":"SKIP","floor":7.0},{"not_picked":["Second Wind","Ghostly Armor"],"picked":"Intimidate","floor":8.0},{"not_picked":["Headbutt","Feel No Pain","Bloodletting"],"picked":"Singing Bowl","floor":11.0},{"not_picked":["Warcry","Sentinel"],"picked":"Impervious","floor":14.0},{"not_picked":["Bludgeon","Corruption"],"picked":"Offering","floor":16.0},{"not_picked":["Headbutt","Carnage","Iron Wave"],"picked":"Singing Bowl","floor":18.0},{"not_picked":["Iron Wave","Havoc","Twin Strike"],"picked":"Singing Bowl","floor":19.0},{"not_picked":["Body Slam","Heavy Blade"],"picked":"Demon Form","floor":20.0},{"not_picked":["Flex+1","True Grit"],"picked":"Heavy Blade","floor":21.0},{"not_picked":["Headbutt","Havoc"],"picked":"Flame Barrier+1","floor":22.0},{"not_picked":["Perfected Strike","Armaments","Iron Wave+1"],"picked":"Singing Bowl","floor":24.0},{"not_picked":["Shrug It Off+1","Feel No Pain"],"picked":"Barricade","floor":27.0},{"not_picked":["Anger","Perfected Strike+1","Heavy Blade"],"picked":"Singing Bowl","floor":29.0},{"not_picked":["Heavy Blade","Sentinel"],"picked":"Feed","floor":31.0},{"not_picked":["Corruption","Immolate"],"picked":"Bludgeon","floor":33.0},{"not_picked":["Hemokinesis+1","Clothesline+1","Whirlwind+1"],"picked":"Singing Bowl","floor":35.0},{"not_picked":["Wild Strike+1","Sever Soul","Anger"],"picked":"Singing Bowl","floor":36.0},{"not_picked":["Trip","Swift Strike","Bandage Up"],"picked":"Singing Bowl","floor":37},{"not_picked":["Dramatic Entrance","Secret Technique","Impatience"],"picked":"Singing Bowl","floor":37},{"not_picked":["Swift Strike","Good Instincts","Secret Weapon"],"picked":"Singing Bowl","floor":37},{"not_picked":["Flex+1","Clash","Bloodletting"],"picked":"Singing Bowl","floor":39},{"not_picked":["Perfected Strike","Warcry+1","Havoc+1"],"picked":"Singing Bowl","floor":40},{"not_picked":["Flex","Armaments+1","Second Wind+1"],"picked":"Singing Bowl","floor":41},{"not_picked":["Clothesline+1","Anger+1","Iron Wave"],"picked":"Singing Bowl","floor":45},{"not_picked":["Cleave","Armaments","Headbutt"],"picked":"Singing Bowl","floor":48},{"not_picked":["Uppercut","Sever Soul+1"],"picked":"Disarm+1","floor":54}],"player_experience":1154262,"relics_obtained":[{"floor":6.0,"key":"Tiny Chest"},{"floor":8.0,"key":"Singing Bowl"},{"floor":9.0,"key":"Pear"},{"floor":11.0,"key":"Letter Opener"},{"floor":24.0,"key":"PreservedInsect"},{"floor":26.0,"key":"Bird Faced Urn"},{"floor":27.0,"key":"Oddly Smooth Stone"},{"floor":29.0,"key":"Blood Vial"},{"floor":31.0,"key":"Pantograph"},{"floor":40,"key":"Mummified Hand"},{"floor":43,"key":"Frozen Egg 2"},{"floor":54,"key":"Orichalcum"}],"event_choices":[{"damage_healed":0.0,"max_hp_gain":0.0,"max_hp_loss":0.0,"gold_gain":0.0,"event_name":"Golden Idol","player_choice":"Take Damage","floor":5.0,"gold_loss":0.0,"damage_taken":20.0,"relics_obtained":["Golden Idol"]},{"damage_healed":0.0,"max_hp_gain":0.0,"max_hp_loss":0.0,"gold_gain":275.0,"event_name":"Golden Shrine","player_choice":"Desecrate","floor":10.0,"gold_loss":0.0,"damage_taken":0.0,"cards_obtained":["Regret"]},{"cards_removed":["Strike_R"],"damage_healed":0.0,"max_hp_gain":0.0,"max_hp_loss":0.0,"gold_gain":0.0,"event_name":"Beggar","player_choice":"Gave Gold","floor":30.0,"gold_loss":75.0,"damage_taken":0.0},{"damage_healed":0,"gold_gain":0,"player_choice":"Memory 3","damage_taken":10,"max_hp_gain":0,"max_hp_loss":0,"event_name":"SensoryStone","floor":37,"gold_loss":0},{"damage_healed":0,"gold_gain":0,"player_choice":"Upgraded","damage_taken":0,"max_hp_gain":0,"max_hp_loss":0,"event_name":"Upgrade Shrine","floor":47,"gold_loss":0,"cards_upgraded":["Rupture"]}],"is_beta":false,"boss_relics":[{"not_picked":["Sozu","Black Star"],"picked":"Snecko Eye"},{"not_picked":["Pandora\u0027s Box","Astrolabe"],"picked":"Coffee Dripper"}],"items_purged_floors":[12,28,38],"is_endless":false,"potions_floor_spawned":[4,6,11,16,18,19,22,24,27,36,39,48,54],"ascension_level":1}}