{"host":"owox7x4ngjt9htcc","time":1613030802,"event":{"mods":["BaseMod","Colored Map","DeckTracker","Keyboard Shortcuts","Minty Spire (QoL Compilation)","SuperFastMode"],"gold_per_floor":[114,129,204,219,219,249,264,17,17,32,32,62,77,107,107,207,207,222,12,27,54,81,123,135,162,224,251,293,305,317,429,441,553,565,592,619,653,680,742,754,766,130,155,155,155,170,185,200,200,200],"floor_reached":51,"language":"KOR","playtime":1703,"items_purged":["Strike_P+1"],"score":886,"play_id":"7073ae59-38c4-4388-875a-461159e70e5b","local_time":"20210211170642","daily_mods":["Allstar","Vintage","Binary"],"is_ascension_mode":false,"campfire_choices":[{"data":"ThirdEye","floor":15.0,"key":"SMITH"},{"floor":24,"key":"REST"},{"data":"LessonLearned","floor":29,"key":"SMITH"},{"data":"PathToVictory","floor":32,"key":"SMITH"},{"data":"1","floor":40,"key":"LIFT"},{"data":"2","floor":44,"key":"LIFT"},{"data":"3","floor":49,"key":"LIFT"}],"circlet_count":0,"master_deck":["Strike_P+1","Strike_P+1","Strike_P+1","Defend_P","Defend_P+1","Defend_P","Defend_P+1","Eruption+1","Vigilance+1","Swift Strike+1","Dark Shackles","Sadistic Nature","Master of Strategy+1","Panacea+1","SandsOfTime+1","PathToVictory+1","FollowUp","ThirdEye+1","LessonLearned+1","EmptyMind+1","Wallop+1","Evaluate","JustLucky+1","TalkToTheHand+1","TalkToTheHand+1","Ragnarok","Prostrate+1","Study+1","Finesse","Apotheosis","Trip"],"relics":["PureWater","Frozen Egg 2","Anchor","Art of War","Toy Ornithopter","Boot","Sling","Matryoshka","Akabeko","Kunai","Oddly Smooth Stone","Prayer Wheel","SacredBark","Meat on the Bone","MawBank","TeardropLocket","Question Card","PreservedInsect","Regal Pillow","Bronze Scales","Happy Flower","Torii","InkBottle","Damaru","Ornamental Fan","CloakClasp","Pear","Busted Crown","Nunchaku","Whetstone","Girya","Blood Vial","Ginger","HandDrill","Incense Burner","Dream Catcher","Yang","Potion Belt","Thread and Needle"],"acts_visited":["Exordium","TheCity","TheBeyond"],"potions_floor_usage":[23,27,37,50,50,50,50],"damage_taken":[{"damage":0.0,"enemies":"2 Louse","floor":1.0,"turns":4.0},{"damage":1.0,"enemies":"Jaw Worm","floor":2.0,"turns":3.0},{"damage":0.0,"enemies":"Cultist","floor":4.0,"turns":2.0},{"damage":21.0,"enemies":"3 Sentries","floor":6.0,"turns":12.0},{"damage":0.0,"enemies":"Exordium Wildlife","floor":7.0,"turns":2.0},{"damage":0.0,"enemies":"Looter","floor":10.0,"turns":2.0},{"damage":1.0,"enemies":"Lagavulin","floor":12.0,"turns":4.0},{"damage":0.0,"enemies":"Large Slime","floor":13.0,"turns":4.0},{"damage":6.0,"enemies":"3 Sentries","floor":14.0,"turns":5.0},{"damage":30.0,"enemies":"Hexaghost","floor":16.0,"turns":12.0},{"damage":14.0,"enemies":"2 Thieves","floor":18.0,"turns":3.0},{"damage":0.0,"enemies":"Spheric Guardian","floor":20.0,"turns":8.0},{"damage":1.0,"enemies":"Centurion and Healer","floor":21.0,"turns":8.0},{"damage":21.0,"enemies":"Cultist and Chosen","floor":22.0,"turns":7.0},{"damage":0,"enemies":"Gremlin Leader","floor":23,"turns":3},{"damage":0,"enemies":"Shelled Parasite and Fungi","floor":25,"turns":4},{"damage":15,"enemies":"Snake Plant","floor":27,"turns":4},{"damage":1,"enemies":"Book of Stabbing","floor":28,"turns":4},{"damage":1,"enemies":"Colosseum Slavers","floor":31,"turns":5},{"damage":0,"enemies":"Colosseum Nobs","floor":31,"turns":3},{"damage":29,"enemies":"Collector","floor":33,"turns":15},{"damage":8,"enemies":"3 Shapes","floor":35,"turns":5},{"damage":0,"enemies":"3 Darklings","floor":36,"turns":4},{"damage":1,"enemies":"2 Orb Walkers","floor":37,"turns":6},{"damage":0,"enemies":"Sphere and 2 Shapes","floor":38,"turns":9},{"damage":0,"enemies":"Mind Bloom Boss Battle","floor":39,"turns":8},{"damage":0,"enemies":"Spire Growth","floor":46,"turns":3},{"damage":0,"enemies":"3 Darklings","floor":47,"turns":4},{"damage":0,"enemies":"Writhing Mass","floor":48,"turns":3},{"damage":0,"enemies":"Awakened One","floor":50,"turns":8}],"seed_played":"-587577638262706789","potions_obtained":[{"floor":1.0,"key":"Fruit Juice"},{"floor":2.0,"key":"Weak Potion"},{"floor":4.0,"key":"Block Potion"},{"floor":13.0,"key":"BlessingOfTheForge"},{"floor":14.0,"key":"Fruit Juice"},{"floor":16.0,"key":"EssenceOfSteel"},{"floor":18.0,"key":"PowerPotion"},{"floor":23,"key":"Ambrosia"},{"floor":27,"key":"DuplicationPotion"},{"floor":38,"key":"LiquidMemories"},{"floor":48,"key":"StancePotion"}],"is_trial":false,"path_per_floor":["M","M","?","M","?","E","M","$","T","M","$","E","M","E","R","B",null,"M","$","M","M","M","E","R","M","T","M","E","R","T","?","R","B",null,"M","M","?","M","?","R","?","$","T","R","?","M","M","M","R","B",null],"character_chosen":"WATCHER","items_purchased":["PathToVictory","FollowUp","Sling","EmptyMind","Wallop","Evaluate","HandDrill","Incense Burner","Study+1","Finesse"],"campfire_rested":1,"item_purchase_floors":[8,8,8,19,19,19,42,42,42,42],"current_hp_per_floor":[72,71,60,60,60,44,44,44,44,44,44,43,43,52,52,22,82,68,68,68,67,46,51,75,75,75,65,64,64,64,73,73,56,92,84,84,88,88,90,90,90,90,90,90,80,82,84,86,86,92],"gold":200,"neow_bonus":"","is_daily":true,"chose_seed":false,"campfire_upgraded":3,"win_rate":0.0,"timestamp":1613030802,"path_taken":["M","M","?","M","?","E","M","$","T","M","?","E","M","E","R","BOSS","M","$","M","M","M","E","R","M","T","M","E","R","?","?","R","BOSS","M","M","?","M","?","R","?","$","T","R","?","M","?","M","R","BOSS"],"items_purchased_type":["Card","Card","Relic","Card","Card","Card","Relic","Relic","Card","Card"],"build_version":"2020-12-22","purchased_purges":1,"victory":true,"max_hp_per_floor":[72,72,72,72,72,77,77,77,77,77,77,77,77,82,82,82,82,82,82,82,82,82,82,82,82,82,82,82,82,82,92,92,92,92,92,92,92,92,92,92,92,92,92,92,92,92,92,92,92,92],"card_choices":[{"not_picked":["Consecrate"],"picked":"SandsOfTime","floor":6.0},{"not_picked":["Wireheading+1"],"picked":"ThirdEye","floor":12.0},{"not_picked":["Devotion+1"],"picked":"LessonLearned","floor":14.0},{"not_picked":["FlyingSleeves","SashWhip"],"picked":"JustLucky","floor":23},{"not_picked":["Tantrum","Evaluate"],"picked":"TalkToTheHand+1","floor":28},{"not_picked":["Consecrate","Evaluate+1"],"picked":"TalkToTheHand+1","floor":31},{"not_picked":["Alpha","Vault"],"picked":"Ragnarok","floor":33},{"not_picked":[],"picked":"Prostrate+1","floor":39},{"not_picked":[],"picked":"Apotheosis","floor":45},{"not_picked":[],"picked":"Trip","floor":45}],"player_experience":922790,"relics_obtained":[{"floor":1.0,"key":"Frozen Egg 2"},{"floor":2.0,"key":"Anchor"},{"floor":4.0,"key":"Art of War"},{"floor":6.0,"key":"Toy Ornithopter"},{"floor":7.0,"key":"Boot"},{"floor":9.0,"key":"Matryoshka"},{"floor":10.0,"key":"Akabeko"},{"floor":12.0,"key":"Kunai"},{"floor":13.0,"key":"Oddly Smooth Stone"},{"floor":14.0,"key":"Prayer Wheel"},{"floor":18.0,"key":"Meat on the Bone"},{"floor":20.0,"key":"MawBank"},{"floor":21.0,"key":"TeardropLocket"},{"floor":22.0,"key":"Question Card"},{"floor":23,"key":"PreservedInsect"},{"floor":25,"key":"Regal Pillow"},{"floor":26,"key":"Bronze Scales"},{"floor":26,"key":"Happy Flower"},{"floor":27,"key":"Torii"},{"floor":28,"key":"InkBottle"},{"floor":30,"key":"Damaru"},{"floor":30,"key":"Ornamental Fan"},{"floor":31,"key":"CloakClasp"},{"floor":31,"key":"Pear"},{"floor":35,"key":"Nunchaku"},{"floor":36,"key":"Whetstone"},{"floor":37,"key":"Girya"},{"floor":38,"key":"Blood Vial"},{"floor":39,"key":"Ginger"},{"floor":43,"key":"Dream Catcher"},{"floor":46,"key":"Yang"},{"floor":47,"key":"Potion Belt"},{"floor":48,"key":"Thread and Needle"}],"event_choices":[{"damage_healed":0.0,"max_hp_gain":0.0,"max_hp_loss":0.0,"gold_gain":75.0,"event_name":"World of Goop","player_choice":"Gather Gold","floor":3.0,"gold_loss":0.0,"damage_taken":11.0},{"damage_healed":0.0,"max_hp_gain":0.0,"max_hp_loss":0.0,"gold_gain":0.0,"event_name":"Living Wall","player_choice":"Grow","floor":5.0,"gold_loss":0.0,"damage_taken":0.0,"cards_upgraded":["Vigilance"]},{"damage_healed":0,"gold_gain":0,"player_choice":"Fight","damage_taken":0,"max_hp_gain":0,"max_hp_loss":0,"event_name":"Colosseum","floor":31,"gold_loss":0},{"damage_healed":0,"gold_gain":0,"player_choice":"Fought Nobs","damage_taken":0,"max_hp_gain":0,"max_hp_loss":0,"event_name":"Colosseum","floor":31,"gold_loss":0},{"damage_healed":0,"gold_gain":0,"player_choice":"Fight","damage_taken":0,"max_hp_gain":0,"max_hp_loss":0,"event_name":"Mysterious Sphere","floor":37,"gold_loss":0},{"damage_healed":0,"gold_gain":0,"player_choice":"Fight","damage_taken":0,"max_hp_gain":0,"max_hp_loss":0,"event_name":"MindBloom","floor":39,"gold_loss":0},{"damage_healed":0,"gold_gain":0,"player_choice":"Ignored","damage_taken":0,"max_hp_gain":0,"max_hp_loss":0,"event_name":"Tomb of Lord Red Mask","floor":41,"gold_loss":0},{"damage_healed":0,"gold_gain":0,"player_choice":"Memory 3","damage_taken":10,"max_hp_gain":0,"max_hp_loss":0,"event_name":"SensoryStone","floor":45,"gold_loss":0}],"is_beta":false,"boss_relics":[{"not_picked":["Cursed Key","SlaversCollar"],"picked":"SacredBark"},{"not_picked":["Coffee Dripper","Runic Dome"],"picked":"Busted Crown"}],"items_purged_floors":[42],"is_endless":false,"potions_floor_spawned":[1,2,4,13,14,16,18,23,25,27,31,31,38,39,48],"ascension_level":0}}