{"host":"5td1gsj4mnrioltg","time":1613029123,"event":{"mods":["2.2 Compatiblity","AchievementEnabler","Act Like it!","Aspiration","BaseMod","Beaked The Cultist","Better Altar","Better Match","Better Note","Better Sensory Stone","Better Silent Start","Better Skull","Better Third Choice","Better Vampires","BetterRewards","Bossed Relics","Colored Map","Colored Powertips","Displayed Cursed Tome","Downfall","Emptier Cage","Evolution","Friendly Minions","GifTheSpireLib","Highlight Path","Ironclad Rager","Jedi Mod","JesterMod","Mad Scientist","Menagerie","Minty Spire (QoL Compilation)","Permanent Neow","Quick Restart","Reliquary","Replay The Spire","Reworked Bosses","Shade Mod","Spicy Shops","StSLib","The Blue Laboratory","The Dragon Tamer","The Dragonkin","The Druid","The Elementalist","The Marked","The Necromancer","The Runesmith","Thieving Mod","Transform Curses","Wandering Minibosses"],"gold_per_floor":[116,191,205,205,400,400,400,400,400,400,400,400,400,400,400,400,400,300,300,300,300,300,300,75,75,75,75,75,75,24,24,24,42,42,55,55,55,55,75,75,75],"floor_reached":40,"language":"ENG","playtime":1476,"items_purged":["Strike_R","Sickly","Sword Boomerang"],"score":676,"play_id":"4dd2c96f-dbeb-485a-9aae-e177f36dba3f","local_time":"20210210233843","is_ascension_mode":true,"campfire_choices":[{"data":"ReplayTheSpireMod:Muscle Training","floor":6.0,"key":"SMITH"},{"floor":15.0,"key":"REST"},{"data":"Armaments","floor":23.0,"key":"SMITH"},{"floor":32.0,"key":"REST"}],"circlet_count":0,"master_deck":["AscendersBane","Sword Boomerang+1","Sword Boomerang","Defend_R","Defend_R+1","Twin Strike","Clumsy","ReplayTheSpireMod:Muscle Training+1","Armaments+1","Flex","Pummel"],"relics":["Burning Blood","EVO:Axolotl","Gremlin Food","Brimstone","jedi:ominousloannote","reliquary:PurpleTingedLeaf","aspiration:EmptySkull","Kintsugi","StoneCalendar","jedi:Pinwheel","reliquary:SharkskinSheath","reliquary:PartyBalloon"],"acts_visited":["Exordium","TheCity","TheBeyond"],"potions_floor_usage":[40],"damage_taken":[{"damage":11.0,"enemies":"2 Louse","floor":1.0,"turns":3.0},{"damage":0.0,"enemies":"Small Slimes","floor":3.0,"turns":3.0},{"damage":1.0,"enemies":"Lagavulin","floor":7.0,"turns":4.0},{"damage":1.0,"enemies":"Cultist","floor":8.0,"turns":1.0},{"damage":34.0,"enemies":"Gremlin Gang","floor":10.0,"turns":3.0},{"damage":16.0,"enemies":"3 Sentries","floor":11.0,"turns":4.0},{"damage":14.0,"enemies":"Exordium Wildlife","floor":12.0,"turns":4.0},{"damage":13.0,"enemies":"3 Louse","floor":13.0,"turns":2.0},{"damage":9.0,"enemies":"Lots of Slimes","floor":14.0,"turns":2.0},{"damage":26.0,"enemies":"Slime Boss","floor":16.0,"turns":6.0},{"damage":12.0,"enemies":"Chosen","floor":18.0,"turns":3.0},{"damage":13.0,"enemies":"Spheric Guardian","floor":19.0,"turns":3.0},{"damage":29.0,"enemies":"Centurion and Healer","floor":22.0,"turns":4.0},{"damage":25.0,"enemies":"Book of Stabbing","floor":25.0,"turns":3.0},{"damage":22.0,"enemies":"Gremlin Leader","floor":27.0,"turns":4.0},{"damage":14.0,"enemies":"Snake Plant","floor":29.0,"turns":2.0},{"damage":24.0,"enemies":"bossMod:newChamp","floor":33.0,"turns":6.0},{"damage":24.0,"enemies":"3 Shapes","floor":35.0,"turns":4.0},{"damage":10.0,"enemies":"Orb Walker","floor":39.0,"turns":3.0},{"damage":57,"enemies":"beaked:SuperParasite","floor":40,"turns":4}],"seed_played":"1944724237711671755","potions_obtained":[{"floor":3.0,"key":"blueLaboratory:StoneskinPotion"},{"floor":10.0,"key":"Regen Potion"},{"floor":11.0,"key":"blueLaboratory:HorrorPotion"},{"floor":16.0,"key":"jedi:tentaclejuice"},{"floor":25.0,"key":"Energy Potion"},{"floor":29.0,"key":"blueLaboratory:HeartbeatPotion"},{"floor":33.0,"key":"SpeedPotion"},{"floor":35.0,"key":"Explosive Potion"}],"is_trial":false,"path_per_floor":["M","?","M","?","$","R","E","M","T","M","E","M","M","M","R","B",null,"M","M","?","?","M","R","$","E","T","E","?","M","$","?","R","B",null,"M","?","?","$","M","E"],"character_chosen":"IRONCLAD","items_purchased":["Brimstone","jedi:ominousloannote","ReplayTheSpireMod:Muscle Training","BloodPotion"],"campfire_rested":2,"item_purchase_floors":[5,5,5,30],"current_hp_per_floor":[67,56,62,70,70,70,75,80,80,53,56,49,43,40,64,46,72,68,62,80,61,61,61,61,42,42,27,27,20,36,36,60,47,72,55,55,55,55,52,0,0],"gold":75,"neow_bonus":"RANDOM_COMMON_RELIC","is_daily":false,"chose_seed":false,"campfire_upgraded":2,"win_rate":0.0,"timestamp":1613029123,"path_taken":["M","?","M","?","$","R","E","?","T","M","E","M","?","M","R","BOSS","M","M","?","?","?","R","$","E","T","E","?","?","$","?","R","BOSS","M","?","?","$","M","E"],"items_purchased_type":["Relic","Relic","Card","Potion"],"build_version":"2020-12-22","purchased_purges":3,"victory":false,"max_hp_per_floor":[80,80,80,80,80,80,80,80,80,80,80,80,80,80,80,80,80,80,80,80,80,80,80,80,80,80,80,80,80,80,80,80,80,80,80,80,80,80,80,80,80],"card_choices":[{"not_picked":["jedi:fear","Anger"],"picked":"Twin Strike","floor":1.0},{"not_picked":["Heavy Blade","Havoc","Replay:Undeath\u0027s Touch"],"picked":"SKIP","floor":3.0},{"not_picked":["jedi:hate","Dropkick","ReplayTheSpireMod:Strike From Hell"],"picked":"SKIP","floor":7.0},{"not_picked":["True Grit","Pommel Strike"],"picked":"Armaments","floor":8.0},{"not_picked":["Shrug It Off","Body Slam"],"picked":"Flex","floor":10.0},{"not_picked":["Twin Strike","Body Slam","Pommel Strike"],"picked":"SKIP","floor":11.0},{"not_picked":["Headbutt","Iron Wave"],"picked":"Pummel","floor":12.0},{"not_picked":["Pommel Strike","True Grit","Combust"],"picked":"SKIP","floor":13.0},{"not_picked":["jedi:bloodyhammer","ReplayTheSpireMod:Strike From Hell","Flame Barrier"],"picked":"SKIP","floor":14.0},{"not_picked":["Searing Blow","Thunderclap","Headbutt"],"picked":"SKIP","floor":18.0},{"not_picked":["Clash","Immolate","Dropkick+1"],"picked":"SKIP","floor":19.0},{"not_picked":["Clash","Cleave","Iron Wave"],"picked":"SKIP","floor":22.0},{"not_picked":["Warcry+1","Sword Boomerang+1","ReplayTheSpireMod:Strike From Hell"],"picked":"SKIP","floor":25.0},{"not_picked":["Pommel Strike","Clothesline","Anger"],"picked":"SKIP","floor":27.0},{"not_picked":["ReplayTheSpireMod:Limb From Limb","Hemokinesis","Shockwave"],"picked":"SKIP","floor":29.0},{"not_picked":["Rupture+1","Run Through+1","jedi:hate+1"],"picked":"SKIP","floor":35.0},{"not_picked":["Infernal Blade+1","Thunderclap","Cleave"],"picked":"SKIP","floor":39.0}],"player_experience":1324649,"relics_obtained":[{"floor":7.0,"key":"reliquary:PurpleTingedLeaf"},{"floor":11.0,"key":"aspiration:EmptySkull"},{"floor":25.0,"key":"StoneCalendar"},{"floor":26.0,"key":"jedi:Pinwheel"},{"floor":27.0,"key":"reliquary:SharkskinSheath"},{"floor":28.0,"key":"reliquary:PartyBalloon"}],"event_choices":[{"damage_healed":0.0,"max_hp_gain":0.0,"max_hp_loss":0.0,"gold_gain":75.0,"event_name":"betterThird:BetterGoop","player_choice":"Gold","floor":2.0,"gold_loss":0.0,"damage_taken":11.0},{"damage_healed":26.0,"max_hp_gain":0.0,"max_hp_loss":0.0,"gold_gain":0.0,"event_name":"The Library","player_choice":"Heal","floor":20.0,"gold_loss":0.0,"damage_taken":0.0},{"damage_healed":0.0,"max_hp_gain":80.0,"max_hp_loss":61.0,"gold_gain":0.0,"event_name":"betterAltar:BetterAltar","player_choice":" Potion ","floor":21.0,"potions_obtained":["betterAltar:AltarPotion"],"relics_lost":[],"gold_loss":0.0,"damage_taken":19.0,"relics_obtained":[]},{"damage_healed":0.0,"max_hp_gain":0.0,"max_hp_loss":0.0,"gold_gain":0.0,"event_name":"Wheel of Change","player_choice":"Relic","floor":28.0,"gold_loss":0.0,"damage_taken":0.0},{"damage_healed":0.0,"max_hp_gain":0.0,"max_hp_loss":0.0,"gold_gain":0.0,"event_name":"Mysterious Sphere","player_choice":"Ignored","floor":36.0,"gold_loss":0.0,"damage_taken":0.0}],"is_beta":false,"boss_relics":[{"not_picked":["SlaversCollar","Mark of Pain"],"picked":"Kintsugi"},{"not_picked":["ReplayTheSpireMod:DimensionalGlitch","Electric Blood","reliquary:Craggleroot"]}],"items_purged_floors":[5,24,24],"is_endless":false,"potions_floor_spawned":[3,10,11,16,25,29,33,35],"killed_by":"beaked:SuperParasite","ascension_level":11}}