{"host":"8f5cu9y0fpol72qs","time":1613016141,"event":{"mods":["AlwaysNeverKeys","BaseMod","Colored Map","Colored Powertips","Curses Come First","Highlight Path","Key Reminder","Minty Spire (QoL Compilation)","StSLib"],"gold_per_floor":[110,130,150,165,3,3,38,38,63,77,110,110,145,155,155,229,229,243,243,243,115,126,151,151,164,191,220,220,247,247,266,266,266,266],"floor_reached":33,"language":"ENG","playtime":2533,"items_purged":["Strike_P","Strike_P"],"score":740,"play_id":"4433043a-75da-4008-867a-c806c1b39076","local_time":"20210210200221","is_ascension_mode":true,"campfire_choices":[{"data":"Wallop","floor":6.0,"key":"SMITH"},{"floor":8.0,"key":"REST"},{"floor":15.0,"key":"REST"},{"floor":24.0,"key":"REST"},{"floor":28.0,"key":"REST"},{"floor":32,"key":"REST"}],"circlet_count":0,"master_deck":["AscendersBane","Strike_P","Strike_P+1","Defend_P","Defend_P","Defend_P+1","Defend_P+1","Eruption+1","Vigilance+1","FlyingSleeves+1","Consecrate+1","CutThroughFate+1","Conclude","Wallop+1","LessonLearned","Protect","InnerPeace+1","Worship","FlurryOfBlows+1","BowlingBash","Establishment","ClearTheMind+1","CutThroughFate","ThirdEye","Tantrum+1","WheelKick+1","WaveOfTheHand+1","ConjureBlade","EmptyMind+1"],"relics":["PureWater","Dream Catcher","Vajra","Tiny Chest","Ice Cream","keyreminder:keyreminder","Velvet Choker","Oddly Smooth Stone","Happy Flower","Bottled Flame","Ginger","Whetstone"],"acts_visited":["Exordium","TheCity"],"potions_floor_usage":[31],"damage_taken":[{"damage":3.0,"enemies":"Small Slimes","floor":1.0,"turns":4.0},{"damage":4.0,"enemies":"Jaw Worm","floor":2.0,"turns":5.0},{"damage":0.0,"enemies":"2 Louse","floor":3.0,"turns":2.0},{"damage":15.0,"enemies":"Exordium Thugs","floor":4.0,"turns":4.0},{"damage":0.0,"enemies":"3 Sentries","floor":7.0,"turns":3.0},{"damage":10.0,"enemies":"Lots of Slimes","floor":10.0,"turns":3.0},{"damage":23.0,"enemies":"Gremlin Nob","floor":11.0,"turns":4.0},{"damage":3.0,"enemies":"3 Sentries","floor":13.0,"turns":4.0},{"damage":0.0,"enemies":"Exordium Wildlife","floor":14.0,"turns":2.0},{"damage":0.0,"enemies":"Slime Boss","floor":16.0,"turns":4.0},{"damage":0.0,"enemies":"Chosen","floor":18.0,"turns":4.0},{"damage":9.0,"enemies":"2 Thieves","floor":22.0,"turns":4.0},{"damage":38.0,"enemies":"Slavers","floor":23.0,"turns":4.0},{"damage":5.0,"enemies":"Chosen and Byrds","floor":25.0,"turns":6.0},{"damage":4.0,"enemies":"Gremlin Leader","floor":27.0,"turns":9.0},{"damage":28,"enemies":"Slavers","floor":29,"turns":7},{"damage":17,"enemies":"Cultist and Chosen","floor":31,"turns":7},{"damage":41,"enemies":"Collector","floor":33,"turns":6}],"seed_played":"-2415833863751889680","potions_obtained":[{"floor":1.0,"key":"LiquidBronze"},{"floor":2.0,"key":"PowerPotion"},{"floor":10.0,"key":"Fire Potion"},{"floor":11.0,"key":"Block Potion"},{"floor":18.0,"key":"Dexterity Potion"},{"floor":22.0,"key":"Weak Potion"},{"floor":29,"key":"SkillPotion"}],"is_trial":false,"path_per_floor":["M","M","M","M","$","R","E","R","T","M","E","?","E","M","R","B",null,"M","?","?","$","M","E","R","M","T","E","R","E","T","M","R","B"],"character_chosen":"WATCHER","items_purchased":["Wallop","CutThroughFate"],"campfire_rested":5,"item_purchase_floors":[5,21],"current_hp_per_floor":[64,60,60,45,45,45,45,67,67,57,34,34,31,31,53,53,69,69,69,69,69,60,22,44,39,39,35,57,29,29,12,34,0,0],"gold":266,"neow_bonus":"TEN_PERCENT_HP_BONUS","is_daily":false,"chose_seed":false,"campfire_upgraded":1,"win_rate":0.0,"timestamp":1613016141,"path_taken":["M","M","M","M","$","R","E","R","T","M","E","?","E","M","R","BOSS","M","?","?","$","M","E","R","M","T","E","R","E","?","M","R","BOSS"],"items_purchased_type":["Card","Card"],"build_version":"2020-12-22","purchased_purges":2,"victory":false,"max_hp_per_floor":[74,74,74,74,74,74,74,74,74,74,74,74,74,74,74,74,74,74,74,74,74,74,74,74,74,74,74,74,74,74,74,74,74,74],"card_choices":[{"not_picked":["Meditate","Collect"],"picked":"FlyingSleeves","floor":1.0},{"not_picked":["FollowUp","ThirdEye"],"picked":"Consecrate","floor":2.0},{"not_picked":["EmptyFist","Halt"],"picked":"CutThroughFate","floor":3.0},{"not_picked":["DeceiveReality","CrushJoints"],"picked":"Conclude","floor":4.0},{"not_picked":["CrushJoints","JustLucky"],"picked":"LessonLearned","floor":7.0},{"not_picked":["CrushJoints","Prostrate"],"picked":"Protect","floor":8.0},{"not_picked":["Prostrate","SashWhip","FlyingSleeves"],"picked":"SKIP","floor":10.0},{"not_picked":["Study","WindmillStrike"],"picked":"InnerPeace","floor":11.0},{"not_picked":["Perseverance","FlyingSleeves"],"picked":"Worship","floor":13.0},{"not_picked":["SashWhip","Swivel"],"picked":"FlurryOfBlows","floor":14.0},{"not_picked":["Halt","FlyingSleeves"],"picked":"BowlingBash","floor":15.0},{"not_picked":["Devotion","LessonLearned"],"picked":"Establishment","floor":16.0},{"not_picked":["Worship","Prostrate"],"picked":"ClearTheMind+1","floor":18.0},{"not_picked":["CutThroughFate","InnerPeace"],"picked":"ThirdEye","floor":22.0},{"not_picked":["EmptyBody","WindmillStrike"],"picked":"Tantrum","floor":23.0},{"not_picked":["Evaluate","Prostrate","SashWhip"],"picked":"SKIP","floor":25.0},{"not_picked":["PathToVictory","WindmillStrike"],"picked":"WheelKick+1","floor":27.0},{"not_picked":["Sanctity","Adaptation"],"picked":"WaveOfTheHand+1","floor":28.0},{"not_picked":["Scrawl","Collect"],"picked":"ConjureBlade","floor":29},{"not_picked":["JustLucky","BowlingBash"],"picked":"EmptyMind+1","floor":31}],"player_experience":1054477,"relics_obtained":[{"floor":7.0,"key":"Dream Catcher"},{"floor":9.0,"key":"Vajra"},{"floor":11.0,"key":"Tiny Chest"},{"floor":13.0,"key":"Ice Cream"},{"floor":23.0,"key":"Oddly Smooth Stone"},{"floor":26.0,"key":"Happy Flower"},{"floor":27.0,"key":"Bottled Flame"},{"floor":29,"key":"Ginger"},{"floor":30,"key":"Whetstone"}],"event_choices":[{"damage_healed":0.0,"max_hp_gain":0.0,"max_hp_loss":0.0,"gold_gain":0.0,"event_name":"Shining Light","player_choice":"Ignored","floor":12.0,"gold_loss":0.0,"damage_taken":0.0},{"damage_healed":0.0,"max_hp_gain":0.0,"max_hp_loss":0.0,"gold_gain":0.0,"event_name":"The Mausoleum","player_choice":"Ignored","floor":19.0,"gold_loss":0.0,"damage_taken":0.0},{"damage_healed":0.0,"max_hp_gain":0.0,"max_hp_loss":0.0,"gold_gain":0.0,"event_name":"Vampires","player_choice":"Ignored","floor":20.0,"gold_loss":0.0,"damage_taken":0.0}],"is_beta":false,"boss_relics":[{"not_picked":["Coffee Dripper","Calling Bell"],"picked":"Velvet Choker"}],"items_purged_floors":[5,21],"is_endless":false,"potions_floor_spawned":[1,2,3,10,11,18,22,29],"killed_by":"Collector","ascension_level":17}}