{"host":"hbvn1mkfq2iixsau","time":1613054487,"event":{"mods":["AchievementEnabler","Act Like it!","BaseMod","Better Altar","Better Match","Better Sensory Stone","Better Skull","Better Third Choice","Colored Map","Downfall","Minty Spire (QoL Compilation)","Quick Restart","Relic Stats","Shop Mod","StSLib"],"gold_per_floor":[99,99,99,199,199,225,225,225,250,150,185,205,105,131,151,250,250,250,263,282,301,501,501,501,501,528,541,573,573,17,48,59,155,155,155,171,340,356,43,63,111,140,140,169,169,169,69,169,181,181,181,213,30,30,30,30,30,30],"floor_reached":56,"language":"ENG","playtime":5100,"items_purged":[],"score":976,"play_id":"7c2ef054-e22e-4842-b2ef-454fff35c409","local_time":"20210211164127","is_ascension_mode":true,"campfire_choices":[{"floor":1.0,"key":"RECALL"},{"floor":10.0,"key":"REST"},{"floor":13.0,"key":"REST"},{"data":"Slimebound:SlimeBrawl","floor":18.0,"key":"SMITH"},{"floor":23.0,"key":"REST"},{"data":"Slimebound:SplitBruiser","floor":25.0,"key":"SMITH"},{"floor":29.0,"key":"REST"},{"data":"Slimebound:FirmFortitude","floor":35.0,"key":"SMITH"},{"floor":47.0,"key":"REST"},{"data":"Slimebound:Teamwork","floor":54.0,"key":"SMITH"}],"circlet_count":0,"master_deck":["Slimebound:Strike_Slimebound","Slimebound:Strike_Slimebound","Slimebound:Strike_Slimebound","Slimebound:Tackle","Slimebound:Defend_Slimebound","Slimebound:Defend_Slimebound","Slimebound:Defend_Slimebound","Slimebound:Defend_Slimebound+1","Slimebound:Split","Slimebound:CorrosiveSpit","Slimebound:SplitBruiser","Master of Strategy","Slimebound:SlimeBrawl+1","Slimebound:SplitLeeching","Slimebound:SlimeBarrage+1","Slimebound:MinionMaster+1","CurseOfTheBell","Slimebound:SplitBruiser+1","Slimebound:SplitLeeching","Slimebound:SlimeBarrage+1","Slimebound:SlimeTap","Slimebound:SplitLeeching","Slimebound:SplitAcid+1","Slimebound:FirmFortitude+1","Slimebound:SplitSpecialist","Slimebound:Repurpose","Slimebound:Teamwork+1","Slimebound:SlimeBarrage+1","Slimebound:SplitMire+1","Slimebound:LeadByExample+1","Slimebound:Repurpose","Slimebound:SlimeBrawl+1","Slimebound:SplitAcid+1","Slimebound:SplitAcid+1","Slimebound:DivideAndConquer+1","Slimebound:MinionMaster+1"],"relics":["Slimebound:AbsorbEndCombat","downfall:HeartsMalice","Kunai","Bag of Preparation","downfall:HeartBlessingRed","downfall:HeartBlessingGreen","StrikeDummy","Shuriken","Slimebound:PreparedRelic","Ginger","Blue Candle","TungstenRod","MerchantsRug","The Courier","HornCleat","Happy Flower","Oddly Smooth Stone","Bottled Lightning","downfall:HeartBlessingBlue","Bronze Scales","Eternal Feather","Incense Burner","DollysMirror","Vajra","War Paint","Lantern"],"acts_visited":["Exordium","TheCity","TheBeyond","TheEnding"],"potions_floor_usage":[],"damage_taken":[{"damage":0.0,"enemies":"Jaw Worm","floor":2.0,"turns":1.0},{"damage":0.0,"enemies":"Gremlin Nob","floor":6.0,"turns":1.0},{"damage":0.0,"enemies":"Small Slimes","floor":8.0,"turns":1.0},{"damage":28.0,"enemies":"3 Sentries","floor":9.0,"turns":7.0},{"damage":48.0,"enemies":"Lagavulin","floor":11.0,"turns":7.0},{"damage":0.0,"enemies":"2 Louse","floor":12.0,"turns":2.0},{"damage":15.0,"enemies":"3 Sentries","floor":14.0,"turns":7.0},{"damage":0.0,"enemies":"2 Fungi Beasts","floor":15.0,"turns":3.0},{"damage":12.0,"enemies":"WA_ARCHETYPE_RETAIN","floor":16.0,"turns":6.0},{"damage":7.0,"enemies":"Spheric Guardian","floor":19.0,"turns":4.0},{"damage":4.0,"enemies":"Chosen","floor":20.0,"turns":4.0},{"damage":9.0,"enemies":"Centurion and Healer","floor":21.0,"turns":7.0},{"damage":13.0,"enemies":"Slavers","floor":26.0,"turns":3.0},{"damage":15.0,"enemies":"Snake Plant","floor":27.0,"turns":3.0},{"damage":21.0,"enemies":"Book of Stabbing","floor":28.0,"turns":5.0},{"damage":0.0,"enemies":"downfall:FleeingMerchant","floor":30.0,"turns":4.0},{"damage":31.0,"enemies":"Slavers","floor":31.0,"turns":4.0},{"damage":0.0,"enemies":"Cultist and Chosen","floor":32.0,"turns":4.0},{"damage":15.0,"enemies":"SI_MIRROR_ARCHETYPE","floor":33.0,"turns":7.0},{"damage":6.0,"enemies":"3 Darklings","floor":36.0,"turns":3.0},{"damage":2.0,"enemies":"downfall:FleeingMerchant","floor":37.0,"turns":4.0},{"damage":12.0,"enemies":"3 Shapes","floor":38.0,"turns":3.0},{"damage":9.0,"enemies":"Maw","floor":40.0,"turns":5.0},{"damage":29.0,"enemies":"Giant Head","floor":42.0,"turns":7.0},{"damage":33.0,"enemies":"Nemesis","floor":44.0,"turns":6.0},{"damage":0.0,"enemies":"Writhing Mass","floor":49.0,"turns":3.0},{"damage":41.0,"enemies":"IC_BLOCK_ARCHETYPE","floor":50.0,"turns":8.0},{"damage":24.0,"enemies":"downfall:CharBossMerchant","floor":52.0,"turns":5.0},{"damage":6.0,"enemies":"downfall:NeowBoss","floor":55.0,"turns":12.0},{"damage":68,"enemies":"downfall:NeowBossFinal","floor":56,"turns":9}],"seed_played":"3808970030559802315","potions_obtained":[{"floor":6.0,"key":"Slimebound:SpawnSlimePotion"},{"floor":12.0,"key":"champ:CounterPotion"},{"floor":14.0,"key":"FearPotion"},{"floor":16.0,"key":"Weak Potion"},{"floor":20.0,"key":"EntropicBrew"},{"floor":21.0,"key":"Energy Potion"},{"floor":27.0,"key":"Strength Potion"},{"floor":31.0,"key":"Slimebound:SpawnSlimePotion"},{"floor":32.0,"key":"DuplicationPotion"},{"floor":36.0,"key":"Slimebound:SlimedPotion"},{"floor":38.0,"key":"Ancient Potion"},{"floor":52.0,"key":"Fire Potion"}],"is_trial":false,"path_per_floor":["R","M","?","?","?","E","T","M","E","R","E","M","R","E","M","B",null,"R","M","M","M","?","R","T","R","E","M","E","R","$","E","M","B",null,"R","M","$","M","$","M","T","E","$","E","?","?","R","?","M","B",null,"E","$","R","B","B"],"character_chosen":"SLIMEBOUND","items_purchased":["TungstenRod","Slimebound:SplitSpecialist","MerchantsRug","Slimebound:LeadByExample+1","Slimebound:Repurpose","Slimebound:SlimeBrawl","HornCleat","Happy Flower","Slimebound:SlimeBarrage+1","Incense Burner","DollysMirror","Vajra","War Paint","Lantern"],"campfire_rested":5,"item_purchase_floors":[30,30,30,37,37,37,39,39,39,53,53,53,53,53],"current_hp_per_floor":[65,65,65,65,53,53,53,53,27,46,6,8,27,14,18,12,71,71,64,60,55,55,71,71,71,58,43,26,47,49,30,32,19,71,71,65,63,51,51,44,44,19,19,39,39,39,73,73,81,44,81,63,63,81,77,11,11,11],"gold":30,"neow_bonus":"THREE_ENEMY_KILL","is_daily":false,"chose_seed":false,"campfire_upgraded":4,"win_rate":0.0,"timestamp":1613054487,"path_taken":["R","M","?","?","?","E","T","M","E","R","E","M","R","E","M","BOSS","R","M","M","M","?","R","T","R","E","M","E","R","$","E","M","BOSS","R","M","$","?","$","M","T","E","$","E","?","?","R","?","M","BOSS","E","$","R","BOSS","BOSS"],"items_purchased_type":["Relic","Card","Relic","Card","Card","Card","Relic","Relic","Card","Relic","Relic","Relic","Relic","Relic"],"build_version":"2020-12-22","purchased_purges":0,"victory":false,"max_hp_per_floor":[65,65,65,65,65,65,65,65,65,65,65,65,65,65,65,65,71,71,71,71,71,71,71,71,71,71,71,71,71,71,71,71,71,71,71,71,71,71,71,71,71,71,71,71,71,71,81,81,81,81,81,81,81,81,81,81,81,81],"relic_stats":{"Happy Flower":[18],"counters":[30,138],"Shuriken":[5],"Blue Candle":[18],"Bronze Scales":[31],"Eternal Feather":18,"Bag of Preparation":[54],"Kunai":[5],"Ginger":[32],"War Paint":["Slimebound:SlimeBrawl","Slimebound:Defend_Slimebound"],"obtain_stats":[{"Darkstone Periapt":9,"Lantern":53,"Vajra":53,"downfall:HeartBlessingGreen":13,"Bag of Preparation":6,"Incense Burner":53,"Ginger":26,"Dream Catcher":17,"Lizard Tail":17,"HornCleat":39,"downfall:HeartBlessingBlue":47,"DollysMirror":53,"Kunai":5,"MerchantsRug":30,"downfall:HeartBlessingRed":10,"Happy Flower":39,"Blue Candle":28,"Oddly Smooth Stone":42,"downfall:HeartsMalice":0,"Eternal Feather":52,"The Courier":31,"Frozen Egg 2":7,"War Paint":53,"Calling Bell":17,"Shuriken":17,"Bronze Scales":52,"Molten Egg 2":11,"Slimebound:PreparedRelic":24,"Slimebound:AbsorbEndCombat":0,"Black Star":34,"Bottled Lightning":42,"StrikeDummy":14,"TungstenRod":30,"Toy Ornithopter":44,"Meat on the Bone":44},{"Darkstone Periapt":4,"Lantern":28,"Vajra":28,"downfall:HeartBlessingGreen":6,"Bag of Preparation":2,"Incense Burner":28,"Ginger":13,"Dream Catcher":9,"Lizard Tail":9,"HornCleat":22,"downfall:HeartBlessingBlue":25,"DollysMirror":28,"Kunai":1,"MerchantsRug":16,"downfall:HeartBlessingRed":4,"Happy Flower":22,"Blue Candle":15,"Oddly Smooth Stone":24,"downfall:HeartsMalice":0,"Eternal Feather":28,"The Courier":17,"Frozen Egg 2":2,"War Paint":28,"Calling Bell":9,"Shuriken":9,"Bronze Scales":28,"Molten Egg 2":5,"Slimebound:PreparedRelic":12,"Slimebound:AbsorbEndCombat":0,"Black Star":19,"Bottled Lightning":24,"StrikeDummy":7,"TungstenRod":16,"Toy Ornithopter":25,"Meat on the Bone":25},{"Darkstone Periapt":6,"Lantern":117,"Vajra":117,"downfall:HeartBlessingGreen":14,"Bag of Preparation":0,"Incense Burner":117,"Ginger":48,"Dream Catcher":30,"Lizard Tail":30,"HornCleat":83,"downfall:HeartBlessingBlue":101,"DollysMirror":117,"Kunai":0,"MerchantsRug":59,"downfall:HeartBlessingRed":6,"Happy Flower":83,"Blue Candle":55,"Oddly Smooth Stone":95,"downfall:HeartsMalice":0,"Eternal Feather":117,"The Courier":62,"Frozen Egg 2":0,"War Paint":117,"Calling Bell":30,"Shuriken":30,"Bronze Scales":117,"Molten Egg 2":13,"Slimebound:PreparedRelic":45,"Slimebound:AbsorbEndCombat":0,"Black Star":73,"Bottled Lightning":95,"StrikeDummy":21,"TungstenRod":59,"Toy Ornithopter":101,"Meat on the Bone":101}],"TungstenRod":53},"card_choices":[{"not_picked":["Slimebound:PressTheAttack","Slimebound:LivingWall"],"picked":"Slimebound:SplitBruiser","floor":2.0},{"not_picked":["Secret Technique","Swift Strike"],"picked":"Master of Strategy","floor":3.0},{"not_picked":["Slimebound:ProtectTheBoss","Slimebound:SplitAcid"],"picked":"Slimebound:SlimeBrawl","floor":6.0},{"not_picked":["Slimebound:Gluttony+1","Slimebound:RainOfGoop","Slimebound:GoopSpray"],"picked":"SKIP","floor":8.0},{"not_picked":["Slimebound:FlameTackle","Slimebound:Schlurp","Slimebound:TongueLash"],"picked":"SKIP","floor":9.0},{"not_picked":["Slimebound:LeechEnergy+1","Slimebound:ForwardTackle+1","Slimebound:BestDefense+1"],"picked":"SKIP","floor":11.0},{"not_picked":["Slimebound:ForwardTackle+1","Slimebound:RollThrough+1"],"picked":"Slimebound:SplitLeeching","floor":12.0},{"not_picked":["Slimebound:GrowthPunch+1","Slimebound:Grow+1"],"picked":"Slimebound:SlimeBarrage+1","floor":14.0},{"not_picked":["Slimebound:ForwardTackle+1","Slimebound:LeechEnergy+1","Slimebound:Grow+1"],"picked":"SKIP","floor":15.0},{"not_picked":["Slimebound:RallyTheTroops+1","Slimebound:Darklings"],"picked":"Slimebound:MinionMaster+1","floor":16.0},{"not_picked":["Slimebound:GrowthPunch+1","Slimebound:GoopSpray","Slimebound:HungryTackle+1"],"picked":"SKIP","floor":19.0},{"not_picked":["Slimebound:SplitMire","Slimebound:Gluttony+1"],"picked":"Slimebound:SplitBruiser","floor":20.0},{"not_picked":["Slimebound:FinishingTackle+1","Slimebound:LivingWall"],"picked":"Slimebound:SplitLeeching","floor":21.0},{"not_picked":["Slimebound:ForwardTackle+1","Slimebound:ItLooksTasty+1"],"picked":"Slimebound:SlimeBarrage+1","floor":23.0},{"not_picked":["Slimebound:RejuvenatingLick+1","Slimebound:Replication"],"picked":"Slimebound:SlimeTap","floor":26.0},{"not_picked":["Slimebound:RollThrough+1","Slimebound:LeechingTouch+1","Slimebound:Dissolve"],"picked":"SKIP","floor":27.0},{"not_picked":["Slimebound:Schlurp+1","Slimebound:Replication"],"picked":"Slimebound:SplitLeeching","floor":28.0},{"not_picked":["Slimebound:LivingWall","Slimebound:MassFeed+1"],"picked":"Slimebound:SplitAcid+1","floor":29.0},{"not_picked":["Slimebound:LivingWall","Slimebound:HauntingLick"],"picked":"Slimebound:FirmFortitude","floor":30.0},{"not_picked":["Slimebound:GoopSpray","Slimebound:LeechingTouch+1","Slimebound:GoopTackle+1"],"picked":"SKIP","floor":31.0},{"not_picked":["Slimebound:ItLooksTasty+1","Slimebound:SplitAcid"],"picked":"Slimebound:Repurpose","floor":32.0},{"not_picked":["Slimebound:Darklings","Slimebound:WasteNot"],"picked":"Slimebound:Teamwork","floor":33.0},{"not_picked":["Slimebound:Prepare","Slimebound:LivingWall"],"picked":"Slimebound:SlimeBarrage+1","floor":36.0},{"not_picked":["Slimebound:SlimeSpikes+1","Slimebound:SlimeTap"],"picked":"Slimebound:SplitMire+1","floor":37.0},{"not_picked":["Slimebound:GrowthPunch+1","Slimebound:SamplingLick","Slimebound:HauntingLick+1"],"picked":"SKIP","floor":38.0},{"not_picked":["Slimebound:SamplingLick","Slimebound:GoopTackle+1"],"picked":"Slimebound:SplitAcid+1","floor":40.0},{"not_picked":["Slimebound:LeechingTouch+1","Slimebound:TongueLash+1","Slimebound:Gluttony+1"],"picked":"SKIP","floor":42.0},{"not_picked":["Slimebound:Nibble+1","Slimebound:DuplicatedForm+1","Slimebound:RejuvenatingLick"],"picked":"SKIP","floor":44.0},{"not_picked":["Slimebound:SamplingLick","Slimebound:GoopTackle+1"],"picked":"Slimebound:SplitAcid+1","floor":47.0},{"not_picked":["Slimebound:ServeAndProtect","Slimebound:Schlurp+1"],"picked":"Slimebound:DivideAndConquer+1","floor":49.0},{"not_picked":["Slimebound:GoopTackle+1","Slimebound:CheckThePlaybook","Slimebound:SamplingLick"],"picked":"SKIP","floor":52.0}],"player_experience":348755,"relics_obtained":[{"floor":6.0,"key":"Bag of Preparation"},{"floor":7.0,"key":"Frozen Egg 2"},{"floor":9.0,"key":"Darkstone Periapt"},{"floor":11.0,"key":"Molten Egg 2"},{"floor":14.0,"key":"StrikeDummy"},{"floor":17.0,"key":"Dream Catcher"},{"floor":17.0,"key":"Shuriken"},{"floor":17.0,"key":"Lizard Tail"},{"floor":24.0,"key":"Slimebound:PreparedRelic"},{"floor":26.0,"key":"Ginger"},{"floor":28.0,"key":"Blue Candle"},{"floor":31.0,"key":"The Courier"},{"floor":42.0,"key":"Oddly Smooth Stone"},{"floor":42.0,"key":"Bottled Lightning"},{"floor":44.0,"key":"Toy Ornithopter"},{"floor":44.0,"key":"Meat on the Bone"},{"floor":52.0,"key":"Bronze Scales"},{"floor":52.0,"key":"Eternal Feather"}],"event_choices":[{"damage_healed":0.0,"max_hp_gain":0.0,"max_hp_loss":0.0,"gold_gain":1.0,"event_name":"betterStone:BetterStone","player_choice":"1","floor":3.0,"gold_loss":0.0,"damage_taken":0.0},{"damage_healed":0.0,"max_hp_gain":0.0,"max_hp_loss":0.0,"gold_gain":0.0,"event_name":"Scrap Ooze","player_choice":"Success","floor":5.0,"gold_loss":0.0,"damage_taken":12.0,"relics_obtained":["Kunai"]},{"cards_removed":["Slimebound:SlimeBarrage"],"damage_healed":0.0,"max_hp_gain":0.0,"max_hp_loss":0.0,"gold_gain":0.0,"event_name":"Falling","player_choice":"Removed Attack","floor":45.0,"gold_loss":0.0,"damage_taken":0.0}],"is_beta":false,"boss_relics":[{"not_picked":["Snecko Eye","Sozu"],"picked":"Calling Bell"},{"not_picked":["SacredBark","Velvet Choker"],"picked":"Black Star"}],"items_purged_floors":[],"is_endless":false,"potions_floor_spawned":[6,12,14,16,20,21,27,31,32,36,38,44,52],"killed_by":"downfall:NeowBossFinal","ascension_level":1}}