{"host":"cb9xh4d0ss8ax8yb","time":1613045801,"event":{"mods":["100% Spire Juice","BaseMod","Good Game Mod","Jess\u0027s Bottle","Minty Spire (QoL Compilation)","StSLib","The Dragon Tamer","The Gatherer"],"gold_per_floor":[38,38,38,38,102,102,43,95,121,143,143,188,23,104,104,264,264,314,293,293,318,327,327,393,393,473,473,120,160,75,165,165,325,325,372,0,9,39,48,88,113,113,148,148,148],"floor_reached":44,"language":"KOR","playtime":1641,"items_purged":["Moonworks:Strike"],"score":904,"play_id":"0334b512-0eae-4500-bf73-b45fd2e140bf","local_time":"20210211211641","is_ascension_mode":true,"campfire_choices":[{"data":"HandOfGreed","floor":6,"key":"SMITH"},{"data":"Moonworks:Ambush","floor":15,"key":"SMITH"},{"data":"Moonworks:CrystalBarrier","floor":23,"key":"SMITH"},{"data":"Moonworks:NicePresent","floor":25,"key":"SMITH"},{"data":"Moonworks:AnotherUltimateWeapon","floor":27,"key":"SMITH"},{"data":"Moonworks:NicePresent","floor":32,"key":"SMITH"},{"data":"Moonworks:EvilMastermind","floor":42,"key":"SMITH"}],"circlet_count":0,"master_deck":["Moonworks:Strike","Moonworks:Strike","Moonworks:Defend+1","Moonworks:Defend","Moonworks:Defend","Moonworks:Defend","Moonworks:Ambush+1","Moonworks:LongDistanceShot","HandOfGreed+1","Moonworks:NicePresent+1","Moonworks:ForcedRevival+1","Moonworks:AnotherUltimateWeapon+1","Moonworks:NicePresent+1","Moonworks:FullSpeedAlicianrone","Moonworks:CrystalBarrier+1","Moonworks:Flamethrower","Moonworks:FullSpeedAlicianrone","Moonworks:RagingMadness+1","Moonworks:JonathanRush+1","Moonworks:NicePresent","Moonworks:EvilMastermind+1","Moonworks:NicePresent+1","Normality","Moonworks:IndiscriminateFireSupport+1","Madness","Moonworks:ReproductionOfRecords+1","Moonworks:WindyEnchantment+1","Regret"],"relics":["Moonworks:BrokenBomb","Moonworks:Homemark","REME:ComplimentaryCards","CeramicFish","Nunchaku","Smiling Mask","Golden Idol","War Paint","Eternal Feather","Coffee Dripper","Frozen Egg 2","Akabeko","Kunai","Moonworks:GoldenDie","Oddly Smooth Stone","Incense Burner","InkBottle","Regal Pillow","Cursed Key","Red Mask","CaptainsWheel","TungstenRod","Bag of Marbles"],"acts_visited":["Exordium","TheCity","TheBeyond"],"potions_floor_usage":[14,24,31,33,44],"damage_taken":[{"damage":10,"enemies":"Small Slimes","floor":1,"turns":3},{"damage":0,"enemies":"2 Louse","floor":5,"turns":4},{"damage":0,"enemies":"Gremlin Nob","floor":7,"turns":2},{"damage":0,"enemies":"Jaw Worm","floor":8,"turns":3},{"damage":0,"enemies":"Red Slaver","floor":10,"turns":3},{"damage":0,"enemies":"Gremlin Nob","floor":14,"turns":3},{"damage":0,"enemies":"Slime Boss","floor":16,"turns":4},{"damage":0,"enemies":"2 Thieves","floor":18,"turns":2},{"damage":4,"enemies":"Shell Parasite","floor":21,"turns":3},{"damage":4,"enemies":"Slavers","floor":24,"turns":3},{"damage":0,"enemies":"Gremlin Leader","floor":29,"turns":3},{"damage":0,"enemies":"Slavers","floor":31,"turns":3},{"damage":19,"enemies":"Champ","floor":33,"turns":4},{"damage":4,"enemies":"3 Shapes","floor":35,"turns":4},{"damage":0,"enemies":"Orb Walker","floor":38,"turns":3},{"damage":0,"enemies":"Reptomancer","floor":40,"turns":4},{"damage":0,"enemies":"3 Darklings","floor":41,"turns":1},{"damage":82,"enemies":"2 Orb Walkers","floor":44,"turns":3}],"seed_played":"1001689325252401598","potions_obtained":[{"floor":1,"key":"SkillPotion"},{"floor":5,"key":"AttackPotion"},{"floor":8,"key":"Ancient Potion"},{"floor":14,"key":"ColorlessPotion"},{"floor":21,"key":"ColorlessPotion"},{"floor":31,"key":"AttackPotion"},{"floor":33,"key":"PowerPotion"},{"floor":38,"key":"Block Potion"},{"floor":40,"key":"DistilledChaos"}],"is_trial":false,"path_per_floor":["M","?","?","$","M","R","E","M","T","M","?","T","?","?","R","B",null,"M","?","?","M","?","R","E","R","T","R","$","E","?","E","R","B",null,"M","?","T","M","?","E","M","R","T","?"],"character_chosen":"THE_STARBREAKER","items_purchased":["Moonworks:GoldenDie","Oddly Smooth Stone"],"campfire_rested":0,"item_purchase_floors":[28,28],"current_hp_per_floor":[50,47,40,40,40,40,45,45,45,50,34,34,23,23,32,40,60,66,66,66,62,62,66,62,66,66,66,66,66,66,66,66,47,61,65,65,65,65,65,65,65,66,66,0,0],"gold":148,"neow_bonus":"TEN_PERCENT_HP_BONUS","is_daily":false,"chose_seed":false,"campfire_upgraded":7,"win_rate":0.0,"timestamp":1613045801,"path_taken":["M","?","?","?","M","R","E","?","T","M","?","?","?","?","R","BOSS","M","?","?","?","?","R","E","R","T","R","$","E","?","E","R","BOSS","M","?","?","M","?","E","M","R","T","?"],"items_purchased_type":["Relic","Relic"],"build_version":"2020-12-22","purchased_purges":1,"victory":false,"max_hp_per_floor":[66,66,66,66,66,66,66,66,66,66,66,66,66,66,66,66,66,66,66,66,66,66,66,66,66,66,66,66,66,66,66,66,66,66,66,66,66,66,66,66,66,66,66,66,66],"card_choices":[{"not_picked":["Moonworks:Assault","Moonworks:JonathanRush"],"picked":"Moonworks:NicePresent","floor":1},{"not_picked":["Moonworks:NicePresent","Moonworks:ScrambledEve"],"picked":"Moonworks:ForcedRevival","floor":5},{"not_picked":["Moonworks:JonathanRush","Moonworks:DeployBits"],"picked":"Moonworks:AnotherUltimateWeapon","floor":7},{"not_picked":["Moonworks:JonathanRush","Moonworks:BeyondHell"],"picked":"Moonworks:NicePresent","floor":8},{"not_picked":["Moonworks:Assault","Moonworks:NicePresent"],"picked":"Moonworks:FullSpeedAlicianrone","floor":10},{"not_picked":["Moonworks:Encore","Moonworks:WeAreWaruda"],"picked":"Moonworks:CrystalBarrier","floor":16},{"not_picked":["Moonworks:EvilSpyWorkPreparation","Moonworks:CompletionReward"],"picked":"Moonworks:Flamethrower","floor":18},{"not_picked":["Moonworks:Heat300Percent","Moonworks:LulusLuckyEgg"],"picked":"Moonworks:FullSpeedAlicianrone","floor":21},{"not_picked":["Moonworks:JonathanRush","Moonworks:AwakeningOfTalent","Moonworks:Dinner"],"picked":"SKIP","floor":24},{"not_picked":["Moonworks:IndiscriminateFireSupport","Moonworks:DeployBits"],"picked":"Moonworks:JonathanRush+1","floor":29},{"not_picked":["Moonworks:PlushieMaster","Moonworks:AwakeningOfTalent"],"picked":"Moonworks:NicePresent","floor":31},{"not_picked":["Moonworks:ShieldCounter","Moonworks:SubspaceTunnel"],"picked":"Moonworks:EvilMastermind","floor":33},{"not_picked":["Moonworks:ExtendedPhotonRifle","Moonworks:RagingMadness+1"],"picked":"Moonworks:NicePresent+1","floor":35},{"not_picked":["Moonworks:BeyondHell","Moonworks:SweetBattle+1"],"picked":"Moonworks:IndiscriminateFireSupport+1","floor":38},{"not_picked":["Mind Blast","Swift Strike"],"picked":"Madness","floor":39},{"not_picked":["Moonworks:MeltingMemories+1","Moonworks:x16BigRocket"],"picked":"Moonworks:ReproductionOfRecords+1","floor":40},{"not_picked":["Moonworks:AngelHand+1","Moonworks:DeployBits"],"picked":"Moonworks:WindyEnchantment+1","floor":41}],"player_experience":465344,"relics_obtained":[{"floor":7,"key":"Nunchaku"},{"floor":9,"key":"Smiling Mask"},{"floor":12,"key":"War Paint"},{"floor":14,"key":"Eternal Feather"},{"floor":24,"key":"Akabeko"},{"floor":26,"key":"Kunai"},{"floor":29,"key":"Incense Burner"},{"floor":31,"key":"Regal Pillow"},{"floor":37,"key":"CaptainsWheel"},{"floor":40,"key":"TungstenRod"},{"floor":43,"key":"Bag of Marbles"}],"event_choices":[{"damage_healed":0,"gold_gain":0,"player_choice":"Success","damage_taken":3,"relics_obtained":["CeramicFish"],"max_hp_gain":0,"max_hp_loss":0,"event_name":"Scrap Ooze","floor":2,"gold_loss":0},{"cards_removed":["Moonworks:Strike"],"damage_healed":0,"gold_gain":0,"player_choice":"Card Removal","damage_taken":7,"max_hp_gain":0,"max_hp_loss":0,"event_name":"Golden Wing","floor":3,"gold_loss":0},{"damage_healed":0,"gold_gain":0,"player_choice":"Take Damage","damage_taken":16,"relics_obtained":["Golden Idol"],"max_hp_gain":0,"max_hp_loss":0,"event_name":"Golden Idol","floor":11,"gold_loss":0},{"damage_healed":0,"gold_gain":75,"player_choice":"Gather Gold","damage_taken":11,"max_hp_gain":0,"max_hp_loss":0,"event_name":"World of Goop","floor":13,"gold_loss":0},{"damage_healed":0,"gold_gain":0,"player_choice":"Searched \u00271\u0027 times","damage_taken":0,"max_hp_gain":0,"max_hp_loss":0,"event_name":"Dead Adventurer","floor":14,"gold_loss":0},{"damage_healed":0,"gold_gain":99,"player_choice":"Stole From Cult","damage_taken":0,"max_hp_gain":0,"max_hp_loss":0,"event_name":"Nest","floor":19,"gold_loss":0},{"damage_healed":0,"gold_gain":0,"player_choice":"Gave Potion","damage_taken":0,"relics_obtained":["Frozen Egg 2"],"max_hp_gain":0,"max_hp_loss":0,"event_name":"WeMeetAgain","floor":20,"gold_loss":0},{"damage_healed":0,"gold_gain":0,"player_choice":"Read","damage_taken":0,"max_hp_gain":0,"max_hp_loss":0,"event_name":"The Library","floor":22,"gold_loss":0,"cards_obtained":["Moonworks:RagingMadness"]},{"damage_healed":0,"gold_gain":0,"player_choice":"Obtained Relic","damage_taken":0,"relics_obtained":["InkBottle"],"max_hp_gain":0,"max_hp_loss":0,"event_name":"Addict","floor":30,"gold_loss":85},{"damage_healed":0,"gold_gain":0,"player_choice":"Paid","damage_taken":0,"relics_obtained":["Red Mask"],"max_hp_gain":0,"max_hp_loss":0,"event_name":"Tomb of Lord Red Mask","floor":36,"gold_loss":372},{"damage_healed":0,"gold_gain":0,"player_choice":"Memory 1","damage_taken":0,"max_hp_gain":0,"max_hp_loss":0,"event_name":"SensoryStone","floor":39,"gold_loss":0},{"damage_healed":0,"gold_gain":0,"player_choice":"Fight","damage_taken":0,"max_hp_gain":0,"max_hp_loss":0,"event_name":"Mysterious Sphere","floor":44,"gold_loss":0}],"is_beta":false,"boss_relics":[{"not_picked":["Empty Cage","Moonworks:SBBomb"],"picked":"Coffee Dripper"},{"not_picked":["Tiny House","jessBottle:WaterBottleRelic"],"picked":"Cursed Key"}],"items_purged_floors":[28],"is_endless":false,"potions_floor_spawned":[1,5,8,14,21,31,33,38,40,41],"killed_by":"2 Orb Walkers","ascension_level":6}}