{"host":"g7mkzn6qfoxkk5sz","time":1613045613,"event":{"mods":["BaseMod","Colored Map","Colored Powertips","Downfall","Minty Spire (QoL Compilation)","StSLib"],"gold_per_floor":[99,115,131,146,146,181,181,181,211,111,561,561,561,247,259,357,357,357,374,115,129,140,140,140,140,140,1,1,1,15,48,64,169,169,169,182,200,200,216,380,380,394,87,87,87,87,87],"floor_reached":45,"language":"ENG","playtime":2248,"items_purged":["downfall:Icky","downfall:Icky","Guardian:RollAttack","downfall:Aged"],"score":510,"play_id":"19400ef6-88ce-4aea-80c6-5cc078add230","local_time":"20210211141333","is_ascension_mode":true,"campfire_choices":[{"data":"Guardian:TwinSlam","floor":1,"key":"SMITH"},{"data":"Guardian:CompilePackage","floor":8,"key":"SMITH"},{"floor":10,"key":"REST"},{"data":"Guardian:CurlUp","floor":12,"key":"SMITH"},{"data":"Guardian:SpikerProtocol","floor":18,"key":"SMITH"},{"data":"Guardian:PiercingHide","floor":23,"key":"SMITH"},{"data":"Guardian:SpikerProtocol","floor":26,"key":"SMITH"},{"data":"Guardian:StasisStrike","floor":35,"key":"SMITH"}],"circlet_count":0,"master_deck":["Guardian:Strike_Guardian","Guardian:Strike_Guardian","Guardian:Strike_Guardian","Guardian:Defend_Guardian","Guardian:Defend_Guardian","Guardian:Defend_Guardian","Guardian:Defend_Guardian+1","Guardian:CurlUp+1","Guardian:TwinSlam+1","Guardian:PrimingBeam","Guardian:CompilePackage+1","Guardian:SpikerProtocol+1","Guardian:PrimingBeam","Guardian:Reroute","Guardian:PiercingHide+1","Guardian:SpikerProtocol+1","Guardian:RollAttack","Guardian:SentryBeam","Guardian:StasisStrike+1","Guardian:PiercingHide+1","Guardian:Gem_Synthetic"],"relics":["Guardian:ModeShifter","The Courier","Thread and Needle","Potion Belt","downfall:HeartBlessingGreen","InkBottle","Cursed Key","ClockworkSouvenir","Eternal Feather","Membership Card","downfall:RedIOU","Juzu Bracelet","Runic Pyramid","Vajra","Bottled Flame","War Paint","Regal Pillow","Centennial Puzzle"],"acts_visited":["Exordium","TheCity","TheBeyond"],"potions_floor_usage":[6,6,14,27],"damage_taken":[{"damage":0,"enemies":"2 Louse","floor":2,"turns":2},{"damage":2,"enemies":"Jaw Worm","floor":3,"turns":4},{"damage":3,"enemies":"Small Slimes","floor":4,"turns":4},{"damage":27,"enemies":"Gremlin Nob","floor":6,"turns":5},{"damage":27,"enemies":"Lagavulin","floor":9,"turns":8},{"damage":6,"enemies":"downfall:FleeingMerchant","floor":14,"turns":4},{"damage":3,"enemies":"Blue Slaver","floor":15,"turns":3},{"damage":11,"enemies":"DF_ARCHETYPE_STREAMLINE","floor":16,"turns":9},{"damage":10,"enemies":"Shell Parasite","floor":19,"turns":4},{"damage":0,"enemies":"downfall:FleeingMerchant","floor":20,"turns":4},{"damage":5,"enemies":"Centurion and Healer","floor":21,"turns":7},{"damage":17,"enemies":"Cultist and Chosen","floor":22,"turns":5},{"damage":6,"enemies":"downfall:FleeingMerchant","floor":27,"turns":4},{"damage":0,"enemies":"Snake Plant","floor":30,"turns":3},{"damage":1,"enemies":"Book of Stabbing","floor":31,"turns":4},{"damage":0,"enemies":"3 Cultists","floor":32,"turns":4},{"damage":10,"enemies":"WA_ARCHETYPE_CALM","floor":33,"turns":9},{"damage":14,"enemies":"3 Darklings","floor":36,"turns":3},{"damage":12,"enemies":"Orb Walker","floor":37,"turns":3},{"damage":14,"enemies":"Maw","floor":39,"turns":12},{"damage":0,"enemies":"downfall:FleeingMerchant","floor":40,"turns":2},{"damage":14,"enemies":"3 Darklings","floor":42,"turns":5},{"damage":34,"enemies":"Transient","floor":45,"turns":5}],"seed_played":"-8406258109489919585","potions_obtained":[{"floor":3,"key":"Weak Potion"},{"floor":4,"key":"Strength Potion"},{"floor":6,"key":"Swift Potion"},{"floor":19,"key":"DuplicationPotion"},{"floor":30,"key":"BlessingOfTheForge"},{"floor":31,"key":"Dexterity Potion"},{"floor":36,"key":"AttackPotion"},{"floor":37,"key":"Block Potion"}],"is_trial":false,"path_per_floor":["R","M","M","M","?","E","T","R","E","R","?","R","?","$","M","B",null,"R","M","$","M","M","R","T","?","R","$","?","?","M","E","M","B",null,"R","M","M","?","M","$","T","M","$","?","M"],"character_chosen":"GUARDIAN","items_purchased":["Guardian:PrimingBeam","InkBottle","ClockworkSouvenir","Guardian:RollAttack","Membership Card","Vajra","EntropicBrew","Strength Potion","War Paint","Regal Pillow","Centennial Puzzle","SteroidPotion","LiquidBronze"],"campfire_rested":1,"item_purchase_floors":[14,14,20,20,27,40,40,40,43,43,43,43,43],"current_hp_per_floor":[80,80,78,77,77,52,52,52,27,51,51,51,51,47,46,37,80,80,70,72,69,54,54,54,54,66,62,62,62,62,61,61,51,80,80,66,54,54,40,40,40,26,26,26,0,0,0],"gold":87,"neow_bonus":"RANDOM_COMMON_RELIC","is_daily":false,"chose_seed":false,"campfire_upgraded":7,"win_rate":0.0,"timestamp":1613045613,"path_taken":["R","M","M","M","?","E","T","R","E","R","?","R","?","$","M","BOSS","R","M","$","M","M","R","T","?","R","$","?","?","M","E","M","BOSS","R","M","M","?","M","$","T","M","$","?","M"],"items_purchased_type":["Card","Relic","Relic","Card","Relic","Relic","Potion","Potion","Relic","Relic","Relic","Potion","Potion"],"build_version":"2020-12-22","purchased_purges":4,"victory":false,"max_hp_per_floor":[80,80,80,80,80,80,80,80,80,80,80,80,80,80,80,80,80,80,80,80,80,80,80,80,80,80,80,80,80,80,80,80,80,80,80,80,80,80,80,80,80,80,80,80,80,80,80],"card_choices":[{"not_picked":["Guardian:ShieldCharger","Guardian:Gem_Green"],"picked":"Guardian:Gem_Lightblue","floor":2},{"not_picked":["Guardian:Gem_White","Guardian:MultiBeam"],"picked":"Guardian:Gem_Red","floor":3},{"not_picked":["Guardian:Gem_Lightblue","Guardian:Suspension"],"picked":"Guardian:PrimingBeam","floor":4},{"not_picked":["Guardian:Harden","Guardian:ConstructionForm"],"picked":"Guardian:CompilePackage","floor":6},{"not_picked":["Guardian:Preprogram","Guardian:Gem_Red"],"picked":"Guardian:VentSteam","floor":9},{"not_picked":["Guardian:Preprogram","Guardian:BronzeArmor"],"picked":"Guardian:SpikerProtocol","floor":14},{"not_picked":["Guardian:Gem_Green","Guardian:PolyBeam"],"picked":"Guardian:Reroute","floor":15},{"not_picked":["Guardian:Gem_Synthetic","Guardian:ConstructionForm"],"picked":"Guardian:Gem_Orange","floor":16},{"not_picked":["Guardian:Suspension","Guardian:Gem_Green"],"picked":"Guardian:PiercingHide","floor":19},{"not_picked":["Guardian:ChargeCore","Guardian:Gem_Lightblue"],"picked":"Guardian:SpikerProtocol","floor":20},{"not_picked":["Guardian:Reroute","Guardian:Gem_Red"],"picked":"Guardian:SentryBeam","floor":21},{"not_picked":["Guardian:Reroute","Guardian:ExploitGems"],"picked":"Guardian:RollAttack","floor":22},{"not_picked":["Guardian:Suspension","Guardian:Repulse","Guardian:Recover"],"picked":"SKIP","floor":27},{"not_picked":["Guardian:Reroute+1","Guardian:PrimingBeam","Guardian:WalkerClaw"],"picked":"SKIP","floor":30},{"not_picked":["Guardian:Gem_White","Guardian:Gem_Fragmented"],"picked":"Guardian:StasisStrike","floor":31},{"not_picked":["Guardian:Recover","Guardian:Reroute","Guardian:WalkerClaw"],"picked":"SKIP","floor":32},{"not_picked":["Guardian:Gem_White","Guardian:Gem_Cyan"],"picked":"Guardian:PiercingHide","floor":36},{"not_picked":["Guardian:VentSteam+1","Guardian:WalkerClaw+1","Guardian:TimeCapacitor+1"],"picked":"SKIP","floor":37},{"not_picked":["Guardian:Gem_Green","Guardian:TemporalStrike+1","Guardian:Suspension+1"],"picked":"SKIP","floor":39},{"not_picked":["Guardian:Gem_Lightblue","Guardian:ChargeUp"],"picked":"Guardian:Gem_Synthetic","floor":40},{"not_picked":["Guardian:Incinerate+1","Guardian:Planning+1","Guardian:TemporalShield+1"],"picked":"SKIP","floor":42}],"player_experience":480434,"relics_obtained":[{"floor":6,"key":"The Courier"},{"floor":7,"key":"Thread and Needle"},{"floor":9,"key":"Potion Belt"},{"floor":24,"key":"Eternal Feather"},{"floor":31,"key":"Juzu Bracelet"},{"floor":41,"key":"Bottled Flame"}],"event_choices":[{"cards_removed":["downfall:Icky"],"damage_healed":0,"gold_gain":0,"player_choice":"Forget","damage_taken":0,"max_hp_gain":0,"max_hp_loss":0,"event_name":"Living Wall","floor":13,"gold_loss":0},{"cards_removed":["Guardian:Strike_Guardian"],"damage_healed":0,"gold_gain":0,"player_choice":"Removed Attack","damage_taken":0,"max_hp_gain":0,"max_hp_loss":0,"event_name":"Falling","floor":38,"gold_loss":0},{"damage_healed":0,"gold_gain":0,"player_choice":"Ignored","damage_taken":0,"max_hp_gain":0,"max_hp_loss":0,"event_name":"Mysterious Sphere","floor":44,"gold_loss":0}],"is_beta":false,"boss_relics":[{"not_picked":["Calling Bell","Pandora\u0027s Box"],"picked":"Cursed Key"},{"not_picked":["Snecko Eye","Empty Cage"],"picked":"Runic Pyramid"}],"items_purged_floors":[14,20,40,43],"is_endless":false,"potions_floor_spawned":[3,4,6,19,30,31,36,37,42],"killed_by":"Transient","ascension_level":2}}