{"host":"dhlnk6yox2l1s6up","time":1613077500,"event":{"mods":["BaseMod","Minty Spire (QoL Compilation)","Relic Stats","StSLib","ojb\u0027s Info Mod"],"gold_per_floor":[114,189,154,16,34,66,66,18,18,18,31,31,46,77,77,176,176,193,206,206,206,233,266,266,42,96,115,129,157,177,197,197,296,296,314,325,21,21,101,101,116,150,150,176,217,251,292,332,344,356,368,380,0,34,34],"floor_reached":56,"language":"ENG","playtime":4927,"items_purged":[],"score":1968,"play_id":"f56fc513-ac45-4127-9ee5-fe2962f22403","local_time":"20210211150500","is_ascension_mode":true,"campfire_choices":[{"data":"Ball Lightning","floor":7.0,"key":"SMITH"},{"data":"Recycle","floor":10.0,"key":"SMITH"},{"data":"Coolheaded","floor":15.0,"key":"SMITH"},{"floor":24.0,"key":"REST"},{"floor":32.0,"key":"RECALL"},{"floor":40.0,"key":"REST"},{"floor":49.0,"key":"REST"},{"floor":52.0,"key":"REST"}],"circlet_count":0,"master_deck":["AscendersBane","Strike_B","Strike_B","Strike_B","Strike_B","Defend_B","Defend_B","Defend_B","Defend_B","Zap","Dualcast","Coolheaded+1","Ball Lightning+1","Glacier","Recycle+1","Gash","Core Surge","Gash","Beam Cell+1","Echo Form","Ball Lightning+1","Ghostly","Ghostly","Ghostly","Ghostly","Ghostly","Gash+1","Heatsinks","BootSequence","Capacitor+1","Defragment","Cold Snap+1","Echo Form","CurseOfTheBell","Go for the Eyes+1","Hologram","Apotheosis","Coolheaded+1","Coolheaded","Coolheaded+1","Compile Driver+1","Skim","Gash+1","Glacier"],"relics":["Cracked Core","NeowsBlessing","Tiny Chest","Question Card","Orichalcum","Molten Egg 2","Fusion Hammer","Toy Ornithopter","Oddly Smooth Stone","OrangePellets","Vajra","Regal Pillow","Calling Bell","Nunchaku","Eternal Feather","Calipers","Shuriken","CeramicFish","Kunai","MawBank","Omamori","Boot","Bottled Lightning"],"acts_visited":["Exordium","TheCity","TheBeyond","TheEnding"],"potions_floor_usage":[55,55,55],"damage_taken":[{"damage":0.0,"enemies":"Small Slimes","floor":1.0,"turns":1.0},{"damage":0.0,"enemies":"Jaw Worm","floor":5.0,"turns":1.0},{"damage":0.0,"enemies":"Gremlin Nob","floor":6.0,"turns":1.0},{"damage":0.0,"enemies":"2 Louse","floor":11.0,"turns":2.0},{"damage":2.0,"enemies":"Large Slime","floor":13.0,"turns":4.0},{"damage":10.0,"enemies":"3 Sentries","floor":14.0,"turns":8.0},{"damage":36.0,"enemies":"Slime Boss","floor":16.0,"turns":12.0},{"damage":5.0,"enemies":"Spheric Guardian","floor":18.0,"turns":4.0},{"damage":6.0,"enemies":"Chosen","floor":19.0,"turns":4.0},{"damage":16.0,"enemies":"Book of Stabbing","floor":23.0,"turns":7.0},{"damage":0.0,"enemies":"Snake Plant","floor":27.0,"turns":4.0},{"damage":1.0,"enemies":"Cultist and Chosen","floor":28.0,"turns":6.0},{"damage":0.0,"enemies":"Gremlin Leader","floor":29.0,"turns":9.0},{"damage":0.0,"enemies":"3 Cultists","floor":30.0,"turns":7.0},{"damage":6.0,"enemies":"Centurion and Healer","floor":31.0,"turns":7.0},{"damage":28.0,"enemies":"Automaton","floor":33.0,"turns":11.0},{"damage":3.0,"enemies":"Orb Walker","floor":35.0,"turns":5.0},{"damage":0.0,"enemies":"3 Darklings","floor":36.0,"turns":9.0},{"damage":0.0,"enemies":"Sphere and 2 Shapes","floor":41.0,"turns":7.0},{"damage":0.0,"enemies":"Nemesis","floor":42.0,"turns":9.0},{"damage":10.0,"enemies":"Spire Growth","floor":44.0,"turns":8.0},{"damage":4.0,"enemies":"Reptomancer","floor":45.0,"turns":9.0},{"damage":0.0,"enemies":"3 Darklings","floor":46.0,"turns":8.0},{"damage":0.0,"enemies":"Jaw Worm Horde","floor":47.0,"turns":7.0},{"damage":0.0,"enemies":"Giant Head","floor":48.0,"turns":9.0},{"damage":45.0,"enemies":"Donu and Deca","floor":50.0,"turns":13.0},{"damage":1.0,"enemies":"Shield and Spear","floor":54.0,"turns":8.0},{"damage":25,"enemies":"The Heart","floor":55,"turns":12}],"seed_played":"-6867308436639105518","potions_obtained":[{"floor":6.0,"key":"Block Potion"},{"floor":13.0,"key":"LiquidMemories"},{"floor":19.0,"key":"CultistPotion"},{"floor":27.0,"key":"Swift Potion"},{"floor":30.0,"key":"FocusPotion"},{"floor":33.0,"key":"SkillPotion"},{"floor":46.0,"key":"SkillPotion"},{"floor":48.0,"key":"BlessingOfTheForge"}],"is_trial":false,"path_per_floor":["M","?","?","$","M","E","R","$","T","R","M","?","M","E","R","B",null,"M","M","?","?","T","E","R","$","T","M","M","E","M","M","R","B",null,"M","M","$","?","T","R","M","E","T","M","E","M","M","E","R","B",null,"R","$","E","B",null],"character_chosen":"DEFECT","items_purchased":["Ball Lightning","Glacier","Fire Potion","Weak Potion","OrangePellets","Heatsinks","Shuriken","Hologram","GamblersBrew","BlessingOfTheForge","Boot","Glacier","SpeedPotion"],"campfire_rested":4,"item_purchase_floors":[4,4,4,8,25,25,37,37,53,53,53,53,53],"current_hp_per_floor":[68,57,75,75,75,75,75,75,75,75,75,68,66,56,56,20,61,56,50,36,36,36,20,32,32,32,32,31,31,40,34,34,6,32,29,29,29,29,29,40,40,40,40,30,31,31,36,36,40,5,31,40,40,39,20],"gold":34,"neow_bonus":"THREE_ENEMY_KILL","is_daily":false,"chose_seed":false,"campfire_upgraded":3,"win_rate":0.0,"timestamp":1613077500,"path_taken":["M","?","?","$","M","E","R","$","T","R","M","?","M","E","R","BOSS","M","M","?","?","?","E","R","$","T","M","M","E","?","M","R","BOSS","M","?","$","?","?","R","M","E","T","?","E","M","M","E","R","BOSS","R","$","E","BOSS"],"items_purchased_type":["Card","Card","Potion","Potion","Relic","Card","Relic","Card","Potion","Potion","Relic","Card","Potion"],"build_version":"2020-12-22","purchased_purges":0,"victory":true,"max_hp_per_floor":[75,75,75,75,75,75,75,75,75,75,75,75,75,75,75,75,75,75,75,80,40,40,40,40,40,40,40,40,40,40,40,40,40,40,40,40,40,40,40,40,40,40,40,40,40,40,40,40,40,40,40,40,40,40,40],"relic_stats":{"Regal Pillow":0,"counters":[28,192],"CeramicFish":54,"Eternal Feather":24,"Orichalcum":[360],"Question Card":25,"MawBank":96,"Boot":[4],"OrangePellets":[7],"Nunchaku":[25],"Shuriken":[49],"Tiny Chest":2,"Kunai":[41],"obtain_stats":[{"Regal Pillow":29,"Calipers":34,"NeowsBlessing":0,"CeramicFish":42,"Oddly Smooth Stone":23,"Vajra":26,"Eternal Feather":34,"Omamori":48,"Orichalcum":12,"Question Card":9,"MawBank":45,"Boot":53,"Calling Bell":34,"OrangePellets":25,"Nunchaku":34,"Shuriken":37,"Tiny Chest":6,"Molten Egg 2":14,"Fusion Hammer":17,"Kunai":43,"Bottled Lightning":54,"Cracked Core":0,"Toy Ornithopter":22},{"Regal Pillow":13,"Calipers":16,"NeowsBlessing":0,"CeramicFish":20,"Oddly Smooth Stone":10,"Vajra":10,"Eternal Feather":16,"Omamori":25,"Orichalcum":4,"Question Card":3,"MawBank":22,"Boot":26,"Calling Bell":16,"OrangePellets":10,"Nunchaku":16,"Shuriken":18,"Tiny Chest":3,"Molten Egg 2":6,"Fusion Hammer":7,"Kunai":20,"Bottled Lightning":27,"Cracked Core":0,"Toy Ornithopter":9},{"Regal Pillow":63,"Calipers":88,"NeowsBlessing":0,"CeramicFish":118,"Oddly Smooth Stone":44,"Vajra":44,"Eternal Feather":88,"Omamori":159,"Orichalcum":5,"Question Card":3,"MawBank":135,"Boot":172,"Calling Bell":88,"OrangePellets":44,"Nunchaku":88,"Shuriken":102,"Tiny Chest":3,"Molten Egg 2":17,"Fusion Hammer":29,"Kunai":118,"Bottled Lightning":180,"Cracked Core":0,"Toy Ornithopter":37}],"Toy Ornithopter":35},"card_choices":[{"not_picked":["Beam Cell","Barrage"],"picked":"Coolheaded","floor":1.0},{"not_picked":["Undo","Reprogram"],"picked":"Recycle","floor":5.0},{"not_picked":["Auto Shields","Scrape"],"picked":"Gash","floor":6.0},{"not_picked":["Streamline","Lockon","Hologram"],"picked":"Core Surge","floor":11.0},{"not_picked":["Leap","Double Energy","Turbo"],"picked":"Gash","floor":13.0},{"not_picked":["Reprogram","Turbo","Rip and Tear+1"],"picked":"Beam Cell+1","floor":14.0},{"not_picked":["Amplify","Fission","Multi-Cast"],"picked":"Echo Form","floor":16.0},{"not_picked":["White Noise+1","Hello World","Coolheaded"],"picked":"Ball Lightning+1","floor":18.0},{"not_picked":["Static Discharge","Rebound+1","Rip and Tear+1","Beam Cell+1"],"picked":"SKIP","floor":19.0},{"not_picked":["Beam Cell+1","Coolheaded","Defragment+1"],"picked":"Gash+1","floor":23.0},{"not_picked":["Reinforced Body","Chaos","Auto Shields"],"picked":"BootSequence","floor":27.0},{"not_picked":["Chaos","Hologram","Cold Snap+1","Force Field"],"picked":"SKIP","floor":28.0},{"not_picked":["Echo Form","Sweeping Beam+1","Leap"],"picked":"Capacitor+1","floor":29.0},{"not_picked":["Stack","Go for the Eyes+1","Redo"],"picked":"Defragment","floor":30.0},{"not_picked":["Scrape+1","Steam","Ball Lightning+1"],"picked":"Cold Snap+1","floor":31.0},{"not_picked":["Meteor Strike+1","Electrodynamics","Fission"],"picked":"Echo Form","floor":33.0},{"not_picked":["Compile Driver+1","Steam","Gash+1"],"picked":"Go for the Eyes+1","floor":35.0},{"not_picked":["Go for the Eyes+1","Turbo+1","Undo+1","Conserve Battery+1"],"picked":"SKIP","floor":36.0},{"not_picked":["Thinking Ahead","Metamorphosis","Mayhem"],"picked":"Apotheosis","floor":38.0},{"not_picked":["Fusion+1","Go for the Eyes+1","Ball Lightning+1"],"picked":"Coolheaded+1","floor":41.0},{"not_picked":["Beam Cell+1","Leap+1","Steam"],"picked":"Coolheaded","floor":42.0},{"not_picked":["Cold Snap+1","Conserve Battery+1","Recycle"],"picked":"Coolheaded+1","floor":44.0},{"not_picked":["Amplify","Go for the Eyes+1","Barrage+1"],"picked":"Compile Driver+1","floor":45.0},{"not_picked":["Ball Lightning+1","Beam Cell+1","Redo+1"],"picked":"Skim","floor":46.0},{"not_picked":["Sunder+1","Steam","Redo"],"picked":"Gash+1","floor":47.0},{"not_picked":["Recycle+1","Scrape+1","Streamline+1","Go for the Eyes+1"],"picked":"SKIP","floor":48.0},{"not_picked":["Force Field","Chaos+1","Conserve Battery","Rebound+1"],"picked":"SKIP","floor":54.0}],"player_experience":6181568,"relics_obtained":[{"floor":6.0,"key":"Tiny Chest"},{"floor":9.0,"key":"Question Card"},{"floor":14.0,"key":"Molten Egg 2"},{"floor":22.0,"key":"Toy Ornithopter"},{"floor":23.0,"key":"Oddly Smooth Stone"},{"floor":26.0,"key":"Vajra"},{"floor":29.0,"key":"Regal Pillow"},{"floor":34.0,"key":"Nunchaku"},{"floor":34.0,"key":"Eternal Feather"},{"floor":34.0,"key":"Calipers"},{"floor":42.0,"key":"CeramicFish"},{"floor":43.0,"key":"Kunai"},{"floor":45.0,"key":"MawBank"},{"floor":48.0,"key":"Omamori"},{"floor":54.0,"key":"Bottled Lightning"}],"event_choices":[{"damage_healed":0.0,"max_hp_gain":0.0,"max_hp_loss":0.0,"gold_gain":75.0,"event_name":"World of Goop","player_choice":"Gather Gold","floor":2.0,"gold_loss":0.0,"damage_taken":11.0},{"damage_healed":18.0,"max_hp_gain":0.0,"max_hp_loss":0.0,"gold_gain":0.0,"event_name":"The Cleric","player_choice":"Healed","floor":3.0,"gold_loss":35.0,"damage_taken":0.0},{"damage_healed":0.0,"max_hp_gain":0.0,"max_hp_loss":0.0,"gold_gain":0.0,"event_name":"Scrap Ooze","player_choice":"Success","floor":12.0,"gold_loss":0.0,"damage_taken":7.0,"relics_obtained":["Orichalcum"]},{"damage_healed":0.0,"max_hp_gain":5.0,"max_hp_loss":0.0,"gold_gain":0.0,"event_name":"Forgotten Altar","player_choice":"Shed Blood","floor":20.0,"gold_loss":0.0,"damage_taken":19.0},{"damage_healed":0.0,"max_hp_gain":0.0,"max_hp_loss":40.0,"gold_gain":0.0,"event_name":"Ghosts","player_choice":"Became a Ghost","floor":21.0,"gold_loss":0.0,"damage_taken":0.0,"cards_obtained":["Ghostly","Ghostly","Ghostly","Ghostly","Ghostly"]},{"damage_healed":0.0,"max_hp_gain":0.0,"max_hp_loss":0.0,"gold_gain":0.0,"event_name":"SensoryStone","player_choice":"Memory 1","floor":38.0,"gold_loss":0.0,"damage_taken":0.0}],"is_beta":false,"boss_relics":[{"not_picked":["Sozu","Empty Cage"],"picked":"Fusion Hammer"},{"not_picked":["Runic Dome","Coffee Dripper"],"picked":"Calling Bell"}],"items_purged_floors":[],"is_endless":false,"potions_floor_spawned":[6,11,13,19,27,30,33,36,46,48],"ascension_level":10}}