{"host":"1izdfj84a6wseks8","time":1613027212,"event":{"mods":["2.2 Compatiblity","ATMod(阿瑾Mod)","Act Like it!","Arknights","BaseMod","Better Vampires","Challenge The Spire","Colored Map","Colored Powertips","Curses Come First","Energized Spire","Gensokyo","Good Game Mod","Highlight Path","KinomotoSakuraMod(木之本樱)","Koishi","KomeijiMod","LagranYue(拉格朗・月)","Lobotomy","LobotomyExtend","Luminous","Marisa（F雨　魔理沙）","Minty Spire (QoL Compilation)","Potion Indicator Mod","Reimu（博丽灵梦）","Relic Filter Mod","Relic Stats","Reliquary","Remilia（蕾米莉亚）","Shop Mod","Slay the Relics Exporter","StSLib","TestMod","The Alterego","The Animator","The Bug Knight","The Servant 0.9.4","Waifu the Spire","WarShipGirlsR/战舰少女R mod","Warlord Emblem","Yakumo Yukari mod","Youmu（魂魄妖梦）","Yuyuko","【功能Mod】混沌之环修复补丁","篝火指南"],"gold_per_floor":[115,133,28,40,353,39,39,5,31,45,45,45],"floor_reached":11,"language":"ZHS","playtime":3096,"items_purged":["ats:Defend"],"score":65,"play_id":"2ca31b4e-3ef4-4309-90c4-0cbbc6c69c54","local_time":"20210211150652","is_ascension_mode":false,"campfire_choices":[],"circlet_count":0,"master_deck":["ats:Strike C","ats:Strike G","ats:Strike S","ats:Strike V","ats:Armor Crushing Shot","ats:Defend","ats:Defend","ats:Emotion Absorption","AT_FamilyPortrait","Secret Weapon","ats:Guard Mode","ats:Absolute Focus","ats:Leaping Hammer","ats:Leaping Hammer","ats:Assault Order","ats:Assault Order","ats:Blood Oath","ats:Blood Oath","ats:Apocalypse","ats:Healing Drone","ats:Explosion Area Strengthen","ats:Explosion Area Strengthen"],"relics":["ats:Sanity","AT_ATBox","REME:ComplimentaryCards","testmod-TestBox","testmod-IWantAll","LetterFromLob","MerchantsRug","Bag of Preparation","Gensokyo:PortableGap","ats:Omniscience"],"acts_visited":["Gensokyo:Gensokyo"],"potions_floor_usage":[],"damage_taken":[{"damage":0,"enemies":"Gensokyo:Python","floor":1,"turns":3},{"damage":0,"enemies":"Gensokyo:3_Fairies","floor":2,"turns":4},{"damage":20,"enemies":"Gensokyo:2_Kodama","floor":4,"turns":5},{"damage":8,"enemies":"Gensokyo:Kitsune","floor":5,"turns":3},{"damage":17,"enemies":"Gensokyo:3_Kodama","floor":10,"turns":4},{"damage":82,"enemies":"Gensokyo:Aya","floor":11,"turns":8}],"seed_played":"5951267589357110488","potions_obtained":[{"floor":1,"key":"ats:Top Emergency Sanity Potion"},{"floor":2,"key":"Fire Potion"},{"floor":10,"key":"GamblersBrew"}],"is_trial":false,"path_per_floor":["M","M","COS","M","M","R","?","$","T","M","E"],"character_chosen":"DOCTOR_CLASS","items_purchased":["MerchantsRug","Bag of Preparation","ats:Apocalypse","ats:Healing Drone"],"campfire_rested":0,"item_purchase_floors":[6,6,6,8],"current_hp_per_floor":[72,72,72,52,44,44,44,44,44,46,0,0],"gold":45,"neow_bonus":"TRANSFORM_CARD","is_daily":false,"chose_seed":false,"campfire_upgraded":0,"win_rate":0.0,"timestamp":1613027212,"path_taken":["M","M","COS","M","M","R","?","$","T","M","E"],"items_purchased_type":["Relic","Relic","Card","Card"],"build_version":"2020-12-22","purchased_purges":1,"victory":false,"max_hp_per_floor":[72,72,72,72,72,72,65,65,65,62,62,62],"relic_stats":{"counters":[6,27],"Bag of Preparation":[4],"obtain_stats":[{"MerchantsRug":6,"REME:ComplimentaryCards":0,"AT_ATBox":0,"testmod-TestBox":0,"LagranYue:RandomDrawCardRelic":0,"testmod-IWantAll":0,"LetterFromLob":1,"Bag of Preparation":6,"ats:Sanity":0,"ats:Omniscience":11,"Gensokyo:PortableGap":7},{"MerchantsRug":4,"REME:ComplimentaryCards":0,"AT_ATBox":0,"testmod-TestBox":0,"LagranYue:RandomDrawCardRelic":0,"testmod-IWantAll":0,"LetterFromLob":1,"Bag of Preparation":4,"ats:Sanity":0,"ats:Omniscience":6,"Gensokyo:PortableGap":4},{"MerchantsRug":15,"REME:ComplimentaryCards":0,"AT_ATBox":0,"testmod-TestBox":0,"LagranYue:RandomDrawCardRelic":0,"testmod-IWantAll":0,"LetterFromLob":3,"Bag of Preparation":15,"ats:Sanity":0,"ats:Omniscience":22,"Gensokyo:PortableGap":15}]},"card_choices":[{"not_picked":["ats:Collapsing Strike","ats:Explosion Area Strengthen"],"picked":"ats:Absolute Focus","floor":1},{"not_picked":["ats:Absolute Focus","ats:Beaten Up"],"picked":"ats:Leaping Hammer","floor":2},{"not_picked":["ats:Absolute Focus","ats:Beaten Up"],"picked":"ats:Leaping Hammer","floor":2},{"not_picked":["ats:Poison Spread","ats:Curse Doll"],"picked":"ats:Assault Order","floor":4},{"not_picked":["ats:Poison Spread","ats:Curse Doll"],"picked":"ats:Assault Order","floor":4},{"not_picked":["ats:Hammer On","ats:Sword Rain"],"picked":"ats:Blood Oath","floor":5},{"not_picked":["ats:Hammer On","ats:Sword Rain"],"picked":"ats:Blood Oath","floor":5},{"not_picked":["ats:Defend Order","ats:Hammer On"],"picked":"ats:Explosion Area Strengthen","floor":10},{"not_picked":["ats:Defend Order","ats:Hammer On"],"picked":"ats:Explosion Area Strengthen","floor":10}],"player_experience":14418,"relics_obtained":[{"floor":1,"key":"LetterFromLob"}],"event_choices":[],"is_beta":false,"boss_relics":[],"items_purged_floors":[6],"is_endless":false,"potions_floor_spawned":[1,2,10],"killed_by":"Gensokyo:Aya","ascension_level":0}}