{"host":"zsnmfqgcm92hlreo","time":1613022566,"event":{"mods":["AchievementEnabler","BaseMod","Bestiary","Block Reminder","Colored Map","Colored Powertips","Filter the Spire","Minty Spire (QoL Compilation)","Permanent Neow","Quick Restart","Relic Stats","StSLib","Weighted Paths"],"gold_per_floor":[111,111,122,139,149,149,149],"floor_reached":6,"language":"ENG","playtime":301,"items_purged":[],"score":76,"play_id":"937cd31c-7809-4d0d-a772-41829c768d35","local_time":"20210210234926","is_ascension_mode":true,"campfire_choices":[],"circlet_count":0,"master_deck":["AscendersBane","Strike_G","Strike_G","Strike_G","Strike_G","Strike_G","Defend_G","Defend_G","Defend_G","Defend_G","Defend_G","Survivor","Neutralize","Dash","Die Die Die","Crippling Poison","Cloak And Dagger"],"relics":["Snecko Eye","Darkstone Periapt"],"acts_visited":["Exordium"],"potions_floor_usage":[],"damage_taken":[{"damage":6,"enemies":"Cultist","floor":1,"turns":4},{"damage":1,"enemies":"Small Slimes","floor":3,"turns":5},{"damage":9,"enemies":"Jaw Worm","floor":4,"turns":5},{"damage":2,"enemies":"Gremlin Gang","floor":5,"turns":2},{"damage":46,"enemies":"Lagavulin","floor":6,"turns":9}],"seed_played":"4636119163823002991","potions_obtained":[{"floor":3,"key":"EssenceOfSteel"},{"floor":4,"key":"Swift Potion"}],"is_trial":false,"path_per_floor":["M","T","M","M","M","E"],"character_chosen":"THE_SILENT","items_purchased":[],"campfire_rested":0,"item_purchase_floors":[],"current_hp_per_floor":[53,53,52,43,41,0,0],"gold":149,"neow_bonus":"BOSS_RELIC","is_daily":false,"chose_seed":false,"campfire_upgraded":0,"win_rate":0.0,"timestamp":1613022566,"path_taken":["M","?","M","M","M","E"],"items_purchased_type":[],"build_version":"2020-12-22","purchased_purges":0,"victory":false,"max_hp_per_floor":[66,66,66,66,66,66,66],"relic_stats":{"Darkstone Periapt":0,"counters":[5,25],"Snecko Eye":[40,41,46,43],"obtain_stats":[{"Darkstone Periapt":2,"Snecko Eye":0,"Ring of the Snake":0},{"Darkstone Periapt":1,"Snecko Eye":0,"Ring of the Snake":0},{"Darkstone Periapt":4,"Snecko Eye":0,"Ring of the Snake":0}]},"card_choices":[{"not_picked":["Dodge and Roll","Flying Knee"],"picked":"Dash","floor":1},{"not_picked":["Blade Dance","Deflect"],"picked":"Die Die Die","floor":3},{"not_picked":["Noxious Fumes","Outmaneuver"],"picked":"Crippling Poison","floor":4},{"not_picked":["Blade Dance","Prepared"],"picked":"Cloak And Dagger","floor":5}],"player_experience":1085795,"relics_obtained":[{"floor":2,"key":"Darkstone Periapt"}],"event_choices":[],"is_beta":false,"boss_relics":[],"items_purged_floors":[],"is_endless":false,"potions_floor_spawned":[3,4,5],"killed_by":"Lagavulin","ascension_level":20}}