{"host":"1a8vswsp13vmqqwt","time":1613038222,"event":{"mods":["AchievementEnabler","BaseMod","Hermit","Minty Spire (QoL Compilation)","StSLib"],"gold_per_floor":[19,29,204,217,43,72,82,82,108,129,152,152,185,199,199,320,320,343,366,34,34,52,52,52,52,52,0,0,15,15,34,34,34,34],"floor_reached":33,"language":"ENG","playtime":1178,"items_purged":["Doubt"],"score":304,"play_id":"6539287f-0e18-4b4a-823d-da3a1bf6b313","local_time":"20210211131022","is_ascension_mode":false,"campfire_choices":[{"floor":12.0,"key":"REST"},{"floor":15.0,"key":"REST"},{"floor":24.0,"key":"REST"},{"floor":30.0,"key":"REST"},{"floor":32.0,"key":"REST"}],"circlet_count":0,"master_deck":["hermit:Strike_Hermit","hermit:Strike_Hermit","hermit:Strike_Hermit","hermit:Strike_Hermit","hermit:Defend_Hermit","hermit:Defend_Hermit","hermit:Defend_Hermit","hermit:Defend_Hermit","hermit:Snapshot","hermit:Covet","hermit:Horror","hermit:Roulette","hermit:HoleUp","hermit:ItchyTrigger","hermit:Brawl","Injury","hermit:Enervate","hermit:TrackingShot","hermit:Malice","hermit:HoleUp","hermit:Grudge+1","hermit:Brawl","hermit:GhostlyPresence","hermit:TrackingShot","hermit:Roughhouse","hermit:Desperado+1"],"relics":["hermit:Momento","Prayer Wheel","Happy Flower","Golden Idol","Omamori","Bag of Preparation","Calling Bell","Oddly Smooth Stone","Mummified Hand","Ice Cream","Pear","Orichalcum"],"acts_visited":["Exordium","TheCity"],"potions_floor_usage":[],"damage_taken":[{"damage":0.0,"enemies":"Cultist","floor":1.0,"turns":3.0},{"damage":5.0,"enemies":"Small Slimes","floor":2.0,"turns":3.0},{"damage":0.0,"enemies":"2 Louse","floor":4.0,"turns":1.0},{"damage":21.0,"enemies":"3 Sentries","floor":6.0,"turns":6.0},{"damage":3.0,"enemies":"Red Slaver","floor":7.0,"turns":4.0},{"damage":8.0,"enemies":"Exordium Wildlife","floor":10.0,"turns":5.0},{"damage":10.0,"enemies":"Looter","floor":11.0,"turns":3.0},{"damage":22.0,"enemies":"Gremlin Nob","floor":13.0,"turns":4.0},{"damage":0.0,"enemies":"Large Slime","floor":14.0,"turns":1.0},{"damage":53.0,"enemies":"Slime Boss","floor":16.0,"turns":12.0},{"damage":4.0,"enemies":"3 Byrds","floor":18.0,"turns":5.0},{"damage":29.0,"enemies":"Spheric Guardian","floor":19.0,"turns":6.0},{"damage":21.0,"enemies":"Cultist and Chosen","floor":22.0,"turns":5.0},{"damage":0.0,"enemies":"Slavers","floor":23.0,"turns":1.0},{"damage":42.0,"enemies":"Snake Plant","floor":29.0,"turns":5.0},{"damage":29.0,"enemies":"Chosen and Byrds","floor":31.0,"turns":7.0},{"damage":74,"enemies":"Automaton","floor":33,"turns":6}],"seed_played":"6546071352334668223","potions_obtained":[{"floor":2.0,"key":"Block Potion"},{"floor":4.0,"key":"FearPotion"},{"floor":11.0,"key":"SmokeBomb"},{"floor":13.0,"key":"AttackPotion"},{"floor":18.0,"key":"SkillPotion"},{"floor":21.0,"key":"DistilledChaos"},{"floor":31.0,"key":"SmokeBomb"}],"is_trial":false,"path_per_floor":["M","M","?","M","$","E","M","?","T","M","M","R","E","M","R","B",null,"M","M","$","?","M","E","R","?","T","?","$","M","R","M","R","B"],"character_chosen":"HERMIT","items_purchased":["Fruit Juice","Pear","Regen Potion"],"campfire_rested":5,"item_purchase_floors":[5,20,20],"current_hp_per_floor":[75,70,70,70,70,54,51,51,51,43,33,57,35,35,59,6,80,76,47,57,57,41,41,68,68,68,68,68,26,53,24,51,0,0],"gold":34,"neow_bonus":"ONE_RARE_RELIC","is_daily":false,"chose_seed":false,"campfire_upgraded":0,"win_rate":0.0,"timestamp":1613038222,"path_taken":["M","?","?","M","$","E","M","?","T","M","M","R","E","M","R","BOSS","M","M","$","?","?","E","R","?","T","?","$","M","R","M","R","BOSS"],"items_purchased_type":["Potion","Relic","Potion"],"build_version":"2020-12-22","purchased_purges":1,"victory":false,"max_hp_per_floor":[75,75,75,75,75,80,80,80,80,80,80,80,80,80,80,80,80,80,80,90,90,90,90,90,90,90,90,90,90,90,90,90,90,90],"card_choices":[{"not_picked":["hermit:Manifest","hermit:Shortfuse"],"picked":"hermit:Horror","floor":1.0},{"not_picked":["hermit:SprayPray","hermit:Quickdraw"],"picked":"hermit:Roulette","floor":1.0},{"not_picked":["hermit:Desperado","hermit:TakeAim"],"picked":"hermit:HoleUp","floor":2.0},{"not_picked":["hermit:FlashPowder","hermit:Spite"],"picked":"hermit:ItchyTrigger","floor":2.0},{"not_picked":["hermit:Vantage","hermit:HighCaliber"],"picked":"hermit:Brawl","floor":4.0},{"not_picked":["hermit:CalledShot","hermit:Misfire","hermit:LuckOfTheDraw"],"picked":"SKIP","floor":4.0},{"not_picked":["hermit:Glare","hermit:GoldenBullet","hermit:Manifest"],"picked":"SKIP","floor":6.0},{"not_picked":["hermit:Coalescence","hermit:PistolWhip","hermit:TrackingShot"],"picked":"SKIP","floor":7.0},{"not_picked":["hermit:DeadMansHand","hermit:ItchyTrigger","hermit:CalledShot"],"picked":"SKIP","floor":7.0},{"not_picked":["hermit:Misfire","hermit:HeroicBravado"],"picked":"hermit:Enervate","floor":10.0},{"not_picked":["hermit:Gestalt","hermit:Scavenge","hermit:HighCaliber"],"picked":"SKIP","floor":10.0},{"not_picked":["hermit:Vantage","hermit:ItchyTrigger"],"picked":"hermit:TrackingShot","floor":11.0},{"not_picked":["hermit:Glare","hermit:HighCaliber","hermit:Quickdraw"],"picked":"SKIP","floor":11.0},{"not_picked":["hermit:LowProfile","hermit:Coalescence"],"picked":"hermit:Malice","floor":13.0},{"not_picked":["hermit:Malice","hermit:OverwhelmingPower","hermit:Ricochet"],"picked":"SKIP","floor":14.0},{"not_picked":["hermit:SprayPray","hermit:HighCaliber","hermit:BodyArmor"],"picked":"SKIP","floor":14.0},{"not_picked":["hermit:SprayPray+1","hermit:CursedWeapon"],"picked":"hermit:HoleUp","floor":18.0},{"not_picked":["hermit:BodyArmor","hermit:GoldenBullet","hermit:LowProfile"],"picked":"SKIP","floor":18.0},{"not_picked":["hermit:LuckOfTheDraw","hermit:Spite+1"],"picked":"hermit:Grudge+1","floor":19.0},{"not_picked":["hermit:WideOpen","hermit:Quickdraw"],"picked":"hermit:Brawl","floor":19.0},{"not_picked":["hermit:CalledShot+1","hermit:Coalescence"],"picked":"hermit:GhostlyPresence","floor":22.0},{"not_picked":["hermit:HighCaliber","hermit:Glare","hermit:CalledShot+1"],"picked":"SKIP","floor":22.0},{"not_picked":["hermit:LuckOfTheDraw","hermit:Scavenge+1"],"picked":"hermit:Roughhouse","floor":29.0},{"not_picked":["hermit:TakeAim","hermit:CalledShot+1"],"picked":"hermit:Desperado+1","floor":29.0},{"not_picked":["hermit:Malice","hermit:Coalescence","hermit:CalledShot+1"],"picked":"SKIP","floor":31.0},{"not_picked":["hermit:LowProfile","hermit:Feint","hermit:CalledShot"],"picked":"SKIP","floor":31.0}],"player_experience":216947,"relics_obtained":[{"floor":6.0,"key":"Happy Flower"},{"floor":9.0,"key":"Omamori"},{"floor":13.0,"key":"Bag of Preparation"},{"floor":17.0,"key":"Oddly Smooth Stone"},{"floor":17.0,"key":"Mummified Hand"},{"floor":17.0,"key":"Ice Cream"},{"floor":26.0,"key":"Orichalcum"}],"event_choices":[{"damage_healed":0.0,"max_hp_gain":0.0,"max_hp_loss":0.0,"gold_gain":175.0,"event_name":"Liars Game","player_choice":"AGREE","floor":3.0,"gold_loss":0.0,"damage_taken":0.0,"cards_obtained":["Doubt"]},{"damage_healed":0.0,"max_hp_gain":0.0,"max_hp_loss":0.0,"gold_gain":0.0,"event_name":"Golden Idol","player_choice":"Take Wound","floor":8.0,"gold_loss":0.0,"damage_taken":0.0,"relics_obtained":["Golden Idol"],"cards_obtained":["Injury"]},{"damage_healed":0.0,"max_hp_gain":0.0,"max_hp_loss":0.0,"gold_gain":0.0,"event_name":"Lab","player_choice":"Got Potions","floor":21.0,"gold_loss":0.0,"damage_taken":0.0},{"damage_healed":0.0,"max_hp_gain":0.0,"max_hp_loss":0.0,"gold_gain":0.0,"event_name":"The Library","player_choice":"Read","floor":25.0,"gold_loss":0.0,"damage_taken":0.0,"cards_obtained":["hermit:TrackingShot"]},{"damage_healed":0.0,"max_hp_gain":0.0,"max_hp_loss":0.0,"gold_gain":0.0,"event_name":"Masked Bandits","player_choice":"Paid Fearfully","floor":27.0,"gold_loss":52.0,"damage_taken":0.0}],"is_beta":false,"boss_relics":[{"not_picked":["Astrolabe","Runic Pyramid"],"picked":"Calling Bell"}],"items_purged_floors":[5],"is_endless":false,"potions_floor_spawned":[2,4,11,13,18,31],"killed_by":"Automaton","ascension_level":0}}