{"host":"mi0eibewekhugwl1","time":1613032324,"event":{"mods":["AchievementEnabler","BaseMod","Colored Map","Colored Powertips","DeckTracker","Keyboard Shortcuts","Minty Spire (QoL Compilation)","Quick Restart","Rare Cards Sparkle","Relic Stats","StSLib","SuperFastMode","everything is the same but u backflip on backflip"],"gold_per_floor":[117,117,117,135,6,40,40,69,69,93,111,111,127,144,144,144,144],"floor_reached":16,"language":"KOR","playtime":247,"items_purged":["Strike_G"],"score":270,"play_id":"cac129ea-4592-490f-99af-a1f5d75f4f90","local_time":"20210211173204","is_ascension_mode":true,"campfire_choices":[{"data":"Predator","floor":7,"key":"SMITH"},{"data":"Deadly Poison","floor":12,"key":"SMITH"},{"data":"Neutralize","floor":15,"key":"SMITH"}],"circlet_count":0,"master_deck":["AscendersBane","Strike_G","Strike_G","Strike_G","Strike_G","Defend_G","Defend_G","Defend_G","Defend_G","Defend_G","Survivor","Neutralize+1","Predator+1","Deadly Poison+1","Blur","Acrobatics","Dagger Spray","Dash"],"relics":["Ring of the Snake","NeowsBlessing","Ninja Scroll","Boot","Regal Pillow","Pear","Bag of Preparation"],"acts_visited":["Exordium"],"potions_floor_usage":[16,16],"damage_taken":[{"damage":0,"enemies":"Jaw Worm","floor":1,"turns":1},{"damage":0,"enemies":"2 Louse","floor":4,"turns":1},{"damage":0,"enemies":"Gremlin Nob","floor":6,"turns":1},{"damage":34,"enemies":"3 Sentries","floor":8,"turns":13},{"damage":1,"enemies":"Small Slimes","floor":11,"turns":4},{"damage":0,"enemies":"Exordium Thugs","floor":13,"turns":3},{"damage":0,"enemies":"3 Louse","floor":14,"turns":2},{"damage":38,"enemies":"Hexaghost","floor":16,"turns":11}],"seed_played":"6865435778680248802","potions_obtained":[{"floor":6,"key":"FearPotion"},{"floor":14,"key":"LiquidMemories"}],"is_trial":false,"path_per_floor":["M","?","?","M","$","E","R","E","T","T","M","R","M","M","R","B"],"character_chosen":"THE_SILENT","items_purchased":["Deadly Poison"],"campfire_rested":0,"item_purchase_floors":[5],"current_hp_per_floor":[59,54,59,59,59,59,59,25,35,35,34,34,34,34,34,0,0],"gold":144,"neow_bonus":"THREE_ENEMY_KILL","is_daily":false,"chose_seed":false,"campfire_upgraded":3,"win_rate":0.0,"timestamp":1613032324,"path_taken":["M","?","?","M","$","E","R","E","T","?","M","R","M","?","R","BOSS"],"items_purchased_type":["Card"],"build_version":"2020-12-22","purchased_purges":1,"victory":false,"max_hp_per_floor":[66,66,71,71,71,71,71,71,81,81,81,81,81,81,81,81,81],"relic_stats":{"Regal Pillow":0,"counters":[8,36],"Bag of Preparation":[0],"Boot":[34],"obtain_stats":[{"Regal Pillow":8,"Pear":9,"NeowsBlessing":0,"Ninja Scroll":2,"Bag of Preparation":10,"Boot":6,"Ring of the Snake":0},{"Regal Pillow":4,"Pear":4,"NeowsBlessing":0,"Ninja Scroll":1,"Bag of Preparation":4,"Boot":3,"Ring of the Snake":0},{"Regal Pillow":16,"Pear":16,"NeowsBlessing":0,"Ninja Scroll":1,"Bag of Preparation":16,"Boot":3,"Ring of the Snake":0}],"Ring of the Snake":[16]},"card_choices":[{"not_picked":["Deflect","Flechettes"],"picked":"Predator","floor":1},{"not_picked":["Quick Slash","Terror","Slice"],"picked":"SKIP","floor":4},{"not_picked":["Slice","Prepared"],"picked":"Blur","floor":6},{"not_picked":["Flying Knee","Cloak And Dagger"],"picked":"Acrobatics","floor":8},{"not_picked":["Backflip","All Out Attack"],"picked":"Dagger Spray","floor":11},{"not_picked":["Underhanded Strike","Heel Hook","Terror"],"picked":"SKIP","floor":13},{"not_picked":["Sucker Punch","Dodge and Roll"],"picked":"Dash","floor":14}],"player_experience":1798189,"relics_obtained":[{"floor":6,"key":"Boot"},{"floor":8,"key":"Regal Pillow"},{"floor":9,"key":"Pear"},{"floor":10,"key":"Bag of Preparation"}],"event_choices":[{"damage_healed":0,"gold_gain":0,"player_choice":"Success","damage_taken":5,"relics_obtained":["Ninja Scroll"],"max_hp_gain":0,"max_hp_loss":0,"event_name":"Scrap Ooze","floor":2,"gold_loss":0},{"damage_healed":0,"gold_gain":0,"player_choice":"Donut","damage_taken":0,"max_hp_gain":5,"max_hp_loss":0,"event_name":"Big Fish","floor":3,"gold_loss":0}],"is_beta":false,"boss_relics":[],"items_purged_floors":[5],"is_endless":false,"potions_floor_spawned":[6,14],"killed_by":"Hexaghost","ascension_level":20}}