{"host":"BaytaKuk","time":1613014737,"event":{"mods":["2.2 Compatiblity","BaseMod","Minty Spire (QoL Compilation)","Random Character Button","Rare Cards Sparkle","StSLib","SuperFastMode","Swap Starting Deck Mod","everything is the same but u backflip on backflip"],"gold_per_floor":[111,111,59,69,69,100,100,117,170,190,216,234,251,283,283,283,283],"floor_reached":16,"language":"ENG","playtime":369,"items_purged":[],"score":260,"play_id":"a8df61bc-e8ab-4392-810c-438e815fa5a3","local_time":"20210210223857","is_ascension_mode":true,"campfire_choices":[{"data":"Neutralize","floor":7,"key":"SMITH"},{"floor":15,"key":"REST"}],"circlet_count":0,"master_deck":["AscendersBane","Strike_G","Strike_G","Strike_G","Strike_G","Strike_G","Defend_G","Defend_G","Defend_G","Defend_G","Defend_G","Survivor","Neutralize+1","Dagger Spray","Flying Knee","Skewer","Dash","Crippling Poison","Dodge and Roll"],"relics":["Ring of the Snake","NeowsBlessing","Regal Pillow","Snake Skull","Vajra","The Specimen"],"acts_visited":["Exordium"],"potions_floor_usage":[12,14,16],"damage_taken":[{"damage":0,"enemies":"Cultist","floor":1,"turns":1},{"damage":0,"enemies":"Jaw Worm","floor":4,"turns":1},{"damage":0,"enemies":"3 Sentries","floor":6,"turns":1},{"damage":12,"enemies":"Small Slimes","floor":8,"turns":3},{"damage":10,"enemies":"3 Louse","floor":10,"turns":3},{"damage":0,"enemies":"Blue Slaver","floor":12,"turns":2},{"damage":15,"enemies":"Exordium Thugs","floor":13,"turns":3},{"damage":33,"enemies":"Gremlin Nob","floor":14,"turns":5},{"damage":51,"enemies":"Slime Boss","floor":16,"turns":9}],"seed_played":"-8013756049164810048","potions_obtained":[{"floor":4,"key":"FairyPotion"},{"floor":6,"key":"Fire Potion"},{"floor":13,"key":"Weak Potion"},{"floor":14,"key":"EssenceOfSteel"}],"is_trial":false,"path_per_floor":["M","?","$","M","$","E","R","M","T","M","T","M","M","E","R","B"],"character_chosen":"THE_SILENT","items_purchased":["Flying Knee"],"campfire_rested":1,"item_purchase_floors":[3],"current_hp_per_floor":[59,59,59,59,59,59,59,47,47,37,37,37,22,13,47,0,0],"gold":283,"neow_bonus":"THREE_ENEMY_KILL","is_daily":false,"chose_seed":false,"campfire_upgraded":1,"win_rate":0.0,"timestamp":1613014737,"path_taken":["M","?","$","M","$","E","R","M","T","M","?","M","M","E","R","BOSS"],"items_purchased_type":["Card"],"build_version":"2020-12-18","purchased_purges":0,"victory":false,"max_hp_per_floor":[66,66,66,66,66,66,66,66,66,66,66,66,66,66,66,66,66],"card_choices":[{"not_picked":["Poisoned Stab","Quick Slash"],"picked":"Dagger Spray","floor":1},{"not_picked":["Outmaneuver","Underhanded Strike","Sucker Punch"],"picked":"SKIP","floor":4},{"not_picked":["Prepared","Bane"],"picked":"Skewer","floor":6},{"not_picked":["Glass Knife","Tactician"],"picked":"Dash","floor":8},{"not_picked":["Deflect","Infinite Blades","Cloak And Dagger"],"picked":"SKIP","floor":10},{"not_picked":["Flying Knee","Poisoned Stab"],"picked":"Crippling Poison","floor":12},{"not_picked":["Slice","Sucker Punch"],"picked":"Dodge and Roll","floor":13},{"not_picked":["A Thousand Cuts","Quick Slash","Underhanded Strike"],"picked":"SKIP","floor":14}],"player_experience":413810,"relics_obtained":[{"floor":6,"key":"Regal Pillow"},{"floor":9,"key":"Snake Skull"},{"floor":11,"key":"Vajra"},{"floor":14,"key":"The Specimen"}],"event_choices":[{"damage_healed":0,"gold_gain":0,"player_choice":"Ignored","damage_taken":0,"max_hp_gain":0,"max_hp_loss":0,"event_name":"Liars Game","floor":2,"gold_loss":0}],"is_beta":true,"boss_relics":[],"items_purged_floors":[],"is_endless":false,"potions_floor_spawned":[4,6,13,14],"killed_by":"Slime Boss","ascension_level":18}}