{"host":"amduk82rbaelv3uo","time":1613052688,"event":{"mods":["AchievementEnabler","BaseMod","BetterRewards","Colored Map","Colored Powertips","Defuse TimeMaze Blight","Highlight Path","Minty Spire (QoL Compilation)","Permanent Neow","Quick Restart","StSLib"],"gold_per_floor":[116,116,116,0,14,14,34,67,67,67,101,118,137,154,154,255,255,265,165,165,179,196,196,196,196,196,209,209,84,111,143,143,240,540,556,221,221,239,289,289,315,315,342,385,397,409,409],"floor_reached":46,"language":"ENG","playtime":2831,"items_purged":["Regret","Strike_B","Strike_B","Strike_B"],"score":869,"play_id":"0572f3d1-f878-4ead-9784-19100453197f","local_time":"20210211141128","is_ascension_mode":true,"campfire_choices":[{"data":"Loop","floor":6.0,"key":"SMITH"},{"data":"Gash","floor":15.0,"key":"SMITH"},{"floor":23.0,"key":"REST"},{"data":"Gash","floor":25.0,"key":"SMITH"},{"floor":28.0,"key":"DIG"},{"floor":32.0,"key":"REST"},{"floor":40.0,"key":"DIG"}],"circlet_count":0,"master_deck":["Strike_B+1","Defend_B","Defend_B","Defend_B","Defend_B","Zap","Dualcast","Chaos","Loop+1","Ball Lightning","Cold Snap+1","Static Discharge","Chill","Gash+1","Reboot","Zap","All For One","Gash+1","Gash","Gash","Amplify","Gash","Writhe","Sweeping Beam+1","CurseOfTheBell","Loop","Madness+1","Madness+1","Self Repair+1","Gash+1","Storm+1","Apotheosis+1"],"relics":["Cracked Core","Lizard Tail","Cables","Meat on the Bone","White Beast Statue","Whetstone","Bottled Flame","Singing Bowl","Black Star","Tiny Chest","Shovel","Matryoshka","Red Mask","Toxic Egg 2","Dream Catcher","Calling Bell","Art of War","Eternal Feather","Old Coin","Strawberry","FossilizedHelix","Shuriken","Calipers","Regal Pillow","Vajra","Omamori","Letter Opener","MawBank","Boot","Bird Faced Urn"],"acts_visited":["Exordium","TheCity","TheBeyond"],"potions_floor_usage":[46],"damage_taken":[{"damage":7.0,"enemies":"Jaw Worm","floor":1.0,"turns":3.0},{"damage":1.0,"enemies":"Cultist","floor":5.0,"turns":3.0},{"damage":5.0,"enemies":"2 Louse","floor":7.0,"turns":3.0},{"damage":24.0,"enemies":"Lagavulin","floor":8.0,"turns":4.0},{"damage":14.0,"enemies":"3 Sentries","floor":11.0,"turns":4.0},{"damage":11.0,"enemies":"Blue Slaver","floor":12.0,"turns":2.0},{"damage":3.0,"enemies":"3 Louse","floor":13.0,"turns":2.0},{"damage":6.0,"enemies":"Looter","floor":14.0,"turns":2.0},{"damage":20.0,"enemies":"The Guardian","floor":16.0,"turns":7.0},{"damage":12.0,"enemies":"Shell Parasite","floor":18.0,"turns":4.0},{"damage":24.0,"enemies":"Chosen","floor":21.0,"turns":4.0},{"damage":24.0,"enemies":"3 Cultists","floor":22.0,"turns":4.0},{"damage":14.0,"enemies":"Chosen and Byrds","floor":27.0,"turns":4.0},{"damage":27.0,"enemies":"Masked Bandits","floor":30.0,"turns":4.0},{"damage":8.0,"enemies":"Gremlin Leader","floor":31.0,"turns":5.0},{"damage":30.0,"enemies":"Collector","floor":33.0,"turns":6.0},{"damage":5.0,"enemies":"Orb Walker","floor":35.0,"turns":3.0},{"damage":10.0,"enemies":"3 Shapes","floor":38.0,"turns":3.0},{"damage":18.0,"enemies":"Mind Bloom Boss Battle","floor":39.0,"turns":9.0},{"damage":53.0,"enemies":"Giant Head","floor":41.0,"turns":7.0},{"damage":38.0,"enemies":"Nemesis","floor":44.0,"turns":7.0},{"damage":0,"enemies":"Reptomancer","floor":46,"turns":2}],"seed_played":"-7151545147465077768","potions_obtained":[{"floor":5.0,"key":"EssenceOfDarkness"},{"floor":7.0,"key":"SteroidPotion"},{"floor":8.0,"key":"FearPotion"},{"floor":11.0,"key":"EssenceOfSteel"},{"floor":12.0,"key":"ColorlessPotion"},{"floor":13.0,"key":"Swift Potion"},{"floor":14.0,"key":"BlessingOfTheForge"},{"floor":16.0,"key":"SkillPotion"},{"floor":18.0,"key":"AttackPotion"},{"floor":21.0,"key":"Explosive Potion"},{"floor":22.0,"key":"Ancient Potion"},{"floor":27.0,"key":"LiquidMemories"},{"floor":30.0,"key":"Energy Potion"},{"floor":31.0,"key":"FearPotion"},{"floor":33.0,"key":"ColorlessPotion"},{"floor":35.0,"key":"Fire Potion"},{"floor":38.0,"key":"EssenceOfSteel"},{"floor":39.0,"key":"Block Potion"},{"floor":41.0,"key":"ColorlessPotion"},{"floor":44.0,"key":"EssenceOfSteel"}],"is_trial":false,"path_per_floor":["M","?","?","$","M","R","M","E","T","?","E","M","M","M","R","B",null,"M","$","?","M","M","R","?","R","T","M","R","$","?","E","R","B",null,"M","$","?","M","?","R","E","T","T","E","?","E"],"character_chosen":"DEFECT","items_purchased":["Cables","Loop","Ball Lightning","Static Discharge","Strawberry","Loop"],"campfire_rested":2,"item_purchase_floors":[0,0,0,4,36,36],"current_hp_per_floor":[68,68,61,61,60,60,55,43,43,43,41,42,41,47,47,39,77,67,67,52,40,30,55,55,55,55,55,55,55,42,46,75,59,94,91,98,85,75,67,85,46,46,46,30,30,34,34],"gold":409,"neow_bonus":"","is_daily":false,"chose_seed":false,"campfire_upgraded":3,"win_rate":0.0,"timestamp":1613052688,"path_taken":["M","?","?","$","M","R","?","E","T","?","E","?","M","M","R","BOSS","M","$","?","M","M","R","?","R","T","M","R","$","?","E","R","BOSS","M","$","?","M","?","R","E","?","T","E","?","E"],"items_purchased_type":["Relic","Card","Card","Card","Relic","Card"],"build_version":"2020-12-22","purchased_purges":4,"victory":false,"max_hp_per_floor":[75,75,75,75,75,75,75,75,75,75,75,75,77,77,77,77,77,79,79,84,84,86,86,86,86,86,88,88,88,90,90,92,94,94,96,103,103,103,103,103,105,105,105,105,105,105,105],"card_choices":[{"not_picked":["Conserve Battery","Tempest"],"picked":"Cold Snap","floor":1.0},{"not_picked":["Steam Power","Turbo"],"picked":"Chill","floor":5.0},{"not_picked":["Hello World","Tempest"],"picked":"Gash","floor":7.0},{"not_picked":["Static Discharge","Sweeping Beam"],"picked":"Reboot","floor":8.0},{"not_picked":["Go for the Eyes","Steam Power"],"picked":"Gash","floor":11.0},{"not_picked":["Double Energy","Streamline"],"picked":"Gash","floor":12.0},{"not_picked":["Tempest","Self Repair","Go for the Eyes"],"picked":"Singing Bowl","floor":13.0},{"not_picked":["Turbo","Force Field"],"picked":"Gash","floor":14.0},{"not_picked":["Fission","Reboot"],"picked":"Amplify","floor":16.0},{"not_picked":["Compile Driver","Cold Snap","Streamline+1"],"picked":"Singing Bowl","floor":18.0},{"not_picked":["Conserve Battery","Tempest+1"],"picked":"Gash","floor":21.0},{"not_picked":["Go for the Eyes","Turbo+1","Chill"],"picked":"Singing Bowl","floor":22.0},{"not_picked":["Hologram","Sweeping Beam","Turbo+1"],"picked":"Singing Bowl","floor":27.0},{"not_picked":["Stack","Core Surge","Reprogram"],"picked":"Singing Bowl","floor":30.0},{"not_picked":["Defragment","Lockon"],"picked":"Sweeping Beam+1","floor":31.0},{"not_picked":["Turbo+1","Compile Driver","Tempest+1"],"picked":"Singing Bowl","floor":32.0},{"not_picked":["Thunder Strike","Multi-Cast+1","Reboot+1"],"picked":"Singing Bowl","floor":33.0},{"not_picked":["Redo+1","Barrage","Tempest+1"],"picked":"Singing Bowl","floor":35.0},{"not_picked":["Barrage+1","Capacitor+1"],"picked":"Self Repair+1","floor":38.0},{"not_picked":["Cold Snap","Doom and Gloom+1"],"picked":"Gash+1","floor":39.0},{"not_picked":["Cold Snap+1","Biased Cognition","Amplify+1"],"picked":"Singing Bowl","floor":41.0},{"not_picked":["Steam Power+1","White Noise+1"],"picked":"Storm+1","floor":44.0},{"not_picked":["Blind+1","Panacea+1"],"picked":"Apotheosis+1","floor":45.0}],"player_experience":269720,"relics_obtained":[{"floor":8.0,"key":"Whetstone"},{"floor":9.0,"key":"Bottled Flame"},{"floor":11.0,"key":"Singing Bowl"},{"floor":26.0,"key":"Shovel"},{"floor":28.0,"key":"Matryoshka"},{"floor":30.0,"key":"Red Mask"},{"floor":31.0,"key":"Toxic Egg 2"},{"floor":31.0,"key":"Dream Catcher"},{"floor":34.0,"key":"Art of War"},{"floor":34.0,"key":"Eternal Feather"},{"floor":34.0,"key":"Old Coin"},{"floor":39.0,"key":"FossilizedHelix"},{"floor":40.0,"key":"Shuriken"},{"floor":41.0,"key":"Calipers"},{"floor":41.0,"key":"Regal Pillow"},{"floor":42.0,"key":"Vajra"},{"floor":42.0,"key":"Omamori"},{"floor":43.0,"key":"Letter Opener"},{"floor":43.0,"key":"MawBank"},{"floor":44.0,"key":"Boot"},{"floor":44.0,"key":"Bird Faced Urn"}],"event_choices":[{"damage_healed":0.0,"max_hp_gain":0.0,"max_hp_loss":0.0,"gold_gain":0.0,"event_name":"Big Fish","player_choice":"Box","floor":2.0,"gold_loss":0.0,"damage_taken":0.0,"relics_obtained":["Meat on the Bone"],"cards_obtained":["Regret"]},{"damage_healed":0.0,"max_hp_gain":0.0,"max_hp_loss":0.0,"gold_gain":0.0,"event_name":"Scrap Ooze","player_choice":"Success","floor":3.0,"gold_loss":0.0,"damage_taken":7.0,"relics_obtained":["White Beast Statue"]},{"damage_healed":0.0,"max_hp_gain":0.0,"max_hp_loss":0.0,"gold_gain":0.0,"event_name":"Match and Keep!","player_choice":"2 cards matched","floor":10.0,"gold_loss":0.0,"damage_taken":0.0,"cards_obtained":["Zap","All For One"]},{"damage_healed":0.0,"max_hp_gain":5.0,"max_hp_loss":0.0,"gold_gain":0.0,"event_name":"Forgotten Altar","player_choice":"Shed Blood","floor":20.0,"gold_loss":0.0,"damage_taken":20.0},{"damage_healed":0.0,"max_hp_gain":0.0,"max_hp_loss":0.0,"gold_gain":0.0,"event_name":"The Mausoleum","player_choice":"Opened","floor":24.0,"gold_loss":0.0,"damage_taken":0.0,"relics_obtained":["Tiny Chest"],"cards_obtained":["Writhe"]},{"damage_healed":0.0,"max_hp_gain":0.0,"max_hp_loss":0.0,"gold_gain":0.0,"event_name":"Masked Bandits","player_choice":"Fought Bandits","floor":30.0,"gold_loss":0.0,"damage_taken":0.0},{"damage_healed":0.0,"max_hp_gain":0.0,"max_hp_loss":0.0,"gold_gain":0.0,"event_name":"Winding Halls","player_choice":"Embrace Madness","floor":37.0,"gold_loss":0.0,"damage_taken":13.0,"cards_obtained":["Madness","Madness"]},{"damage_healed":0.0,"max_hp_gain":0.0,"max_hp_loss":0.0,"gold_gain":0.0,"event_name":"MindBloom","player_choice":"Fight","floor":39.0,"gold_loss":0.0,"damage_taken":0.0},{"damage_healed":0.0,"max_hp_gain":0.0,"max_hp_loss":0.0,"gold_gain":0.0,"event_name":"SensoryStone","player_choice":"Memory 1","floor":45.0,"gold_loss":0.0,"damage_taken":0.0}],"is_beta":false,"boss_relics":[{"not_picked":["Snecko Eye","Ectoplasm"],"picked":"Black Star"},{"not_picked":["Runic Pyramid","Inserter"],"picked":"Calling Bell"}],"items_purged_floors":[4,19,29,36],"is_endless":false,"potions_floor_spawned":[5,7,8,11,12,13,14,16,18,21,22,27,30,31,33,35,38,39,41,44],"killed_by":"Reptomancer","ascension_level":2}}