{"host":"k7udt7atmcuzf6l0","time":1613049355,"event":{"mods":["AchievementEnabler","BaseMod","BetterRewards","Colored Map","Colored Powertips","Highlight Path","Minty Spire (QoL Compilation)","Quick Restart","Rare Cards Sparkle","Relic Stats","StSLib","UnlockEverythingMod"],"gold_per_floor":[113,113,126,137,153,153,182,240,240,240,275,275,309,319,319,423,423,441,466,381,50,50,50,85,85,85,85,102,128,144,155,155,251,251,266,276,498,498,518,518,547,560,560,8,24,24,55,73,73,73],"floor_reached":51,"language":"ZHS","playtime":1367,"items_purged":[],"score":890,"play_id":"3ff5cb2b-ef76-488d-a990-2062391712d2","local_time":"20210211211555","is_ascension_mode":false,"campfire_choices":[{"data":"Havoc","floor":6.0,"key":"SMITH"},{"data":"Clash","floor":10.0,"key":"SMITH"},{"data":"Anger","floor":12.0,"key":"SMITH"},{"data":"Seeing Red","floor":15.0,"key":"SMITH"},{"data":"Immolate","floor":23.0,"key":"SMITH"},{"data":"Twin Strike","floor":25.0,"key":"SMITH"},{"data":"Thunderclap","floor":27.0,"key":"SMITH"},{"data":"Flex","floor":32,"key":"SMITH"},{"data":"Berserk","floor":40,"key":"SMITH"},{"data":"Apotheosis","floor":46,"key":"SMITH"},{"data":"Trip","floor":49,"key":"SMITH"}],"circlet_count":0,"master_deck":["Strike_R","Strike_R","Strike_R","Strike_R","Strike_R","Defend_R","Defend_R","Defend_R","Defend_R","Bash","Twin Strike+1","Seeing Red+1","Havoc+1","Thunderclap+1","Clash+1","Anger+1","Reaper","Immolate+1","Twin Strike+1","Necronomicurse","Bloodletting+1","Flex+1","Thunderclap+1","Berserk+1","CurseOfTheBell","Infernal Blade","Havoc+1","Flex+1","Dropkick+1","Trip+1","Intimidate+1","Flex+1","Reckless Charge+1","Anger+1","Apotheosis+1","Enlightenment","Uppercut+1","Cleave+1","Clothesline+1","Rage+1","Clash+1"],"relics":["Burning Blood","NeowsBlessing","Lantern","The Courier","Champion Belt","Self Forming Clay","Runic Cube","Red Mask","InkBottle","Question Card","Toolbox","Necronomicon","Blue Candle","Bottled Flame","MealTicket","Calling Bell","Orichalcum","Mercury Hourglass","Prayer Wheel","Bag of Marbles","Pen Nib","Membership Card","Sundial","Gambling Chip","Ornamental Fan","PreservedInsect"],"acts_visited":["Exordium","TheCity","TheBeyond"],"potions_floor_usage":[31,33,33,39,47,50,50,50],"damage_taken":[{"damage":0.0,"enemies":"Small Slimes","floor":1.0,"turns":1.0},{"damage":0.0,"enemies":"Cultist","floor":3.0,"turns":1.0},{"damage":0.0,"enemies":"2 Louse","floor":4.0,"turns":1.0},{"damage":16.0,"enemies":"2 Fungi Beasts","floor":5.0,"turns":4.0},{"damage":19.0,"enemies":"Gremlin Nob","floor":7.0,"turns":4.0},{"damage":17.0,"enemies":"3 Sentries","floor":11.0,"turns":8.0},{"damage":8.0,"enemies":"Gremlin Nob","floor":13.0,"turns":3.0},{"damage":3.0,"enemies":"Blue Slaver","floor":14.0,"turns":3.0},{"damage":44.0,"enemies":"Slime Boss","floor":16.0,"turns":8.0},{"damage":5.0,"enemies":"Spheric Guardian","floor":18.0,"turns":3.0},{"damage":6.0,"enemies":"Masked Bandits","floor":19.0,"turns":3.0},{"damage":0.0,"enemies":"Gremlin Leader","floor":24.0,"turns":3.0},{"damage":0.0,"enemies":"Shell Parasite","floor":28.0,"turns":1.0},{"damage":15.0,"enemies":"Book of Stabbing","floor":29.0,"turns":4.0},{"damage":3.0,"enemies":"Snake Plant","floor":30.0,"turns":1.0},{"damage":0,"enemies":"Centurion and Healer","floor":31,"turns":1},{"damage":58,"enemies":"Automaton","floor":33,"turns":8},{"damage":0,"enemies":"3 Shapes","floor":35,"turns":1},{"damage":0,"enemies":"Orb Walker","floor":36,"turns":1},{"damage":23,"enemies":"Spire Growth","floor":39,"turns":3},{"damage":30,"enemies":"Giant Head","floor":41,"turns":6},{"damage":0,"enemies":"Jaw Worm Horde","floor":42,"turns":1},{"damage":3,"enemies":"Transient","floor":45,"turns":5},{"damage":3,"enemies":"Nemesis","floor":47,"turns":2},{"damage":8,"enemies":"Maw","floor":48,"turns":5},{"damage":88,"enemies":"Time Eater","floor":50,"turns":8}],"seed_played":"4473969150066960516","potions_obtained":[{"floor":3.0,"key":"SpeedPotion"},{"floor":4.0,"key":"FearPotion"},{"floor":13.0,"key":"Fire Potion"},{"floor":16.0,"key":"SpeedPotion"},{"floor":24.0,"key":"BloodPotion"},{"floor":29.0,"key":"HeartOfIron"},{"floor":30.0,"key":"Fire Potion"},{"floor":31,"key":"Fruit Juice"},{"floor":36,"key":"LiquidBronze"},{"floor":41,"key":"PowerPotion"},{"floor":45,"key":"Block Potion"},{"floor":47,"key":"SkillPotion"}],"is_trial":false,"path_per_floor":["M","?","M","M","M","R","E","?","T","R","E","R","E","M","R","B",null,"M","?","?","$","?","R","E","R","T","R","M","E","M","M","R","B",null,"M","M","?","?","M","R","E","M","T","$","M","R","E","M","R","B",null],"character_chosen":"IRONCLAD","items_purchased":["Question Card","Toolbox","Membership Card","Sundial","Gambling Chip","Apotheosis","Ornamental Fan","Enlightenment"],"campfire_rested":0,"item_purchase_floors":[21,21,44,44,44,44,44,44],"current_hp_per_floor":[80,80,80,80,70,70,57,57,57,57,46,46,44,47,47,13,80,80,80,80,80,64,64,80,80,80,80,80,71,74,80,80,45,85,85,85,85,85,68,68,69,75,75,85,85,85,85,83,83,40],"gold":73,"neow_bonus":"THREE_ENEMY_KILL","is_daily":false,"chose_seed":false,"campfire_upgraded":11,"win_rate":0.0,"timestamp":1613049355,"path_taken":["M","?","M","M","?","R","E","?","T","R","E","R","E","M","R","BOSS","M","?","?","$","?","R","E","R","T","R","M","E","M","?","R","BOSS","M","M","?","?","M","R","E","M","T","$","M","R","E","M","R","BOSS"],"items_purchased_type":["Relic","Relic","Relic","Relic","Relic","Card","Relic","Card"],"build_version":"2020-12-22","purchased_purges":0,"victory":true,"max_hp_per_floor":[80,80,80,80,80,80,80,80,80,80,80,80,80,80,80,80,80,80,80,80,80,80,80,80,80,80,80,80,80,80,80,80,85,85,85,85,85,85,85,85,85,85,85,85,85,85,85,85,85,85],"relic_stats":{"counters":[26,89],"Self Forming Clay":[132],"Blue Candle":[5],"Pen Nib":[6],"PreservedInsect":0,"Orichalcum":[12],"Question Card":22,"Burning Blood":106,"Mercury Hourglass":[97],"Sundial":[0],"Ornamental Fan":[52],"Gambling Chip":[5],"MealTicket":10,"Prayer Wheel":6,"Necronomicon":[33],"Champion Belt":[75],"obtain_stats":[{"Lantern":7,"Burning Blood":0,"Sundial":44,"Gambling Chip":44,"Toolbox":21,"MealTicket":29,"Prayer Wheel":34,"Red Mask":19,"Necronomicon":22,"InkBottle":20,"Runic Cube":17,"NeowsBlessing":0,"Self Forming Clay":13,"Blue Candle":24,"The Courier":9,"Pen Nib":43,"PreservedInsect":47,"Orichalcum":34,"Question Card":21,"Mercury Hourglass":34,"Calling Bell":34,"Bottled Flame":26,"Ornamental Fan":44,"Bag of Marbles":41,"Champion Belt":11,"Membership Card":44},{"Lantern":5,"Burning Blood":0,"Sundial":22,"Gambling Chip":22,"Toolbox":11,"MealTicket":14,"Prayer Wheel":17,"Red Mask":11,"Necronomicon":11,"InkBottle":11,"Runic Cube":9,"NeowsBlessing":0,"Self Forming Clay":7,"Blue Candle":12,"The Courier":5,"Pen Nib":22,"PreservedInsect":24,"Orichalcum":17,"Question Card":11,"Mercury Hourglass":17,"Calling Bell":17,"Bottled Flame":12,"Ornamental Fan":22,"Bag of Marbles":21,"Champion Belt":6,"Membership Card":22},{"Lantern":11,"Burning Blood":0,"Sundial":69,"Gambling Chip":69,"Toolbox":39,"MealTicket":47,"Prayer Wheel":57,"Red Mask":39,"Necronomicon":39,"InkBottle":39,"Runic Cube":33,"NeowsBlessing":0,"Self Forming Clay":22,"Blue Candle":42,"The Courier":11,"Pen Nib":69,"PreservedInsect":76,"Orichalcum":57,"Question Card":39,"Mercury Hourglass":57,"Calling Bell":57,"Bottled Flame":42,"Ornamental Fan":69,"Bag of Marbles":68,"Champion Belt":19,"Membership Card":69}],"InkBottle":[26],"Runic Cube":[41]},"card_choices":[{"not_picked":["Shrug It Off","Dropkick"],"picked":"Twin Strike","floor":1.0},{"not_picked":["Perfected Strike","Pommel Strike"],"picked":"Seeing Red","floor":3.0},{"not_picked":["Twin Strike","Fire Breathing"],"picked":"Havoc","floor":4.0},{"not_picked":["Reckless Charge","Twin Strike"],"picked":"Thunderclap","floor":5.0},{"not_picked":["Twin Strike","Intimidate"],"picked":"Clash","floor":7.0},{"not_picked":["Shrug It Off","Pommel Strike"],"picked":"Anger","floor":11.0},{"not_picked":["Wild Strike","Iron Wave","Blood for Blood"],"picked":"SKIP","floor":13.0},{"not_picked":["Havoc","True Grit"],"picked":"Reaper","floor":14.0},{"not_picked":["Exhume","Bludgeon"],"picked":"Immolate","floor":16.0},{"not_picked":["Entrench","Ghostly Armor","Warcry"],"picked":"SKIP","floor":18.0},{"not_picked":["Body Slam","Clash"],"picked":"Twin Strike+1","floor":19.0},{"not_picked":["Searing Blow+1","Power Through","Evolve","Intimidate"],"picked":"SKIP","floor":24.0},{"not_picked":["Dark Embrace","True Grit","Headbutt","Cleave"],"picked":"SKIP","floor":28.0},{"not_picked":["Seeing Red","Offering","Inflame"],"picked":"Bloodletting+1","floor":29.0},{"not_picked":["Anger","Shrug It Off","True Grit"],"picked":"Flex","floor":30.0},{"not_picked":["Havoc","Metallicize","Battle Trance"],"picked":"Thunderclap+1","floor":31},{"not_picked":["Immolate","Impervious","Offering"],"picked":"Berserk","floor":33},{"not_picked":["Fire Breathing","Clash","Pommel Strike"],"picked":"Infernal Blade","floor":35},{"not_picked":["Heavy Blade","Metallicize","Rage"],"picked":"Havoc+1","floor":35},{"not_picked":["Bloodletting","Uppercut+1","Cleave"],"picked":"Flex+1","floor":36},{"not_picked":["Thunderclap+1","Flex","Power Through"],"picked":"Dropkick+1","floor":36},{"not_picked":["Impatience","Thinking Ahead","Madness"],"picked":"Trip","floor":38},{"not_picked":["Perfected Strike+1","Rupture","Flame Barrier+1"],"picked":"Intimidate+1","floor":39},{"not_picked":["Pummel+1","Heavy Blade","Entrench"],"picked":"Flex+1","floor":39},{"not_picked":["Headbutt","Twin Strike","Blood for Blood+1","Power Through"],"picked":"SKIP","floor":41},{"not_picked":["Rampage","Dropkick","Clothesline"],"picked":"Reckless Charge+1","floor":42},{"not_picked":["Shrug It Off+1","Flame Barrier+1","Corruption"],"picked":"Anger+1","floor":42},{"not_picked":["Pummel","Flame Barrier+1","Twin Strike"],"picked":"Uppercut+1","floor":45},{"not_picked":["Havoc","Pommel Strike+1","Shrug It Off"],"picked":"Cleave+1","floor":45},{"not_picked":["Clash","Anger","Shrug It Off+1"],"picked":"Clothesline+1","floor":47},{"not_picked":["Corruption","Thunderclap+1","Armaments+1"],"picked":"Rage+1","floor":48},{"not_picked":["Anger","Spot Weakness+1","Searing Blow"],"picked":"Clash+1","floor":48}],"player_experience":98602,"relics_obtained":[{"floor":7.0,"key":"Lantern"},{"floor":9.0,"key":"The Courier"},{"floor":11.0,"key":"Champion Belt"},{"floor":13.0,"key":"Self Forming Clay"},{"floor":19.0,"key":"Red Mask"},{"floor":22.0,"key":"Necronomicon"},{"floor":24.0,"key":"Blue Candle"},{"floor":26.0,"key":"Bottled Flame"},{"floor":29.0,"key":"MealTicket"},{"floor":34,"key":"Orichalcum"},{"floor":34,"key":"Mercury Hourglass"},{"floor":34,"key":"Prayer Wheel"},{"floor":41,"key":"Bag of Marbles"},{"floor":43,"key":"Pen Nib"},{"floor":47,"key":"PreservedInsect"}],"event_choices":[{"damage_healed":0.0,"max_hp_gain":0.0,"max_hp_loss":0.0,"gold_gain":0.0,"event_name":"NoteForYourself","player_choice":"Ignored","floor":2.0,"gold_loss":0.0,"damage_taken":0.0},{"damage_healed":0.0,"max_hp_gain":0.0,"max_hp_loss":0.0,"gold_gain":58.0,"event_name":"Golden Wing","player_choice":"Gained Gold","floor":8.0,"gold_loss":0.0,"damage_taken":0.0},{"damage_healed":0.0,"max_hp_gain":0.0,"max_hp_loss":0.0,"gold_gain":0.0,"event_name":"Masked Bandits","player_choice":"Fought Bandits","floor":19.0,"gold_loss":0.0,"damage_taken":0.0},{"damage_healed":0.0,"max_hp_gain":0.0,"max_hp_loss":0.0,"gold_gain":0.0,"event_name":"Addict","player_choice":"Obtained Relic","floor":20.0,"gold_loss":85.0,"damage_taken":0.0,"relics_obtained":["InkBottle"]},{"damage_healed":0.0,"max_hp_gain":0.0,"max_hp_loss":0.0,"gold_gain":0.0,"event_name":"Cursed Tome","player_choice":"Obtained Book","floor":22.0,"gold_loss":0.0,"damage_taken":16.0},{"damage_healed":0,"gold_gain":222,"player_choice":"Wore Mask","damage_taken":0,"max_hp_gain":0,"max_hp_loss":0,"event_name":"Tomb of Lord Red Mask","floor":37,"gold_loss":0},{"damage_healed":0,"gold_gain":0,"player_choice":"Memory 1","damage_taken":0,"max_hp_gain":0,"max_hp_loss":0,"event_name":"SensoryStone","floor":38,"gold_loss":0}],"is_beta":false,"boss_relics":[{"not_picked":["Cursed Key","Black Blood"],"picked":"Runic Cube"},{"not_picked":["SlaversCollar","Coffee Dripper"],"picked":"Calling Bell"}],"items_purged_floors":[],"is_endless":false,"potions_floor_spawned":[3,4,13,16,24,29,30,31,36,41,45,47],"ascension_level":0}}