{"host":"n95r2z13dwkl182w","time":1613025848,"event":{"mods":["2.2 Compatiblity","AchievementEnabler","BaseMod","Colored Map","Hermit","Marisa£¨Ùöéë¡¡Øª×âÞÞ£©","Minty Spire (QoL Compilation)","StSLib","SuperFastMode","everything is the same but u backflip on backflip"],"gold_per_floor":[20,37,54,130,130,171,198,210,222,248,260,293,385,572,584,725,737,773,785,816,927,954,966,978,978],"floor_reached":24,"language":"KOR","playtime":1392,"items_purged":[],"score":233,"play_id":"1c264060-c696-4fa7-987b-573331c53210","local_time":"20210211154408","is_ascension_mode":true,"campfire_choices":[{"floor":8.0,"key":"REST"},{"floor":11,"key":"REST"},{"floor":15,"key":"REST"},{"floor":23,"key":"REST"}],"circlet_count":0,"master_deck":["Strike_MRS","Strike_MRS","Strike_MRS","Defend_MRS","Defend_MRS","Defend_MRS","MasterSpark","UpSweep","NonDirectionalLaser","GrandCross","GasGiant","Injury","TreasureHunter","DoubleSpark","DoubleSpark","Doubt","FinalSpark","PropBag"],"relics":["MiniHakkero","Golden Idol","MawBank","PreservedInsect","Mummified Hand","Black Star","Blue Candle"],"acts_visited":["Exordium","TheCity"],"potions_floor_usage":[12,16,18,22,24],"damage_taken":[{"damage":6.0,"enemies":"Cultist","floor":1.0,"turns":3.0},{"damage":12.0,"enemies":"Small Slimes","floor":2.0,"turns":3.0},{"damage":0.0,"enemies":"2 Louse","floor":3.0,"turns":3.0},{"damage":24.0,"enemies":"Lagavulin","floor":6.0,"turns":6.0},{"damage":11.0,"enemies":"Exordium Wildlife","floor":7.0,"turns":3.0},{"damage":6,"enemies":"Lots of Slimes","floor":10,"turns":2},{"damage":9,"enemies":"2 Fungi Beasts","floor":12,"turns":2},{"damage":4,"enemies":"Gremlin Nob","floor":13,"turns":3},{"damage":38,"enemies":"Hexaghost","floor":16,"turns":9},{"damage":25,"enemies":"2 Thieves","floor":18,"turns":4},{"damage":29,"enemies":"Shell Parasite","floor":20,"turns":6},{"damage":10,"enemies":"Centurion and Healer","floor":22,"turns":3},{"damage":26,"enemies":"Cultist and Chosen","floor":24,"turns":5}],"seed_played":"8770451236391193152","potions_obtained":[{"floor":2.0,"key":"CultistPotion"},{"floor":6.0,"key":"LiquidMemories"},{"floor":10,"key":"ColorlessPotion"},{"floor":16,"key":"SpeedPotion"},{"floor":20,"key":"ColorlessPotion"}],"is_trial":false,"path_per_floor":["M","M","M","?","?","E","M","R","T","M","R","M","?","?","R","B",null,"M","?","M","?","M","R","M"],"character_chosen":"MARISA","items_purchased":[],"campfire_rested":4,"item_purchase_floors":[],"current_hp_per_floor":[69,57,57,57,57,33,22,44,44,38,60,51,47,47,69,31,75,50,50,21,21,11,33,7,7],"gold":978,"neow_bonus":"REMOVE_TWO","is_daily":false,"chose_seed":false,"campfire_upgraded":0,"win_rate":0.0,"timestamp":1613025848,"path_taken":["M","?","M","?","?","E","M","R","T","M","R","M","?","?","R","BOSS","M","?","M","?","M","R","M"],"items_purchased_type":[],"build_version":"2020-12-22","purchased_purges":0,"victory":false,"max_hp_per_floor":[75,75,75,75,75,75,75,75,75,75,75,75,75,75,75,75,75,75,75,75,75,75,75,75,75],"card_choices":[{"not_picked":["GravityBeat","UnstableBomb"],"picked":"NonDirectionalLaser","floor":1.0},{"not_picked":["ManaConvection","OrrerysSun"],"picked":"GrandCross","floor":2.0},{"not_picked":["SporeBomb","MilkyWay"],"picked":"GasGiant","floor":3.0},{"not_picked":["Acceleration","NonDirectionalLaser"],"picked":"TreasureHunter","floor":6.0},{"not_picked":["DarkMatter","GravityBeat"],"picked":"DoubleSpark","floor":7.0},{"not_picked":["GalacticHalo","GravityBeat","MagicChant"],"picked":"SKIP","floor":10},{"not_picked":["LuminesStrike","UnstableBomb","DarkMatter"],"picked":"SKIP","floor":12},{"not_picked":["Occultation","EarthLightRay"],"picked":"DoubleSpark","floor":13},{"not_picked":["MillisecondPulsars","MaximisePower"],"picked":"FinalSpark","floor":16},{"not_picked":["SporeBomb","MeteoricShower","MysteriousBeam"],"picked":"SKIP","floor":18},{"not_picked":["ShootingEcho","GalacticHalo"],"picked":"PropBag","floor":20},{"not_picked":["SporeBomb+1","ChargingUp","IllusionStar"],"picked":"SKIP","floor":22}],"player_experience":69328,"relics_obtained":[{"floor":6.0,"key":"MawBank"},{"floor":9.0,"key":"PreservedInsect"}],"event_choices":[{"damage_healed":0.0,"max_hp_gain":0.0,"max_hp_loss":0.0,"gold_gain":76.0,"event_name":"Golden Wing","player_choice":"Gained Gold","floor":4.0,"gold_loss":0.0,"damage_taken":0.0},{"damage_healed":0.0,"max_hp_gain":0.0,"max_hp_loss":0.0,"gold_gain":0.0,"event_name":"Golden Idol","player_choice":"Take Wound","floor":5.0,"gold_loss":0.0,"damage_taken":0.0,"relics_obtained":["Golden Idol"],"cards_obtained":["Injury"]},{"damage_healed":0,"gold_gain":0,"player_choice":"Searched \u00272\u0027 times","damage_taken":0,"relics_obtained":["Mummified Hand"],"max_hp_gain":0,"max_hp_loss":0,"event_name":"Dead Adventurer","floor":13,"gold_loss":0},{"damage_healed":0,"gold_gain":175,"player_choice":"AGREE","damage_taken":0,"max_hp_gain":0,"max_hp_loss":0,"event_name":"Liars Game","floor":14,"gold_loss":0,"cards_obtained":["Doubt"]},{"damage_healed":0,"gold_gain":0,"player_choice":"Ignored","damage_taken":0,"max_hp_gain":0,"max_hp_loss":0,"event_name":"Beggar","floor":19,"gold_loss":0},{"damage_healed":0,"gold_gain":99,"player_choice":"Stole From Cult","damage_taken":0,"max_hp_gain":0,"max_hp_loss":0,"event_name":"Nest","floor":21,"gold_loss":0}],"is_beta":false,"boss_relics":[{"not_picked":["SlaversCollar","RampagingMagicTools"],"picked":"Black Star"}],"items_purged_floors":[],"is_endless":false,"potions_floor_spawned":[2,6,10,16,20],"killed_by":"Cultist and Chosen","ascension_level":1}}