{"host":"3hzk4hwwdropes3d","time":1613074301,"event":{"mods":["BaseMod","Downfall","Hermit","Minty Spire (QoL Compilation)","StSLib"],"gold_per_floor":[99,99,99,99,99,99,153,37,37,71,71,90,90,118,132,234,234,34,52,69,69,69,69,69,69],"floor_reached":23,"language":"ENG","playtime":1120,"items_purged":["downfall:Malfunctioning"],"score":222,"play_id":"a550f35f-4f10-471d-b5e8-62ec904d1943","local_time":"20210211121141","is_ascension_mode":true,"campfire_choices":[{"floor":1,"key":"RECALL"},{"data":"champ:AdrenalArmor","floor":9,"key":"SMITH"},{"data":"champ:BerserkersShout","floor":13,"key":"SMITH"},{"data":"champ:AdrenalArmor","floor":18,"key":"SMITH"}],"circlet_count":0,"master_deck":["champ:Strike","champ:Strike","champ:Strike","champ:Strike","champ:Defend","champ:Defend+1","champ:Defend","champ:Defend+1","champ:Execute","champ:Taunt+1","champ:FanOfKnives","champ:Haymaker","champ:BerserkersShout+1","champ:RageSigil","champ:AdrenalArmor+1","champ:RageSigil","champ:AdrenalArmor+1","champ:PreciseThrust","champ:FaceSlap","champ:SwordThrow","champ:BerserkersShout"],"relics":["champ:ChampionCrown","downfall:HeartsMalice","Anchor","Mercury Hourglass","champ:LiftRelic","hexamod:BolsterEngine","Black Star","downfall:HeartBlessingRed","downfall:HeartBlessingGreen"],"acts_visited":["Exordium","TheCity"],"potions_floor_usage":[8,8,16,16,16],"damage_taken":[{"damage":0,"enemies":"Cultist","floor":3,"turns":1},{"damage":0,"enemies":"Small Slimes","floor":4,"turns":1},{"damage":0,"enemies":"Jaw Worm","floor":6,"turns":1},{"damage":25,"enemies":"downfall:FleeingMerchant","floor":8,"turns":4},{"damage":28,"enemies":"Gremlin Nob","floor":10,"turns":4},{"damage":35,"enemies":"Blue Slaver","floor":12,"turns":3},{"damage":66,"enemies":"3 Sentries","floor":14,"turns":6},{"damage":25,"enemies":"Gremlin Gang","floor":15,"turns":3},{"damage":37,"enemies":"IC_STATUS_ARCHETYPE","floor":16,"turns":4},{"damage":25,"enemies":"Shell Parasite","floor":19,"turns":3},{"damage":88,"enemies":"Chosen and Byrds","floor":20,"turns":8},{"damage":81,"enemies":"Snecko","floor":23,"turns":5}],"seed_played":"6960045926359979431","potions_obtained":[{"floor":2,"key":"SteroidPotion"},{"floor":2,"key":"LiquidBronze"},{"floor":2,"key":"champ:UltimateStancePotion"},{"floor":10,"key":"champ:CounterPotion"},{"floor":15,"key":"FearPotion"},{"floor":19,"key":"DuplicationPotion"}],"is_trial":false,"path_per_floor":["R","?","M","M","?","M","T","$","R","E","?","M","R","E","M","B",null,"R","M","M","?","?","M"],"character_chosen":"THE_CHAMP","items_purchased":["champ:AdrenalArmor"],"campfire_rested":0,"item_purchase_floors":[8],"current_hp_per_floor":[90,90,90,90,90,90,90,85,85,67,67,67,67,55,55,43,90,90,90,77,77,77,0,0,0],"gold":69,"neow_bonus":"THREE_ENEMY_KILL","is_daily":false,"chose_seed":false,"campfire_upgraded":3,"win_rate":0.0,"timestamp":1613074301,"path_taken":["R","?","M","?","?","M","T","$","R","E","?","M","R","E","M","BOSS","R","M","M","?","?","?"],"items_purchased_type":["Card"],"build_version":"2020-12-22","purchased_purges":1,"victory":false,"max_hp_per_floor":[90,90,90,90,90,90,90,90,90,90,90,90,90,90,90,90,90,90,90,90,90,90,90,90,90],"card_choices":[{"not_picked":["champ:GutPunch","champ:CrownThrow"],"picked":"champ:FanOfKnives","floor":3},{"not_picked":["champ:Shatter","champ:ArenaPreparation"],"picked":"champ:Haymaker","floor":4},{"not_picked":["champ:GutPunch","champ:Backstep"],"picked":"champ:BerserkersShout","floor":6},{"not_picked":["champ:Lariat","champ:EndlessRage"],"picked":"champ:RageSigil","floor":8},{"not_picked":["champ:Circumvent","champ:ShieldSigil"],"picked":"champ:RageSigil","floor":10},{"not_picked":["champ:EnGarde","champ:BerserkersShout"],"picked":"champ:AdrenalArmor","floor":12},{"not_picked":["champ:RecklessLeap","champ:GladiatorStyle"],"picked":"champ:PreciseThrust","floor":14},{"not_picked":["champ:FlashCut","champ:Haymaker"],"picked":"champ:FaceSlap","floor":15},{"not_picked":["champ:ShieldThrow","champ:CheapShot"],"picked":"champ:SwordThrow","floor":16},{"not_picked":["champ:ShieldSigil","champ:PerfectedStrike"],"picked":"champ:BerserkersShout","floor":19},{"not_picked":["champ:Shatter","champ:GutPunch","champ:CalledShot"],"picked":"SKIP","floor":20}],"player_experience":381552,"relics_obtained":[{"floor":7,"key":"Anchor"},{"floor":10,"key":"Mercury Hourglass"},{"floor":14,"key":"hexamod:BolsterEngine"}],"event_choices":[{"damage_healed":0,"gold_gain":0,"player_choice":"Got Potions","damage_taken":0,"max_hp_gain":0,"max_hp_loss":0,"event_name":"Lab","floor":2,"gold_loss":0}],"is_beta":false,"boss_relics":[{"not_picked":["Pandora\u0027s Box","SacredBark"],"picked":"Black Star"}],"items_purged_floors":[8],"is_endless":false,"potions_floor_spawned":[10,15,16,19],"killed_by":"Snecko","ascension_level":3}}