{"host":"u21q392b5xaj11fl","time":1613007074,"event":{"mods":["2.2 Compatiblity","Bard","BaseMod","Better Note","Colored Map","Colored Powertips","Conspire","Custom Start","Downfall","Faster Ascension Climbing","GifTheSpireLib","Gremlin Skip","Highlight Path","Hubris","Infinite Spire","Mad Scientist","Marisa????????","Mimic Mod","Minty Spire (QoL Compilation)","Monster B Gone","Permanent Neow","Potionbrewer","Quick Restart","READ ME - Guardian Mod","Relic Sorter","Replay The Spire","Shop Mod","Somnambulant","StSLib","Stuff the Spire","SuperFastMode","The Construct","The Disciple","The Servant 0.9.4"],"gold_per_floor":[112,112,126,141,157,186,186,221,221,251,251,251,268,268,268,347,347,362,111,123,134,44,44,72,89,89,89,89,103,115,115,115,192,192,209,209,52,63,63,63,163,178,178,203,223,223,253,163,163,163,163,163,7,35,35,35],"floor_reached":55,"language":"ENG","playtime":12957,"items_purged":["MadScienceMod:Strike_MadScience","downfall:Malfunctioning"],"score":1372,"play_id":"9b9b6400-14ee-46b4-ab5a-5dac8a9c49b6","local_time":"20210210193114","is_ascension_mode":true,"campfire_choices":[{"floor":7.0,"key":"REST"},{"data":"MadScienceMod:OmniHammer","floor":11.0,"key":"SMITH"},{"data":"MadScienceMod:FragmentationGrenade","floor":15.0,"key":"SMITH"},{"floor":23.0,"key":"REST"},{"floor":28.0,"key":"REST"},{"floor":32.0,"key":"REST"},{"floor":40.0,"key":"REST"},{"floor":49.0,"key":"RECALL"},{"data":"MadScienceMod:RecyclingStation","floor":52,"key":"SMITH"}],"circlet_count":0,"master_deck":["AscendersBane","MadScienceMod:Strike_MadScience","MadScienceMod:Strike_MadScience","MadScienceMod:Defend_MadScience","MadScienceMod:Defend_MadScience","MadScienceMod:Defend_MadScience","MadScienceMod:Defend_MadScience","MadScienceMod:PoweredStrike","MadScienceMod:HideBehindJunk","Replay:BasicMightCard+1","MadScienceMod:FragmentationGrenade+1","MadScienceMod:OmniHammer+1","MadScienceMod:SoftenUp","MadScienceMod:RecyclingStation+1","MadScienceMod:Refuel","MadScienceMod:ExtractOil","MadScienceMod:Assemble","MadScienceMod:EnergyBarrier","MadScienceMod:Sprocket+1","MadScienceMod:Redesign","MadScienceMod:ImposingConstruct","MadScienceMod:FlammableWall+1","MadScienceMod:BoxOfScraps","MadScienceMod:NowOrNever","MadScienceMod:TimeDilationField","MadScienceMod:NowOrNever+1","MadScienceMod:ExploreOptions+1","MadScienceMod:ShrinkRay+1","MadScienceMod:Redesign","MadScienceMod:ExploreOptions+1","MadScienceMod:Booster","MadScienceMod:ShrinkRay+1","MadScienceMod:Refine"],"relics":["MadScienceMod:FuelTank","downfall:ExtraCursedKey","conspire:BottledYoYo","Eternal Feather","Gremlin Horn","hubris:Towel","ReplayTheSpireMod:DimensionalGlitch","Nloth\u0027s Gift","SlaversCollar","MerchantsRug","StuffTheSpire:GreaterSneckoEye","conspire:GlowingRock","hubris:EmptyBottle","Slimebound:StickyStick","ReplayFunnel","StuffTheSpire:OldFever"],"acts_visited":["Exordium","TheCity","TheBeyond","TheEnding"],"potions_floor_usage":[54,54,55,55,55,55],"damage_taken":[{"damage":11.0,"enemies":"Small Slimes","floor":1.0,"turns":6.0},{"damage":2.0,"enemies":"2 Louse","floor":3.0,"turns":3.0},{"damage":5.0,"enemies":"Jaw Worm","floor":4.0,"turns":4.0},{"damage":0.0,"enemies":"2 Fungi Beasts","floor":5.0,"turns":3.0},{"damage":11.0,"enemies":"3 Sentries","floor":6.0,"turns":6.0},{"damage":9.0,"enemies":"Lagavulin","floor":8.0,"turns":4.0},{"damage":4.0,"enemies":"Red Slaver","floor":13.0,"turns":3.0},{"damage":21.0,"enemies":"The Guardian","floor":16.0,"turns":11.0},{"damage":3.0,"enemies":"3 Byrds","floor":18.0,"turns":4.0},{"damage":33.0,"enemies":"2 Thieves","floor":20.0,"turns":4.0},{"damage":7.0,"enemies":"Chosen and Byrds","floor":21.0,"turns":4.0},{"damage":24.0,"enemies":"Gremlin Leader","floor":24.0,"turns":7.0},{"damage":23.0,"enemies":"Sentry and Sphere","floor":25.0,"turns":4.0},{"damage":12.0,"enemies":"Centurion and Healer","floor":29.0,"turns":6.0},{"damage":13.0,"enemies":"Cultist and Chosen","floor":30.0,"turns":5.0},{"damage":24.0,"enemies":"Champ","floor":33.0,"turns":9.0},{"damage":7.0,"enemies":"3 Darklings","floor":35.0,"turns":7.0},{"damage":36.0,"enemies":"3 Shapes","floor":38.0,"turns":6.0},{"damage":28.0,"enemies":"3 Darklings","floor":42.0,"turns":4.0},{"damage":12.0,"enemies":"Nemesis","floor":44.0,"turns":7.0},{"damage":12.0,"enemies":"Writhing Mass","floor":45.0,"turns":5.0},{"damage":0.0,"enemies":"Reptomancer","floor":47.0,"turns":1.0},{"damage":0.0,"enemies":"Jaw Worm Horde","floor":48.0,"turns":5.0},{"damage":0,"enemies":"Awakened One","floor":50,"turns":11},{"damage":17,"enemies":"Shield and Spear","floor":54,"turns":8},{"damage":55,"enemies":"The Heart","floor":55,"turns":5}],"seed_played":"-3888545543925839543","potions_obtained":[{"floor":3.0,"key":"champ:CounterPotion"},{"floor":5.0,"key":"Ancient Potion"},{"floor":6.0,"key":"hexamod:SoulburnPotion"},{"floor":16.0,"key":"potionbrewer:AcidPotion"},{"floor":21.0,"key":"Slimebound:ThreeZeroPotion"},{"floor":25.0,"key":"LiquidMemories"},{"floor":35.0,"key":"MadScienceMod:FuelPotion"},{"floor":38.0,"key":"potionbrewer:BarricadePotion"},{"floor":47.0,"key":"potionbrewer:AcidPotion"}],"is_trial":false,"path_per_floor":["M","?","M","M","M","E","R","E","T","?","R","?","M","?","R","B",null,"M","$","M","M","?","R","E","M","T","?","R","M","M","?","R","B",null,"M","?","$","M","?","R","?","M","T","E","M","AVR","E","M","R","B",null,"R","$","E","B"],"character_chosen":"MAD_SCIENTIST","items_purchased":["MadScienceMod:Sprocket+1","MadScienceMod:Redesign","Potion Belt","MerchantsRug","SpeedPotion","Adrenaline Potion","ReplayFunnel"],"campfire_rested":5,"item_purchase_floors":[19,19,19,37,53,53,53],"current_hp_per_floor":[53,53,51,46,46,35,56,47,47,47,56,38,34,34,43,22,59,56,56,23,16,16,49,25,2,2,2,35,23,10,10,46,22,59,52,52,52,16,35,71,71,43,43,31,19,19,19,19,37,37,63,71,71,54,0,0],"gold":35,"neow_bonus":"RANDOM_COLORLESS","is_daily":false,"chose_seed":false,"campfire_upgraded":3,"win_rate":0.0,"timestamp":1613007074,"path_taken":["M","?","M","M","M","E","R","E","T","?","R","?","M","?","R","BOSS","M","$","M","M","?","R","E","M","T","?","R","M","?","?","R","BOSS","M","?","$","M","?","R","?","M","T","E","M","AVR","E","M","R","BOSS","R","$","E","BOSS"],"items_purchased_type":["Card","Card","Relic","Relic","Potion","Potion","Relic"],"build_version":"2020-12-22","purchased_purges":2,"victory":false,"max_hp_per_floor":[71,71,71,71,71,71,71,71,71,71,71,71,71,71,71,71,71,71,71,71,71,71,71,71,71,71,71,71,71,71,71,71,71,71,71,71,71,71,71,71,71,71,71,71,71,71,71,71,71,71,71,71,71,71,71,71],"card_choices":[{"not_picked":["Survey Options","Finesse"],"picked":"Replay:BasicMightCard","floor":0.0},{"not_picked":["MadScienceMod:AssemblyLine","MadScienceMod:Bombardment"],"picked":"MadScienceMod:FragmentationGrenade","floor":1.0},{"not_picked":["MadScienceMod:LightOnFire","MadScienceMod:FragmentationGrenade"],"picked":"MadScienceMod:OmniHammer","floor":3.0},{"not_picked":["MadScienceMod:FlameThrower","MadScienceMod:FumeBlast"],"picked":"MadScienceMod:SoftenUp","floor":4.0},{"not_picked":["MadScienceMod:BandageBot","MadScienceMod:SelfDestruct"],"picked":"MadScienceMod:RecyclingStation","floor":5.0},{"not_picked":["MadScienceMod:Weaponize","MadScienceMod:ArtilleryShot","MadScienceMod:LightOnFire"],"picked":"SKIP","floor":6.0},{"not_picked":["MadScienceMod:ParticleBeam","MadScienceMod:Tune"],"picked":"MadScienceMod:Refuel","floor":8.0},{"not_picked":["MadScienceMod:FlameCannon","MadScienceMod:PowerArmor"],"picked":"MadScienceMod:ExtractOil","floor":13.0},{"not_picked":["MadScienceMod:GlassCannon","MadScienceMod:ArtilleryShot"],"picked":"MadScienceMod:Assemble","floor":16.0},{"not_picked":["MadScienceMod:FlexibleSpear","MadScienceMod:OmniHammer"],"picked":"MadScienceMod:EnergyBarrier","floor":18.0},{"not_picked":["MadScienceMod:CaptureMomentum","MadScienceMod:Bayonet"],"picked":"MadScienceMod:ImposingConstruct","floor":20.0},{"not_picked":["MadScienceMod:AntimatterBomb","MadScienceMod:Tune"],"picked":"MadScienceMod:FlammableWall+1","floor":21.0},{"not_picked":["MadScienceMod:CaptureMomentum","MadScienceMod:PowerArmor"],"picked":"MadScienceMod:BoxOfScraps","floor":24.0},{"not_picked":["MadScienceMod:Weaponize","MadScienceMod:LightOnFire","MadScienceMod:AntimatterBomb"],"picked":"SKIP","floor":25.0},{"not_picked":["MadScienceMod:Refine","MadScienceMod:RadioactiveSword+1"],"picked":"MadScienceMod:NowOrNever","floor":29.0},{"not_picked":["MadScienceMod:AcidSpray","MadScienceMod:Reconstitute"],"picked":"MadScienceMod:TimeDilationField","floor":30.0},{"not_picked":["MadScienceMod:LightOnFire+1","MadScienceMod:SelfDestruct"],"picked":"MadScienceMod:ExploreOptions+1","floor":35.0},{"not_picked":["MadScienceMod:Refuel","MadScienceMod:GatherParts"],"picked":"MadScienceMod:ShrinkRay+1","floor":38.0},{"not_picked":["MadScienceMod:Inflate+1","MadScienceMod:RadioactiveSword"],"picked":"MadScienceMod:Redesign","floor":42.0},{"not_picked":["MadScienceMod:AntimatterBomb","MadScienceMod:Browse"],"picked":"MadScienceMod:ExploreOptions+1","floor":44.0},{"not_picked":["MadScienceMod:AntimatterBomb","MadScienceMod:ExtractOil","MadScienceMod:PowerArmor"],"picked":"SKIP","floor":45.0},{"not_picked":["MadScienceMod:MechanicalClaw","MadScienceMod:FumeBlast"],"picked":"MadScienceMod:Booster","floor":47.0},{"not_picked":["MadScienceMod:Browse+1","MadScienceMod:FlammableWall"],"picked":"MadScienceMod:ShrinkRay+1","floor":48.0},{"not_picked":["MadScienceMod:OilDrum","MadScienceMod:AntimatterBomb"],"picked":"MadScienceMod:Refine","floor":54}],"player_experience":241147,"relics_obtained":[{"floor":6.0,"key":"hubris:DeckOfHolding"},{"floor":8.0,"key":"conspire:BottledYoYo"},{"floor":24.0,"key":"Lizard Tail"},{"floor":39.0,"key":"StuffTheSpire:GreaterSneckoEye"},{"floor":44.0,"key":"conspire:GlowingRock"},{"floor":47.0,"key":"Slimebound:StickyStick"},{"floor":54,"key":"StuffTheSpire:OldFever"}],"event_choices":[{"damage_healed":0.0,"max_hp_gain":0.0,"max_hp_loss":0.0,"gold_gain":30.0,"event_name":"Dead Adventurer","player_choice":"Searched \u00273\u0027 times","floor":10.0,"gold_loss":0.0,"damage_taken":0.0,"relics_obtained":["Eternal Feather"]},{"damage_healed":0.0,"max_hp_gain":0.0,"max_hp_loss":0.0,"gold_gain":0.0,"event_name":"Scrap Ooze","player_choice":"Success","floor":12.0,"gold_loss":0.0,"damage_taken":18.0,"relics_obtained":["Gremlin Horn"]},{"cards_removed":["MadScienceMod:Strike_MadScience"],"damage_healed":0.0,"max_hp_gain":0.0,"max_hp_loss":0.0,"gold_gain":0.0,"event_name":"Designer","player_choice":"Upgrade and Remove","floor":22.0,"gold_loss":90.0,"damage_taken":0.0,"cards_upgraded":["Replay:BasicMightCard"]},{"damage_healed":0.0,"max_hp_gain":0.0,"max_hp_loss":0.0,"gold_gain":0.0,"event_name":"N\u0027loth","player_choice":"Traded Relic","floor":27.0,"relics_lost":["Potion Belt"],"gold_loss":0.0,"damage_taken":0.0,"relics_obtained":["Nloth\u0027s Gift"]},{"cards_removed":["Replay:BasicMightCard"],"damage_healed":0.0,"max_hp_gain":0.0,"max_hp_loss":0.0,"gold_gain":0.0,"event_name":"betterNote:BetterNote","player_choice":"Take \u0026 Give","floor":31.0,"gold_loss":0.0,"damage_taken":0.0,"cards_obtained":["MadScienceMod:NowOrNever"]},{"damage_healed":0.0,"max_hp_gain":0.0,"max_hp_loss":0.0,"gold_gain":100.0,"event_name":"Golden Shrine","player_choice":"Pray","floor":41.0,"gold_loss":0.0,"damage_taken":0.0}],"is_beta":false,"boss_relics":[{"not_picked":["conspire:SpecialSausage","Honey Jar"],"picked":"ReplayTheSpireMod:DimensionalGlitch"},{"not_picked":["hubris:BlackHole","ReplayTheSpireMod:SealedPack"],"picked":"SlaversCollar"}],"items_purged_floors":[37,46],"is_endless":false,"potions_floor_spawned":[3,5,6,16,18,21,25,35,38,47],"killed_by":"The Heart","ascension_level":14}}