{"host":"mhr97lg0mj90r8b2","time":1613028566,"event":{"mods":["BaseMod","Minty Spire (QoL Compilation)","Quick Restart","StSLib"],"gold_per_floor":[111,111,131,149,99,99,126,126,180,193,208,243,255,270,270,371,371,383,398,412,11,21,21,48,147,173,173,173,208,219,236,236,331,331,349,399,360,379,379,379,412,412,412,427,459,459,19,51,51,51],"floor_reached":51,"language":"ZHS","playtime":3162,"items_purged":["Swivel","ThirdEye"],"score":812,"play_id":"532a736e-6043-43fa-b4c0-2e87e0c9d886","local_time":"20210211152926","is_ascension_mode":false,"campfire_choices":[{"data":"Eruption","floor":6.0,"key":"SMITH"},{"data":"Study","floor":8.0,"key":"SMITH"},{"floor":15.0,"key":"REST"},{"data":"Vault","floor":23.0,"key":"SMITH"},{"floor":32,"key":"REST"},{"floor":40,"key":"REST"},{"floor":42,"key":"REST"},{"floor":49,"key":"REST"}],"circlet_count":0,"master_deck":["Defend_P","Defend_P","Defend_P","Defend_P","Eruption+1","Vigilance","Meditate","Study+1","BowlingBash+1","SignatureMove+1","Vault+1","ConjureBlade+1","EmptyBody+1","FollowUp+1","LikeWater","ClearTheMind","LikeWater","Collect+1","FearNoEvil","Wish","DeceiveReality+1","Vengeance","Indignation+1","Bandage Up","LikeWater","Perseverance"],"relics":["PureWater","NeowsBlessing","Juzu Bracelet","Bronze Scales","Astrolabe","Mummified Hand","Pear","Omamori","Blood Vial","Whetstone","Fusion Hammer","Mango","InkBottle","Yang","Bird Faced Urn","Pantograph","Ancient Tea Set"],"acts_visited":["Exordium","TheCity","TheBeyond"],"potions_floor_usage":[50,50,50],"damage_taken":[{"damage":0.0,"enemies":"Small Slimes","floor":1.0,"turns":1.0},{"damage":0.0,"enemies":"2 Louse","floor":3.0,"turns":1.0},{"damage":0.0,"enemies":"Cultist","floor":4.0,"turns":1.0},{"damage":24.0,"enemies":"Gremlin Nob","floor":7.0,"turns":4.0},{"damage":1.0,"enemies":"2 Fungi Beasts","floor":10.0,"turns":3.0},{"damage":7.0,"enemies":"Looter","floor":11.0,"turns":3.0},{"damage":12.0,"enemies":"3 Sentries","floor":12.0,"turns":5.0},{"damage":0.0,"enemies":"3 Louse","floor":13.0,"turns":3.0},{"damage":0.0,"enemies":"Exordium Wildlife","floor":14.0,"turns":3.0},{"damage":32.0,"enemies":"Hexaghost","floor":16.0,"turns":8.0},{"damage":2.0,"enemies":"3 Byrds","floor":18.0,"turns":3.0},{"damage":5.0,"enemies":"Shell Parasite","floor":19.0,"turns":3.0},{"damage":17.0,"enemies":"Chosen and Byrds","floor":20.0,"turns":7.0},{"damage":2.0,"enemies":"Shelled Parasite and Fungi","floor":22.0,"turns":6.0},{"damage":25.0,"enemies":"Slavers","floor":24.0,"turns":5.0},{"damage":10,"enemies":"Book of Stabbing","floor":29,"turns":6},{"damage":5,"enemies":"Snecko","floor":30,"turns":4},{"damage":13,"enemies":"Snake Plant","floor":31,"turns":5},{"damage":5,"enemies":"Collector","floor":33,"turns":8},{"damage":17,"enemies":"Orb Walker","floor":35,"turns":4},{"damage":16,"enemies":"Mind Bloom Boss Battle","floor":36,"turns":7},{"damage":21,"enemies":"3 Darklings","floor":38,"turns":5},{"damage":7,"enemies":"Giant Head","floor":41,"turns":6},{"damage":15,"enemies":"Writhing Mass","floor":44,"turns":4},{"damage":51,"enemies":"Reptomancer","floor":45,"turns":9},{"damage":1,"enemies":"Giant Head","floor":48,"turns":6},{"damage":51,"enemies":"Awakened One","floor":50,"turns":10}],"seed_played":"843524256641945014","potions_obtained":[{"floor":4.0,"key":"DistilledChaos"},{"floor":7.0,"key":"SteroidPotion"},{"floor":10.0,"key":"Dexterity Potion"},{"floor":12.0,"key":"PowerPotion"},{"floor":14.0,"key":"Regen Potion"},{"floor":16.0,"key":"EssenceOfSteel"},{"floor":24.0,"key":"Regen Potion"}],"is_trial":false,"path_per_floor":["M","?","M","M","?","R","E","R","T","M","M","E","M","M","R","B",null,"M","M","M","$","M","R","E","?","T","?","?","E","M","M","R","B",null,"M","?","$","M","?","R","E","R","T","M","E","?","$","E","R","B",null],"character_chosen":"WATCHER","items_purchased":["LikeWater","Mummified Hand","Vengeance","LikeWater","Pantograph","Perseverance"],"campfire_rested":5,"item_purchase_floors":[21,21,37,47,47,47],"current_hp_per_floor":[72,65,65,65,65,65,41,41,41,40,33,21,21,21,42,10,72,70,65,48,48,46,46,45,45,45,45,45,37,34,23,47,44,82,65,65,65,46,46,74,69,96,96,81,32,32,32,45,73,68],"gold":51,"neow_bonus":"THREE_ENEMY_KILL","is_daily":false,"chose_seed":false,"campfire_upgraded":3,"win_rate":0.0,"timestamp":1613028566,"path_taken":["M","?","M","M","?","R","E","R","T","M","M","E","M","M","R","BOSS","M","M","M","$","M","R","E","?","T","?","?","E","M","M","R","BOSS","M","?","$","M","?","R","E","R","T","M","E","?","$","E","R","BOSS"],"items_purchased_type":["Card","Relic","Card","Card","Relic","Card"],"build_version":"2020-12-22","purchased_purges":2,"victory":true,"max_hp_per_floor":[72,72,72,72,72,72,72,72,72,72,72,72,72,72,72,72,72,72,72,72,72,72,72,82,82,82,82,82,82,82,82,82,82,82,82,96,96,96,96,96,96,96,96,96,96,96,96,96,96,96],"card_choices":[{"not_picked":["CrushJoints","PathToVictory"],"picked":"Pray","floor":1.0},{"not_picked":["ThirdEye","DeceiveReality"],"picked":"Meditate","floor":3.0},{"not_picked":["FlurryOfBlows","JustLucky"],"picked":"Study","floor":4.0},{"not_picked":["Crescendo","ClearTheMind"],"picked":"BowlingBash","floor":7.0},{"not_picked":["DevaForm","EmptyFist"],"picked":"SignatureMove","floor":10.0},{"not_picked":["CutThroughFate","BowlingBash"],"picked":"Swivel","floor":11.0},{"not_picked":["PathToVictory","EmptyBody"],"picked":"EmptyMind","floor":12.0},{"not_picked":["Swivel","Halt"],"picked":"ThirdEye","floor":13.0},{"not_picked":["FlurryOfBlows","Sanctity","Conclude"],"picked":"SKIP","floor":14.0},{"not_picked":["Establishment","Ragnarok"],"picked":"Vault","floor":16.0},{"not_picked":["FollowUp","Evaluate","CrushJoints+1"],"picked":"SKIP","floor":18.0},{"not_picked":["Tantrum","Crescendo","FlyingSleeves"],"picked":"SKIP","floor":19.0},{"not_picked":["BowlingBash","Crescendo","CrushJoints"],"picked":"SKIP","floor":20.0},{"not_picked":["ReachHeaven+1","ThirdEye"],"picked":"ClearTheMind","floor":22.0},{"not_picked":["EmptyMind","Nirvana","ThirdEye"],"picked":"SKIP","floor":24.0},{"not_picked":["ClearTheMind","CutThroughFate"],"picked":"LikeWater","floor":29},{"not_picked":["Evaluate+1","Establishment"],"picked":"Collect+1","floor":30},{"not_picked":["Crescendo","CutThroughFate"],"picked":"FearNoEvil","floor":31},{"not_picked":["Vault","Scrawl"],"picked":"Wish","floor":33},{"not_picked":["FlurryOfBlows","EmptyFist","EmptyBody"],"picked":"SKIP","floor":35},{"not_picked":["Worship+1","WaveOfTheHand+1"],"picked":"DeceiveReality+1","floor":36},{"not_picked":["WaveOfTheHand+1","SashWhip","CrushJoints"],"picked":"SKIP","floor":38},{"not_picked":["BowlingBash+1","Sanctity+1"],"picked":"Indignation+1","floor":41},{"not_picked":["CrushJoints+1","FlurryOfBlows+1","FlyingSleeves+1"],"picked":"SKIP","floor":44},{"not_picked":["ThirdEye","Consecrate+1","PathToVictory"],"picked":"SKIP","floor":45},{"not_picked":["Flash of Steel","Secret Technique"],"picked":"Bandage Up","floor":46},{"not_picked":["MentalFortress+1","Perseverance","ClearTheMind"],"picked":"SKIP","floor":48}],"player_experience":133157,"relics_obtained":[{"floor":7.0,"key":"Juzu Bracelet"},{"floor":12.0,"key":"Bronze Scales"},{"floor":24.0,"key":"Pear"},{"floor":26.0,"key":"Omamori"},{"floor":29,"key":"Whetstone"},{"floor":36,"key":"Mango"},{"floor":41,"key":"InkBottle"},{"floor":43,"key":"Yang"},{"floor":45,"key":"Bird Faced Urn"},{"floor":48,"key":"Ancient Tea Set"}],"event_choices":[{"cards_removed":["Strike_P"],"damage_healed":0.0,"max_hp_gain":0.0,"max_hp_loss":0.0,"gold_gain":0.0,"event_name":"Golden Wing","player_choice":"Card Removal","floor":2.0,"gold_loss":0.0,"damage_taken":7.0},{"cards_removed":["Strike_P"],"damage_healed":0.0,"max_hp_gain":0.0,"max_hp_loss":0.0,"gold_gain":0.0,"event_name":"The Cleric","player_choice":"Card Removal","floor":5.0,"gold_loss":50.0,"damage_taken":0.0},{"damage_healed":0.0,"max_hp_gain":0.0,"max_hp_loss":0.0,"gold_gain":99.0,"event_name":"Nest","player_choice":"Stole From Cult","floor":25.0,"gold_loss":0.0,"damage_taken":0.0},{"damage_healed":0.0,"max_hp_gain":0.0,"max_hp_loss":0.0,"gold_gain":0.0,"event_name":"Addict","player_choice":"Stole Relic","floor":27.0,"gold_loss":0.0,"damage_taken":0.0,"relics_obtained":["Blood Vial"],"cards_obtained":["Shame"]},{"cards_removed":["EmptyMind"],"damage_healed":0.0,"max_hp_gain":0.0,"max_hp_loss":0.0,"gold_gain":0.0,"event_name":"Purifier","player_choice":"Purged","floor":28.0,"gold_loss":0.0,"damage_taken":0.0},{"damage_healed":0,"gold_gain":0,"player_choice":"Fight","damage_taken":0,"max_hp_gain":0,"max_hp_loss":0,"event_name":"MindBloom","floor":36,"gold_loss":0},{"damage_healed":0,"gold_gain":0,"player_choice":"Ignored","damage_taken":0,"max_hp_gain":0,"max_hp_loss":0,"event_name":"Mysterious Sphere","floor":39,"gold_loss":0},{"damage_healed":0,"gold_gain":0,"player_choice":"Memory 1","damage_taken":0,"max_hp_gain":0,"max_hp_loss":0,"event_name":"SensoryStone","floor":46,"gold_loss":0}],"is_beta":false,"boss_relics":[{"not_picked":["VioletLotus","Empty Cage"],"picked":"Astrolabe"},{"not_picked":["Calling Bell","SlaversCollar"],"picked":"Fusion Hammer"}],"items_purged_floors":[21,47],"is_endless":false,"potions_floor_spawned":[4,7,10,12,14,16,19,24,29,33,36,38,44,45,48],"ascension_level":0}}