{"host":"mw3dmj42qtkbha4b","time":1613022904,"event":{"mods":["BaseMod","Colored Map","Colored Powertips","DeckTracker","Minty Spire (QoL Compilation)","StSLib","SuperFastMode"],"gold_per_floor":[115,128,147,163,88,102,102,130,130,160,160,28,61,61,61,135,135,152,202,212,212,212],"floor_reached":21,"language":"KOR","playtime":553,"items_purged":["Strike_P"],"score":448,"play_id":"b873a592-32dd-4258-b827-c42886e19007","local_time":"20210211145504","is_ascension_mode":true,"campfire_choices":[{"data":"Eruption","floor":7.0,"key":"SMITH"},{"floor":11.0,"key":"REST"},{"floor":15.0,"key":"REST"}],"circlet_count":0,"master_deck":["AscendersBane","Strike_P","Strike_P","Strike_P","Defend_P","Defend_P","Defend_P","Eruption+1","Vigilance","ReachHeaven","Consecrate","Brilliance"],"relics":["PureWater","NeowsBlessing","FossilizedHelix","Pantograph","Lantern","Eternal Feather","Busted Crown"],"acts_visited":["Exordium","TheCity"],"potions_floor_usage":[20],"damage_taken":[{"damage":0.0,"enemies":"Jaw Worm","floor":1.0,"turns":1.0},{"damage":0.0,"enemies":"2 Louse","floor":2.0,"turns":1.0},{"damage":0.0,"enemies":"Cultist","floor":3.0,"turns":1.0},{"damage":2.0,"enemies":"Large Slime","floor":4.0,"turns":3.0},{"damage":2.0,"enemies":"2 Fungi Beasts","floor":6.0,"turns":2.0},{"damage":37.0,"enemies":"Lagavulin","floor":8.0,"turns":6.0},{"damage":18.0,"enemies":"3 Sentries","floor":10.0,"turns":6.0},{"damage":0.0,"enemies":"Gremlin Nob","floor":13.0,"turns":2.0},{"damage":54.0,"enemies":"The Guardian","floor":16.0,"turns":10.0},{"damage":22.0,"enemies":"Shell Parasite","floor":18.0,"turns":3.0},{"damage":17,"enemies":"2 Thieves","floor":20,"turns":3},{"damage":12,"enemies":"Shelled Parasite and Fungi","floor":21,"turns":2}],"seed_played":"-7822977351866499746","potions_obtained":[{"floor":1.0,"key":"SpeedPotion"},{"floor":4.0,"key":"Regen Potion"},{"floor":13.0,"key":"StancePotion"},{"floor":16.0,"key":"FearPotion"},{"floor":18.0,"key":"LiquidMemories"}],"is_trial":false,"path_per_floor":["M","M","M","M","?","M","R","E","T","E","R","$","E","$","R","B",null,"M","?","M","M"],"character_chosen":"WATCHER","items_purchased":["FearPotion"],"campfire_rested":2,"item_purchase_floors":[12],"current_hp_per_floor":[61,61,61,59,59,62,62,25,25,7,27,27,27,27,53,14,55,33,27,10,0,0],"gold":212,"neow_bonus":"THREE_ENEMY_KILL","is_daily":false,"chose_seed":false,"campfire_upgraded":1,"win_rate":0.0,"timestamp":1613022904,"path_taken":["M","M","M","M","?","M","R","E","T","E","R","$","E","$","R","BOSS","M","?","?","M"],"items_purchased_type":["Potion"],"build_version":"2020-12-22","purchased_purges":1,"victory":false,"max_hp_per_floor":[68,68,68,68,68,68,68,68,68,68,68,68,68,68,68,68,68,68,68,68,68,68],"card_choices":[{"not_picked":["Fasting2","FollowUp"],"picked":"ReachHeaven","floor":1.0},{"not_picked":["FlurryOfBlows","Crescendo"],"picked":"Consecrate","floor":2.0},{"not_picked":["CrushJoints","Consecrate","Evaluate"],"picked":"SKIP","floor":3.0},{"not_picked":["Prostrate","JustLucky","WaveOfTheHand"],"picked":"SKIP","floor":4.0},{"not_picked":["Perseverance","Study","Alpha"],"picked":"SKIP","floor":6.0},{"not_picked":["Nirvana","Adaptation","CrushJoints"],"picked":"SKIP","floor":8.0},{"not_picked":["Pray","Halt"],"picked":"Brilliance","floor":10.0},{"not_picked":["Consecrate","ClearTheMind","BowlingBash"],"picked":"SKIP","floor":13.0},{"not_picked":["EmptyBody"],"picked":"SKIP","floor":18.0},{"not_picked":["ForeignInfluence"],"picked":"SKIP","floor":20}],"player_experience":1812846,"relics_obtained":[{"floor":8.0,"key":"FossilizedHelix"},{"floor":9.0,"key":"Pantograph"},{"floor":10.0,"key":"Lantern"},{"floor":13.0,"key":"Eternal Feather"}],"event_choices":[{"cards_removed":["Defend_P"],"damage_healed":0.0,"max_hp_gain":0.0,"max_hp_loss":0.0,"gold_gain":0.0,"event_name":"The Cleric","player_choice":"Card Removal","floor":5.0,"gold_loss":75.0,"damage_taken":0.0},{"damage_healed":0,"gold_gain":50,"player_choice":"Touch","damage_taken":6,"max_hp_gain":0,"max_hp_loss":0,"event_name":"FaceTrader","floor":19,"gold_loss":0}],"is_beta":false,"boss_relics":[{"not_picked":["Runic Dome","SlaversCollar"],"picked":"Busted Crown"}],"items_purged_floors":[12],"is_endless":false,"potions_floor_spawned":[1,4,13,16,18],"killed_by":"Shelled Parasite and Fungi","ascension_level":20}}