{"host":"mi0eibewekhugwl1","time":1613017223,"event":{"mods":["AchievementEnabler","BaseMod","Colored Map","Colored Powertips","DeckTracker","Keyboard Shortcuts","Minty Spire (QoL Compilation)","Quick Restart","Rare Cards Sparkle","Relic Stats","StSLib","SuperFastMode","everything is the same but u backflip on backflip"],"gold_per_floor":[118,118,43,43,43,73,93,105,132,159,215,215,215,233,233,233,233],"floor_reached":16,"language":"KOR","playtime":215,"items_purged":["Strike_G"],"score":266,"play_id":"abee503f-63e7-4462-970e-4f2745b4ff7a","local_time":"20210211132023","is_ascension_mode":true,"campfire_choices":[{"floor":12,"key":"REST"},{"data":"Noxious Fumes","floor":15,"key":"SMITH"}],"circlet_count":0,"master_deck":["AscendersBane","Strike_G","Strike_G","Strike_G","Defend_G+1","Defend_G+1","Defend_G","Defend_G","Defend_G","Survivor","Neutralize","Escape Plan","Masterful Stab","Choke","Blade Dance","Dagger Spray","Dagger Throw","Noxious Fumes+1"],"relics":["Ring of the Snake","NeowsBlessing","Akabeko","Potion Belt","War Paint","Art of War","Tiny Chest"],"acts_visited":["Exordium"],"potions_floor_usage":[11,11,16,16],"damage_taken":[{"damage":0,"enemies":"Jaw Worm","floor":1,"turns":1},{"damage":0,"enemies":"3 Sentries","floor":6,"turns":2},{"damage":0,"enemies":"Small Slimes","floor":7,"turns":1},{"damage":0,"enemies":"2 Louse","floor":8,"turns":2},{"damage":32,"enemies":"Lagavulin","floor":10,"turns":5},{"damage":8,"enemies":"Gremlin Nob","floor":11,"turns":3},{"damage":0,"enemies":"Large Slime","floor":14,"turns":2},{"damage":36,"enemies":"Hexaghost","floor":16,"turns":10}],"seed_played":"-7588403057656259756","potions_obtained":[{"floor":6,"key":"BlessingOfTheForge"},{"floor":7,"key":"Swift Potion"},{"floor":10,"key":"Energy Potion"},{"floor":14,"key":"GamblersBrew"}],"is_trial":false,"path_per_floor":["M","?","$","?","?","E","M","M","T","E","?","R","?","M","R","B"],"character_chosen":"THE_SILENT","items_purchased":[],"campfire_rested":1,"item_purchase_floors":[],"current_hp_per_floor":[59,54,54,59,59,59,59,59,59,27,19,40,33,33,33,0,0],"gold":233,"neow_bonus":"THREE_ENEMY_KILL","is_daily":false,"chose_seed":false,"campfire_upgraded":1,"win_rate":0.0,"timestamp":1613017223,"path_taken":["M","?","$","?","?","E","M","M","T","E","?","R","?","M","R","BOSS"],"items_purchased_type":[],"build_version":"2020-12-22","purchased_purges":1,"victory":false,"max_hp_per_floor":[66,66,66,71,71,71,71,71,71,71,71,71,71,71,71,71,71],"relic_stats":{"counters":[8,26],"Tiny Chest":0,"Art of War":[0],"War Paint":["Defend_G","Defend_G"],"obtain_stats":[{"Potion Belt":6,"NeowsBlessing":0,"Tiny Chest":11,"Art of War":10,"War Paint":9,"Akabeko":2,"Ring of the Snake":0},{"Potion Belt":2,"NeowsBlessing":0,"Tiny Chest":6,"Art of War":5,"War Paint":4,"Akabeko":1,"Ring of the Snake":0},{"Potion Belt":3,"NeowsBlessing":0,"Tiny Chest":14,"Art of War":11,"War Paint":6,"Akabeko":1,"Ring of the Snake":0}],"Ring of the Snake":[16]},"card_choices":[{"not_picked":["Flying Knee","Expertise"],"picked":"Escape Plan","floor":1},{"not_picked":["Escape Plan","Noxious Fumes"],"picked":"Masterful Stab","floor":6},{"not_picked":["Flying Knee","Calculated Gamble"],"picked":"Choke","floor":7},{"not_picked":["Prepared","All Out Attack"],"picked":"Blade Dance","floor":8},{"not_picked":["Distraction","Blade Dance"],"picked":"Dagger Spray","floor":10},{"not_picked":["Masterful Stab","Storm of Steel"],"picked":"Dagger Throw","floor":11},{"not_picked":["Crippling Poison","Eviscerate"],"picked":"Noxious Fumes","floor":14}],"player_experience":1794475,"relics_obtained":[{"floor":6,"key":"Potion Belt"},{"floor":9,"key":"War Paint"},{"floor":10,"key":"Art of War"},{"floor":11,"key":"Tiny Chest"}],"event_choices":[{"damage_healed":0,"gold_gain":0,"player_choice":"Success","damage_taken":5,"relics_obtained":["Akabeko"],"max_hp_gain":0,"max_hp_loss":0,"event_name":"Scrap Ooze","floor":2,"gold_loss":0},{"damage_healed":0,"gold_gain":0,"player_choice":"Donut","damage_taken":0,"max_hp_gain":5,"max_hp_loss":0,"event_name":"Big Fish","floor":4,"gold_loss":0},{"damage_healed":0,"gold_gain":0,"player_choice":"Leave","damage_taken":0,"max_hp_gain":0,"max_hp_loss":0,"event_name":"The Cleric","floor":5,"gold_loss":0},{"damage_healed":0,"gold_gain":0,"player_choice":"Searched \u00272\u0027 times","damage_taken":0,"max_hp_gain":0,"max_hp_loss":0,"event_name":"Dead Adventurer","floor":11,"gold_loss":0},{"cards_removed":["Strike_G"],"damage_healed":0,"gold_gain":0,"player_choice":"Card Removal","damage_taken":7,"max_hp_gain":0,"max_hp_loss":0,"event_name":"Golden Wing","floor":13,"gold_loss":0}],"is_beta":false,"boss_relics":[],"items_purged_floors":[3],"is_endless":false,"potions_floor_spawned":[6,7,10,14],"killed_by":"Hexaghost","ascension_level":20}}