{"host":"88hg6ocvqrqxrx5h","time":1613031279,"event":{"mods":["2.2 Compatiblity","BaseMod","Bestiary","Block Reminder","Colored Map","DeckTracker","Highlight Path","Minty Spire (QoL Compilation)","Relic Stats","Unceasing Turn Reminder","slay the spire mod where everything is the same but ironclad has a cowboy hat"],"gold_per_floor":[361,216,233,6,6,6,6,32,32,32,52,52,77,88,88,192,192,203,219,79,99,198,198,231,231,231,231,265,295,315,348,348,446,446,464,476,698,711,756,790,790,840,909,923,941,976,976,976],"floor_reached":47,"language":"ENG","playtime":2451,"items_purged":["Strike_R","Strike_R"],"score":865,"play_id":"32d8442f-ad89-48b4-b3ad-e2e216664759","local_time":"20210211001439","is_ascension_mode":true,"campfire_choices":[{"data":"Uppercut","floor":6.0,"key":"SMITH"},{"data":"Metallicize","floor":12.0,"key":"SMITH"},{"data":"Metallicize","floor":15.0,"key":"SMITH"},{"data":"Metallicize","floor":23.0,"key":"SMITH"},{"floor":25.0,"key":"DIG"},{"data":"Bludgeon","floor":27.0,"key":"SMITH"},{"data":"True Grit","floor":32.0,"key":"SMITH"},{"floor":41.0,"key":"REST"}],"circlet_count":0,"master_deck":["Strike_R","Strike_R","Defend_R","Defend_R","Defend_R","Defend_R","Bash","Uppercut+1","Inflame","Bludgeon+1","Metallicize+1","Anger+1","Iron Wave+1","Metallicize+1","Blood for Blood+1","Reaper+1","Disarm+1","Metallicize+1","True Grit+1","Demon Form","Sword Boomerang+1","Sword Boomerang+1","Shrug It Off","Warcry+1","Double Tap+1","Inflame+1","Heavy Blade+1","Bloodletting+1","Intimidate+1","Twin Strike+1","Battle Trance+1","Ghostly Armor+1"],"relics":["Burning Blood","Ornamental Fan","Orichalcum","Molten Egg 2","Spirit Poop","Happy Flower","Empty Cage","Shovel","Pear","TungstenRod","Red Mask","Frozen Egg 2","Toxic Egg 2","Snecko Eye","Ginger","Peace Pipe","Du-Vu Doll","Dead Branch"],"acts_visited":["Exordium","TheCity","TheBeyond"],"potions_floor_usage":[],"damage_taken":[{"damage":18.0,"enemies":"Jaw Worm","floor":1.0,"turns":5.0},{"damage":5.0,"enemies":"2 Louse","floor":3.0,"turns":4.0},{"damage":15.0,"enemies":"Gremlin Nob","floor":8.0,"turns":5.0},{"damage":0.0,"enemies":"Small Slimes","floor":11.0,"turns":2.0},{"damage":10.0,"enemies":"Lagavulin","floor":13.0,"turns":5.0},{"damage":0.0,"enemies":"Gremlin Gang","floor":14.0,"turns":5.0},{"damage":6.0,"enemies":"Hexaghost","floor":16.0,"turns":7.0},{"damage":16.0,"enemies":"2 Thieves","floor":18.0,"turns":4.0},{"damage":7.0,"enemies":"Shell Parasite","floor":19.0,"turns":5.0},{"damage":13.0,"enemies":"Shelled Parasite and Fungi","floor":21.0,"turns":6.0},{"damage":31.0,"enemies":"Slavers","floor":24.0,"turns":8.0},{"damage":27.0,"enemies":"Masked Bandits","floor":28.0,"turns":7.0},{"damage":20.0,"enemies":"Gremlin Leader","floor":29.0,"turns":6.0},{"damage":26.0,"enemies":"Centurion and Healer","floor":30.0,"turns":6.0},{"damage":0.0,"enemies":"Book of Stabbing","floor":31.0,"turns":6.0},{"damage":43.0,"enemies":"Collector","floor":33.0,"turns":9.0},{"damage":43.0,"enemies":"3 Darklings","floor":35.0,"turns":7.0},{"damage":0.0,"enemies":"Orb Walker","floor":36.0,"turns":4.0},{"damage":8.0,"enemies":"Maw","floor":38.0,"turns":7.0},{"damage":37.0,"enemies":"2 Orb Walkers","floor":39.0,"turns":5.0},{"damage":44.0,"enemies":"Giant Head","floor":40.0,"turns":7.0},{"damage":0.0,"enemies":"Mind Bloom Boss Battle","floor":42.0,"turns":2.0},{"damage":38.0,"enemies":"Spire Growth","floor":44.0,"turns":5.0},{"damage":32.0,"enemies":"Sphere and 2 Shapes","floor":45.0,"turns":32.0},{"damage":66.0,"enemies":"Nemesis","floor":46.0,"turns":11.0},{"damage":6,"enemies":"Jaw Worm Horde","floor":47,"turns":3}],"seed_played":"-1481504091079812177","potions_obtained":[{"floor":8.0,"key":"Weak Potion"},{"floor":11.0,"key":"Dexterity Potion"},{"floor":13.0,"key":"SteroidPotion"},{"floor":18.0,"key":"DuplicationPotion"},{"floor":21.0,"key":"DistilledChaos"},{"floor":30.0,"key":"FearPotion"},{"floor":31.0,"key":"SkillPotion"},{"floor":39.0,"key":"Explosive Potion"},{"floor":42.0,"key":"BloodPotion"},{"floor":44.0,"key":"Regen Potion"},{"floor":45.0,"key":"Ancient Potion"}],"is_trial":false,"path_per_floor":["M","$","M","$","?","R","?","E","T","?","M","R","E","M","R","B",null,"M","M","$","M","?","R","E","R","T","R","?","E","M","E","R","B",null,"M","M","?","M","?","E","R","?","T","M","M","E","M"],"character_chosen":"IRONCLAD","items_purchased":["Inflame","Bludgeon","Metallicize","Metallicize"],"campfire_rested":1,"item_purchase_floors":[2,4,4,20],"current_hp_per_floor":[60,60,61,61,61,61,54,45,45,45,51,51,47,53,53,53,67,67,72,72,72,72,72,47,57,57,57,46,69,49,62,62,25,68,63,81,81,79,53,36,60,66,66,41,57,13,7,7],"gold":976,"neow_bonus":"TWO_FIFTY_GOLD","is_daily":false,"chose_seed":false,"campfire_upgraded":6,"win_rate":0.0,"timestamp":1613031279,"path_taken":["M","$","M","$","?","R","?","E","T","?","M","R","E","?","R","BOSS","M","M","$","M","?","R","E","R","T","R","?","E","M","E","R","BOSS","M","M","?","M","?","E","R","?","T","M","M","E","M"],"items_purchased_type":["Card","Card","Card","Card"],"build_version":"2020-12-22","purchased_purges":2,"victory":false,"max_hp_per_floor":[72,72,72,72,72,72,72,72,72,72,72,72,72,72,72,72,72,72,72,72,72,72,72,72,82,82,82,82,82,82,82,82,82,82,82,82,82,82,82,82,82,82,82,82,82,82,82,82],"relic_stats":{"Peace Pipe":0,"Shovel":1,"Happy Flower":[50],"counters":[26,173],"Ornamental Fan":[104],"Dead Branch":[0],"Snecko Eye":[140,135,161,153],"Ginger":[2],"Orichalcum":[504],"obtain_stats":[{"Pear":25,"Happy Flower":13,"Dead Branch":46,"Spirit Poop":10,"Ginger":39,"Orichalcum":7,"Frozen Egg 2":29,"Empty Cage":17,"Burning Blood":0,"Peace Pipe":40,"Du-Vu Doll":42,"Shovel":24,"Ornamental Fan":5,"Snecko Eye":34,"Molten Egg 2":8,"Red Mask":28,"Toxic Egg 2":31,"TungstenRod":26},{"Pear":11,"Happy Flower":5,"Dead Branch":25,"Spirit Poop":3,"Ginger":20,"Orichalcum":2,"Frozen Egg 2":13,"Empty Cage":7,"Burning Blood":0,"Peace Pipe":21,"Du-Vu Doll":22,"Shovel":11,"Ornamental Fan":2,"Snecko Eye":16,"Molten Egg 2":3,"Red Mask":12,"Toxic Egg 2":15,"TungstenRod":11},{"Pear":56,"Happy Flower":21,"Dead Branch":170,"Spirit Poop":14,"Ginger":113,"Orichalcum":9,"Frozen Egg 2":69,"Empty Cage":33,"Burning Blood":0,"Peace Pipe":120,"Du-Vu Doll":122,"Shovel":56,"Ornamental Fan":9,"Snecko Eye":90,"Molten Egg 2":14,"Red Mask":63,"Toxic Egg 2":81,"TungstenRod":56}],"Burning Blood":146,"TungstenRod":50},"card_choices":[{"not_picked":["Body Slam","Perfected Strike"],"picked":"Uppercut","floor":1.0},{"not_picked":["Headbutt","Sentinel"],"picked":"Fire Breathing","floor":3.0},{"not_picked":["Ghostly Armor","Sentinel"],"picked":"Anger+1","floor":8.0},{"not_picked":["Disarm","Carnage+1"],"picked":"Iron Wave+1","floor":11.0},{"not_picked":["Dual Wield","Dropkick+1"],"picked":"Metallicize","floor":13.0},{"not_picked":["Heavy Blade+1","Dark Embrace"],"picked":"Blood for Blood+1","floor":14.0},{"not_picked":["Brutality","Limit Break"],"picked":"Reaper+1","floor":16.0},{"not_picked":["Thunderclap+1","Feel No Pain"],"picked":"Disarm+1","floor":18.0},{"not_picked":["Rampage+1","Rage","Dark Embrace+1"],"picked":"SKIP","floor":19.0},{"not_picked":["Anger+1","Body Slam+1"],"picked":"True Grit","floor":21.0},{"not_picked":["Whirlwind+1","Power Through+1"],"picked":"Demon Form","floor":24.0},{"not_picked":["Wild Strike+1","Fire Breathing+1"],"picked":"Sword Boomerang+1","floor":28.0},{"not_picked":["Intimidate","Anger+1"],"picked":"Sword Boomerang+1","floor":29.0},{"not_picked":["Clash+1","Thunderclap+1"],"picked":"Shrug It Off","floor":30.0},{"not_picked":["Clothesline+1","Cleave+1"],"picked":"Warcry+1","floor":31.0},{"not_picked":["Fiend Fire+1","Barricade+1"],"picked":"Double Tap+1","floor":33.0},{"not_picked":["Iron Wave+1","Warcry+1"],"picked":"Inflame+1","floor":35.0},{"not_picked":["Rage+1","Wild Strike+1"],"picked":"Heavy Blade+1","floor":36.0},{"not_picked":["Anger+1","Armaments+1"],"picked":"Bloodletting+1","floor":38.0},{"not_picked":["Hemokinesis+1","Carnage+1"],"picked":"Intimidate+1","floor":40.0},{"not_picked":["Rampage+1","Iron Wave+1"],"picked":"Twin Strike+1","floor":42.0},{"not_picked":["Shrug It Off+1","Warcry+1"],"picked":"Battle Trance+1","floor":44.0},{"not_picked":["Pommel Strike+1","Blood for Blood+1","Clothesline+1"],"picked":"SKIP","floor":45.0},{"not_picked":["Iron Wave+1","Double Tap+1"],"picked":"Ghostly Armor+1","floor":46.0}],"player_experience":175618,"relics_obtained":[{"floor":8.0,"key":"Molten Egg 2"},{"floor":13.0,"key":"Happy Flower"},{"floor":24.0,"key":"Shovel"},{"floor":25.0,"key":"Pear"},{"floor":26.0,"key":"TungstenRod"},{"floor":28.0,"key":"Red Mask"},{"floor":29.0,"key":"Frozen Egg 2"},{"floor":31.0,"key":"Toxic Egg 2"},{"floor":39.0,"key":"Ginger"},{"floor":40.0,"key":"Peace Pipe"},{"floor":42.0,"key":"Du-Vu Doll"},{"floor":46.0,"key":"Dead Branch"}],"event_choices":[{"damage_healed":0.0,"max_hp_gain":0.0,"max_hp_loss":0.0,"gold_gain":0.0,"event_name":"Big Fish","player_choice":"Box","floor":5.0,"gold_loss":0.0,"damage_taken":0.0,"relics_obtained":["Ornamental Fan"],"cards_obtained":["Regret"]},{"damage_healed":0.0,"max_hp_gain":0.0,"max_hp_loss":0.0,"gold_gain":0.0,"event_name":"Scrap Ooze","player_choice":"Success","floor":7.0,"gold_loss":0.0,"damage_taken":7.0,"relics_obtained":["Orichalcum"]},{"cards_removed":["Regret"],"damage_healed":0.0,"max_hp_gain":0.0,"max_hp_loss":0.0,"gold_gain":0.0,"event_name":"Bonfire Elementals","player_choice":"Offered Curse","floor":10.0,"gold_loss":0.0,"damage_taken":0.0,"relics_obtained":["Spirit Poop"]},{"damage_healed":0.0,"max_hp_gain":0.0,"max_hp_loss":0.0,"gold_gain":99.0,"event_name":"Nest","player_choice":"Stole From Cult","floor":22.0,"gold_loss":0.0,"damage_taken":0.0},{"damage_healed":0.0,"max_hp_gain":0.0,"max_hp_loss":0.0,"gold_gain":0.0,"event_name":"Masked Bandits","player_choice":"Fought Bandits","floor":28.0,"gold_loss":0.0,"damage_taken":0.0},{"damage_healed":0.0,"max_hp_gain":0.0,"max_hp_loss":0.0,"gold_gain":222.0,"event_name":"Tomb of Lord Red Mask","player_choice":"Wore Mask","floor":37.0,"gold_loss":0.0,"damage_taken":0.0},{"damage_healed":0.0,"max_hp_gain":0.0,"max_hp_loss":0.0,"gold_gain":0.0,"event_name":"Mysterious Sphere","player_choice":"Fight","floor":39.0,"gold_loss":0.0,"damage_taken":0.0},{"damage_healed":0.0,"max_hp_gain":0.0,"max_hp_loss":0.0,"gold_gain":0.0,"event_name":"MindBloom","player_choice":"Fight","floor":42.0,"gold_loss":0.0,"damage_taken":0.0}],"is_beta":false,"boss_relics":[{"not_picked":["Runic Cube","Runic Pyramid"],"picked":"Empty Cage"},{"not_picked":["Busted Crown","Mark of Pain"],"picked":"Snecko Eye"}],"items_purged_floors":[2,20],"is_endless":false,"potions_floor_spawned":[8,11,13,14,18,21,30,31,39,42,44,45],"killed_by":"Jaw Worm Horde","ascension_level":8}}