{"host":"8e3sp1tozjyrh64l","time":1613015368,"event":{"mods":["BaseMod","Better Altar","Better Match","Better Note","Better Sensory Stone","Better Silent Start","Better Skull","Better Third Choice","BetterRewards","Curses Come First","Defuse TimeMaze Blight","Infinite Spire","Minty Spire (QoL Compilation)","Permanent Neow","Rare Cards Sparkle","Relic Sorter","Reliquary","Replay The Spire","Shop Mod","Spicy Shops","StSLib","SuperFastMode","Wandering Minibosses"],"gold_per_floor":[214,230,245,265,251,281,297,297,367,353,373,373,399,3,3,100,150,230,245,245,262,2,2,2,2,27,39,53,53,65,81,81,183,183,183],"floor_reached":34,"language":"ENG","playtime":1356,"items_purged":["Strike_G"],"score":520,"play_id":"7ee15a29-04b8-44b2-8ca3-048deec23637","local_time":"20210210204928","is_ascension_mode":false,"campfire_choices":[{"data":"Eviscerate","floor":8,"key":"SMITH"},{"data":"Neutralize","floor":12,"key":"SMITH"},{"data":"All Out Attack","floor":15,"key":"SMITH"},{"data":"1","floor":23,"key":"LIFT"},{"data":"2","floor":32,"key":"LIFT"}],"circlet_count":0,"master_deck":["Strike_G","Strike_G","Strike_G","Defend_G","Defend_G","Defend_G+1","Defend_G","Survivor","Neutralize+1","Dagger Spray","Infinite Blades","Flying Knee","Eviscerate+1","Acrobatics","All Out Attack","All Out Attack+1","Unload","Noxious Fumes","Footwork+1","Envenom"],"relics":["Juzu Bracelet","Ring of the Snake","Gremlin Horn","Lee\u0027s Waffle","Replay:Multitool","Tiny House","infinitespire:ShieldingShard","wanderingMiniBosses:ThiefScarf","Girya","MerchantsRug","Replay:Baseball","Shovel","Vajra","infinitespire:EvilPickle"],"acts_visited":["Exordium","TheCity"],"potions_floor_usage":[6,13,16,16,18],"damage_taken":[{"damage":0,"enemies":"Small Slimes","floor":1,"turns":5},{"damage":0,"enemies":"2 Louse","floor":2,"turns":3},{"damage":0,"enemies":"Cultist","floor":3,"turns":4},{"damage":0,"enemies":"3 Louse","floor":4,"turns":2},{"damage":27,"enemies":"Exordium Thugs","floor":5,"turns":6},{"damage":18,"enemies":"Lagavulin","floor":6,"turns":6},{"damage":5,"enemies":"2 Fungi Beasts","floor":7,"turns":3},{"damage":1,"enemies":"Blue Slaver","floor":10,"turns":7},{"damage":7,"enemies":"Large Slime","floor":11,"turns":4},{"damage":9,"enemies":"3 Sentries","floor":13,"turns":3},{"damage":43,"enemies":"Hexaghost","floor":16,"turns":10},{"damage":4,"enemies":"2 Thieves","floor":18,"turns":5},{"damage":7,"enemies":"Shell Parasite","floor":19,"turns":5},{"damage":17,"enemies":"Sentry and Sphere","floor":21,"turns":4},{"damage":14,"enemies":"Centurion and Healer","floor":27,"turns":6},{"damage":12,"enemies":"Cultist and Chosen","floor":28,"turns":5},{"damage":15,"enemies":"Snake Plant","floor":30,"turns":4},{"damage":10,"enemies":"Centurion and Healer","floor":31,"turns":6},{"damage":46,"enemies":"Pondfish","floor":33,"turns":9}],"seed_played":"8512008608296044770","potions_obtained":[{"floor":3,"key":"Venom Potion"},{"floor":7,"key":"PowerPotion"},{"floor":10,"key":"Venom Potion"},{"floor":13,"key":"Poison Potion"},{"floor":16,"key":"SteroidPotion"},{"floor":17,"key":"SkillPotion"},{"floor":18,"key":"AttackPotion"},{"floor":30,"key":"Swift Potion"},{"floor":31,"key":"Weak Potion"}],"is_trial":false,"path_per_floor":["M","M","M","M","M","E","M","R","T","M","M","R","E","$","R","B",null,"M","M","?","M","$","R","AVR","?","T","M","M","?","M","M","R","B",null],"character_chosen":"THE_SILENT","items_purchased":["Lee\u0027s Waffle","reliquary:FerryPass","Fruit Juice","MerchantsRug","Replay:Baseball"],"campfire_rested":0,"item_purchase_floors":[14,14,14,22,22],"current_hp_per_floor":[70,70,70,70,43,25,20,20,20,19,12,12,3,77,77,34,82,78,71,71,54,54,54,54,54,54,40,28,82,67,57,57,11,11,11],"gold":183,"neow_bonus":"HUNDRED_GOLD","is_daily":false,"chose_seed":false,"campfire_upgraded":3,"win_rate":0.0,"timestamp":1613015368,"path_taken":["M","M","M","M","M","E","M","R","T","M","M","R","E","$","R","BOSS","M","M","?","M","$","R","AVR","?","T","M","M","?","M","M","R","BOSS"],"items_purchased_type":["Relic","Relic","Potion","Relic","Relic"],"build_version":"2020-12-22","purchased_purges":1,"victory":false,"max_hp_per_floor":[70,70,70,70,70,70,70,70,70,70,70,70,70,77,77,77,82,82,82,82,82,82,82,82,82,82,82,82,82,82,82,82,82,82,82],"card_choices":[{"not_picked":["Backstab","Fluid Movement"],"picked":"Dagger Spray","floor":1},{"not_picked":["Dodge and Roll","Draining Mist"],"picked":"Infinite Blades","floor":2},{"not_picked":["Underhanded Strike","ReplayTheSpireMod:Speed Training"],"picked":"Flying Knee","floor":3},{"not_picked":["Flying Knee","Hidden Blade"],"picked":"Eviscerate","floor":4},{"not_picked":["Leg Sweep","Acrobatics","Outmaneuver"],"picked":"SKIP","floor":5},{"not_picked":["Leg Sweep","Outmaneuver"],"picked":"Acrobatics","floor":5},{"not_picked":["ReplayTheSpireMod:Shiv Toss","Masterful Stab","Night Terror"],"picked":"SKIP","floor":6},{"not_picked":["Sucker Punch","Quick Slash"],"picked":"All Out Attack","floor":7},{"not_picked":["Quick Slash","Acrobatics"],"picked":"All Out Attack","floor":10},{"not_picked":["ReplayTheSpireMod:Tripwire","PiercingWail","Toxin Wave"],"picked":"SKIP","floor":11},{"not_picked":["Draining Mist","Poisoned Stab","Predator"],"picked":"SKIP","floor":13},{"not_picked":["ReplayTheSpireMod:From All Sides","Wraith Form v2"],"picked":"Unload","floor":16},{"not_picked":["Poisoned Stab","All Out Attack"],"picked":"Noxious Fumes","floor":18},{"not_picked":["Dash","Poisoned Stab+1"],"picked":"Footwork+1","floor":19},{"not_picked":["Setup","Catalyst+1","ReplayTheSpireMod:Speed Training"],"picked":"SKIP","floor":21},{"not_picked":["Expertise","Catalyst+1"],"picked":"Footwork","floor":27},{"not_picked":["Flying Knee","Hidden Blade+1","Backflip"],"picked":"SKIP","floor":28},{"not_picked":["Bouncing Flask+1","PiercingWail","Prepared"],"picked":"SKIP","floor":30},{"not_picked":["Hidden Blade","Quick Slash","Tactician+1"],"picked":"SKIP","floor":31},{"not_picked":["Tools of the Trade","Adrenaline"],"picked":"Envenom","floor":33}],"player_experience":925610,"relics_obtained":[{"floor":6,"key":"Juzu Bracelet"},{"floor":9,"key":"infinitespire:ShieldingShard"},{"floor":13,"key":"Gremlin Horn"},{"floor":16,"key":"Replay:Multitool"},{"floor":18,"key":"Ring of the Snake"},{"floor":18,"key":"infinitespire:ShieldingShard"},{"floor":18,"key":"wanderingMiniBosses:ThiefScarf"},{"floor":26,"key":"Vajra"}],"event_choices":[{"damage_healed":0,"gold_gain":0,"player_choice":"Gave Potion","damage_taken":0,"relics_obtained":["Girya"],"max_hp_gain":0,"max_hp_loss":0,"event_name":"WeMeetAgain","floor":20,"gold_loss":0},{"damage_healed":0,"gold_gain":0,"player_choice":"Ignored","damage_taken":0,"max_hp_gain":0,"max_hp_loss":0,"event_name":"betterNote:BetterNote","floor":25,"gold_loss":0,"cards_obtained":["Accuracy"]},{"cards_removed":["Footwork"],"damage_healed":54,"gold_gain":0,"player_choice":"Offered Uncommon","damage_taken":0,"max_hp_gain":0,"max_hp_loss":0,"event_name":"Bonfire Elementals","floor":29,"gold_loss":0}],"is_beta":false,"boss_relics":[{"not_picked":["Philosopher\u0027s Stone","Runic Dome"],"picked":"Tiny House"}],"items_purged_floors":[24],"is_endless":false,"potions_floor_spawned":[3,7,10,13,16,18,30,31],"ascension_level":0}}