{"host":"rtw1tnr74gozsrw1","time":1613085989,"event":{"mods":["BaseMod","Colored Map","Colored Powertips","Highlight Path","Infinite Spire","Minty Spire (QoL Compilation)","StSLib","The Cursed","The Jungle"],"gold_per_floor":[112,112,43,53,68,68,143,143,143,143,161,161,177,195,195,195,195],"floor_reached":16,"language":"ENG","playtime":469,"items_purged":[],"score":101,"play_id":"c0107f5e-2025-4672-88a5-7f3d6240a57b","local_time":"20210212002629","is_ascension_mode":true,"campfire_choices":[{"data":"Footwork","floor":6,"key":"SMITH"},{"data":"Deadly Poison","floor":8,"key":"SMITH"},{"data":"Catalyst","floor":10,"key":"SMITH"},{"floor":15,"key":"REST"}],"circlet_count":0,"master_deck":["Strike_G","Strike_G","Strike_G","Strike_G","Strike_G","Defend_G","Defend_G","Defend_G","Defend_G","Defend_G","Survivor","Neutralize","Footwork+1","Catalyst+1","Deadly Poison+1","Crippling Poison"],"relics":["Ring of the Snake","NeowsBlessing","Eternal Feather"],"acts_visited":["Exordium"],"potions_floor_usage":[16,16],"damage_taken":[{"damage":0,"enemies":"2 Louse","floor":1,"turns":1},{"damage":0,"enemies":"Cultist","floor":4,"turns":1},{"damage":0,"enemies":"Jaw Worm","floor":5,"turns":1},{"damage":17,"enemies":"2 Fungi Beasts","floor":11,"turns":4},{"damage":5,"enemies":"Exordium Thugs","floor":13,"turns":7},{"damage":15,"enemies":"Lots of Slimes","floor":14,"turns":6},{"damage":44,"enemies":"Slime Boss","floor":16,"turns":14}],"seed_played":"-3563515099420076325","potions_obtained":[{"floor":1,"key":"SpeedPotion"},{"floor":11,"key":"SkillPotion"}],"is_trial":false,"path_per_floor":["M","?","$","M","M","R","?","R","T","R","M","?","M","M","R","B"],"character_chosen":"THE_SILENT","items_purchased":["Footwork"],"campfire_rested":1,"item_purchase_floors":[3],"current_hp_per_floor":[70,70,70,70,70,70,59,59,59,68,51,51,46,31,61,17,17],"gold":195,"neow_bonus":"THREE_ENEMY_KILL","is_daily":false,"chose_seed":false,"campfire_upgraded":3,"win_rate":0.0,"timestamp":1613085989,"path_taken":["M","?","$","?","M","R","?","R","T","R","M","?","M","M","R","BOSS"],"items_purchased_type":["Card"],"build_version":"2020-12-22","purchased_purges":0,"victory":false,"max_hp_per_floor":[70,70,70,70,70,70,70,70,70,70,70,70,70,70,70,70,70],"card_choices":[{"not_picked":["Deflect","Dodge and Roll","Blur"],"picked":"SKIP","floor":1},{"not_picked":["Reflex","Cloak And Dagger"],"picked":"Catalyst","floor":4},{"not_picked":["Escape Plan","Finisher"],"picked":"Deadly Poison","floor":5},{"not_picked":["Caltrops","Deflect","Acrobatics"],"picked":"SKIP","floor":11},{"not_picked":["Heel Hook","Prepared","Quick Slash"],"picked":"SKIP","floor":13},{"not_picked":["All Out Attack","Masterful Stab"],"picked":"Crippling Poison","floor":14}],"player_experience":140732,"relics_obtained":[{"floor":9,"key":"Eternal Feather"}],"event_choices":[{"damage_healed":0,"gold_gain":0,"player_choice":"Ignored","damage_taken":0,"max_hp_gain":0,"max_hp_loss":0,"event_name":"WeMeetAgain","floor":2,"gold_loss":0},{"damage_healed":0,"gold_gain":75,"player_choice":"Gather Gold","damage_taken":11,"max_hp_gain":0,"max_hp_loss":0,"event_name":"World of Goop","floor":7,"gold_loss":0},{"damage_healed":0,"gold_gain":0,"player_choice":"Leave","damage_taken":0,"max_hp_gain":0,"max_hp_loss":0,"event_name":"FaceTrader","floor":12,"gold_loss":0}],"is_beta":false,"boss_relics":[],"items_purged_floors":[],"is_endless":false,"potions_floor_spawned":[1,11],"killed_by":"Slime Boss","ascension_level":2}}