{"host":"7hyhwvsa82ta6oxf","time":1613039502,"event":{"mods":["2.2 Compatiblity","Act Like it!","AlwaysNeverKeys","Arknights","BaseMod","Better Vampires","Downfall","Friendly Minions","Minty Spire (QoL Compilation)","MostiFishMod","READ ME - Guardian Mod","Spicy Shops","StSLib","Td1madao Mod","TestMod","The Servant 0.9.4","UnlockEverythingMod","Waifu the Spire","WarShipGirlsR/战舰少女R mod","Yuri Mod","【功能Mod】混沌之环修复补丁","残留之物"],"gold_per_floor":[110,128,128,128,53,53,84,84,84,102,102,116,116,144,144,248,248,263,277,288,300,300,328,328,90,113,144,44,56,82,93,93,191,191,204,79,79,97,372,398,411,411,411,431,445,465,483,517,517,517,517,517,210,240,240],"floor_reached":56,"language":"ZHS","playtime":1852,"items_purged":["PlaceholderMod:BaseStrike","PlaceholderMod:BaseStrike","PlaceholderMod:BaseStrike","PlaceholderMod:BaseStrike"],"score":1529,"play_id":"00a19665-0a5b-47b8-90fd-0711d6aa1e54","local_time":"20210211183142","is_ascension_mode":false,"campfire_choices":[{"data":"PlaceholderMod:EvolutionSpray","floor":6,"key":"SMITH"},{"data":"PlaceholderMod:InnerSoften","floor":8,"key":"SMITH"},{"data":"PlaceholderMod:ConsolidateHit","floor":15,"key":"SMITH"},{"data":"PlaceholderMod:DoublePoint","floor":24,"key":"SMITH"},{"data":"PlaceholderMod:Stable","floor":32,"key":"SMITH"},{"data":"PlaceholderMod:InnerStable","floor":42,"key":"SMITH"},{"data":"PlaceholderMod:ComplexForm","floor":49,"key":"SMITH"},{"data":"PlaceholderMod:Hyperplasia","floor":52,"key":"SMITH"}],"circlet_count":0,"master_deck":["PlaceholderMod:BaseDefend","PlaceholderMod:BaseDefend","PlaceholderMod:BaseDefend","PlaceholderMod:BaseDefend","PlaceholderMod:BaseDefend","PlaceholderMod:Crystal+1","PlaceholderMod:PoisonWhip","PlaceholderMod:SprayAttack","PlaceholderMod:EvolutionSpray+1","PlaceholderMod:InnerSoften+1","PlaceholderMod:ParasiteChange","PlaceholderMod:Hard+1","PlaceholderMod:ConsolidateHit+1","PlaceholderMod:DoublePoint+1","PlaceholderMod:InnerStable+1","PlaceholderMod:CorePoison","PlaceholderMod:SprayAttack+1","PlaceholderMod:EvolutionSpray+1","PlaceholderMod:ThreeBenzyolStart+1","PlaceholderMod:SubstitutionNucleophilic1","PlaceholderMod:ComplexForm+1","PlaceholderMod:QualitativeChange+1","PlaceholderMod:Hyperplasia+1","PlaceholderMod:Stable+1","PlaceholderMod:Activation+1","Regret","PlaceholderMod:MultipleOxi+1","PlaceholderMod:PoisonExcitation+1","PlaceholderMod:SelectReaction+1","PlaceholderMod:DirectingGroup+1"],"relics":["PlaceholderMod:Tancle","testmod-TestBox","DaveBox","testmod-Fanaticism","SynthV:C4","NeowsBlessing","SynthV:TestCard","bronze:BronzeIdol","White Beast Statue","testmod-EqualTreatment","testmod-EnergyCheck","Lantern","BrkXgEgg","Happy Flower","Art of War","Boot","Busted Crown","Unceasing Top","Blue Candle","hexamod:BolsterEngine","DiscerningMonocle","PlaceholderMod:NyogSothep","testmod-OneHitWonder","Pear","testmod-Muramasa","bronze:DonusWashers","Oddly Smooth Stone"],"acts_visited":["Exordium","TheCity","TheBeyond","TheEnding"],"potions_floor_usage":[10,16,16,16,18,33,33,33,55,55],"damage_taken":[{"damage":0.0,"enemies":"Jaw Worm","floor":1.0,"turns":1.0},{"damage":0.0,"enemies":"ats:Genji","floor":2.0,"turns":1.0},{"damage":0,"enemies":"Gremlin Nob","floor":7,"turns":1},{"damage":0,"enemies":"Small Slimes","floor":10,"turns":2},{"damage":4,"enemies":"Blue Slaver","floor":12,"turns":3},{"damage":0,"enemies":"Lagavulin","floor":14,"turns":4},{"damage":26,"enemies":"The Guardian","floor":16,"turns":8},{"damage":20,"enemies":"2 Thieves","floor":18,"turns":3},{"damage":3,"enemies":"Spheric Guardian","floor":19,"turns":4},{"damage":0,"enemies":"Snake Plant","floor":20,"turns":4},{"damage":1,"enemies":"Centurion and Healer","floor":21,"turns":2},{"damage":31,"enemies":"Gremlin Leader","floor":23,"turns":3},{"damage":0,"enemies":"Slavers","floor":27,"turns":1},{"damage":0,"enemies":"Snecko","floor":29,"turns":2},{"damage":5,"enemies":"Gremlin Leader","floor":30,"turns":2},{"damage":0,"enemies":"3 Cultists","floor":31,"turns":1},{"damage":21,"enemies":"Champ","floor":33,"turns":4},{"damage":3,"enemies":"3 Darklings","floor":35,"turns":2},{"damage":29,"enemies":"3 Shapes","floor":38,"turns":2},{"damage":0,"enemies":"Reptomancer","floor":40,"turns":1},{"damage":39,"enemies":"Writhing Mass","floor":41,"turns":2},{"damage":0,"enemies":"Spire Growth","floor":44,"turns":2},{"damage":1,"enemies":"4 Shapes","floor":45,"turns":1},{"damage":0,"enemies":"Transient","floor":46,"turns":4},{"damage":8,"enemies":"Maw","floor":47,"turns":3},{"damage":0,"enemies":"Giant Head","floor":48,"turns":4},{"damage":30,"enemies":"Time Eater","floor":50,"turns":4},{"damage":0,"enemies":"Shield and Spear","floor":54,"turns":2},{"damage":31,"enemies":"The Heart","floor":55,"turns":3}],"seed_played":"1163446599078043270","potions_obtained":[{"floor":7,"key":"FearPotion"},{"floor":10,"key":"testmod-SpacePotion"},{"floor":11,"key":"Guardian:BlockOnCardUsePotion"},{"floor":11,"key":"SneckoOil"},{"floor":11,"key":"Fire Potion"},{"floor":16,"key":"FearPotion"},{"floor":18,"key":"PowerPotion"},{"floor":19,"key":"PowerPotion"},{"floor":20,"key":"Fire Potion"},{"floor":38,"key":"Slimebound:ThreeZeroPotion"},{"floor":40,"key":"SkillPotion"},{"floor":41,"key":"ColorlessPotion"},{"floor":46,"key":"Swift Potion"}],"is_trial":false,"path_per_floor":["M","M","?","?","$","R","E","R","T","M","?","M","?","E","R","B",null,"M","M","M","M","?","E","R","$","T","E","$","M","E","M","R","B",null,"M","$","?","M","?","E","M","R","T","M","M","M","M","E","R","B",null,"R","$","E","B",null],"character_chosen":"THE_PLACEHOLDER","items_purchased":["PlaceholderMod:SubstitutionNucleophilic1","BrkXgEgg","DiscerningMonocle","PlaceholderMod:NyogSothep","testmod-OneHitWonder","Pear","testmod-Muramasa","bronze:DonusWashers"],"campfire_rested":0,"item_purchase_floors":[25,25,53,53,53,53,53,53],"current_hp_per_floor":[78,78,53,46,46,46,46,46,46,46,46,42,26,26,26,24,78,70,68,68,67,67,78,78,78,78,78,78,78,75,75,75,78,78,78,78,78,76,76,76,78,78,78,78,77,77,78,78,78,78,78,78,88,88,88],"gold":240,"neow_bonus":"THREE_ENEMY_KILL","is_daily":false,"chose_seed":false,"campfire_upgraded":8,"win_rate":0.0,"timestamp":1613039502,"path_taken":["M","M","?","?","$","R","E","R","T","M","?","?","?","E","R","BOSS","M","M","M","M","?","E","R","$","T","E","?","M","E","M","R","BOSS","M","$","?","M","?","E","M","R","T","M","?","M","M","E","R","BOSS","R","$","E","BOSS"],"items_purchased_type":["Card","Relic","Relic","Relic","Relic","Relic","Relic","Relic"],"build_version":"2020-12-22","purchased_purges":4,"victory":true,"max_hp_per_floor":[78,78,78,78,78,78,78,78,78,78,78,78,78,78,78,78,78,78,78,78,78,78,78,78,78,78,78,78,78,78,78,78,78,78,78,78,78,78,78,78,78,78,78,78,78,78,78,78,78,78,78,78,88,88,88],"card_choices":[{"not_picked":["PlaceholderMod:Polyp","PlaceholderMod:Stratification"],"picked":"PlaceholderMod:SprayAttack","floor":1.0},{"not_picked":["PlaceholderMod:SpinBlade","PlaceholderMod:AttackAsDefend","PlaceholderMod:NearChange","PlaceholderMod:ComplexForm"],"picked":"PlaceholderMod:EvolutionSpray","floor":2.0},{"not_picked":["PlaceholderMod:Internalization","PlaceholderMod:DirectingGroup","PlaceholderMod:Polyp","PlaceholderMod:PoisonAbsorb"],"picked":"PlaceholderMod:InnerSoften","floor":7},{"not_picked":["PlaceholderMod:ProliferateStrike","PlaceholderMod:StressReaction","PlaceholderMod:AngryAttack","PlaceholderMod:Sweep"],"picked":"PlaceholderMod:ParasiteChange","floor":10},{"not_picked":["PlaceholderMod:AttackAsDefend","PlaceholderMod:DiffusionChemical","PlaceholderMod:SeverePoisonStrike","PlaceholderMod:CrystallizationStrike"],"picked":"PlaceholderMod:Hard","floor":12},{"not_picked":["PlaceholderMod:Turn","PlaceholderMod:PoisonBlast","PlaceholderMod:Eat","PlaceholderMod:Sweep"],"picked":"PlaceholderMod:ConsolidateHit","floor":14},{"not_picked":["PlaceholderMod:InnerSoften","PlaceholderMod:FinalSpray","PlaceholderMod:ReactionCatalyze","PlaceholderMod:QualitativeChange"],"picked":"PlaceholderMod:DoublePoint","floor":16},{"not_picked":["PlaceholderMod:DissolvingSpikes+1","PlaceholderMod:HardStinger","PlaceholderMod:ConsolidateHit","PlaceholderMod:EnergyAbsorb"],"picked":"PlaceholderMod:InnerStable","floor":18},{"not_picked":["PlaceholderMod:PoisonAbsorb","PlaceholderMod:SeverePoisonStrike","PlaceholderMod:Turn","PlaceholderMod:Sweep+1","PlaceholderMod:ParasiteChange"],"picked":"SKIP","floor":19},{"not_picked":["PlaceholderMod:SpinBlade+1","PlaceholderMod:AttackAsDefend","PlaceholderMod:TriggerStrike","PlaceholderMod:ProliferateStrike"],"picked":"PlaceholderMod:CorePoison","floor":20},{"not_picked":["PlaceholderMod:SevereHeat","PlaceholderMod:OHStrongAttack","PlaceholderMod:TriggerStrike+1","PlaceholderMod:PoisonAbsorb"],"picked":"PlaceholderMod:SprayAttack+1","floor":21},{"not_picked":["PlaceholderMod:PoisonExcitation","PlaceholderMod:EvolutionSpray","PlaceholderMod:StrongAcid","PlaceholderMod:HornyBlast"],"picked":"PlaceholderMod:ThreeBenzyolStart+1","floor":23},{"not_picked":["PlaceholderMod:HornyBlast","PlaceholderMod:SpinBlade","PlaceholderMod:Sweep","PlaceholderMod:Package"],"picked":"PlaceholderMod:ComplexForm","floor":27},{"not_picked":["PlaceholderMod:ThreeBenzyolStart+1","PlaceholderMod:PoisonAbsorb","PlaceholderMod:Corrosion","PlaceholderMod:Sweep"],"picked":"PlaceholderMod:QualitativeChange+1","floor":29},{"not_picked":["PlaceholderMod:ParasiteChange+1","PlaceholderMod:AttackAsDefend","PlaceholderMod:ProliferateStrike","PlaceholderMod:InnerStable"],"picked":"PlaceholderMod:Hyperplasia","floor":30},{"not_picked":["PlaceholderMod:DissolvingSpikes","PlaceholderMod:StressReaction","PlaceholderMod:SpinBlade","PlaceholderMod:HealingAttack"],"picked":"PlaceholderMod:Stable","floor":31},{"not_picked":["PlaceholderMod:DiffusionPoison+1","PlaceholderMod:GrowthForm+1","PlaceholderMod:FinalSpray+1","PlaceholderMod:HornyCollision+1"],"picked":"PlaceholderMod:Activation+1","floor":33},{"not_picked":["PlaceholderMod:SeverePoisonStrike+1","PlaceholderMod:OHStrongAttack+1","PlaceholderMod:PoisonAbsorb+1"],"picked":"SKIP","floor":35},{"not_picked":["PlaceholderMod:Polyp+1","PlaceholderMod:PoisonAbsorb","PlaceholderMod:SeverePoisonStrike"],"picked":"SKIP","floor":38},{"not_picked":["PlaceholderMod:Corrosion","PlaceholderMod:PoisonBlast"],"picked":"PlaceholderMod:MultipleOxi+1","floor":40},{"not_picked":["PlaceholderMod:Hyperplasia+1","PlaceholderMod:HardStinger"],"picked":"PlaceholderMod:PoisonExcitation+1","floor":41},{"not_picked":["PlaceholderMod:Turn+1","PlaceholderMod:StrongAcid+1","PlaceholderMod:AngryAttack"],"picked":"SKIP","floor":44},{"not_picked":["PlaceholderMod:ProliferateStrike+1","PlaceholderMod:HardStinger","PlaceholderMod:HornyCollision+1"],"picked":"SKIP","floor":45},{"not_picked":["PlaceholderMod:SpinBlade+1","PlaceholderMod:Hyperplasia+1"],"picked":"PlaceholderMod:SelectReaction+1","floor":46},{"not_picked":["PlaceholderMod:SprayAttack+1","PlaceholderMod:Package"],"picked":"PlaceholderMod:DirectingGroup+1","floor":47},{"not_picked":["PlaceholderMod:DiffusionChemical+1","PlaceholderMod:AttackAsDefend+1","PlaceholderMod:Hard"],"picked":"SKIP","floor":48},{"not_picked":["PlaceholderMod:HardStinger","PlaceholderMod:Package+1","PlaceholderMod:DirectingGroup+1"],"picked":"SKIP","floor":54},{"not_picked":["PlaceholderMod:HardStinger","PlaceholderMod:Package+1","PlaceholderMod:DirectingGroup+1"],"picked":"SKIP","floor":54}],"player_experience":299386,"relics_obtained":[{"floor":1.0,"key":"SynthV:TestCard"},{"floor":7,"key":"White Beast Statue"},{"floor":9,"key":"testmod-EqualTreatment"},{"floor":23,"key":"Lantern"},{"floor":26,"key":"Happy Flower"},{"floor":27,"key":"Art of War"},{"floor":30,"key":"Boot"},{"floor":40,"key":"Unceasing Top"},{"floor":43,"key":"Blue Candle"},{"floor":48,"key":"hexamod:BolsterEngine"},{"floor":54,"key":"Oddly Smooth Stone"}],"event_choices":[{"damage_healed":0.0,"max_hp_gain":0.0,"max_hp_loss":0.0,"gold_gain":0.0,"event_name":"Scrap Ooze","player_choice":"Success","floor":3.0,"gold_loss":0.0,"damage_taken":25.0,"relics_obtained":["bronze:BronzeIdol"]},{"cards_removed":["PlaceholderMod:BaseStrike"],"damage_healed":0.0,"max_hp_gain":0.0,"max_hp_loss":0.0,"gold_gain":0.0,"event_name":"Golden Wing","player_choice":"Card Removal","floor":4.0,"gold_loss":0.0,"damage_taken":7.0},{"damage_healed":0,"gold_gain":0,"player_choice":"Got Potions","damage_taken":0,"max_hp_gain":0,"max_hp_loss":0,"event_name":"Lab","floor":11,"gold_loss":0},{"damage_healed":0,"gold_gain":0,"player_choice":"Entered Light","damage_taken":16,"max_hp_gain":0,"max_hp_loss":0,"event_name":"Shining Light","floor":13,"gold_loss":0,"cards_upgraded":["PlaceholderMod:Hard","PlaceholderMod:Crystal"]},{"damage_healed":0,"gold_gain":0,"player_choice":"Copied","damage_taken":0,"max_hp_gain":0,"max_hp_loss":0,"event_name":"Duplicator","floor":22,"gold_loss":0,"cards_obtained":["PlaceholderMod:EvolutionSpray"]},{"damage_healed":0,"gold_gain":0,"player_choice":"Memory 1","damage_taken":0,"max_hp_gain":0,"max_hp_loss":0,"event_name":"SensoryStone","floor":37,"gold_loss":0},{"damage_healed":0,"gold_gain":275,"player_choice":"Desecrate","damage_taken":0,"max_hp_gain":0,"max_hp_loss":0,"event_name":"Golden Shrine","floor":39,"gold_loss":0,"cards_obtained":["Regret"]}],"is_beta":false,"boss_relics":[{"not_picked":["TimeKeys","testmod-BloodSacrificeSpiritualization"],"picked":"testmod-EnergyCheck"},{"not_picked":["testmod-GoldenSoul","testmod-Nine"],"picked":"Busted Crown"}],"items_purged_floors":[5,28,36,53],"is_endless":false,"potions_floor_spawned":[7,10,12,14,16,18,19,20,21,23,27,29,30,31,33,35,38,40,41,44,45,46,47,48,54],"ascension_level":0}}