{"host":"2rbn7ywmirq5y689","time":1613061058,"event":{"mods":["BaseMod","Colored Map","Colored Powertips","Highlight Path","Minty Spire (QoL Compilation)","Rare Cards Sparkle","Relic Stats","StSLib"],"gold_per_floor":[118,118,135,85,85,85,106,126,126,136,150,225,400,82,82,178,178,191,23,23,23,40,40,53,53,53,53,53,53,67,30,30,126,126,140,158,158,158],"floor_reached":37,"language":"ENG","playtime":2569,"items_purged":["Doubt","Strike_B"],"score":382,"play_id":"d23a6981-18f0-4f11-8b7d-e87b57bda133","local_time":"20210212003058","is_ascension_mode":false,"campfire_choices":[{"data":"Hologram","floor":6,"key":"SMITH"},{"floor":15,"key":"REST"},{"data":"Echo Form","floor":23,"key":"SMITH"},{"floor":28,"key":"REST"},{"data":"Defragment","floor":32,"key":"SMITH"}],"circlet_count":0,"master_deck":["Defend_B","Defend_B","Zap","Dualcast+1","Barrage","Hologram+1","Cold Snap","Capacitor","Leap","Beam Cell","Consume","Redo","Electrodynamics","Echo Form+1","CurseOfTheBell","Defragment+1","Barrage","Chill","Darkness","FTL","Redo","Bite","Bite","Bite","Bite","Bite","Redo+1","Self Repair+1","Multi-Cast","Loop+1"],"relics":["Cracked Core","Odd Mushroom","InkBottle","Calling Bell","Bronze Scales","StrikeDummy","Lizard Tail","Frozen Egg 2","Bottled Flame","Inserter"],"acts_visited":["Exordium","TheCity","TheBeyond"],"potions_floor_usage":[16,16,30,33],"damage_taken":[{"damage":1,"enemies":"Cultist","floor":1,"turns":3},{"damage":2,"enemies":"Small Slimes","floor":3,"turns":3},{"damage":16,"enemies":"The Mushroom Lair","floor":7,"turns":4},{"damage":1,"enemies":"Jaw Worm","floor":8,"turns":2},{"damage":3,"enemies":"Looter","floor":10,"turns":4},{"damage":3,"enemies":"Large Slime","floor":11,"turns":9},{"damage":51,"enemies":"Hexaghost","floor":16,"turns":10},{"damage":5,"enemies":"Chosen","floor":18,"turns":6},{"damage":16,"enemies":"Shell Parasite","floor":22,"turns":6},{"damage":15,"enemies":"Snecko","floor":24,"turns":5},{"damage":3,"enemies":"Chosen and Byrds","floor":30,"turns":6},{"damage":42,"enemies":"Automaton","floor":33,"turns":12},{"damage":60,"enemies":"3 Darklings","floor":35,"turns":7},{"damage":37,"enemies":"Orb Walker","floor":36,"turns":5},{"damage":14,"enemies":"Spire Growth","floor":37,"turns":1}],"seed_played":"-1451540483915778551","potions_obtained":[{"floor":1,"key":"FearPotion"},{"floor":7,"key":"PowerPotion"},{"floor":8,"key":"Regen Potion"},{"floor":16,"key":"DistilledChaos"},{"floor":24,"key":"FocusPotion"},{"floor":33,"key":"SteroidPotion"}],"is_trial":false,"path_per_floor":["M","?","M","?","?","R","?","M","T","M","M","?","?","$","R","B",null,"M","$","?","?","M","R","M","?","T","T","R","?","M","$","R","B",null,"M","M","M"],"character_chosen":"DEFECT","items_purchased":["Consume","Redo","Electrodynamics","Defragment","Self Repair+1"],"campfire_rested":2,"item_purchase_floors":[14,14,14,19,31],"current_hp_per_floor":[74,74,72,72,65,65,49,48,48,45,42,31,31,31,53,17,75,70,70,70,70,54,54,39,25,25,25,49,49,52,52,52,38,56,38,13,0,0],"gold":158,"neow_bonus":"UPGRADE_CARD","is_daily":false,"chose_seed":false,"campfire_upgraded":3,"win_rate":0.0,"timestamp":1613061058,"path_taken":["M","?","M","?","?","R","?","M","T","?","M","?","?","$","R","BOSS","M","$","?","?","M","R","M","?","T","?","R","?","M","?","R","BOSS","M","?","M"],"items_purchased_type":["Card","Card","Card","Card","Card"],"build_version":"2020-12-22","purchased_purges":2,"victory":false,"max_hp_per_floor":[75,75,75,75,75,75,75,75,75,75,75,75,75,75,75,75,75,75,75,75,75,75,75,75,80,80,80,80,56,56,56,56,56,56,56,56,56,56],"relic_stats":{"Lizard Tail":28,"Inserter":[6],"counters":[15,83],"Bronze Scales":[147],"obtain_stats":[{"Calling Bell":17,"Lizard Tail":17,"Bottled Flame":27,"Inserter":34,"Bronze Scales":17,"Odd Mushroom":7,"Frozen Egg 2":26,"Cracked Core":0,"StrikeDummy":17,"InkBottle":9},{"Calling Bell":7,"Lizard Tail":7,"Bottled Flame":10,"Inserter":12,"Bronze Scales":7,"Odd Mushroom":3,"Frozen Egg 2":10,"Cracked Core":0,"StrikeDummy":7,"InkBottle":4},{"Calling Bell":35,"Lizard Tail":35,"Bottled Flame":52,"Inserter":70,"Bronze Scales":35,"Odd Mushroom":10,"Frozen Egg 2":52,"Cracked Core":0,"StrikeDummy":35,"InkBottle":12}],"InkBottle":[25]},"card_choices":[{"not_picked":["Reprogram","Sweeping Beam"],"picked":"Barrage","floor":1},{"not_picked":["Redo","Steam"],"picked":"Hologram","floor":3},{"not_picked":["Streamline","Reprogram"],"picked":"Cold Snap","floor":7},{"not_picked":["Force Field","Reprogram"],"picked":"Capacitor","floor":8},{"not_picked":["Recycle","Hologram"],"picked":"Leap","floor":10},{"not_picked":["Heatsinks","Storm"],"picked":"Beam Cell","floor":11},{"not_picked":["Amplify","Core Surge"],"picked":"Echo Form","floor":16},{"not_picked":["Steam","Fusion","Sweeping Beam"],"picked":"SKIP","floor":18},{"not_picked":["Stack","Hologram"],"picked":"FTL","floor":22},{"not_picked":["Chill","Force Field"],"picked":"Redo","floor":24},{"not_picked":["Rebound+1","Beam Cell+1"],"picked":"Redo+1","floor":30},{"not_picked":["Thunder Strike","All For One"],"picked":"Multi-Cast","floor":33},{"not_picked":["Barrage","Turbo","Scrape"],"picked":"SKIP","floor":35},{"not_picked":["Sunder","Gash"],"picked":"Loop+1","floor":36}],"player_experience":212498,"relics_obtained":[{"floor":7,"key":"Odd Mushroom"},{"floor":9,"key":"InkBottle"},{"floor":17,"key":"Bronze Scales"},{"floor":17,"key":"StrikeDummy"},{"floor":17,"key":"Lizard Tail"},{"floor":26,"key":"Frozen Egg 2"},{"floor":27,"key":"Bottled Flame"}],"event_choices":[{"cards_removed":["Strike_B"],"damage_healed":0,"gold_gain":0,"player_choice":"Forget","damage_taken":0,"max_hp_gain":0,"max_hp_loss":0,"event_name":"Living Wall","floor":2,"gold_loss":0},{"cards_removed":["Strike_B"],"damage_healed":0,"gold_gain":0,"player_choice":"Card Removal","damage_taken":0,"max_hp_gain":0,"max_hp_loss":0,"event_name":"The Cleric","floor":4,"gold_loss":50},{"cards_removed":["Strike_B"],"damage_healed":0,"gold_gain":0,"player_choice":"Card Removal","damage_taken":7,"max_hp_gain":0,"max_hp_loss":0,"event_name":"Golden Wing","floor":5,"gold_loss":0},{"damage_healed":0,"gold_gain":0,"player_choice":"Fought Mushrooms","damage_taken":0,"max_hp_gain":0,"max_hp_loss":0,"event_name":"Mushrooms","floor":7,"gold_loss":0},{"damage_healed":0,"gold_gain":75,"player_choice":"Gather Gold","damage_taken":11,"max_hp_gain":0,"max_hp_loss":0,"event_name":"World of Goop","floor":12,"gold_loss":0},{"damage_healed":0,"gold_gain":175,"player_choice":"AGREE","damage_taken":0,"max_hp_gain":0,"max_hp_loss":0,"event_name":"Liars Game","floor":13,"gold_loss":0,"cards_obtained":["Doubt"]},{"damage_healed":0,"gold_gain":0,"cards_transformed":["Defend_B","Defend_B"],"player_choice":"Became Test Subject","damage_taken":0,"max_hp_gain":0,"max_hp_loss":0,"event_name":"Drug Dealer","floor":20,"gold_loss":0,"cards_obtained":["Barrage","Chill"]},{"damage_healed":0,"gold_gain":0,"player_choice":"Read","damage_taken":0,"max_hp_gain":0,"max_hp_loss":0,"event_name":"The Library","floor":21,"gold_loss":0,"cards_obtained":["Darkness"]},{"damage_healed":0,"gold_gain":0,"player_choice":"Shed Blood","damage_taken":19,"max_hp_gain":5,"max_hp_loss":0,"event_name":"Forgotten Altar","floor":25,"gold_loss":0},{"damage_healed":0,"gold_gain":0,"player_choice":"Became a vampire","damage_taken":0,"max_hp_gain":0,"max_hp_loss":24,"event_name":"Vampires","floor":29,"gold_loss":0,"cards_obtained":["Bite","Bite","Bite","Bite","Bite"]}],"is_beta":false,"boss_relics":[{"not_picked":["Runic Pyramid","FrozenCore"],"picked":"Calling Bell"},{"not_picked":["Pandora\u0027s Box","Black Star"],"picked":"Inserter"}],"items_purged_floors":[14,19],"is_endless":false,"potions_floor_spawned":[1,7,8,16,24,33],"killed_by":"Spire Growth","ascension_level":0}}