{"host":"sc0o2qwpf9j16a4i","time":1613067361,"event":{"mods":["AchievementEnabler","BaseMod","BetterRewards","Block Reminder","Colored Map","Colored Powertips","Custom Start","Highlight Path","Minty Spire (QoL Compilation)","Relic Stats"],"gold_per_floor":[110,54,129,142,142,171,171,181,253,253,253,266,283,45,45,45,45],"floor_reached":16,"language":"ENG","playtime":363,"items_purged":["Pain"],"score":200,"play_id":"d37ea551-0296-4193-b306-884799ce8354","local_time":"20210211201601","is_ascension_mode":true,"campfire_choices":[{"floor":7,"key":"REST"},{"floor":10,"key":"REST"},{"data":"Spot Weakness","floor":15,"key":"SMITH"}],"circlet_count":0,"master_deck":["AscendersBane","Strike_R","Strike_R","Strike_R","Strike_R","Strike_R","Defend_R","Defend_R","Defend_R","Defend_R","Bash","Shockwave","Clothesline","Clothesline","Spot Weakness+1"],"relics":["SlaversCollar","Strawberry","Akabeko","Mercury Hourglass","WarpedTongs","ClockworkSouvenir"],"acts_visited":["Exordium"],"potions_floor_usage":[6,13,16],"damage_taken":[{"damage":6,"enemies":"Cultist","floor":1,"turns":4},{"damage":7,"enemies":"Jaw Worm","floor":4,"turns":5},{"damage":25,"enemies":"3 Sentries","floor":6,"turns":8},{"damage":0,"enemies":"2 Louse","floor":8,"turns":3},{"damage":3,"enemies":"Exordium Thugs","floor":12,"turns":3},{"damage":26,"enemies":"Large Slime","floor":13,"turns":5},{"damage":37,"enemies":"Hexaghost","floor":16,"turns":9}],"seed_played":"5285138380571275871","potions_obtained":[{"floor":6,"key":"SpeedPotion"},{"floor":8,"key":"DistilledChaos"}],"is_trial":false,"path_per_floor":["M","$","?","M","?","E","R","M","T","R","?","M","M","$","R","B"],"character_chosen":"IRONCLAD","items_purchased":["AttackPotion","ClockworkSouvenir"],"campfire_rested":2,"item_purchase_floors":[2,14],"current_hp_per_floor":[62,62,51,44,40,15,39,39,39,63,63,60,34,34,34,0,0],"gold":45,"neow_bonus":"BOSS_RELIC","is_daily":false,"chose_seed":false,"campfire_upgraded":1,"win_rate":0.0,"timestamp":1613067361,"path_taken":["M","?","?","M","?","E","R","?","T","R","?","M","M","$","R","BOSS"],"items_purchased_type":["Potion","Relic"],"build_version":"2020-12-22","purchased_purges":1,"victory":false,"max_hp_per_floor":[75,75,75,75,82,82,82,82,82,82,82,82,82,82,82,82,82],"relic_stats":{"counters":[7,37],"obtain_stats":[{"SlaversCollar":0,"Strawberry":5,"Burning Blood":0,"Akabeko":6,"Mercury Hourglass":9,"WarpedTongs":11,"ClockworkSouvenir":14},{"SlaversCollar":0,"Strawberry":2,"Burning Blood":0,"Akabeko":3,"Mercury Hourglass":4,"WarpedTongs":4,"ClockworkSouvenir":6},{"SlaversCollar":0,"Strawberry":9,"Burning Blood":0,"Akabeko":17,"Mercury Hourglass":20,"WarpedTongs":20,"ClockworkSouvenir":28}],"Mercury Hourglass":[54],"WarpedTongs":[16]},"card_choices":[{"not_picked":["Havoc","Shrug It Off"],"picked":"Shockwave","floor":1},{"not_picked":["Wild Strike","Thunderclap"],"picked":"Clothesline","floor":4},{"not_picked":["Evolve","Clash"],"picked":"Clothesline","floor":6},{"not_picked":["Thunderclap","Iron Wave","Brutality"],"picked":"SKIP","floor":8},{"not_picked":["Iron Wave","Havoc"],"picked":"Spot Weakness","floor":12},{"not_picked":["Perfected Strike","Warcry","Cleave"],"picked":"SKIP","floor":13}],"player_experience":1349466,"relics_obtained":[{"floor":6,"key":"Akabeko"},{"floor":9,"key":"Mercury Hourglass"}],"event_choices":[{"damage_healed":0,"gold_gain":75,"player_choice":"Gather Gold","damage_taken":11,"max_hp_gain":0,"max_hp_loss":0,"event_name":"World of Goop","floor":3,"gold_loss":0},{"damage_healed":0,"gold_gain":0,"player_choice":"Success","damage_taken":11,"relics_obtained":["Strawberry"],"max_hp_gain":0,"max_hp_loss":0,"event_name":"Scrap Ooze","floor":5,"gold_loss":0},{"damage_healed":0,"gold_gain":0,"player_choice":"Rummage","damage_taken":0,"relics_obtained":["WarpedTongs"],"max_hp_gain":0,"max_hp_loss":0,"event_name":"Accursed Blacksmith","floor":11,"gold_loss":0,"cards_obtained":["Pain"]}],"is_beta":false,"boss_relics":[],"items_purged_floors":[14],"is_endless":false,"potions_floor_spawned":[6,8],"killed_by":"Hexaghost","ascension_level":20}}