{"host":"xt3o4iokwksypl90","time":1613069579,"event":{"mods":["AchievementEnabler","BaseMod","Googly Eyes","Highlight Path","Minty Spire (QoL Compilation)","Permanent Neow"],"gold_per_floor":[118,118,137,107,124,124,156,156,156,188,218,251,24,36,36,135,135,154,154,137,152,168,168,168],"floor_reached":23,"language":"ENG","playtime":1356,"items_purged":["Strike_B"],"score":287,"play_id":"399c1ef8-bf50-4102-b504-3543a3cd4318","local_time":"20210211195259","is_ascension_mode":true,"campfire_choices":[{"data":"Reinforced Body","floor":6.0,"key":"SMITH"},{"data":"Consume","floor":8.0,"key":"SMITH"},{"data":"Go for the Eyes","floor":15.0,"key":"SMITH"}],"circlet_count":0,"master_deck":["Strike_B","Strike_B","Defend_B","Defend_B","Defend_B","Defend_B","Zap","Dualcast","Ball Lightning","Reboot","Go for the Eyes+1","Reinforced Body+1","Consume+1","Echo Form","Sweeping Beam","Meteor Strike","Reboot","Hologram","Skim"],"relics":["Philosopher\u0027s Stone","Dead Branch","WingedGreaves","Art of War","TungstenRod","Lee\u0027s Waffle","Cursed Key"],"acts_visited":["Exordium","TheCity"],"potions_floor_usage":[23,23],"damage_taken":[{"damage":2.0,"enemies":"Small Slimes","floor":1.0,"turns":3.0},{"damage":0.0,"enemies":"Cultist","floor":3.0,"turns":2.0},{"damage":0.0,"enemies":"2 Louse","floor":5.0,"turns":2.0},{"damage":8.0,"enemies":"Gremlin Nob","floor":7.0,"turns":4.0},{"damage":3.0,"enemies":"Lagavulin","floor":10.0,"turns":6.0},{"damage":10.0,"enemies":"Gremlin Nob","floor":11.0,"turns":3.0},{"damage":35.0,"enemies":"3 Sentries","floor":12.0,"turns":7.0},{"damage":11.0,"enemies":"Gremlin Gang","floor":14.0,"turns":2.0},{"damage":18.0,"enemies":"The Guardian","floor":16.0,"turns":10.0},{"damage":6.0,"enemies":"Spheric Guardian","floor":18.0,"turns":3.0},{"damage":13.0,"enemies":"2 Thieves","floor":20.0,"turns":4.0},{"damage":21,"enemies":"Snake Plant","floor":21,"turns":4},{"damage":7,"enemies":"3 Cultists","floor":22,"turns":5},{"damage":31,"enemies":"Slavers","floor":23,"turns":4}],"seed_played":"1962950346119244574","potions_obtained":[{"floor":1.0,"key":"BlessingOfTheForge"},{"floor":4.0,"key":"Energy Potion"},{"floor":4.0,"key":"Fire Potion"},{"floor":7.0,"key":"EssenceOfDarkness"},{"floor":16.0,"key":"FearPotion"},{"floor":21,"key":"Swift Potion"}],"is_trial":false,"path_per_floor":["M","?","M","?","M","R","E","R","T","E","E","E","$","M","R","B",null,"M","?","M","M","M","E"],"character_chosen":"DEFECT","items_purchased":["Lee\u0027s Waffle"],"campfire_rested":0,"item_purchase_floors":[13],"current_hp_per_floor":[66,66,66,66,66,66,58,58,58,55,45,10,82,71,71,53,75,69,69,56,35,28,0,0],"gold":168,"neow_bonus":"BOSS_RELIC","is_daily":false,"chose_seed":false,"campfire_upgraded":3,"win_rate":0.0,"timestamp":1613069579,"path_taken":["M","?","M","?","?","R","E","R","T","E","E","E","?","M","R","BOSS","M","?","M","?","M","E"],"items_purchased_type":["Relic"],"build_version":"2020-12-22","purchased_purges":1,"victory":false,"max_hp_per_floor":[75,75,75,75,75,75,75,75,75,75,75,75,82,82,82,82,82,82,82,82,82,82,82,82],"card_choices":[{"not_picked":["Self Repair","Barrage"],"picked":"Ball Lightning","floor":1.0},{"not_picked":["Turbo","Gash"],"picked":"Go for the Eyes","floor":3.0},{"not_picked":["Turbo","Go for the Eyes"],"picked":"Reinforced Body","floor":5.0},{"not_picked":["Reprogram","Conserve Battery"],"picked":"Consume","floor":7.0},{"not_picked":["Sweeping Beam","Lockon"],"picked":"Echo Form","floor":10.0},{"not_picked":["Recycle","Defragment","Force Field"],"picked":"SKIP","floor":11.0},{"not_picked":["Gash","Redo"],"picked":"Sweeping Beam","floor":12.0},{"not_picked":["Darkness","Cold Snap","Doom and Gloom"],"picked":"SKIP","floor":14.0},{"not_picked":["Fission","Amplify"],"picked":"Meteor Strike","floor":16.0},{"not_picked":["Streamline","Beam Cell","Redo+1"],"picked":"SKIP","floor":18.0},{"not_picked":["Chill","Doom and Gloom"],"picked":"Hologram","floor":20.0},{"not_picked":["Conserve Battery+1","Compile Driver+1"],"picked":"Skim","floor":21},{"not_picked":["Rebound","Doom and Gloom","Turbo"],"picked":"SKIP","floor":22}],"player_experience":350710,"relics_obtained":[{"floor":7.0,"key":"Dead Branch"},{"floor":10.0,"key":"WingedGreaves"},{"floor":11.0,"key":"Art of War"},{"floor":12.0,"key":"TungstenRod"}],"event_choices":[{"damage_healed":0.0,"max_hp_gain":0.0,"max_hp_loss":0.0,"gold_gain":0.0,"cards_transformed":["Strike_B"],"event_name":"Living Wall","player_choice":"Change","floor":2.0,"gold_loss":0.0,"damage_taken":0.0,"cards_obtained":["Reboot"]},{"damage_healed":0.0,"max_hp_gain":0.0,"max_hp_loss":0.0,"gold_gain":0.0,"event_name":"The Woman in Blue","player_choice":"Bought 2 Potions","floor":4.0,"gold_loss":0.0,"damage_taken":0.0},{"damage_healed":0.0,"max_hp_gain":0.0,"max_hp_loss":0.0,"gold_gain":0.0,"event_name":"Duplicator","player_choice":"Copied","floor":19.0,"gold_loss":0.0,"damage_taken":0.0,"cards_obtained":["Reboot"]}],"is_beta":false,"boss_relics":[{"not_picked":["SacredBark","Black Star"],"picked":"Cursed Key"}],"items_purged_floors":[13],"is_endless":false,"potions_floor_spawned":[1,7,14,16,20,21,22],"killed_by":"Slavers","ascension_level":6}}