{"host":"8rqsnaeml9gxb0kp","time":1613011948,"event":{"mods":["AchievementEnabler","BaseMod","Dark Map","Minty Spire (QoL Compilation)","Relic Stats","StSLib","slay the spire mod where everything is the same but ironclad has a cowboy hat"],"gold_per_floor":[112,35,35,47,21,51,51,84,84,84,112,128,147,174,174,248,248,258,276,26,26,41,41,70,70,97,97,97],"floor_reached":27,"language":"ENG","playtime":1149,"items_purged":[],"score":651,"play_id":"84469ca7-cbaf-43cb-9960-5bf8998bbce4","local_time":"20210210185228","is_ascension_mode":true,"campfire_choices":[{"data":"Fire Breathing","floor":7.0,"key":"SMITH"},{"floor":10.0,"key":"REST"},{"floor":15.0,"key":"REST"},{"floor":23.0,"key":"REST"},{"floor":25.0,"key":"REST"}],"circlet_count":0,"master_deck":["AscendersBane","Strike_R","Strike_R","Strike_R","Defend_R","Defend_R","Defend_R","Bash","Clothesline","Uppercut","Fire Breathing+1","Shrug It Off","Battle Trance","Shockwave","Combust","True Grit","Power Through","Second Wind","Impervious","Searing Blow+1","Body Slam+1","Whirlwind+1","Headbutt","Inflame","Headbutt","Wild Strike"],"relics":["Burning Blood","NeowsBlessing","Dead Branch","Red Skull","Ice Cream","Bottled Tornado","Boot","Astrolabe","Membership Card","Nloth\u0027s Gift","HornCleat","Tiny Chest"],"acts_visited":["Exordium","TheCity"],"potions_floor_usage":[27],"damage_taken":[{"damage":0.0,"enemies":"Jaw Worm","floor":1.0,"turns":1.0},{"damage":0.0,"enemies":"Cultist","floor":4.0,"turns":1.0},{"damage":0.0,"enemies":"Gremlin Nob","floor":6.0,"turns":1.0},{"damage":65.0,"enemies":"Lagavulin","floor":8.0,"turns":8.0},{"damage":19.0,"enemies":"3 Sentries","floor":11.0,"turns":4.0},{"damage":8.0,"enemies":"Small Slimes","floor":12.0,"turns":3.0},{"damage":2.0,"enemies":"Red Slaver","floor":13.0,"turns":3.0},{"damage":24.0,"enemies":"Gremlin Nob","floor":14.0,"turns":4.0},{"damage":8.0,"enemies":"Slime Boss","floor":16.0,"turns":5.0},{"damage":18.0,"enemies":"Chosen","floor":18.0,"turns":4.0},{"damage":12.0,"enemies":"3 Byrds","floor":19.0,"turns":3.0},{"damage":25.0,"enemies":"Snecko","floor":22.0,"turns":5.0},{"damage":47.0,"enemies":"Slavers","floor":24.0,"turns":5.0},{"damage":34,"enemies":"Book of Stabbing","floor":27,"turns":5}],"seed_played":"327599261907721981","potions_obtained":[{"floor":4.0,"key":"EntropicBrew"},{"floor":6.0,"key":"Dexterity Potion"},{"floor":8.0,"key":"BloodPotion"},{"floor":16.0,"key":"Energy Potion"},{"floor":19.0,"key":"Swift Potion"},{"floor":22.0,"key":"BlessingOfTheForge"}],"is_trial":false,"path_per_floor":["M","$","?","M","$","E","R","E","T","R","E","M","M","E","R","B",null,"M","M","$","?","M","R","E","R","T","E"],"character_chosen":"IRONCLAD","items_purchased":["Uppercut","Shrug It Off","Membership Card","Juzu Bracelet"],"campfire_rested":4,"item_purchase_floors":[2,5,20,20],"current_hp_per_floor":[74,74,63,69,69,75,75,31,31,53,40,38,42,24,46,44,67,55,49,49,49,30,52,11,33,33,0,0],"gold":97,"neow_bonus":"THREE_ENEMY_KILL","is_daily":false,"chose_seed":false,"campfire_upgraded":1,"win_rate":0.0,"timestamp":1613011948,"path_taken":["M","$","?","M","?","E","R","E","T","R","E","M","M","E","R","BOSS","M","M","$","?","?","R","E","R","T","E"],"items_purchased_type":["Card","Card","Relic","Relic"],"build_version":"2020-12-22","purchased_purges":0,"victory":false,"max_hp_per_floor":[75,75,75,75,75,75,75,75,75,75,75,75,75,75,75,75,75,75,75,75,75,75,75,75,75,75,75,75],"relic_stats":{"counters":[14,52],"Dead Branch":[37],"Astrolabe":["Searing Blow","Body Slam","Whirlwind"],"Tiny Chest":0,"Nloth\u0027s Gift":0,"Boot":[11],"obtain_stats":[{"Ice Cream":9,"NeowsBlessing":0,"Dead Branch":6,"Astrolabe":17,"Juzu Bracelet":20,"Bottled Tornado":11,"Boot":14,"Burning Blood":0,"HornCleat":24,"Tiny Chest":26,"Nloth\u0027s Gift":21,"Membership Card":20,"Red Skull":8},{"Ice Cream":4,"NeowsBlessing":0,"Dead Branch":3,"Astrolabe":9,"Juzu Bracelet":11,"Bottled Tornado":5,"Boot":8,"Burning Blood":0,"HornCleat":13,"Tiny Chest":13,"Nloth\u0027s Gift":11,"Membership Card":11,"Red Skull":4},{"Ice Cream":11,"NeowsBlessing":0,"Dead Branch":3,"Astrolabe":30,"Juzu Bracelet":37,"Bottled Tornado":15,"Boot":25,"Burning Blood":0,"HornCleat":47,"Tiny Chest":47,"Nloth\u0027s Gift":37,"Membership Card":37,"Red Skull":11}],"Burning Blood":78},"card_choices":[{"not_picked":["Armaments","Pommel Strike"],"picked":"Clothesline","floor":1.0},{"not_picked":["Armaments","Thunderclap"],"picked":"Fire Breathing","floor":4.0},{"not_picked":["Intimidate","Rampage"],"picked":"Battle Trance","floor":6.0},{"not_picked":["Headbutt","Pummel"],"picked":"Shockwave","floor":8.0},{"not_picked":["Bludgeon","Anger"],"picked":"Combust","floor":11.0},{"not_picked":["Pummel","Iron Wave"],"picked":"True Grit","floor":12.0},{"not_picked":["Warcry","Pommel Strike"],"picked":"Power Through","floor":13.0},{"not_picked":["Battle Trance","Armaments"],"picked":"Second Wind","floor":14.0},{"not_picked":["Juggernaut","Brutality"],"picked":"Impervious","floor":16.0},{"not_picked":["Shrug It Off","True Grit"],"picked":"Headbutt","floor":18.0},{"not_picked":["True Grit","Clash"],"picked":"Inflame","floor":19.0},{"not_picked":["Twin Strike","Disarm"],"picked":"Headbutt","floor":22.0},{"not_picked":["Shrug It Off","Double Tap"],"picked":"Wild Strike","floor":24.0}],"player_experience":194176,"relics_obtained":[{"floor":6.0,"key":"Dead Branch"},{"floor":8.0,"key":"Red Skull"},{"floor":9.0,"key":"Ice Cream"},{"floor":11.0,"key":"Bottled Tornado"},{"floor":14.0,"key":"Boot"},{"floor":24.0,"key":"HornCleat"},{"floor":26.0,"key":"Tiny Chest"}],"event_choices":[{"damage_healed":0.0,"max_hp_gain":0.0,"max_hp_loss":0.0,"gold_gain":0.0,"event_name":"Wheel of Change","player_choice":"Damaged","floor":3.0,"gold_loss":0.0,"damage_taken":11.0},{"damage_healed":0.0,"max_hp_gain":0.0,"max_hp_loss":0.0,"gold_gain":0.0,"event_name":"N\u0027loth","player_choice":"Traded Relic","floor":21.0,"relics_lost":["Juzu Bracelet"],"gold_loss":0.0,"damage_taken":0.0,"relics_obtained":["Nloth\u0027s Gift"]}],"is_beta":false,"boss_relics":[{"not_picked":["Tiny House","Cursed Key"],"picked":"Astrolabe"}],"items_purged_floors":[],"is_endless":false,"potions_floor_spawned":[4,6,8,12,13,16,19,22],"killed_by":"Book of Stabbing","ascension_level":19}}