{"host":"41vgbr386mrj4p17","time":1613036841,"event":{"mods":["AchievementEnabler","AlwaysNeverKeys","BaseMod","Bestiary","Better Altar","Better Match","Better Note","Better Sensory Stone","Better Skull","Better Third Choice","Colored Map","Curses Come First","Downfall","Googly Eyes","Hermit","Highlight Path","Minty Spire (QoL Compilation)","Shade Mod","StSLib","The Cursed"],"gold_per_floor":[111,111,121,19,35,62,62,89,141,158,185,185,199,209,209,209,209],"floor_reached":16,"language":"ENG","playtime":824,"items_purged":[],"score":221,"play_id":"a1412a5f-c475-40ca-9fef-fc4f9ecafc28","local_time":"20210211044721","is_ascension_mode":true,"campfire_choices":[{"data":"Shade:ExtraLimbs","floor":7,"key":"SMITH"},{"floor":12,"key":"REST"},{"data":"Shade:AuraOfUnlife","floor":15,"key":"SMITH"}],"circlet_count":0,"master_deck":["AscendersBane","Shade:Strike_Shade","Shade:Strike_Shade","Shade:Strike_Shade","Shade:Strike_Shade","Shade:Defend_Shade","Shade:Defend_Shade","Shade:Defend_Shade","Shade:AnimateDead","Shade:CarefulCut","Shade:ExtraLimbs+1","Shade:ClawBack","Shade:FeralStrike","Shade:FuneraryJewels","Shade:StitchTogether","Shade:CloudOfShrapnel","Shade:AuraOfUnlife","Shade:AuraOfUnlife+1","Shade:PressTheAttack"],"relics":["Shade:YorickSkull","Ornamental Fan","Centennial Puzzle","Strawberry","Prayer Wheel"],"acts_visited":["Exordium"],"potions_floor_usage":[4,11,11],"damage_taken":[{"damage":1,"enemies":"Small Slimes","floor":1,"turns":3},{"damage":0,"enemies":"Cultist","floor":3,"turns":3},{"damage":1,"enemies":"2 Louse","floor":5,"turns":2},{"damage":24,"enemies":"Gremlin Nob","floor":6,"turns":4},{"damage":35,"enemies":"Lagavulin","floor":8,"turns":6},{"damage":0,"enemies":"Gremlin Gang","floor":10,"turns":3},{"damage":0,"enemies":"3 Sentries","floor":11,"turns":4},{"damage":3,"enemies":"Large Slime","floor":13,"turns":5},{"damage":6,"enemies":"3 Louse","floor":14,"turns":2},{"damage":76,"enemies":"Slime Boss","floor":16,"turns":10}],"seed_played":"-2317198847420175070","potions_obtained":[{"floor":3,"key":"SneckoOil"},{"floor":10,"key":"sneckomod:MuddlingPotion"},{"floor":11,"key":"FairyPotion"}],"is_trial":false,"path_per_floor":["M","?","M","$","M","E","R","E","T","M","E","R","M","M","R","B"],"character_chosen":"SHADE","items_purchased":["Fruit Juice"],"campfire_rested":1,"item_purchase_floors":[4],"current_hp_per_floor":[58,58,58,63,62,38,38,3,10,10,17,40,44,38,38,0,0],"gold":209,"neow_bonus":"REMOVE_CARD","is_daily":false,"chose_seed":false,"campfire_upgraded":2,"win_rate":0.0,"timestamp":1613036841,"path_taken":["M","?","M","$","?","E","R","E","T","M","E","R","M","M","R","BOSS"],"items_purchased_type":["Potion"],"build_version":"2020-12-22","purchased_purges":0,"victory":false,"max_hp_per_floor":[65,65,65,70,70,70,70,70,77,77,77,77,77,77,77,77,77],"card_choices":[{"not_picked":["Shade:SkeletonHug","Shade:Doomsay"],"picked":"Shade:ExtraLimbs","floor":1},{"not_picked":["Shade:Frenzy","Shade:SkeletonHug","Shade:Asphyxiate"],"picked":"SKIP","floor":3},{"not_picked":["Shade:Brains","Shade:RavenousHorde"],"picked":"Shade:ClawBack","floor":5},{"not_picked":["Shade:BoneShards","Shade:FingerOfDeath"],"picked":"Shade:FeralStrike","floor":6},{"not_picked":["Shade:SpontaneousRitual","Shade:AuraOfUnlife"],"picked":"Shade:FuneraryJewels","floor":8},{"not_picked":["Shade:FreshBones","Shade:GreyBargain"],"picked":"Shade:StitchTogether","floor":10},{"not_picked":["Shade:Tombstone","Shade:FleshToFlesh"],"picked":"Shade:CloudOfShrapnel","floor":11},{"not_picked":["Shade:Trample","Shade:Frenzy"],"picked":"Shade:AuraOfUnlife","floor":13},{"not_picked":["Shade:Premonition","Shade:DangerousRitual","Shade:WallOfFlesh"],"picked":"SKIP","floor":13},{"not_picked":["Shade:WallOfFlesh","Shade:GraveStillness"],"picked":"Shade:AuraOfUnlife","floor":14},{"not_picked":["Shade:SkeletonHug","Shade:Premonition"],"picked":"Shade:PressTheAttack","floor":14}],"player_experience":1075066,"relics_obtained":[{"floor":6,"key":"Ornamental Fan"},{"floor":8,"key":"Centennial Puzzle"},{"floor":9,"key":"Strawberry"},{"floor":11,"key":"Prayer Wheel"}],"event_choices":[{"damage_healed":0,"gold_gain":1,"player_choice":"1","damage_taken":0,"max_hp_gain":0,"max_hp_loss":0,"event_name":"betterStone:BetterStone","floor":2,"gold_loss":0}],"is_beta":false,"boss_relics":[],"items_purged_floors":[],"is_endless":false,"potions_floor_spawned":[3,10,11],"killed_by":"Slime Boss","ascension_level":10}}