{"host":"4zpqi6gd0xcmibwu","time":1613049319,"event":{"mods":["AchievementEnabler","BaseMod","Better Altar","Better Match","Better Note","Better Skull","Better Third Choice","Block Reminder","Bossed Relics","Colored Map","Colored Powertips","DeckTracker","Displayed Cursed Tome","Googly Eyes","Highlight Path","Infinite Spire","Key Reminder","Minty Spire (QoL Compilation)","Permanent Neow","Quick Restart","Random Character Button","Rare Cards Sparkle","Relic Sorter","Relic Stats","Replay The Spire","ShortenTheSpire","Smile Girya","Spire Arcade","Spire Birthday Party","StSLib","Steal the Spire","SuperFastMode","Uncapped","Unceasing Turn Reminder","Waifu the Spire","everything is the same but u backflip on backflip","slay the spire mod where everything is the same but ironclad has a cowboy hat"],"gold_per_floor":[118,137,97,117,130,160,160,178,178,207,132,132,160,173,173,173,173],"floor_reached":16,"language":"ENG","playtime":1244,"items_purged":[],"score":128,"play_id":"2797cfeb-9693-4fcd-bfbb-2a156a05b583","local_time":"20210211141519","is_ascension_mode":true,"campfire_choices":[{"data":"Mayhem","floor":7.0,"key":"SMITH"},{"data":"True Grit","floor":12,"key":"SMITH"},{"floor":15,"key":"REST"}],"circlet_count":0,"master_deck":["Strike_R","Strike_R","Strike_R","Strike_R","Strike_R","Defend_R","Defend_R","Defend_R","Defend_R","Bash","Mayhem+1","True Grit+1","Wild Strike","Iron Wave","ReplayTheSpireMod:Strike From Hell","Master of Strategy","Fiend Fire","Shrug It Off","Intimidate","Shrug It Off","Dark Embrace"],"relics":["Burning Blood","Bag of Preparation","infinitespire:WardingShard","Toy Ornithopter","Prayer Wheel"],"acts_visited":["Exordium"],"potions_floor_usage":[],"damage_taken":[{"damage":8.0,"enemies":"Small Slimes","floor":1.0,"turns":4.0},{"damage":0.0,"enemies":"Cultist","floor":2.0,"turns":4.0},{"damage":1.0,"enemies":"2 Louse","floor":4.0,"turns":3.0},{"damage":11.0,"enemies":"Lots of Slimes","floor":5.0,"turns":5.0},{"damage":25.0,"enemies":"Lagavulin","floor":6.0,"turns":8.0},{"damage":15,"enemies":"Exordium Wildlife","floor":8,"turns":6},{"damage":27,"enemies":"3 Sentries","floor":10,"turns":8},{"damage":14,"enemies":"Gremlin Nob","floor":13,"turns":4},{"damage":0,"enemies":"Looter","floor":14,"turns":3},{"damage":43,"enemies":"The Guardian","floor":16,"turns":10}],"seed_played":"-7656468693916147491","potions_obtained":[{"floor":3.0,"key":"Fire Potion"},{"floor":3.0,"key":"Venom Potion"},{"floor":3.0,"key":"Cursed Concoction"},{"floor":6.0,"key":"PowerPotion"}],"is_trial":false,"path_per_floor":["M","M","?","M","M","E","R","M","T","E","?","R","E","M","R","B"],"character_chosen":"IRONCLAD","items_purchased":[],"campfire_rested":1,"item_purchase_floors":[],"current_hp_per_floor":[70,72,72,72,67,48,48,39,39,18,18,18,10,16,37,0,0],"gold":173,"neow_bonus":"RANDOM_COLORLESS_2","is_daily":false,"chose_seed":false,"campfire_upgraded":2,"win_rate":0.0,"timestamp":1613049319,"path_taken":["M","M","?","M","M","E","R","?","T","E","?","R","E","M","R","BOSS"],"items_purchased_type":[],"build_version":"2020-12-22","purchased_purges":0,"victory":false,"max_hp_per_floor":[72,72,72,72,72,72,72,72,72,72,72,72,72,72,72,72,72],"relic_stats":{"counters":[10,55],"Prayer Wheel":1,"Bag of Preparation":[10],"obtain_stats":[{"infinitespire:WardingShard":9,"Prayer Wheel":13,"Bag of Preparation":6,"Burning Blood":0,"Toy Ornithopter":10},{"infinitespire:WardingShard":6,"Prayer Wheel":8,"Bag of Preparation":5,"Burning Blood":0,"Toy Ornithopter":7},{"infinitespire:WardingShard":30,"Prayer Wheel":42,"Bag of Preparation":24,"Burning Blood":0,"Toy Ornithopter":38}],"Burning Blood":45,"Toy Ornithopter":0},"card_choices":[{"not_picked":["Sadistic Nature","Chrysalis"],"picked":"Mayhem","floor":0.0},{"not_picked":["Twin Strike","ReplayTheSpireMod:Stacked"],"picked":"True Grit","floor":1.0},{"not_picked":["Run Through","True Grit"],"picked":"Wild Strike","floor":2.0},{"not_picked":["Perfected Strike","Iron Wave","Flex"],"picked":"SKIP","floor":4.0},{"not_picked":["Perfected Strike","Flex"],"picked":"Iron Wave","floor":4.0},{"not_picked":["Intimidate","ReplayReversal","Run Through"],"picked":"SKIP","floor":5.0},{"not_picked":["Entrench","Clash","Perfected Strike"],"picked":"SKIP","floor":6.0},{"not_picked":["Headbutt","Clothesline"],"picked":"ReplayTheSpireMod:Strike From Hell","floor":8},{"not_picked":["Uppercut","ReplayReversal","Perfected Strike"],"picked":"SKIP","floor":10},{"not_picked":["Mayhem","Secret Weapon"],"picked":"Master of Strategy","floor":11},{"not_picked":["Impervious","Limit Break"],"picked":"Fiend Fire","floor":11},{"not_picked":["Flex","Warcry"],"picked":"Shrug It Off","floor":11},{"not_picked":["Bludgeon","Shockwave"],"picked":"Intimidate","floor":13},{"not_picked":["Rupture","Perfected Strike"],"picked":"Shrug It Off","floor":14},{"not_picked":["Spot Weakness","Inflame"],"picked":"Dark Embrace","floor":14}],"player_experience":57551,"relics_obtained":[{"floor":6.0,"key":"Bag of Preparation"},{"floor":9,"key":"infinitespire:WardingShard"},{"floor":10,"key":"Toy Ornithopter"},{"floor":13,"key":"Prayer Wheel"}],"event_choices":[{"damage_healed":0.0,"max_hp_gain":0.0,"max_hp_loss":0.0,"gold_gain":0.0,"event_name":"The Woman in Blue","player_choice":"Bought 3 Potions","floor":3.0,"gold_loss":0.0,"damage_taken":0.0},{"damage_healed":0,"gold_gain":0,"player_choice":"1","damage_taken":0,"max_hp_gain":0,"max_hp_loss":0,"event_name":"betterMatch:BetterMatch","floor":11,"gold_loss":0,"cards_obtained":["betterMatch:ColorlessRareCard","betterMatch:RareCard","betterMatch:CommonCard"]}],"is_beta":false,"boss_relics":[],"items_purged_floors":[],"is_endless":false,"potions_floor_spawned":[4,6,13],"killed_by":"The Guardian","ascension_level":1}}