{"host":"gk5m6v7zec9neb0j","time":1613073326,"event":{"mods":["AchievementEnabler","AlwaysNeverKeys","BaseMod","BetterRewards","Block Reminder","Minty Spire (QoL Compilation)","Rare Cards Sparkle","Relic Stats","StSLib"],"gold_per_floor":[110,129,29,49,49,49,49,69,69,86,86,86,86,96,96,201,201,217,233,233,79,104,104,116,116,116],"floor_reached":25,"language":"ENG","playtime":586,"items_purged":["Strike_B","Strike_B"],"score":293,"play_id":"f16b3f4e-6f21-4f2f-8139-42839b19f12a","local_time":"20210211145526","is_ascension_mode":false,"campfire_choices":[{"data":"Dualcast","floor":6,"key":"SMITH"},{"floor":11,"key":"REST"},{"data":"Gash","floor":15,"key":"SMITH"},{"floor":23,"key":"REST"}],"circlet_count":0,"master_deck":["Strike_B","Defend_B","Defend_B","Defend_B","Defend_B","Zap","Dualcast+1","Storm","Streamline","Rebound","Defragment","Hologram","Gash+1","Biased Cognition","Self Repair","Rebound","J.A.X.","Core Surge","Core Surge","Conserve Battery+1"],"relics":["Cracked Core","Bird Faced Urn","Lizard Tail","Bottled Flame","Nuclear Battery","Red Mask"],"acts_visited":["Exordium","TheCity"],"potions_floor_usage":[16,22],"damage_taken":[{"damage":0.0,"enemies":"Small Slimes","floor":1.0,"turns":2.0},{"damage":3,"enemies":"Jaw Worm","floor":2,"turns":3},{"damage":0,"enemies":"2 Louse","floor":4,"turns":2},{"damage":9,"enemies":"Blue Slaver","floor":8,"turns":3},{"damage":12,"enemies":"Looter","floor":10,"turns":3},{"damage":0,"enemies":"3 Louse","floor":14,"turns":3},{"damage":65,"enemies":"Hexaghost","floor":16,"turns":10},{"damage":21,"enemies":"Spheric Guardian","floor":18,"turns":5},{"damage":29,"enemies":"2 Thieves","floor":19,"turns":4},{"damage":36,"enemies":"Masked Bandits","floor":22,"turns":4},{"damage":46,"enemies":"Shelled Parasite and Fungi","floor":24,"turns":6},{"damage":55,"enemies":"Book of Stabbing","floor":25,"turns":5}],"seed_played":"-3126600011994590812","potions_obtained":[{"floor":8,"key":"Fire Potion"},{"floor":18,"key":"LiquidBronze"}],"is_trial":false,"path_per_floor":["M","M","$","M","?","R","?","M","T","M","R","?","?","M","R","B",null,"M","M","?","$","?","R","M","E"],"character_chosen":"DEFECT","items_purchased":["Storm","Streamline","Core Surge"],"campfire_rested":2,"item_purchase_floors":[0,0,21],"current_hp_per_floor":[51,48,48,48,45,45,38,31,31,21,43,43,68,72,72,11,75,54,38,38,38,13,35,42,0,0],"gold":116,"neow_bonus":"","is_daily":false,"chose_seed":false,"campfire_upgraded":2,"win_rate":0.0,"timestamp":1613073326,"path_taken":["M","M","$","M","?","R","?","M","T","?","R","?","?","M","R","BOSS","M","M","?","$","?","R","M","E"],"items_purchased_type":["Card","Card","Card"],"build_version":"2020-12-22","purchased_purges":2,"victory":false,"max_hp_per_floor":[75,75,75,75,75,75,75,75,75,75,75,75,75,75,75,75,75,75,75,75,75,75,75,75,75,75],"relic_stats":{"Lizard Tail":37,"counters":[214,1293],"Bird Faced Urn":[38],"obtain_stats":[{"Ice Cream":0,"Tiny House":17,"Calipers":23,"CeramicFish":26,"Vajra":39,"Runic Capacitor":0,"Whetstone":9,"Bottled Tornado":53,"Boot":44,"Old Coin":38,"FrozenCore":17,"Sozu":34,"Blood Vial":54,"Lizard Tail":0,"HornCleat":42,"DollysMirror":45,"Strawberry":8,"Prayer Wheel":13,"MealTicket":27,"Kunai":0,"Toxic Egg 2":37,"Pear":37,"Happy Flower":45,"Blue Candle":43,"Oddly Smooth Stone":0,"War Paint":54,"Question Card":9,"Akabeko":47,"Cables":0,"Du-Vu Doll":40,"OrangePellets":0,"SlaversCollar":17,"Bottled Flame":9,"Bronze Scales":0,"Bird Faced Urn":0,"Black Star":34,"Symbiotic Virus":26,"StrikeDummy":47,"Pocketwatch":19,"Darkstone Periapt":41,"Regal Pillow":47,"Lantern":54,"Singing Bowl":0,"SacredBark":34,"Mango":0,"Juzu Bracelet":23,"Bag of Preparation":24,"Smiling Mask":27,"Ancient Tea Set":26,"ClockworkSouvenir":0,"Emotion Chip":0,"Dream Catcher":29,"Matryoshka":9,"Mummified Hand":25,"Gambling Chip":0,"Tiny Chest":20,"Red Mask":22,"Chemical X":0,"Cracked Core":0,"Runic Pyramid":34,"Potion Belt":43,"Inserter":34,"Golden Idol":3,"PreservedInsect":40,"Omamori":43,"Frozen Egg 2":39,"Orichalcum":20,"Odd Mushroom":13,"MawBank":9,"White Beast Statue":54,"Mercury Hourglass":9,"Nuclear Battery":17,"Peace Pipe":9,"Strange Spoon":36,"CaptainsWheel":11,"Anchor":10,"DataDisk":9,"Orrery":12,"Bag of Marbles":47,"Art of War":28,"Membership Card":8,"TungstenRod":54,"Toy Ornithopter":26},{"Ice Cream":66,"Tiny House":38,"Calipers":41,"CeramicFish":53,"Vajra":86,"Runic Capacitor":0,"Whetstone":72,"Bottled Tornado":144,"Boot":88,"Old Coin":59,"FrozenCore":100,"Sozu":108,"Blood Vial":171,"Lizard Tail":66,"HornCleat":22,"DollysMirror":88,"Strawberry":45,"Prayer Wheel":126,"MealTicket":160,"Kunai":30,"Toxic Egg 2":109,"Pear":109,"Happy Flower":24,"Blue Candle":22,"Oddly Smooth Stone":146,"War Paint":29,"Question Card":34,"Akabeko":142,"Cables":66,"Du-Vu Doll":111,"OrangePellets":66,"SlaversCollar":155,"Bottled Flame":206,"Bronze Scales":30,"Bird Faced Urn":202,"Black Star":84,"Symbiotic Virus":13,"StrikeDummy":26,"Pocketwatch":156,"Darkstone Periapt":87,"Regal Pillow":90,"Lantern":119,"Singing Bowl":172,"SacredBark":136,"Mango":30,"Juzu Bracelet":159,"Bag of Preparation":188,"Smiling Mask":132,"Ancient Tea Set":189,"ClockworkSouvenir":94,"Emotion Chip":120,"Dream Catcher":133,"Matryoshka":99,"Mummified Hand":13,"Gambling Chip":30,"Tiny Chest":78,"Red Mask":212,"Chemical X":30,"Cracked Core":0,"Runic Pyramid":163,"Potion Belt":87,"Inserter":15,"Golden Idol":31,"PreservedInsect":20,"Omamori":59,"Frozen Egg 2":59,"Orichalcum":102,"Odd Mushroom":153,"MawBank":150,"White Beast Statue":93,"Mercury Hourglass":5,"Nuclear Battery":49,"Peace Pipe":45,"Strange Spoon":137,"CaptainsWheel":6,"Anchor":150,"DataDisk":179,"Orrery":125,"Bag of Marbles":90,"Art of War":133,"Membership Card":125,"TungstenRod":65,"Toy Ornithopter":81},{"Ice Cream":367,"Tiny House":167,"Calipers":179,"CeramicFish":245,"Vajra":473,"Runic Capacitor":0,"Whetstone":385,"Bottled Tornado":905,"Boot":491,"Old Coin":298,"FrozenCore":564,"Sozu":629,"Blood Vial":1048,"Lizard Tail":367,"HornCleat":90,"DollysMirror":491,"Strawberry":191,"Prayer Wheel":768,"MealTicket":980,"Kunai":131,"Toxic Egg 2":637,"Pear":637,"Happy Flower":96,"Blue Candle":90,"Oddly Smooth Stone":924,"War Paint":121,"Question Card":145,"Akabeko":886,"Cables":367,"Du-Vu Doll":657,"OrangePellets":367,"SlaversCollar":957,"Bottled Flame":1253,"Bronze Scales":131,"Bird Faced Urn":1243,"Black Star":464,"Symbiotic Virus":49,"StrikeDummy":105,"Pocketwatch":961,"Darkstone Periapt":482,"Regal Pillow":504,"Lantern":722,"Singing Bowl":1060,"SacredBark":859,"Mango":131,"Juzu Bracelet":974,"Bag of Preparation":1131,"Smiling Mask":825,"Ancient Tea Set":1135,"ClockworkSouvenir":536,"Emotion Chip":736,"Dream Catcher":832,"Matryoshka":555,"Mummified Hand":49,"Gambling Chip":131,"Tiny Chest":418,"Red Mask":1282,"Chemical X":131,"Cracked Core":0,"Runic Pyramid":1002,"Potion Belt":482,"Inserter":60,"Golden Idol":133,"PreservedInsect":82,"Omamori":298,"Frozen Egg 2":298,"Orichalcum":574,"Odd Mushroom":945,"MawBank":935,"White Beast Statue":527,"Mercury Hourglass":15,"Nuclear Battery":225,"Peace Pipe":191,"Strange Spoon":860,"CaptainsWheel":19,"Anchor":935,"DataDisk":1086,"Orrery":758,"Bag of Marbles":504,"Art of War":832,"Membership Card":758,"TungstenRod":359,"Toy Ornithopter":442}]},"card_choices":[{"not_picked":["Sweeping Beam","Compile Driver"],"picked":"Rebound","floor":1},{"not_picked":["Genetic Algorithm","Skim"],"picked":"Defragment","floor":2},{"not_picked":["Auto Shields","Compile Driver"],"picked":"Hologram","floor":4},{"not_picked":["Hologram","Static Discharge"],"picked":"Gash","floor":8},{"not_picked":["Melter","Cold Snap","Beam Cell"],"picked":"SKIP","floor":10},{"not_picked":["Thunder Strike","Stack","Barrage"],"picked":"SKIP","floor":14},{"not_picked":["Buffer","Meteor Strike"],"picked":"Biased Cognition","floor":16},{"not_picked":["Compile Driver","Beam Cell"],"picked":"Self Repair","floor":18},{"not_picked":["Gash","Storm"],"picked":"Rebound","floor":19},{"not_picked":["Gash+1","Scrape"],"picked":"Core Surge","floor":22},{"not_picked":["Turbo","Beam Cell+1"],"picked":"Conserve Battery+1","floor":24}],"player_experience":814064,"relics_obtained":[{"floor":9,"key":"Bottled Flame"},{"floor":22,"key":"Red Mask"}],"event_choices":[{"damage_healed":0,"gold_gain":0,"player_choice":"Success","damage_taken":3,"relics_obtained":["Lizard Tail"],"max_hp_gain":0,"max_hp_loss":0,"event_name":"Scrap Ooze","floor":5,"gold_loss":0},{"cards_removed":["Strike_B"],"damage_healed":0,"gold_gain":0,"player_choice":"Card Removal","damage_taken":7,"max_hp_gain":0,"max_hp_loss":0,"event_name":"Golden Wing","floor":7,"gold_loss":0},{"damage_healed":0,"gold_gain":0,"player_choice":"Ignored","damage_taken":0,"max_hp_gain":0,"max_hp_loss":0,"event_name":"Golden Idol","floor":12,"gold_loss":0},{"damage_healed":25,"gold_gain":0,"player_choice":"Banana","damage_taken":0,"max_hp_gain":0,"max_hp_loss":0,"event_name":"Big Fish","floor":13,"gold_loss":0},{"damage_healed":0,"gold_gain":0,"player_choice":"Obtain J.A.X.","damage_taken":0,"max_hp_gain":0,"max_hp_loss":0,"event_name":"Drug Dealer","floor":20,"gold_loss":0,"cards_obtained":["J.A.X."]},{"damage_healed":0,"gold_gain":0,"player_choice":"Fought Bandits","damage_taken":0,"max_hp_gain":0,"max_hp_loss":0,"event_name":"Masked Bandits","floor":22,"gold_loss":0}],"is_beta":false,"boss_relics":[{"not_picked":["Ectoplasm","SlaversCollar"],"picked":"Nuclear Battery"}],"items_purged_floors":[0,3],"is_endless":false,"potions_floor_spawned":[2,4,8,18,24],"killed_by":"Book of Stabbing","ascension_level":0}}