{"host":"5m2js577gj4e7pak","time":1613078619,"event":{"mods":["AchievementEnabler","Act Like it!","BaseMod","Better Match","BetterRewards","Bossed Relics","Colored Map","Colored Powertips","Googly Eyes","Highlight Path","Infinite Spire","Lobotomy","LobotomyExtend","Minty Spire (QoL Compilation)","Quick Restart","Relic Filter","Replay The Spire","Shop Mod","StSLib","slay the spire mod where everything is the same but ironclad has a cowboy hat"],"gold_per_floor":[114,132,132,145,145,171,134,134,134,100,100,114,148,159,159,257,257,257,432,432,382,382,415,415,450,450,478,182,182,192,222,222,320],"floor_reached":17,"language":"ENG","playtime":1609,"items_purged":[],"score":474,"play_id":"d8532c2b-b757-436c-97a2-a79c3f62cb5b","local_time":"20210211222339","is_ascension_mode":true,"campfire_choices":[{"floor":15,"key":"DIG"}],"circlet_count":0,"master_deck":["SpecialBullet","SpecialBullet","SpecialBullet","SpecialBullet","SpecialBullet","SpecialBullet","SpecialBullet","SpecialBullet","ControlCode","SecurityCode","Wellcheers","ShyLook","Christmas","SpecialBullet","Gaze","Beak+1","Lamp+7","SomewhereSpear","Penitence","QueenOfHatred","GrinderMk4","Mimicry","WristCuter","Pot Of Greed","Pot Of Greed","Pot Of Greed","Moonlight","TT2Protocol","BeautyBeast","BlackSwan_ego","Regret_ego","TrainingCode","WallGazer","RapturousDream+1","OSAHOGD","CENSORED_ego"],"relics":["CogitoBucket","RabbitCall","WarpedTongs","Regal Pillow","Onion Ring","White Beast Statue","BackwardClock","infinitespire:EmpoweringShard","Replay:Grab Bag","Coffee Dripper","Cursed Key","Black Star","LaetitiaHeart","Calling Bell","Blood Vial","Meat on the Bone","infinitespire:CursedDice","infinitespire:Beetle Shell","Replay:Multitool","LetterFromLob","Grinning Jar","Counterbalance","infinitespire:ShieldingShard","Boot","Oddly Smooth Stone","Orichalcum","Juzu Bracelet","AspirationHeart","Nunchaku","Letter Opener"],"acts_visited":["Exordium","TheCity"],"potions_floor_usage":[6,16,16,6,13,13,13,17,17,17],"damage_taken":[{"damage":6,"enemies":"Cultist","floor":1,"turns":3},{"damage":7,"enemies":"Small Slimes","floor":2,"turns":2},{"damage":9,"enemies":"2 Louse","floor":4,"turns":2},{"damage":12,"enemies":"Gremlin Nob","floor":6,"turns":2},{"damage":17,"enemies":"Exordium Thugs","floor":12,"turns":3},{"damage":21,"enemies":"3 Sentries","floor":13,"turns":5},{"damage":45,"enemies":"Blue Slaver","floor":14,"turns":14},{"damage":27,"enemies":"Slime Boss","floor":16,"turns":9},{"damage":0,"enemies":"Chosen","floor":18,"turns":1},{"damage":7,"enemies":"Small Slimes","floor":1,"turns":2},{"damage":25,"enemies":"3 Sentries","floor":6,"turns":3},{"damage":18,"enemies":"Lagavulin","floor":8,"turns":3},{"damage":0,"enemies":"3 Sentries","floor":10,"turns":2},{"damage":91,"enemies":"2 Louse","floor":13,"turns":7},{"damage":0,"enemies":"Gremlin Nob","floor":14,"turns":2},{"damage":18,"enemies":"Hexaghost","floor":16,"turns":6},{"damage":107,"enemies":"Malkuth","floor":17,"turns":15},{"damage":133,"enemies":"Hod","floor":17,"turns":13}],"seed_played":"3205484910178344171","potions_obtained":[{"floor":1,"key":"Death Potion"},{"floor":12,"key":"Swift Potion"},{"floor":14,"key":"Adrenaline Potion"},{"floor":16,"key":"Fire Potion"},{"floor":6,"key":"Fruit Juice"},{"floor":8,"key":"Dexterity Potion"},{"floor":10,"key":"Adrenaline Potion"},{"floor":13,"key":"Swift Potion"},{"floor":14,"key":"SteroidPotion"},{"floor":16,"key":"FearPotion"}],"is_trial":false,"path_per_floor":["M","M","?","M","?","E","$","R","T","$","R","M","E","M","R_BF","B",null,"M","M","?","?","?","AVR","E","R","E","T","E","$","?","M","E","R","B",null],"character_chosen":"Angela","items_purchased":["Beak+1","Lamp","Orichalcum","Juzu Bracelet"],"campfire_rested":0,"item_purchase_floors":[7,10,11,11],"current_hp_per_floor":[77,77,77,77,77,77,77,77,77,77,77,77,77,53,53,53,77,77,77,77,77,77,82,82,82,82,82,82,82,57,81,92,92],"gold":320,"neow_bonus":"TEN_PERCENT_HP_BONUS","is_daily":false,"chose_seed":false,"campfire_upgraded":0,"win_rate":0.0,"timestamp":1613078619,"path_taken":["M","?","?","?","?","E","$","R","T","?","R","M","E","M","R_BF","BOSS","M","M","?","?","?","AVR","E","R","E","T","E","$","?","M","E","R","BOSS"],"items_purchased_type":["Card","Card","Relic","Relic"],"build_version":"2020-12-22","purchased_purges":0,"victory":true,"max_hp_per_floor":[77,77,77,77,77,77,77,77,77,77,77,77,77,77,77,77,77,77,77,77,77,77,82,82,82,82,82,82,82,92,92,92,92],"card_choices":[{"not_picked":["GreedKing","LaLuna"],"picked":"Wellcheers","floor":1},{"not_picked":["FourthMatchFlame","Loneliness"],"picked":"SKIP","floor":1},{"not_picked":["FairyFestival","PunishingBird"],"picked":"ShyLook","floor":2},{"not_picked":["Soda"],"picked":"Christmas","floor":2},{"not_picked":["Loneliness","FeatherOfHonor"],"picked":"SKIP","floor":4},{"not_picked":["Tough"],"picked":"Gaze","floor":6},{"not_picked":["Beak"],"picked":"SomewhereSpear","floor":12},{"not_picked":["Loneliness"],"picked":"Penitence","floor":13},{"not_picked":["LittleHelper","MeatLantern"],"picked":"QueenOfHatred","floor":14},{"not_picked":["WristCuter"],"picked":"GrinderMk4","floor":14},{"not_picked":["TheSmile"],"picked":"Mimicry","floor":16},{"not_picked":["FourthMatchFlame","Beak"],"picked":"SKIP","floor":1},{"not_picked":["Loneliness"],"picked":"WristCuter","floor":6},{"not_picked":["BloodyDesire"],"picked":"Moonlight","floor":8},{"not_picked":["MHz","FairyFestival"],"picked":"BeautyBeast","floor":10},{"not_picked":["Wingbeat"],"picked":"BlackSwan_ego","floor":10},{"not_picked":["BlueScar"],"picked":"Regret_ego","floor":13},{"not_picked":["LaLuna","Variant"],"picked":"WallGazer","floor":14},{"not_picked":["Pinks"],"picked":"RapturousDream","floor":14},{"not_picked":["SpiderBud","CrumblingArmor"],"picked":"OSAHOGD","floor":16},{"not_picked":["SoundOfStar"],"picked":"CENSORED_ego","floor":16}],"player_experience":68116,"relics_obtained":[{"floor":1,"key":"LetterFromLob"},{"floor":6,"key":"Regal Pillow"},{"floor":9,"key":"Onion Ring"},{"floor":13,"key":"White Beast Statue"},{"floor":15,"key":"infinitespire:EmpoweringShard"},{"floor":5,"key":"Blood Vial"},{"floor":5,"key":"Meat on the Bone"},{"floor":5,"key":"infinitespire:CursedDice"},{"floor":6,"key":"infinitespire:Beetle Shell"},{"floor":6,"key":"Replay:Multitool"},{"floor":6,"key":"LetterFromLob"},{"floor":8,"key":"Grinning Jar"},{"floor":8,"key":"Counterbalance"},{"floor":9,"key":"infinitespire:ShieldingShard"},{"floor":10,"key":"Boot"},{"floor":10,"key":"Oddly Smooth Stone"},{"floor":14,"key":"Nunchaku"},{"floor":14,"key":"Letter Opener"}],"event_choices":[{"damage_healed":0,"gold_gain":0,"player_choice":"Rummage","damage_taken":0,"relics_obtained":["WarpedTongs"],"max_hp_gain":0,"max_hp_loss":0,"event_name":"Accursed Blacksmith","floor":3,"gold_loss":0,"cards_obtained":["Pain"]},{"cards_removed":["Pain"],"damage_healed":0,"gold_gain":0,"player_choice":"Took Card","damage_taken":0,"max_hp_gain":0,"max_hp_loss":0,"event_name":"NoteForYourself","floor":5,"gold_loss":0,"cards_obtained":["SpecialBullet"]},{"damage_healed":0,"gold_gain":175,"player_choice":"AGREE","damage_taken":0,"max_hp_gain":0,"max_hp_loss":0,"event_name":"Liars Game","floor":2,"gold_loss":0,"cards_obtained":["Doubt"]},{"cards_removed":["InformationCode"],"damage_healed":0,"gold_gain":0,"player_choice":"Card Removal","damage_taken":0,"max_hp_gain":0,"max_hp_loss":0,"event_name":"The Cleric","floor":4,"gold_loss":50}],"is_beta":false,"boss_relics":[{"not_picked":["Replay:Bronze Core","ReplayTheSpireMod:SealedPack"],"picked":"Replay:Grab Bag"},{"not_picked":["Ectoplasm","Philosopher\u0027s Stone"],"picked":"Coffee Dripper"},{"not_picked":["Fusion Hammer","Busted Crown"],"picked":"Cursed Key"},{"not_picked":["Empty Cage","SlaversCollar"],"picked":"Black Star"}],"items_purged_floors":[],"is_endless":false,"potions_floor_spawned":[1,12,14,16,18,1,6,8,10,13,14,16,17,17],"ascension_level":1}}