{"host":"684z1xpuwaoqmmh1","time":1613060550,"event":{"mods":["A Magickal Journey","BaseMod","Downfall","Hermit","Jorbs\u0027s Wanderer Trilogy","Marisa????????","Minty Spire (QoL Compilation)","Robot Space Explorer","Shade Mod","StSLib","The Bug Knight","The Dragon Tamer","The Elementalist","The Hayseed","The Hierophant","The Marked","The Mystic","The Runesmith","The Saiyan","The Senshi","The Spell Scribe","The Vixen","TheBandit","TheFirefly"],"gold_per_floor":[88,88,263,280,280,315,332,332,358,384,397,430,430,76,76,178,178,190,240,229,229,44,79,79,112,112,132,132,159,171,203,203,308,308,320,320,320],"floor_reached":36,"language":"ENG","playtime":1879,"items_purged":["Saiyan:SAIYA_Strike"],"score":870,"play_id":"77c8e99a-40f6-418d-ae8c-d35d54925b1f","local_time":"20210211182230","is_ascension_mode":true,"campfire_choices":[{"data":"Saiyan:SuperSaiyanForm","floor":8.0,"key":"SMITH"},{"data":"Saiyan:TurtleShell","floor":13.0,"key":"SMITH"},{"data":"Saiyan:Makankosappo","floor":15.0,"key":"SMITH"},{"floor":28,"key":"RECALL"},{"floor":32,"key":"REST"}],"circlet_count":0,"master_deck":["Saiyan:SAIYA_Strike","Saiyan:SAIYA_Strike","Saiyan:SAIYA_Strike","Saiyan:SAIYA_Defend","Saiyan:SAIYA_Defend","Saiyan:SAIYA_Defend","Saiyan:SAIYA_Defend","Saiyan:EnergyBlast","Saiyan:KaioKen","Saiyan:RuthlessBlow","Saiyan:PowerUp","Saiyan:Medicine","Saiyan:WarmUp","Saiyan:SuperSaiyanForm+1","Saiyan:Makankosappo+1","Saiyan:SolarFlare","Saiyan:Flurry","Saiyan:TurtleShell+1","Saiyan:PlotArmor","Saiyan:Rekindle","Saiyan:Fly+1","Saiyan:TurtleShell","Saiyan:SolarFlare","Saiyan:ReverberatingForce","Saiyan:Flurry+1","Saiyan:FinalFlash","Saiyan:SuperSaiyanForm","Saiyan:Overexert+1","Saiyan:MajinSeal","Saiyan:Furor+1","Saiyan:MindBoom","CurseOfTheBell","Saiyan:KiStrike"],"relics":["SaiyanSoul","SaiyanHeart","PreservedInsect","Regal Pillow","theSenshi:SailorFukuRelic","Kunai","hexamod:CandleOfCauterizing","Fusion Hammer","Sling","HollowMod:LifeEnderRelic","Blue Candle","theSenshi:FeatherClipsRelic","The Courier","Guardian:PocketSentry","Calling Bell","Toy Ornithopter","Toxic Egg 2","Girya"],"acts_visited":["Exordium","TheCity","TheBeyond"],"potions_floor_usage":[23,25,25,25,29],"damage_taken":[{"damage":0.0,"enemies":"Jaw Worm","floor":1.0,"turns":5.0},{"damage":0.0,"enemies":"2 Louse","floor":4.0,"turns":4.0},{"damage":29.0,"enemies":"Lagavulin","floor":6.0,"turns":12.0},{"damage":5.0,"enemies":"Small Slimes","floor":7.0,"turns":4.0},{"damage":0.0,"enemies":"3 Sentries","floor":10.0,"turns":5.0},{"damage":2.0,"enemies":"Red Slaver","floor":11.0,"turns":5.0},{"damage":16.0,"enemies":"Gremlin Nob","floor":12.0,"turns":3.0},{"damage":0.0,"enemies":"Slime Boss","floor":16.0,"turns":9.0},{"damage":6.0,"enemies":"Shell Parasite","floor":18.0,"turns":6.0},{"damage":4,"enemies":"2 Thieves","floor":20,"turns":5},{"damage":0,"enemies":"Gremlin Leader","floor":23,"turns":6},{"damage":9,"enemies":"Book of Stabbing","floor":25,"turns":6},{"damage":3,"enemies":"3 Cultists","floor":27,"turns":8},{"damage":0,"enemies":"Gremlin Leader","floor":29,"turns":5},{"damage":19,"enemies":"Snake Plant","floor":30,"turns":5},{"damage":2,"enemies":"Book of Stabbing","floor":31,"turns":7},{"damage":2,"enemies":"Champ","floor":33,"turns":10},{"damage":30,"enemies":"3 Darklings","floor":35,"turns":9},{"damage":66,"enemies":"Orin","floor":36,"turns":7}],"seed_played":"6122734987518419523","potions_obtained":[{"floor":7.0,"key":"PowerPotion"},{"floor":10.0,"key":"sneckomod:MuddlingPotion"},{"floor":12.0,"key":"AttackPotion"},{"floor":20,"key":"Weak Potion"},{"floor":24,"key":"EntropicBrew"}],"is_trial":false,"path_per_floor":["M","?","?","M","?","E","M","R","T","E","M","E","R","$","R","B",null,"M","?","M","?","$","E","?","E","T","M","R","E","M","E","R","B",null,"M","?"],"character_chosen":"SAIYAJIN","items_purchased":["Saiyan:PlotArmor","hexamod:CandleOfCauterizing","Saiyan:ReverberatingForce","Sling"],"campfire_rested":1,"item_purchase_floors":[14,14,22,22],"current_hp_per_floor":[55,55,55,60,60,35,32,32,32,36,39,26,26,26,26,30,61,58,58,58,58,58,59,59,51,51,57,57,67,57,65,79,79,79,58,0,0],"gold":320,"neow_bonus":"THREE_CARDS","is_daily":false,"chose_seed":false,"campfire_upgraded":3,"win_rate":0.0,"timestamp":1613060550,"path_taken":["M","?","?","M","?","E","M","R","T","E","?","E","R","$","R","BOSS","M","?","M","?","$","E","?","E","T","M","R","E","?","E","R","BOSS","M","?"],"items_purchased_type":["Card","Relic","Card","Relic"],"build_version":"2020-12-22","purchased_purges":1,"victory":false,"max_hp_per_floor":[61,61,61,63,63,64,66,66,66,68,70,70,70,70,70,71,71,71,71,73,73,73,74,74,75,75,76,76,78,78,79,79,79,79,79,79,79],"card_choices":[{"not_picked":["Saiyan:PressOn","Saiyan:BigBangAttack"],"picked":"Saiyan:PowerUp","floor":0.0},{"not_picked":["Saiyan:PowerUp","Saiyan:ExpandingShockwave"],"picked":"Saiyan:Medicine","floor":1.0},{"not_picked":["Saiyan:BigBangAttack","Saiyan:TurtleShell"],"picked":"Saiyan:WarmUp","floor":4.0},{"not_picked":["Saiyan:BackAttack","Saiyan:Honing"],"picked":"Saiyan:SuperSaiyanForm","floor":6.0},{"not_picked":["Saiyan:DragonFist","Saiyan:Reset"],"picked":"Saiyan:Makankosappo","floor":7.0},{"not_picked":["Saiyan:BurningSoul","Saiyan:Pacing"],"picked":"Saiyan:SolarFlare","floor":10.0},{"not_picked":["Saiyan:TurtleShell","Saiyan:SaiyanHubris"],"picked":"Saiyan:Flurry","floor":11.0},{"not_picked":["Saiyan:Endure","Saiyan:Overexert"],"picked":"Saiyan:TurtleShell","floor":12.0},{"not_picked":["Saiyan:TransfigurationBeam","Saiyan:SenzuBean"],"picked":"Saiyan:Rekindle","floor":16.0},{"not_picked":["Saiyan:Scouter","Saiyan:FingerParry+1"],"picked":"Saiyan:Fly+1","floor":18.0},{"not_picked":["Saiyan:KiExplosion","Saiyan:ReverberatingForce"],"picked":"Saiyan:TurtleShell","floor":20},{"not_picked":["Saiyan:ExpandingShockwave","Saiyan:Makankosappo+1"],"picked":"Saiyan:Flurry+1","floor":23},{"not_picked":["Saiyan:BigBangAttack","Saiyan:KameHameHa"],"picked":"Saiyan:FinalFlash","floor":25},{"not_picked":["Saiyan:Quickening+1","Saiyan:FingerParry"],"picked":"Saiyan:SuperSaiyanForm","floor":27},{"not_picked":["Saiyan:DrainingStrike+1","Saiyan:Expend"],"picked":"Saiyan:Overexert+1","floor":29},{"not_picked":["Saiyan:Furor","Saiyan:ConcussiveBlow"],"picked":"Saiyan:MajinSeal","floor":30},{"not_picked":["Saiyan:TurtleShell","Saiyan:SenzuBean"],"picked":"Saiyan:Furor+1","floor":31},{"not_picked":["Saiyan:HyperTimeChamber","Saiyan:MajinSeal"],"picked":"Saiyan:MindBoom","floor":33},{"not_picked":["Saiyan:SpiritSword","Saiyan:Overexert+1"],"picked":"Saiyan:KiStrike","floor":35}],"player_experience":3253747,"relics_obtained":[{"floor":6.0,"key":"PreservedInsect"},{"floor":9.0,"key":"Regal Pillow"},{"floor":10.0,"key":"theSenshi:SailorFukuRelic"},{"floor":12.0,"key":"Kunai"},{"floor":23,"key":"HollowMod:LifeEnderRelic"},{"floor":25,"key":"Blue Candle"},{"floor":26,"key":"theSenshi:FeatherClipsRelic"},{"floor":29,"key":"The Courier"},{"floor":31,"key":"Guardian:PocketSentry"},{"floor":34,"key":"Toy Ornithopter"},{"floor":34,"key":"Toxic Egg 2"},{"floor":34,"key":"Girya"}],"event_choices":[{"damage_healed":0.0,"max_hp_gain":0.0,"max_hp_loss":0.0,"gold_gain":175.0,"event_name":"Liars Game","player_choice":"AGREE","floor":3.0,"gold_loss":0.0,"damage_taken":0.0,"cards_obtained":["Doubt"]},{"cards_removed":["Doubt"],"damage_healed":0.0,"max_hp_gain":0.0,"max_hp_loss":0.0,"gold_gain":0.0,"event_name":"Fountain of Cleansing","player_choice":"Removed Curses","floor":5.0,"gold_loss":0.0,"damage_taken":0.0},{"damage_healed":0,"gold_gain":0,"player_choice":"Read","damage_taken":0,"max_hp_gain":0,"max_hp_loss":0,"event_name":"The Library","floor":21,"gold_loss":0,"cards_obtained":["Saiyan:SolarFlare"]},{"damage_healed":0,"gold_gain":0,"player_choice":"Got Potions","damage_taken":0,"max_hp_gain":0,"max_hp_loss":0,"event_name":"Lab","floor":24,"gold_loss":0},{"damage_healed":0,"gold_gain":0,"player_choice":"Fight","damage_taken":0,"max_hp_gain":0,"max_hp_loss":0,"event_name":"OrinTheCat","floor":36,"gold_loss":0}],"is_beta":false,"boss_relics":[{"not_picked":["Snecko Eye","Pandora\u0027s Box"],"picked":"Fusion Hammer"},{"not_picked":["Empty Cage","bronze:MakeshiftBattery"],"picked":"Calling Bell"}],"items_purged_floors":[14],"is_endless":false,"potions_floor_spawned":[7,10,12,20,27],"killed_by":"Orin","ascension_level":9}}