{"host":"mulvwr6fzlda1d2f","time":1613014151,"event":{"mods":["BaseMod","BetterRewards","Hermit","Marisa????????","Minty Spire (QoL Compilation)","Quick Restart","Remove Card Discount Mod","Replay The Spire","StSLib","The Bladedancer","The Runesmith","egg"],"gold_per_floor":[110,110,110,130,144,179,195,195,195],"floor_reached":8,"language":"ENG","playtime":904,"items_purged":[],"score":58,"play_id":"dcedff73-e0e2-4a06-9187-261bb58ac518","local_time":"20210210192911","is_ascension_mode":false,"campfire_choices":[],"circlet_count":0,"master_deck":["blademaster:Strike","blademaster:Strike","blademaster:Strike","blademaster:Strike","blademaster:Defend","blademaster:Defend","blademaster:Defend","blademaster:Defend","blademaster:RagingBlow","blademaster:HighVoltage","blademaster:FuriousStrike+1","blademaster:Quickstep","blademaster:Flurry","blademaster:AspectOfWind","blademaster:ThreePointStrike"],"relics":["blademaster:DancersAmulet","Replay:Mystery Machine"],"acts_visited":["Exordium"],"potions_floor_usage":[6],"damage_taken":[{"damage":3,"enemies":"Jaw Worm","floor":1,"turns":4},{"damage":1,"enemies":"Cultist","floor":4,"turns":3},{"damage":0,"enemies":"Small Slimes","floor":5,"turns":3},{"damage":15,"enemies":"Gremlin Nob","floor":6,"turns":4},{"damage":13,"enemies":"3 Louse","floor":7,"turns":2},{"damage":10,"enemies":"Lagavulin","floor":8,"turns":3}],"seed_played":"369194002417553227","potions_obtained":[{"floor":1,"key":"Block Potion"},{"floor":6,"key":"CultistPotion"},{"floor":7,"key":"EssenceOfSteel"}],"is_trial":false,"path_per_floor":["M","?","T","M","M","E","M","E"],"character_chosen":"THE_BLADEMASTER","items_purchased":[],"campfire_rested":0,"item_purchase_floors":[],"current_hp_per_floor":[79,79,79,78,78,63,50,40,40],"gold":195,"neow_bonus":"TEN_PERCENT_HP_BONUS","is_daily":false,"chose_seed":false,"campfire_upgraded":0,"win_rate":0.0,"timestamp":1613014151,"path_taken":["M","?","?","?","M","E","M","E"],"items_purchased_type":[],"build_version":"2020-12-22","purchased_purges":0,"victory":false,"max_hp_per_floor":[82,82,82,82,82,82,82,82,82],"card_choices":[{"not_picked":["blademaster:AwakeningDefend","blademaster:Cut"],"picked":"blademaster:FuriousStrike","floor":1},{"not_picked":["blademaster:ThunderingOpener","blademaster:KiBarrier"],"picked":"blademaster:Quickstep","floor":4},{"not_picked":["blademaster:Frontflip","blademaster:Quickstep"],"picked":"blademaster:Flurry","floor":5},{"not_picked":["blademaster:SlyStabs","blademaster:Momentum"],"picked":"blademaster:AspectOfWind","floor":6},{"not_picked":["blademaster:ChargingUp","blademaster:Sharpen"],"picked":"blademaster:ThreePointStrike","floor":7}],"player_experience":251314,"relics_obtained":[{"floor":6,"key":"Replay:Mystery Machine"},{"floor":6,"key":"blademaster:StrongPerk"}],"event_choices":[],"is_beta":false,"boss_relics":[],"items_purged_floors":[],"is_endless":false,"potions_floor_spawned":[1,6,7],"killed_by":"Lagavulin","ascension_level":0}}