{"host":"rolltorest","time":1613030601,"event":{"mods":["BaseMod","Minty Spire (QoL Compilation)","Relic Stats","Slay the Relics Exporter","StSLib"],"gold_per_floor":[119,137,137,137,156,190,190,190,190,68,101,101,119,28,28,126,126,142,13,33,58,71,107,107,128,155,155,155,155,155,193,193,193,193],"floor_reached":33,"language":"ENG","playtime":1132,"items_purged":["Strike_B"],"score":586,"play_id":"43fac14a-c614-4100-8b2c-c0996627c422","local_time":"20210211000321","is_ascension_mode":true,"campfire_choices":[{"data":"Gash","floor":7,"key":"SMITH"},{"floor":12,"key":"REST"},{"data":"Beam Cell","floor":15,"key":"SMITH"},{"floor":24,"key":"REST"},{"data":"Ghostly","floor":29,"key":"SMITH"},{"data":"Ghostly","floor":32,"key":"SMITH"}],"circlet_count":0,"master_deck":["AscendersBane","Strike_B","Strike_B","Defend_B","Defend_B","Defend_B","Defend_B","Zap","Dualcast","Coolheaded","Lockon","Gash+1","Self Repair","Compile Driver","Melter","Chill","Beam Cell+1","Glacier","Core Surge","Go for the Eyes+1","Hologram","Sweeping Beam+1","Darkness","Scrape","Cold Snap","Ghostly+1","Ghostly+1","Ghostly+1","Streamline"],"relics":["Runic Pyramid","Golden Idol","WingedGreaves","Turnip","The Courier","Bottled Flame","Philosopher\u0027s Stone","Runic Capacitor","Frozen Egg 2","PreservedInsect","Art of War"],"acts_visited":["Exordium","TheCity"],"potions_floor_usage":[11,16,23,23,31],"damage_taken":[{"damage":7,"enemies":"Jaw Worm","floor":1,"turns":4},{"damage":0,"enemies":"Cultist","floor":2,"turns":4},{"damage":0,"enemies":"Small Slimes","floor":5,"turns":4},{"damage":31,"enemies":"3 Sentries","floor":6,"turns":11},{"damage":8,"enemies":"Gremlin Nob","floor":11,"turns":3},{"damage":1,"enemies":"Looter","floor":13,"turns":4},{"damage":16,"enemies":"The Guardian","floor":16,"turns":13},{"damage":0,"enemies":"Spheric Guardian","floor":18,"turns":1},{"damage":21,"enemies":"2 Thieves","floor":20,"turns":5},{"damage":1,"enemies":"Chosen and Byrds","floor":21,"turns":9},{"damage":28,"enemies":"Snake Plant","floor":22,"turns":6},{"damage":25,"enemies":"Slavers","floor":23,"turns":8},{"damage":0,"enemies":"Centurion and Healer","floor":25,"turns":6},{"damage":9,"enemies":"Book of Stabbing","floor":31,"turns":6},{"damage":44,"enemies":"Collector","floor":33,"turns":11}],"seed_played":"-490603762277084106","potions_obtained":[{"floor":6,"key":"EssenceOfSteel"},{"floor":13,"key":"Swift Potion"},{"floor":20,"key":"Ancient Potion"},{"floor":25,"key":"AttackPotion"}],"is_trial":false,"path_per_floor":["M","M","?","?","M","E","R","T","T","$","E","R","M","$","R","B",null,"M","$","M","M","M","E","R","M","T","?","?","R","?","E","R","B"],"character_chosen":"DEFECT","items_purchased":["Compile Driver","Melter","FearPotion","Glacier","Runic Capacitor"],"campfire_rested":2,"item_purchase_floors":[10,10,10,14,19],"current_hp_per_floor":[57,57,57,57,57,26,26,26,26,26,18,37,43,43,43,34,57,57,57,43,49,28,10,29,36,36,32,32,32,32,30,30,0,0],"gold":193,"neow_bonus":"BOSS_RELIC","is_daily":false,"chose_seed":false,"campfire_upgraded":4,"win_rate":0.0,"timestamp":1613030601,"path_taken":["M","M","?","?","?","E","R","?","T","$","E","R","M","$","R","BOSS","M","$","M","M","M","E","R","?","T","?","?","R","?","E","R","BOSS"],"items_purchased_type":["Card","Card","Potion","Card","Relic"],"build_version":"2020-12-18","purchased_purges":1,"victory":false,"max_hp_per_floor":[71,71,64,64,64,64,64,64,64,64,64,64,64,64,64,64,64,64,64,64,64,64,64,64,64,64,32,32,32,32,32,32,32,32],"relic_stats":{"counters":[15,95],"Golden Idol":76,"Turnip":[7],"PreservedInsect":42,"Art of War":[0],"obtain_stats":[{"Bottled Flame":11,"Golden Idol":3,"Philosopher\u0027s Stone":17,"WingedGreaves":6,"Turnip":8,"The Courier":9,"PreservedInsect":26,"Runic Capacitor":19,"Art of War":31,"Frozen Egg 2":23,"Cracked Core":0,"Runic Pyramid":0},{"Bottled Flame":5,"Golden Idol":2,"Philosopher\u0027s Stone":7,"WingedGreaves":4,"Turnip":4,"The Courier":4,"PreservedInsect":13,"Runic Capacitor":8,"Art of War":14,"Frozen Egg 2":12,"Cracked Core":0,"Runic Pyramid":0},{"Bottled Flame":26,"Golden Idol":8,"Philosopher\u0027s Stone":43,"WingedGreaves":23,"Turnip":23,"The Courier":23,"PreservedInsect":78,"Runic Capacitor":44,"Art of War":84,"Frozen Egg 2":72,"Cracked Core":0,"Runic Pyramid":0}]},"card_choices":[{"not_picked":["Stack","Hologram"],"picked":"Coolheaded","floor":1},{"not_picked":["Skim","Barrage"],"picked":"Lockon","floor":2},{"not_picked":["Stack","Go for the Eyes"],"picked":"Gash","floor":5},{"not_picked":["Sweeping Beam","Fission"],"picked":"Self Repair","floor":6},{"not_picked":["Rebound","Compile Driver"],"picked":"Chill","floor":11},{"not_picked":["Skim","Compile Driver"],"picked":"Beam Cell","floor":13},{"not_picked":["Thunder Strike","Meteor Strike"],"picked":"Core Surge","floor":16},{"not_picked":["Lockon","Leap"],"picked":"Go for the Eyes+1","floor":18},{"not_picked":["Go for the Eyes","Redo"],"picked":"Hologram","floor":20},{"not_picked":["BootSequence","Barrage"],"picked":"Sweeping Beam+1","floor":21},{"not_picked":["Force Field+1","Storm"],"picked":"Darkness","floor":22},{"not_picked":["Redo","Leap"],"picked":"Scrape","floor":23},{"not_picked":["Static Discharge+1","BootSequence"],"picked":"Cold Snap","floor":25},{"not_picked":["Cold Snap","FTL"],"picked":"Streamline","floor":31}],"player_experience":1950364,"relics_obtained":[{"floor":6,"key":"WingedGreaves"},{"floor":8,"key":"Turnip"},{"floor":9,"key":"The Courier"},{"floor":11,"key":"Bottled Flame"},{"floor":23,"key":"Frozen Egg 2"},{"floor":26,"key":"PreservedInsect"},{"floor":31,"key":"Art of War"}],"event_choices":[{"damage_healed":0,"gold_gain":0,"player_choice":"Lose Max HP","damage_taken":0,"relics_obtained":["Golden Idol"],"max_hp_gain":0,"max_hp_loss":7,"event_name":"Golden Idol","floor":3,"gold_loss":0},{"cards_removed":["Strike_B"],"damage_healed":0,"gold_gain":0,"player_choice":"Offered Basic","damage_taken":0,"max_hp_gain":0,"max_hp_loss":0,"event_name":"Bonfire Elementals","floor":4,"gold_loss":0},{"damage_healed":0,"gold_gain":0,"player_choice":"Became a Ghost","damage_taken":0,"max_hp_gain":0,"max_hp_loss":32,"event_name":"Ghosts","floor":27,"gold_loss":0,"cards_obtained":["Ghostly","Ghostly","Ghostly"]},{"damage_healed":0,"gold_gain":0,"player_choice":"Ignored","damage_taken":0,"max_hp_gain":0,"max_hp_loss":0,"event_name":"Vampires","floor":28,"gold_loss":0},{"damage_healed":0,"gold_gain":0,"player_choice":"Forge","damage_taken":0,"max_hp_gain":0,"max_hp_loss":0,"event_name":"Accursed Blacksmith","floor":30,"gold_loss":0,"cards_upgraded":["Ghostly"]}],"is_beta":true,"boss_relics":[{"not_picked":["Inserter","Snecko Eye"],"picked":"Philosopher\u0027s Stone"}],"items_purged_floors":[14],"is_endless":false,"potions_floor_spawned":[6,13,20,21,25],"killed_by":"Collector","ascension_level":20}}