{"host":"5m2js577gj4e7pak","time":1613076903,"event":{"mods":["AchievementEnabler","Act Like it!","BaseMod","Better Match","BetterRewards","Bossed Relics","Colored Map","Colored Powertips","Googly Eyes","Highlight Path","Infinite Spire","Lobotomy","LobotomyExtend","Minty Spire (QoL Compilation)","Quick Restart","Relic Filter","Replay The Spire","Shop Mod","StSLib","slay the spire mod where everything is the same but ironclad has a cowboy hat"],"gold_per_floor":[115,15,15,34,51,51,51,51,77,103,103,132,132,147,147,147,147],"floor_reached":16,"language":"ENG","playtime":484,"items_purged":[],"score":113,"play_id":"4965b07d-64d6-47c1-8cd2-d82786464af9","local_time":"20210211215503","is_ascension_mode":true,"campfire_choices":[],"circlet_count":0,"master_deck":["SpecialBullet","SpecialBullet","SpecialBullet","SpecialBullet","SpecialBullet","SpecialBullet","SpecialBullet","SpecialBullet","SecurityCode","ControlCode","OSAHOGD","Beak","CUTE","Penitence","RedEyes","Wellcheers","ShedSkin","Christmas","Pot Of Greed","Pot Of Greed","MagicBullet","TT2Protocol","RedEyes","ShyLook","Heaven"],"relics":["CogitoBucket","Anchor","RabbitCall","LetterFromLob","RedMistMask","Grinning Jar","Golden Egg","Boot","SkinProphecy"],"acts_visited":["Exordium"],"potions_floor_usage":[14,14,14],"damage_taken":[{"damage":0,"enemies":"Cultist","floor":1,"turns":2},{"damage":1,"enemies":"Jaw Worm","floor":4,"turns":2},{"damage":0,"enemies":"Small Slimes","floor":5,"turns":3},{"damage":14,"enemies":"Gremlin Nob","floor":10,"turns":3},{"damage":30,"enemies":"Lagavulin","floor":12,"turns":5},{"damage":33,"enemies":"3 Louse","floor":14,"turns":4},{"damage":29,"enemies":"Slime Boss","floor":16,"turns":3}],"seed_played":"-8037707777695649747","potions_obtained":[{"floor":1,"key":"Ancient Potion"},{"floor":5,"key":"FearPotion"},{"floor":10,"key":"Explosive Potion"}],"is_trial":false,"path_per_floor":["M","$","?","M","M","R","M","R","T","E","R","E","?","M","R","B"],"character_chosen":"Angela","items_purchased":["CUTE","Penitence"],"campfire_rested":0,"item_purchase_floors":[2,2],"current_hp_per_floor":[70,70,70,70,70,70,70,70,70,70,70,58,58,28,28,0,0],"gold":147,"neow_bonus":"RANDOM_COMMON_RELIC","is_daily":false,"chose_seed":false,"campfire_upgraded":0,"win_rate":0.0,"timestamp":1613076903,"path_taken":["M","?","?","M","?","R","?","R","T","E","R","E","?","M","R","BOSS"],"items_purchased_type":["Card","Card"],"build_version":"2020-12-22","purchased_purges":0,"victory":false,"max_hp_per_floor":[70,70,70,70,70,70,70,70,70,70,70,70,70,70,70,72,72],"card_choices":[{"not_picked":["PunishingBird","VoidDream"],"picked":"OSAHOGD","floor":1},{"not_picked":["FourthMatchFlame"],"picked":"Beak","floor":1},{"not_picked":["VoidDream","Murderer"],"picked":"Wellcheers","floor":4},{"not_picked":["Ecstasy"],"picked":"ShedSkin","floor":4},{"not_picked":["Laetitia_ego"],"picked":"Christmas","floor":5},{"not_picked":["FrostShard"],"picked":"MagicBullet","floor":10},{"not_picked":["CUTE"],"picked":"RedEyes","floor":12},{"not_picked":["Murderer","OldLady"],"picked":"ShyLook","floor":14},{"not_picked":["RapturousDream"],"picked":"Heaven","floor":14}],"player_experience":68116,"relics_obtained":[{"floor":1,"key":"LetterFromLob"},{"floor":4,"key":"RedMistMask"},{"floor":9,"key":"Grinning Jar"},{"floor":10,"key":"Golden Egg"},{"floor":12,"key":"Boot"}],"event_choices":[{"damage_healed":0,"gold_gain":0,"cards_transformed":["InformationCode"],"player_choice":"Transformed","damage_taken":0,"max_hp_gain":0,"max_hp_loss":0,"event_name":"Transmorgrifier","floor":3,"gold_loss":0,"cards_obtained":["RedEyes"]}],"is_beta":false,"boss_relics":[],"items_purged_floors":[],"is_endless":false,"potions_floor_spawned":[1,5,10,12],"killed_by":"Slime Boss","ascension_level":1}}