{"host":"fxrgx7wt2cpkbhka","time":1613018036,"event":{"mods":["AchievementEnabler","BaseMod","Colored Powertips","Dark Map","Minty Spire (QoL Compilation)","Permanent Neow","Quick Restart","Slay-I","StSLib","Waifu the Spire"],"gold_per_floor":[111,111,123,141,0,0,35,60,60,60,71,71,86,114,114,188,188,198,42,57,57,57,57,67,67,118,10,20,20,34,34,34,109,109,124,124,124,149,164,164,164],"floor_reached":40,"language":"ENG","playtime":1126,"items_purged":[],"score":695,"play_id":"f5a86bcb-89c5-4b77-ae4a-245d46854211","local_time":"20210210203356","is_ascension_mode":true,"campfire_choices":[{"data":"Chill","floor":6,"key":"SMITH"},{"data":"Consume","floor":10,"key":"SMITH"},{"floor":15,"key":"REST"},{"data":"Ball Lightning","floor":23,"key":"SMITH"},{"floor":25,"key":"REST"},{"data":"Loop","floor":29,"key":"SMITH"},{"floor":32,"key":"REST"}],"circlet_count":0,"master_deck":["AscendersBane","Strike_B+1","Strike_B+1","Strike_B+1","Defend_B+1","Defend_B+1","Defend_B+1","Defend_B+1","Zap+1","Dualcast+1","Ball Lightning+1","Loop+1","Chill+1","Consume+1","Biased Cognition+1","Defragment+1","Storm+1","Conserve Battery","Leap","Electrodynamics+1","Buffer+1","Cold Snap"],"relics":["Cracked Core","Emotion Chip","Bottled Flame","Odd Mushroom","Frozen Egg 2","Shuriken","Sozu","Bronze Scales","Sundial","War Paint","Nuclear Battery","Ice Cream"],"acts_visited":["Exordium","TheCity","TheBeyond"],"potions_floor_usage":[13,14,16,30],"damage_taken":[{"damage":0,"enemies":"Cultist","floor":1,"turns":4},{"damage":4,"enemies":"Jaw Worm","floor":3,"turns":4},{"damage":0,"enemies":"Small Slimes","floor":4,"turns":3},{"damage":21,"enemies":"3 Sentries","floor":7,"turns":7},{"damage":7,"enemies":"The Mushroom Lair","floor":8,"turns":4},{"damage":7,"enemies":"Red Slaver","floor":11,"turns":3},{"damage":3,"enemies":"Large Slime","floor":13,"turns":5},{"damage":14,"enemies":"Gremlin Nob","floor":14,"turns":4},{"damage":17,"enemies":"Hexaghost","floor":16,"turns":9},{"damage":13,"enemies":"2 Thieves","floor":18,"turns":4},{"damage":3,"enemies":"Chosen","floor":20,"turns":4},{"damage":20,"enemies":"Snake Plant","floor":24,"turns":3},{"damage":4,"enemies":"Snecko","floor":28,"turns":4},{"damage":5,"enemies":"Sentry and Sphere","floor":30,"turns":4},{"damage":23,"enemies":"Collector","floor":33,"turns":6},{"damage":14,"enemies":"3 Darklings","floor":35,"turns":4},{"damage":0,"enemies":"Mind Bloom Boss Battle","floor":38,"turns":5},{"damage":1,"enemies":"Orb Walker","floor":39,"turns":3},{"damage":65,"enemies":"Giant Head","floor":40,"turns":8}],"seed_played":"5082203258860314001","potions_obtained":[{"floor":7,"key":"Block Potion"},{"floor":8,"key":"BlessingOfTheForge"},{"floor":14,"key":"LiquidBronze"},{"floor":16,"key":"ColorlessPotion"}],"is_trial":false,"path_per_floor":["M","T","M","M","$","R","E","?","T","R","M","?","M","E","R","B",null,"M","$","M","?","T","R","M","R","T","$","M","R","M","?","R","B",null,"M","?","?","?","M","E"],"character_chosen":"DEFECT","items_purchased":["Loop","Chill","Bronze Scales","Storm+1","Conserve Battery"],"campfire_rested":3,"item_purchase_floors":[5,5,19,27,27],"current_hp_per_floor":[64,64,60,60,60,60,39,32,32,32,25,25,22,8,29,12,56,43,43,40,40,40,40,20,41,41,41,37,37,32,32,53,30,61,47,47,47,47,46,0,0],"gold":164,"neow_bonus":"UPGRADE_CARD","is_daily":false,"chose_seed":false,"campfire_upgraded":4,"win_rate":0.0,"timestamp":1613018036,"path_taken":["M","?","?","M","$","R","E","?","T","R","M","?","M","E","R","BOSS","M","?","?","?","?","R","?","R","T","?","M","R","M","?","R","BOSS","M","?","?","?","?","E"],"items_purchased_type":["Card","Card","Relic","Card","Card"],"build_version":"2020-12-22","purchased_purges":0,"victory":false,"max_hp_per_floor":[71,71,71,71,71,71,71,71,71,71,71,71,71,71,71,71,71,71,71,71,71,71,71,71,71,71,71,71,71,71,71,71,71,71,71,71,71,71,71,71,71],"card_choices":[{"not_picked":["Rebound","Sweeping Beam","Barrage"],"picked":"SKIP","floor":1},{"not_picked":["BootSequence","Heatsinks"],"picked":"Ball Lightning","floor":3},{"not_picked":["Rip and Tear","Streamline","Blizzard"],"picked":"SKIP","floor":4},{"not_picked":["Sweeping Beam","Coolheaded","Creative AI"],"picked":"SKIP","floor":7},{"not_picked":["Conserve Battery","Rebound"],"picked":"Consume","floor":8},{"not_picked":["Darkness","Steam Power","Undo"],"picked":"SKIP","floor":11},{"not_picked":["Reinforced Body","Compile Driver","Lockon"],"picked":"SKIP","floor":13},{"not_picked":["Genetic Algorithm","Hologram","Melter"],"picked":"SKIP","floor":14},{"not_picked":["Thunder Strike","Amplify"],"picked":"Biased Cognition+1","floor":16},{"not_picked":["Coolheaded+1","Redo+1"],"picked":"Defragment+1","floor":18},{"not_picked":["Gash","Compile Driver","Sweeping Beam"],"picked":"SKIP","floor":20},{"not_picked":["Gash","Sweeping Beam","Streamline"],"picked":"SKIP","floor":24},{"not_picked":["Chaos","Hologram"],"picked":"Leap","floor":28},{"not_picked":["FTL","Conserve Battery"],"picked":"Electrodynamics+1","floor":30},{"not_picked":["Multi-Cast","Seek"],"picked":"Buffer+1","floor":33},{"not_picked":["Steam","Compile Driver","Melter+1"],"picked":"SKIP","floor":35},{"not_picked":["Gash+1","Stack"],"picked":"Cold Snap","floor":38},{"not_picked":["Compile Driver","Gash+1","Hello World+1"],"picked":"SKIP","floor":39}],"player_experience":765393,"relics_obtained":[{"floor":2,"key":"Emotion Chip"},{"floor":7,"key":"Bottled Flame"},{"floor":8,"key":"Odd Mushroom"},{"floor":9,"key":"Frozen Egg 2"},{"floor":14,"key":"Shuriken"},{"floor":22,"key":"Sundial"},{"floor":26,"key":"War Paint"},{"floor":38,"key":"Ice Cream"}],"event_choices":[{"damage_healed":0,"gold_gain":0,"player_choice":"Fought Mushrooms","damage_taken":0,"max_hp_gain":0,"max_hp_loss":0,"event_name":"Mushrooms","floor":8,"gold_loss":0},{"damage_healed":0,"gold_gain":0,"player_choice":"Bought 0 Potions","damage_taken":0,"max_hp_gain":0,"max_hp_loss":0,"event_name":"The Woman in Blue","floor":12,"gold_loss":0},{"damage_healed":0,"gold_gain":0,"player_choice":"Simplicity","damage_taken":0,"max_hp_gain":0,"max_hp_loss":0,"event_name":"Back to Basics","floor":21,"gold_loss":0,"cards_upgraded":["Strike_B","Strike_B","Strike_B","Strike_B","Defend_B","Defend_B","Defend_B","Defend_B"]},{"damage_healed":0,"gold_gain":0,"player_choice":"Ignored","damage_taken":0,"max_hp_gain":0,"max_hp_loss":0,"event_name":"Ghosts","floor":31,"gold_loss":0},{"cards_removed":["Strike_B"],"damage_healed":0,"gold_gain":0,"player_choice":"Removed Attack","damage_taken":0,"max_hp_gain":0,"max_hp_loss":0,"event_name":"Falling","floor":36,"gold_loss":0},{"damage_healed":0,"gold_gain":0,"player_choice":"Memory 1","damage_taken":0,"max_hp_gain":0,"max_hp_loss":0,"event_name":"SensoryStone","floor":37,"gold_loss":0},{"damage_healed":0,"gold_gain":0,"player_choice":"Fight","damage_taken":0,"max_hp_gain":0,"max_hp_loss":0,"event_name":"MindBloom","floor":38,"gold_loss":0}],"is_beta":false,"boss_relics":[{"not_picked":["Runic Pyramid","FrozenCore"],"picked":"Sozu"},{"not_picked":["Snecko Eye","Busted Crown"],"picked":"Nuclear Battery"}],"items_purged_floors":[],"is_endless":false,"potions_floor_spawned":[7,8,14,16,20,24,28,30,39],"killed_by":"Giant Head","ascension_level":14}}