{"host":"i09pxcjttd31eh4q","time":1613059348,"event":{"mods":["AchievementEnabler","BaseMod","Colored Map","Keyboard Shortcuts","Minty Spire (QoL Compilation)","StSLib","SuperFastMode"],"gold_per_floor":[118,118,43,56,75,75,102,102,128,128,128,148,175,189,189,261,261,276,292,309,328,328,328],"floor_reached":22,"language":"KOR","playtime":735,"items_purged":["Strike_B"],"score":496,"play_id":"bff4fc00-6e93-4ff2-8bbe-23bc751ca31d","local_time":"20210212010228","is_ascension_mode":true,"campfire_choices":[{"data":"Apotheosis","floor":6.0,"key":"SMITH"},{"floor":8.0,"key":"RECALL"},{"data":"Coolheaded","floor":15.0,"key":"SMITH"}],"circlet_count":0,"master_deck":["AscendersBane","Strike_B","Strike_B","Defend_B","Defend_B","Defend_B","Defend_B","Zap","Dualcast","Apotheosis+1","Coolheaded+1","Force Field","Darkness","White Noise","Double Energy","Barrage","Hologram","Redo","Echo Form","Lockon","Hologram","Loop"],"relics":["Cracked Core","Art of War","Potion Belt","Unceasing Top","Philosopher\u0027s Stone"],"acts_visited":["TheCity"],"potions_floor_usage":[16,21],"damage_taken":[{"damage":4.0,"enemies":"Jaw Worm","floor":1.0,"turns":4.0},{"damage":0.0,"enemies":"Small Slimes","floor":4.0,"turns":4.0},{"damage":0.0,"enemies":"Cultist","floor":5.0,"turns":3.0},{"damage":5.0,"enemies":"Lagavulin","floor":7.0,"turns":6.0},{"damage":9.0,"enemies":"Looter","floor":12.0,"turns":4.0},{"damage":20.0,"enemies":"3 Sentries","floor":13.0,"turns":3.0},{"damage":12.0,"enemies":"Lots of Slimes","floor":14.0,"turns":5.0},{"damage":0,"enemies":"The Guardian","floor":16,"turns":9},{"damage":0,"enemies":"Shell Parasite","floor":18,"turns":5},{"damage":12,"enemies":"2 Thieves","floor":19,"turns":4},{"damage":36,"enemies":"Snake Plant","floor":20,"turns":4},{"damage":0,"enemies":"Snecko","floor":21,"turns":6},{"damage":0,"enemies":"Cultist and Chosen","floor":22,"turns":2}],"seed_played":"-6796294022199495012","potions_obtained":[{"floor":1.0,"key":"Swift Potion"},{"floor":4.0,"key":"SteroidPotion"},{"floor":12.0,"key":"PotionOfCapacity"},{"floor":13.0,"key":"FearPotion"},{"floor":19,"key":"FearPotion"},{"floor":20,"key":"GamblersBrew"}],"is_trial":false,"path_per_floor":["M","?","$","M","M","R","E","R","T","?","?","M","E","M","R","B",null,"M","M","M","M","M"],"character_chosen":"DEFECT","items_purchased":[],"campfire_rested":0,"item_purchase_floors":[],"current_hp_per_floor":[60,60,60,60,60,60,55,55,55,48,48,39,19,7,7,7,55,55,43,7,7,7,7],"gold":328,"neow_bonus":"RANDOM_COLORLESS_2","is_daily":false,"chose_seed":false,"campfire_upgraded":2,"win_rate":0.0,"timestamp":1613059348,"path_taken":["M","?","$","M","M","R","E","R","T","?","?","M","E","M","R","BOSS","M","?","M","M","M"],"items_purchased_type":[],"build_version":"2020-12-22","purchased_purges":1,"victory":false,"max_hp_per_floor":[71,71,71,71,71,71,71,71,71,71,71,71,71,71,71,71,71,71,71,71,71,71,71],"card_choices":[{"not_picked":["Violence","Master of Strategy"],"picked":"Apotheosis","floor":0.0},{"not_picked":["Gash","Leap"],"picked":"Coolheaded","floor":1.0},{"not_picked":["Scrape","Gash"],"picked":"Force Field","floor":4.0},{"not_picked":["Compile Driver","Turbo"],"picked":"Darkness","floor":5.0},{"not_picked":["Rip and Tear","Beam Cell"],"picked":"White Noise","floor":7.0},{"not_picked":["Turbo","Streamline"],"picked":"Hologram","floor":12.0},{"not_picked":["Scrape","Beam Cell"],"picked":"Redo","floor":13.0},{"not_picked":["Turbo","Fusion","Sunder"],"picked":"SKIP","floor":14.0},{"not_picked":["Buffer","Meteor Strike"],"picked":"Echo Form","floor":16},{"not_picked":["Steam","Force Field"],"picked":"Lockon","floor":18},{"not_picked":["Turbo+1","Ball Lightning+1"],"picked":"Hologram","floor":19},{"not_picked":["Redo","Rip and Tear","Reprogram"],"picked":"SKIP","floor":20},{"not_picked":["Turbo","Chill"],"picked":"Loop","floor":21}],"player_experience":900890,"relics_obtained":[{"floor":7.0,"key":"Art of War"},{"floor":9.0,"key":"Potion Belt"},{"floor":13.0,"key":"Unceasing Top"}],"event_choices":[{"cards_removed":["Normality"],"damage_healed":0.0,"max_hp_gain":0.0,"max_hp_loss":0.0,"gold_gain":0.0,"event_name":"Living Wall","player_choice":"Forget","floor":2.0,"gold_loss":0.0,"damage_taken":0.0},{"cards_removed":["Strike_B"],"damage_healed":0.0,"max_hp_gain":0.0,"max_hp_loss":0.0,"gold_gain":0.0,"event_name":"Golden Wing","player_choice":"Card Removal","floor":10.0,"gold_loss":0.0,"damage_taken":7.0},{"damage_healed":0.0,"max_hp_gain":0.0,"max_hp_loss":0.0,"gold_gain":0.0,"event_name":"Match and Keep!","player_choice":"2 cards matched","floor":11.0,"gold_loss":0.0,"damage_taken":0.0,"cards_obtained":["Double Energy","Barrage"]}],"is_beta":false,"boss_relics":[{"not_picked":["Tiny House","FrozenCore"],"picked":"Philosopher\u0027s Stone"}],"items_purged_floors":[3],"is_endless":false,"potions_floor_spawned":[1,4,5,12,13,19,20],"killed_by":"Cultist and Chosen","ascension_level":20}}