{"host":"roto7j7840a50pxh","time":1613034442,"event":{"mods":["Act Like it!","BaseMod","Better Altar","Better Note","Better Sensory Stone","Better Skull","Better Third Choice","BetterRewards","Colored Map","Colored Powertips","Downfall","Hermit","Highlight Path","Hubris","Infinite Spire","Minty Spire (QoL Compilation)","Replay The Spire","Robot Space Explorer","Shade Mod","Spicy Shops","StSLib","The Construct","The Cursed","The Dragon Tamer","The Hierophant","The Necromancer","The Runesmith","The Servant 0.9.4","TheVacant"],"gold_per_floor":[116,126,126,126,143,172,187,187,211,227,246,278,294,307,307,402,402,419,419,419,419,437,437,464,479,479,479,200,230,230,245,245,365,365,407,407,407,446,299,353,353,388,388,388,388,438,438,438,438,438],"floor_reached":51,"language":"ENG","playtime":5706,"items_purged":["Runesmith:Strike_RS","Runesmith:Strike_RS","Runesmith:Strike_RS"],"score":1942,"play_id":"fd2ddccf-e586-489c-a64f-930bc7b6eda4","local_time":"20210211040722","is_ascension_mode":true,"campfire_choices":[{"floor":8.0,"key":"REST"},{"floor":15.0,"key":"REST"},{"data":"Runesmith:MetallurgicalResearch","floor":23.0,"key":"SMITH"},{"data":"Runesmith:UnlimitedPower","floor":27.0,"key":"SMITH"},{"data":"Runesmith:PerfectChisel","floor":32.0,"key":"SMITH"},{"data":"Runesmith:FrozenChisel","floor":41,"key":"SMITH"},{"data":"Runesmith:CraftObretio","floor":45,"key":"SMITH"}],"circlet_count":0,"master_deck":["Runesmith:Strike_RS+1","Runesmith:Defend_RS+1","Runesmith:Defend_RS","Runesmith:Defend_RS","Runesmith:Defend_RS","Runesmith:Fortify+1","Runesmith:Repurpose","Runesmith:CraftMagma","Runesmith:FrozenChisel+1","Runesmith:Refine+1","Runesmith:CraftProtectio","Runesmith:RuneHurl+1","Runesmith:ChiselStab","Runesmith:GoWithTheFlow","infinitespire:Collect","Runesmith:BackupBattery","Runesmith:UnstableHammer","Runesmith:Reinforce+1","Runesmith:EarthShield","Runesmith:HeatedChisel","Runesmith:CraftMagma+1","Runesmith:HammerThrow","Runesmith:CraftObretio+1","Runesmith:MetallurgicalResearch+1","Runesmith:PerfectChisel+1","Runesmith:HammerAndChisel+1","Runesmith:UnlimitedPower+1","Runesmith:HammerThrow","Runesmith:Fortify+1","hubris:InfiniteBlow+900","Runesmith:CraftObretio+1","Runesmith:EnergizedChisel+1","Runesmith:ChargedHammer+1","Parasite","Runesmith:ChaoticBlast+1","Runesmith:CraftIncendium+1","RobotSpaceExplorer:Fix+1","Runesmith:MakeshiftArmor","Runesmith:CraftIndustria","Runesmith:HammerThrow+1","Runesmith:GoWithTheFlow","AscendersBane","ReplayTheSpireMod:Armaments MK-II-B+1"],"relics":["Ornamental Fan","infinitespire:Chaos","Lee\u0027s Waffle","champ:Barbells","infinitespire:ShieldingShard","Replay:Kaleidoscope","Smiling Mask","Tiny Chest","hubris:GlazedTorus","Honey Jar","champ:DeflectingBracers","sneckomod:SneckoTalon","Eternal Feather","Singing Bowl","Thread and Needle","ReplayTheSpireMod:CursedCoin","Runesmith:MiniCore","hexamod:BolsterEngine","infinitespire:EvilPickle","construct:WeddingRing","Shuriken","War Paint","Happy Flower","hubris:Spice"],"acts_visited":["Exordium","TheCity","TheBeyond"],"potions_floor_usage":[40,50,50],"damage_taken":[{"damage":0.0,"enemies":"Jaw Worm","floor":1.0,"turns":4.0},{"damage":7.0,"enemies":"Small Slimes","floor":2.0,"turns":4.0},{"damage":0.0,"enemies":"Cultist","floor":5.0,"turns":5.0},{"damage":24.0,"enemies":"Lagavulin","floor":6.0,"turns":7.0},{"damage":0.0,"enemies":"Gremlin Gang","floor":7.0,"turns":5.0},{"damage":0.0,"enemies":"Blue Slaver","floor":10.0,"turns":4.0},{"damage":14.0,"enemies":"Exordium Thugs","floor":11.0,"turns":5.0},{"damage":3.0,"enemies":"3 Sentries","floor":12.0,"turns":5.0},{"damage":0.0,"enemies":"Looter","floor":13.0,"turns":2.0},{"damage":7.0,"enemies":"Blue Slaver","floor":14.0,"turns":2.0},{"damage":15.0,"enemies":"The Guardian","floor":16.0,"turns":10.0},{"damage":0.0,"enemies":"Spheric Guardian","floor":18.0,"turns":4.0},{"damage":15.0,"enemies":"3 Byrds","floor":22.0,"turns":4.0},{"damage":0.0,"enemies":"Book of Stabbing","floor":24.0,"turns":1.0},{"damage":0.0,"enemies":"Snecko","floor":25.0,"turns":1.0},{"damage":24.0,"enemies":"Slavers","floor":29.0,"turns":4.0},{"damage":0.0,"enemies":"Sentry and Sphere","floor":31.0,"turns":3.0},{"damage":3,"enemies":"Pondfish","floor":33,"turns":7},{"damage":0,"enemies":"3 Darklings","floor":35,"turns":4},{"damage":0,"enemies":"3 Shapes","floor":38,"turns":2},{"damage":0,"enemies":"Reptomancer","floor":40,"turns":3},{"damage":0,"enemies":"Writhing Mass","floor":42,"turns":2},{"damage":0,"enemies":"R_Hoarder","floor":46,"turns":3},{"damage":0,"enemies":"Donu and Deca","floor":50,"turns":4}],"seed_played":"6762623183003998629","potions_obtained":[{"floor":1.0,"key":"Dexterity Potion"},{"floor":7.0,"key":"Strength Potion"},{"floor":10.0,"key":"Strength Potion"},{"floor":13.0,"key":"hexamod:SoulburnPotion"},{"floor":16.0,"key":"Explosive Potion"},{"floor":25.0,"key":"ColorlessPotion"},{"floor":29.0,"key":"SkillPotion"},{"floor":38,"key":"AttackPotion"},{"floor":42,"key":"Dexterity Potion"},{"floor":49,"key":"Death Potion"}],"is_trial":false,"path_per_floor":["M","M","?","?","M","E","M","R","T","M","M","E","M","M","R","B",null,"M","?","AVR","T","M","R","E","M","T","R","$","E","?","M","R","B",null,"M","?","T","M","$","E","R","M","T","?","R","E","?","?","R_BF","B",null],"character_chosen":"RUNESMITH_CLASS","items_purchased":["infinitespire:Chaos","Runesmith:Repurpose","Runesmith:CraftMagma","Runesmith:FrozenChisel","Runesmith:Refine","Lee\u0027s Waffle","champ:Barbells","infinitespire:ShieldingShard","Runesmith:CraftProtectio","Runesmith:RuneHurl+1","ReplayTheSpireMod:CursedCoin","Runesmith:ChaoticBlast","Slimebound:ThreeZeroPotion","Runesmith:MiniCore","War Paint","Runesmith:GoWithTheFlow"],"campfire_rested":2,"item_purchase_floors":[0,0,0,0,0,0,0,0,0,0,28,28,28,28,39,39],"current_hp_per_floor":[77,70,51,51,51,27,27,50,50,50,36,33,33,26,49,34,66,66,66,66,66,51,69,69,69,69,77,77,53,53,59,77,74,76,76,76,76,76,76,79,79,81,89,89,89,99,99,99,99,99],"gold":438,"neow_bonus":"","is_daily":false,"chose_seed":false,"campfire_upgraded":5,"win_rate":0.0,"timestamp":1613034442,"path_taken":["M","M","?","?","M","E","M","R","T","M","?","E","M","?","R","BOSS","M","?","AVR","?","M","R","E","?","T","R","$","E","?","M","R","BOSS","M","?","?","M","$","E","R","M","T","?","R","E","?","?","R_BF","BOSS"],"items_purchased_type":["Relic","Card","Card","Card","Card","Relic","Relic","Relic","Card","Card","Relic","Card","Potion","Relic","Relic","Card"],"build_version":"2020-12-22","purchased_purges":3,"victory":true,"max_hp_per_floor":[77,77,77,77,77,77,77,77,77,77,77,77,77,77,77,77,77,77,77,77,77,77,77,77,77,77,77,77,77,77,77,77,77,77,77,77,77,77,77,79,79,81,89,89,89,99,99,99,99,99],"card_choices":[{"not_picked":["Runesmith:CraftProtectio","Runesmith:ChargedHammer"],"picked":"Runesmith:ChiselStab","floor":1.0},{"not_picked":["Runesmith:PoweredAnvil","Runesmith:Electrocute"],"picked":"Runesmith:GoWithTheFlow","floor":2.0},{"not_picked":["infinitespire:Starlight","hubris:Fate"],"picked":"infinitespire:Collect","floor":3.0},{"not_picked":["Runesmith:CraftProtectio","Runesmith:CraftMagma"],"picked":"Runesmith:BackupBattery","floor":5.0},{"not_picked":["Runesmith:CraftMedicinae","Runesmith:Discharge"],"picked":"Runesmith:UnstableHammer","floor":6.0},{"not_picked":["Runesmith:EnergizedChisel","Runesmith:BackupBattery"],"picked":"Runesmith:Reinforce","floor":7.0},{"not_picked":["Runesmith:Repurpose","Runesmith:MakeshiftArmor"],"picked":"Runesmith:EarthShield","floor":10.0},{"not_picked":["Runesmith:RuneHurl","Runesmith:Attraction"],"picked":"Runesmith:HeatedChisel","floor":11.0},{"not_picked":["Runesmith:PoweredAnvil","Runesmith:UnstableHammer"],"picked":"Runesmith:CraftMagma","floor":12.0},{"not_picked":["Runesmith:ReplicatingBarrier","Runesmith:HeatExchange"],"picked":"Runesmith:HammerThrow","floor":13.0},{"not_picked":["Runesmith:EnergizedChisel","Runesmith:PoweredAnvil"],"picked":"Runesmith:CraftObretio","floor":14.0},{"not_picked":["Runesmith:LightningRod","Runesmith:ReplicatingBarrier"],"picked":"Runesmith:MetallurgicalResearch","floor":16.0},{"not_picked":["Runesmith:BackupBattery+1","Runesmith:RuneHurl+1","Runesmith:Attraction+1"],"picked":"Runesmith:PerfectChisel","floor":18.0},{"not_picked":["Runesmith:GoWithTheFlow+1","Runesmith:Firestorm","Runesmith:StaticCage"],"picked":"Runesmith:CraftObretio","floor":22.0},{"not_picked":["Runesmith:Terraform","Runesmith:UnstableHammer","Runesmith:Attraction"],"picked":"Runesmith:EnergizedChisel+1","floor":24.0},{"not_picked":["Runesmith:BackupBattery","Runesmith:MakeshiftArmor","Runesmith:EarthShield"],"picked":"Runesmith:ChargedHammer+1","floor":25.0},{"not_picked":["Runesmith:UnstableHammer","Runesmith:Accelerate","Runesmith:Discharge"],"picked":"Runesmith:CraftIncendium","floor":29.0},{"not_picked":["Runesmith:Overpower+1","Runesmith:CraftReservo","Runesmith:HeatExchange"],"picked":"Runesmith:MakeshiftArmor","floor":31.0},{"not_picked":["Runesmith:UnlimitedPower","Runesmith:LastStand","Runesmith:MetallurgicalResearch"],"picked":"Runesmith:CraftIndustria","floor":33},{"not_picked":["Runesmith:HammerAndChisel+1","Runesmith:BackupBattery","Runesmith:EnergizedChisel+1"],"picked":"Runesmith:GoWithTheFlow","floor":35},{"not_picked":["Runesmith:WhiteBalance","Runesmith:Discharge","Runesmith:ElementalConversion"],"picked":"Runesmith:HammerThrow+1","floor":38},{"not_picked":["Runesmith:BackupBattery","Runesmith:Permafrost","Runesmith:CraftProtectio","Runesmith:NegativeSpace"],"picked":"Singing Bowl","floor":40},{"not_picked":["Runesmith:CraftReservo+1","Runesmith:EarthShield","Runesmith:StaticCage","Runesmith:ChiselStab"],"picked":"Singing Bowl","floor":42},{"not_picked":["Runesmith:EarthShield+1","Runesmith:FissionHammer","Runesmith:PerfectChisel+1","Runesmith:StaticCage+1"],"picked":"Singing Bowl","floor":46}],"player_experience":1949782,"relics_obtained":[{"floor":6.0,"key":"Smiling Mask"},{"floor":9.0,"key":"Tiny Chest"},{"floor":12.0,"key":"hubris:GlazedTorus"},{"floor":21.0,"key":"Eternal Feather"},{"floor":24.0,"key":"Singing Bowl"},{"floor":26.0,"key":"Thread and Needle"},{"floor":29.0,"key":"hexamod:BolsterEngine"},{"floor":37,"key":"Shuriken"},{"floor":40,"key":"Happy Flower"},{"floor":43,"key":"hubris:Spice"},{"floor":46,"key":"hubris:Spice"}],"event_choices":[{"cards_removed":["Runesmith:Repurpose"],"damage_healed":0.0,"max_hp_gain":0.0,"max_hp_loss":0.0,"gold_gain":0.0,"event_name":"WeMeetAgain","player_choice":"Gave Card","floor":4.0,"gold_loss":0.0,"damage_taken":0.0,"relics_obtained":["Replay:Kaleidoscope"]},{"damage_healed":0.0,"max_hp_gain":0.0,"max_hp_loss":0.0,"gold_gain":0.0,"event_name":"Match and Keep!","player_choice":"4 cards matched","floor":19.0,"gold_loss":0.0,"damage_taken":0.0,"cards_obtained":["Runesmith:HammerAndChisel","Runesmith:UnlimitedPower","Runesmith:HammerThrow","Runesmith:Fortify"]},{"cards_removed":["Runesmith:MetallurgicalResearch"],"damage_healed":0.0,"max_hp_gain":0.0,"max_hp_loss":0.0,"gold_gain":0.0,"event_name":"betterNote:BetterNote","player_choice":"Take \u0026 Give","floor":30.0,"gold_loss":0.0,"damage_taken":0.0,"cards_obtained":["RobotSpaceExplorer:Fix"]},{"cards_removed":["Runesmith:CraftFirestone"],"damage_healed":0,"gold_gain":0,"player_choice":"Card Removal","damage_taken":0,"max_hp_gain":0,"max_hp_loss":0,"event_name":"Wheel of Change","floor":36,"gold_loss":0},{"cards_removed":["Runesmith:GoWithTheFlow"],"damage_healed":0,"gold_gain":0,"player_choice":"Removed Attack","damage_taken":0,"max_hp_gain":0,"max_hp_loss":0,"event_name":"Falling","floor":47,"gold_loss":0},{"damage_healed":0,"gold_gain":3,"player_choice":"3","damage_taken":0,"max_hp_gain":0,"max_hp_loss":0,"event_name":"betterStone:BetterStone","floor":48,"gold_loss":0,"cards_obtained":["ReplayTheSpireMod:Armaments MK-II-B"]}],"is_beta":false,"boss_relics":[{"not_picked":["hubris:Backtick","Coffee Dripper"],"picked":"Honey Jar"},{"not_picked":["Empty Cage","Ring of Chaos"],"picked":"construct:WeddingRing"}],"items_purged_floors":[20,28,28],"is_endless":false,"potions_floor_spawned":[1,7,10,13,16,25,29,38,42],"ascension_level":6}}