{"host":"Lrdox","time":1613002131,"event":{"mods":["BaseMod","Colored Map","Minty Spire (QoL Compilation)","Relic Stats"],"gold_per_floor":[115,290,308,323,335,335,349,201,201,221,247,247,76,108,108,208,208,221,238,253,253,59,59,97,97,97,114,142,177,202,229,229,337,337,348,348,371,390,107,151,163,199,243,255,277,326,367,8,8,8],"floor_reached":51,"language":"ENG","playtime":2802,"items_purged":["Doubt","Defend_B","Strike_B","Strike_B","Shame"],"score":1193,"play_id":"edd1bf0f-0028-4b9f-a7a3-3b3ae70eb6d2","local_time":"20210211010851","is_ascension_mode":true,"campfire_choices":[{"data":"Coolheaded","floor":12.0,"key":"SMITH"},{"floor":15.0,"key":"REST"},{"floor":23.0,"key":"REST"},{"data":"Defragment","floor":25.0,"key":"SMITH"},{"floor":32.0,"key":"REST"},{"floor":44,"key":"REST"},{"data":"Seek","floor":49,"key":"SMITH"}],"circlet_count":0,"master_deck":["Strike_B","Strike_B","Defend_B","Defend_B","Defend_B","Zap","Dualcast","Coolheaded+1","Compile Driver","Glacier","Ball Lightning","Self Repair","FTL","Reboot","Defragment+1","Defragment+1","Go for the Eyes+1","Capacitor+1","Seek+1","Cold Snap","Creative AI+1","Reinforced Body","Capacitor+1","Biased Cognition+1","Turbo","Consume+1","Seek","Glacier","Reinforced Body+1","Machine Learning+1","Consume"],"relics":["Cracked Core","NeowsBlessing","Vajra","Blood Vial","Frozen Egg 2","Runic Pyramid","CeramicFish","InkBottle","Ancient Tea Set","Cursed Key","MawBank","MealTicket","TungstenRod","Chemical X"],"acts_visited":["Exordium","TheCity","TheBeyond"],"potions_floor_usage":[42,50,50],"damage_taken":[{"damage":0.0,"enemies":"Cultist","floor":1.0,"turns":1.0},{"damage":0.0,"enemies":"Jaw Worm","floor":3.0,"turns":1.0},{"damage":0.0,"enemies":"Small Slimes","floor":4.0,"turns":1.0},{"damage":0.0,"enemies":"Exordium Wildlife","floor":5.0,"turns":2.0},{"damage":0.0,"enemies":"Large Slime","floor":7.0,"turns":7.0},{"damage":21.0,"enemies":"Gremlin Gang","floor":10.0,"turns":5.0},{"damage":1.0,"enemies":"3 Sentries","floor":11.0,"turns":6.0},{"damage":34.0,"enemies":"Gremlin Nob","floor":14.0,"turns":4.0},{"damage":8.0,"enemies":"Hexaghost","floor":16.0,"turns":9.0},{"damage":14.0,"enemies":"Spheric Guardian","floor":18.0,"turns":6.0},{"damage":25.0,"enemies":"3 Byrds","floor":19.0,"turns":5.0},{"damage":20.0,"enemies":"Shelled Parasite and Fungi","floor":20.0,"turns":8.0},{"damage":14.0,"enemies":"Book of Stabbing","floor":24.0,"turns":8.0},{"damage":3.0,"enemies":"Snecko","floor":27.0,"turns":6.0},{"damage":4.0,"enemies":"Chosen and Byrds","floor":28.0,"turns":6.0},{"damage":41.0,"enemies":"Slavers","floor":29.0,"turns":7.0},{"damage":11.0,"enemies":"3 Cultists","floor":30.0,"turns":8.0},{"damage":10.0,"enemies":"Snake Plant","floor":31.0,"turns":6.0},{"damage":31.0,"enemies":"Collector","floor":33.0,"turns":14.0},{"damage":17.0,"enemies":"3 Darklings","floor":35.0,"turns":9.0},{"damage":0.0,"enemies":"3 Shapes","floor":37.0,"turns":6.0},{"damage":15.0,"enemies":"Jaw Worm Horde","floor":38.0,"turns":6.0},{"damage":21,"enemies":"Reptomancer","floor":40,"turns":10},{"damage":20,"enemies":"4 Shapes","floor":42,"turns":9},{"damage":0,"enemies":"Spire Growth","floor":45,"turns":10},{"damage":0,"enemies":"Giant Head","floor":46,"turns":16},{"damage":15,"enemies":"3 Darklings","floor":47,"turns":9},{"damage":0,"enemies":"Donu and Deca","floor":50,"turns":13}],"seed_played":"-7212094307851709870","potions_obtained":[{"floor":3.0,"key":"EssenceOfSteel"},{"floor":6.0,"key":"CultistPotion"},{"floor":6.0,"key":"LiquidMemories"},{"floor":10.0,"key":"FocusPotion"},{"floor":11.0,"key":"PowerPotion"},{"floor":16.0,"key":"Dexterity Potion"},{"floor":19.0,"key":"Strength Potion"},{"floor":24.0,"key":"SteroidPotion"},{"floor":27.0,"key":"PotionOfCapacity"},{"floor":29.0,"key":"DistilledChaos"},{"floor":40,"key":"SkillPotion"},{"floor":45,"key":"DuplicationPotion"}],"is_trial":false,"path_per_floor":["M","?","M","M","M","?","M","$","T","M","E","R","$","E","R","B",null,"M","M","M","?","$","R","E","R","T","M","M","E","M","M","R","B",null,"M","?","M","M","$","E","?","M","T","R","M","E","M","$","R","B",null],"character_chosen":"DEFECT","items_purchased":["Self Repair","Defragment","Capacitor+1","Seek","Chemical X","Block Potion"],"campfire_rested":4,"item_purchase_floors":[8,13,22,39,48,48],"current_hp_per_floor":[68,68,68,68,68,68,68,68,68,54,60,60,60,35,57,58,71,66,50,39,25,25,49,44,44,44,50,55,23,21,20,44,22,66,58,58,67,61,61,42,42,31,31,53,62,64,58,73,73,76],"gold":8,"neow_bonus":"THREE_ENEMY_KILL","is_daily":false,"chose_seed":false,"campfire_upgraded":3,"win_rate":0.0,"timestamp":1613002131,"path_taken":["M","?","M","M","M","?","?","$","T","M","E","R","$","E","R","BOSS","M","M","M","?","$","R","E","R","T","M","M","E","M","M","R","BOSS","M","?","M","M","$","E","?","M","T","R","M","E","M","$","R","BOSS"],"items_purchased_type":["Card","Card","Card","Card","Relic","Potion"],"build_version":"2020-12-18","purchased_purges":5,"victory":true,"max_hp_per_floor":[75,75,75,75,75,75,75,75,75,75,75,75,75,75,75,75,75,75,75,75,80,80,80,80,80,80,80,80,80,80,80,80,80,80,80,76,76,76,76,76,76,76,76,76,76,76,76,76,76,76],"relic_stats":{"Blood Vial":42,"counters":[28,198],"CeramicFish":126,"MealTicket":15,"Chemical X":[4],"Cursed Key":1,"MawBank":96,"obtain_stats":[{"NeowsBlessing":0,"CeramicFish":24,"Vajra":9,"Frozen Egg 2":14,"Ancient Tea Set":29,"Cursed Key":34,"MawBank":40,"Blood Vial":11,"MealTicket":43,"Chemical X":48,"Cracked Core":0,"InkBottle":26,"TungstenRod":46,"Runic Pyramid":17},{"NeowsBlessing":0,"CeramicFish":13,"Vajra":5,"Frozen Egg 2":8,"Ancient Tea Set":16,"Cursed Key":19,"MawBank":23,"Blood Vial":7,"MealTicket":24,"Chemical X":27,"Cracked Core":0,"InkBottle":13,"TungstenRod":26,"Runic Pyramid":9},{"NeowsBlessing":0,"CeramicFish":63,"Vajra":12,"Frozen Egg 2":27,"Ancient Tea Set":82,"Cursed Key":110,"MawBank":141,"Blood Vial":23,"MealTicket":150,"Chemical X":185,"Cracked Core":0,"InkBottle":63,"TungstenRod":176,"Runic Pyramid":36}],"InkBottle":[45],"TungstenRod":4},"card_choices":[{"not_picked":["Turbo","Steam"],"picked":"Coolheaded","floor":1.0},{"not_picked":["Redo","Recycle"],"picked":"Compile Driver","floor":3.0},{"not_picked":["Lockon","Auto Shields","Barrage"],"picked":"SKIP","floor":4.0},{"not_picked":["Force Field","Gash"],"picked":"Glacier","floor":5.0},{"not_picked":["Steam Power","Consume"],"picked":"Ball Lightning","floor":7.0},{"not_picked":["Streamline","Sunder"],"picked":"FTL","floor":10.0},{"not_picked":["Conserve Battery","Stack"],"picked":"Reboot","floor":11.0},{"not_picked":["Auto Shields","Streamline"],"picked":"Defragment+1","floor":14.0},{"not_picked":["Go for the Eyes+1","Stack","Compile Driver"],"picked":"SKIP","floor":18.0},{"not_picked":["Stack","Compile Driver"],"picked":"Go for the Eyes+1","floor":18.0},{"not_picked":["Conserve Battery","Gash","Rip and Tear"],"picked":"SKIP","floor":19.0},{"not_picked":["Chaos","Redo+1","Fusion"],"picked":"SKIP","floor":20.0},{"not_picked":["Redo","Sweeping Beam"],"picked":"Seek","floor":24.0},{"not_picked":["Fusion","Doom and Gloom","Blizzard"],"picked":"SKIP","floor":27.0},{"not_picked":["Fusion","Doom and Gloom","Blizzard"],"picked":"SKIP","floor":27.0},{"not_picked":["Conserve Battery+1","Barrage"],"picked":"Cold Snap","floor":28.0},{"not_picked":["Barrage+1","Capacitor+1"],"picked":"Creative AI+1","floor":29.0},{"not_picked":["Rip and Tear","Stack"],"picked":"Reinforced Body","floor":30.0},{"not_picked":["Go for the Eyes+1","Melter"],"picked":"Capacitor+1","floor":31.0},{"not_picked":["Reboot","All For One"],"picked":"Biased Cognition+1","floor":33.0},{"not_picked":["Steam+1","BootSequence","Streamline+1"],"picked":"SKIP","floor":35.0},{"not_picked":["Scrape","Streamline+1"],"picked":"Turbo","floor":37.0},{"not_picked":["Redo","Compile Driver"],"picked":"Consume+1","floor":38.0},{"not_picked":["Hologram","All For One"],"picked":"Glacier","floor":40},{"not_picked":["Sunder","White Noise"],"picked":"Reinforced Body+1","floor":42},{"not_picked":["Reprogram","Redo+1","Sweeping Beam"],"picked":"SKIP","floor":45},{"not_picked":["Redo+1","Compile Driver+1"],"picked":"Machine Learning+1","floor":46},{"not_picked":["Sweeping Beam+1","Go for the Eyes"],"picked":"Consume","floor":47}],"player_experience":249042,"relics_obtained":[{"floor":9.0,"key":"Vajra"},{"floor":11.0,"key":"Blood Vial"},{"floor":14.0,"key":"Frozen Egg 2"},{"floor":24.0,"key":"CeramicFish"},{"floor":26.0,"key":"InkBottle"},{"floor":29.0,"key":"Ancient Tea Set"},{"floor":40,"key":"MawBank"},{"floor":43,"key":"MealTicket"},{"floor":46,"key":"TungstenRod"}],"event_choices":[{"damage_healed":0.0,"max_hp_gain":0.0,"max_hp_loss":0.0,"gold_gain":175.0,"event_name":"Liars Game","player_choice":"AGREE","floor":2.0,"gold_loss":0.0,"damage_taken":0.0,"cards_obtained":["Doubt"]},{"damage_healed":0.0,"max_hp_gain":0.0,"max_hp_loss":0.0,"gold_gain":0.0,"event_name":"Lab","player_choice":"Got Potions","floor":6.0,"gold_loss":0.0,"damage_taken":0.0},{"damage_healed":0.0,"max_hp_gain":5.0,"max_hp_loss":0.0,"gold_gain":0.0,"event_name":"Forgotten Altar","player_choice":"Shed Blood","floor":21.0,"gold_loss":0.0,"damage_taken":19.0},{"damage_healed":0.0,"max_hp_gain":0.0,"max_hp_loss":4.0,"gold_gain":0.0,"event_name":"Winding Halls","player_choice":"Max HP","floor":36.0,"gold_loss":0.0,"damage_taken":0.0},{"damage_healed":0,"gold_gain":0,"player_choice":"Memory 1","damage_taken":0,"max_hp_gain":0,"max_hp_loss":0,"event_name":"SensoryStone","floor":41,"gold_loss":0}],"is_beta":true,"boss_relics":[{"not_picked":["Runic Dome","FrozenCore"],"picked":"Runic Pyramid"},{"not_picked":["Calling Bell","Black Star"],"picked":"Cursed Key"}],"items_purged_floors":[8,13,22,39,48],"is_endless":false,"potions_floor_spawned":[3,10,11,16,19,24,27,29,40,45,46,47],"ascension_level":9}}