{"host":"qy1e0kd24tpj3i2m","time":1613069221,"event":{"mods":["Act Like it!","BaseMod","Better Skull","Better Vampires","Colored Map","Colored Powertips","Custom Start","Faster Ascension Climbing","Friendly Minions","GifTheSpireLib","Gremlin Skip","Highlight Path","Minty Spire (QoL Compilation)","Permanent Neow","Poor People Problems","Quick Restart","Red Circlet Mod","Relic Filter Mod","Relic Sorter","Reorder Act Four","SacredBarkPlus","Shop Mod","StSLib","SuperFastMode","Transform Curses","没有小屋子和绿帽子啦"],"gold_per_floor":[111,36,36,52,70,98,173,206,206,206,206],"floor_reached":10,"language":"ZHS","playtime":536,"items_purged":[],"score":152,"play_id":"53f9c628-b951-462f-abf8-075d17816027","local_time":"20210212034701","is_ascension_mode":true,"campfire_choices":[],"circlet_count":0,"master_deck":["AscendersBane","Strike_R","Strike_R","Strike_R","Strike_R","Strike_R","Defend_R","Defend_R+1","Defend_R","Shrug It Off+1","Double Tap","Uppercut","Body Slam"],"relics":["Burning Blood","Vajra","War Paint","Singing Bowl","Self Forming Clay"],"acts_visited":["Exordium"],"potions_floor_usage":[10],"damage_taken":[{"damage":4.0,"enemies":"Small Slimes","floor":1.0,"turns":5.0},{"damage":2.0,"enemies":"2 Louse","floor":4.0,"turns":3.0},{"damage":6.0,"enemies":"Jaw Worm","floor":5.0,"turns":5.0},{"damage":22.0,"enemies":"3 Sentries","floor":6.0,"turns":7.0},{"damage":38,"enemies":"Lagavulin","floor":8,"turns":6},{"damage":7,"enemies":"Gremlin Nob","floor":10,"turns":3}],"seed_played":"-5769280589247231482","potions_obtained":[{"floor":4.0,"key":"AttackPotion"},{"floor":8,"key":"GamblersBrew"}],"is_trial":false,"path_per_floor":["M","?","?","M","M","E","?","E","T","E"],"character_chosen":"IRONCLAD","items_purchased":[],"campfire_rested":0,"item_purchase_floors":[],"current_hp_per_floor":[70,70,70,74,74,58,47,15,15,8,8],"gold":206,"neow_bonus":"RANDOM_COMMON_RELIC","is_daily":false,"chose_seed":false,"campfire_upgraded":0,"win_rate":0.0,"timestamp":1613069221,"path_taken":["M","?","?","M","M","E","?","E","T","E"],"items_purchased_type":[],"build_version":"2020-12-22","purchased_purges":0,"victory":false,"max_hp_per_floor":[75,75,75,75,75,75,75,75,75,75,75],"card_choices":[{"not_picked":["Twin Strike","Heavy Blade"],"picked":"Shrug It Off","floor":1.0},{"not_picked":["Heavy Blade","Anger","Cleave"],"picked":"SKIP","floor":4.0},{"not_picked":["Searing Blow","Cleave","Sentinel"],"picked":"SKIP","floor":5.0},{"not_picked":["Ghostly Armor","Shrug It Off"],"picked":"Uppercut","floor":6.0},{"not_picked":["Uppercut","Rampage"],"picked":"Body Slam","floor":8}],"player_experience":1025918,"relics_obtained":[{"floor":6.0,"key":"War Paint"},{"floor":8,"key":"Singing Bowl"},{"floor":9,"key":"Self Forming Clay"}],"event_choices":[{"cards_removed":["Bash"],"damage_healed":0.0,"max_hp_gain":0.0,"max_hp_loss":0.0,"gold_gain":0.0,"event_name":"The Cleric","player_choice":"Card Removal","floor":2.0,"gold_loss":75.0,"damage_taken":0.0},{"damage_healed":0.0,"max_hp_gain":0.0,"max_hp_loss":0.0,"gold_gain":0.0,"cards_transformed":["Defend_R"],"event_name":"Living Wall","player_choice":"Change","floor":3.0,"gold_loss":0.0,"damage_taken":0.0,"cards_obtained":["Double Tap"]},{"damage_healed":0.0,"max_hp_gain":0.0,"max_hp_loss":0.0,"gold_gain":75.0,"event_name":"World of Goop","player_choice":"Gather Gold","floor":7.0,"gold_loss":0.0,"damage_taken":11.0}],"is_beta":false,"boss_relics":[],"items_purged_floors":[],"is_endless":false,"potions_floor_spawned":[4,8],"killed_by":"Gremlin Nob","ascension_level":20}}