{"host":"ean97itwlrfyj6xv","time":1613012830,"event":{"mods":["Act Like it!","BaseMod","Better Altar","Better Match","Better Note","Better Sensory Stone","Better Skull","Better Third Choice","Colored Powertips","Curses Come First","Gensokyo","GifTheSpireLib","Koishi","Marisa????????","Minty Spire (QoL Compilation)","Quick Restart","Reimu??????","Remilia_Scarlet Moed?????·?????3.3.5","StSLib","The Cursed","The Marked","The Mystic","The Servant 0.9.4","Yakumo Yukari mod","Youmu??????"],"gold_per_floor":[113,113,113,126,78,78,78,96,121,131,143,159,171,183,183,288,288,302,61,77,77,94,94,94],"floor_reached":23,"language":"ENG","playtime":2717,"items_purged":[],"score":187,"play_id":"3e0a5244-7627-4526-9eba-ce4d6b661380","local_time":"20210210220710","is_ascension_mode":false,"campfire_choices":[{"floor":6.0,"key":"RECALL"},{"floor":15,"key":"REST"}],"circlet_count":0,"master_deck":["Strike_B","Strike_B","Strike_B","Strike_B","Defend_B","Defend_B","Defend_B","Zap","Dualcast","Leap","Tempest","Leap","Coolheaded","Cold Snap","Cold Snap","Redo","Leap","Thunder Strike","Melter+1","Chaos+1","Defragment"],"relics":["Cracked Core","Gensokyo:OccultBall","Oddly Smooth Stone","Mastiff:ReiMu","SlaversCollar","Toxic Egg 2"],"acts_visited":["Exordium","TheCity"],"potions_floor_usage":[16,16,20,13022,22,23],"damage_taken":[{"damage":4.0,"enemies":"Gensokyo:2_Kodama","floor":1.0,"turns":3.0},{"damage":0.0,"enemies":"Gensokyo:3_Fairies","floor":4.0,"turns":3.0},{"damage":0.0,"enemies":"Gensokyo:Python","floor":8.0,"turns":3.0},{"damage":0.0,"enemies":"Gensokyo:3_Kodama","floor":10.0,"turns":1.0},{"damage":0.0,"enemies":"Gensokyo:LivingMonolith","floor":11.0,"turns":3.0},{"damage":0.0,"enemies":"Gensokyo:Kitsune","floor":12.0,"turns":2.0},{"damage":13.0,"enemies":"Gensokyo:2_Rabbits","floor":13.0,"turns":4.0},{"damage":1,"enemies":"Gensokyo:Gryphon_and_Rabbit","floor":14,"turns":7},{"damage":21,"enemies":"Gensokyo:Reimu","floor":16,"turns":21},{"damage":12,"enemies":"Spheric Guardian","floor":18,"turns":6},{"damage":10,"enemies":"3 Byrds","floor":20,"turns":1},{"damage":23,"enemies":"Snake Plant","floor":22,"turns":5},{"damage":48,"enemies":"Gremlin Leader","floor":23,"turns":5}],"seed_played":"7806443186480251992","potions_obtained":[{"floor":1.0,"key":"Explosive Potion"},{"floor":8.0,"key":"Strength Potion"},{"floor":11.0,"key":"Swift Potion"},{"floor":12.0,"key":"Ancient Potion"},{"floor":18,"key":"PowerPotion"},{"floor":22,"key":"DistilledChaos"}],"is_trial":false,"path_per_floor":["M","?","?","M","COS","R","?","M","T","M","M","M","M","M","R","B",null,"M","$","M","?","M","E"],"character_chosen":"DEFECT","items_purchased":["Toxic Egg 2"],"campfire_rested":1,"item_purchase_floors":[19],"current_hp_per_floor":[71,71,78,78,78,78,78,78,78,78,78,78,65,64,82,61,82,70,70,60,40,43,0,0],"gold":94,"neow_bonus":"RANDOM_COLORLESS","is_daily":false,"chose_seed":false,"campfire_upgraded":0,"win_rate":0.0,"timestamp":1613012830,"path_taken":["M","?","?","M","COS","R","?","M","T","M","M","M","M","M","R","BOSS","M","$","M","?","M","E"],"items_purchased_type":["Relic"],"build_version":"2020-12-22","purchased_purges":0,"victory":false,"max_hp_per_floor":[75,75,82,82,82,82,82,82,82,82,82,82,82,82,82,82,82,82,82,82,82,82,82,82],"card_choices":[{"not_picked":["Panacea","Dark Shackles"],"picked":"Good Instincts","floor":0.0},{"not_picked":["Stack","Streamline"],"picked":"Leap","floor":1.0},{"not_picked":["Rip and Tear","Gash"],"picked":"Tempest","floor":4.0},{"not_picked":["Stack","Gash"],"picked":"Leap","floor":8.0},{"not_picked":["Redo","Go for the Eyes"],"picked":"Coolheaded","floor":10.0},{"not_picked":["FTL","Rainbow"],"picked":"Cold Snap","floor":11.0},{"not_picked":["Steam","Hologram"],"picked":"Cold Snap","floor":12.0},{"not_picked":["Undo","Gash"],"picked":"Redo","floor":13},{"not_picked":["Gash","Compile Driver"],"picked":"Leap","floor":14},{"not_picked":["Fission","All For One"],"picked":"Thunder Strike","floor":16},{"not_picked":["Leap","Double Energy"],"picked":"Melter+1","floor":18},{"not_picked":["Tempest+1","Beam Cell"],"picked":"Chaos+1","floor":20},{"not_picked":["Gash+1","Static Discharge"],"picked":"Defragment","floor":22}],"player_experience":117801,"relics_obtained":[{"floor":9.0,"key":"Oddly Smooth Stone"},{"floor":14,"key":"Gensokyo:OccultBall"},{"floor":16,"key":"Gensokyo:OccultBall"}],"event_choices":[{"damage_healed":0,"gold_gain":0,"player_choice":" Potion ","damage_taken":20,"relics_obtained":[],"max_hp_gain":60,"max_hp_loss":40,"event_name":"betterAltar:BetterAltar","floor":21,"potions_obtained":["betterAltar:AltarPotion"],"relics_lost":[],"gold_loss":0}],"is_beta":false,"boss_relics":[{"not_picked":["SacredBark","Cursed Key"],"picked":"SlaversCollar"}],"items_purged_floors":[],"is_endless":false,"potions_floor_spawned":[1,8,11,12,14,18,22],"killed_by":"Gremlin Leader","ascension_level":0}}