{"host":"1445u9fdo06cpl2a","time":1613073221,"event":{"mods":["AchievementEnabler","Aspiration","Astrologer","Bard","BaseMod","Better Skull","BetterRewards","Colored Map","Colored Powertips","Conspire","Curses Come First","DeckTracker","Duelist Mod","GifTheSpireLib","GungeonMod","Halation","Hermit","Highlight Path","Hubris","Infinite Spire","Minty Spire (QoL Compilation)","Permanent Neow","Random Character Button","Rare Cards Sparkle","Replay The Spire","Shop Mod","Spire Arcade","StSLib","Stuff the Spire","Td1madao Mod","The Blackbeard","The Bladedancer","The Construct","The Cursed","The Forsaken","The Gatherer","The Hierophant","The Marked","The Mystic","The Necromancer","The Poker Player","The Runesmith","The Saiyan"],"gold_per_floor":[109,123,123,48,66,91,101,101,101,114,114,148,148,148,242,363,363,333,333],"floor_reached":18,"language":"ENG","playtime":619,"items_purged":["TheCursedMod:Strike_TheCursed"],"score":295,"play_id":"06fbc5c3-2d92-404b-8032-1532891faead","local_time":"20210211195341","is_ascension_mode":false,"campfire_choices":[{"data":"TheCursedMod:WearCloak","floor":11,"key":"SMITH"}],"circlet_count":0,"master_deck":["hubris:InfiniteBlow+666","TheCursedMod:Strike_TheCursed","TheCursedMod:Strike_TheCursed","TheCursedMod:Strike_TheCursed","TheCursedMod:Defend_TheCursed","TheCursedMod:Defend_TheCursed","TheCursedMod:Defend_TheCursed","TheCursedMod:Defend_TheCursed","TheCursedMod:CursedWand","TheCursedMod:CleanUpWorkshop","TheCursedMod:Dregs","TheCursedMod:WearCloak+1","TheCursedMod:CursedSpellbook","theForsaken:PlagueCurse"],"relics":["TheCursedMod:BlackMagic101","aspiration:Nostalgia","Sizzling Blood","DemoMod:GlassGuonStoneRelic","halation:BlueSoulGem","Juzu Bracelet","Golden Idol","hubris:CrystalStatue","theForsaken:Gavel","theForsaken:PlagueMask","Sozu"],"acts_visited":["TheCity"],"potions_floor_usage":[],"damage_taken":[{"damage":0,"enemies":"2 Louse","floor":1,"turns":2},{"damage":0,"enemies":"Small Slimes","floor":2,"turns":2},{"damage":0,"enemies":"conspire:RoseBush","floor":5,"turns":1},{"damage":0,"enemies":"Replay:BlueRogue","floor":6,"turns":1},{"damage":0,"enemies":"Red Slaver","floor":7,"turns":1},{"damage":0,"enemies":"conspire:2 RoseBushes","floor":10,"turns":3},{"damage":0,"enemies":"Lagavulin","floor":12,"turns":3},{"damage":0,"enemies":"Fading Forest","floor":16,"turns":2},{"damage":160,"enemies":"2 Thieves","floor":18,"turns":2}],"seed_played":"-2466253246018741067","potions_obtained":[{"floor":1,"key":"ColorlessPotion"},{"floor":2,"key":"Doom Potion"},{"floor":7,"key":"Strength Potion"},{"floor":10,"key":"Fire Potion"}],"is_trial":false,"path_per_floor":["M","M","?","$","M","E","M","?","T","M","R","E","?","?","R_BF","B",null,"M"],"character_chosen":"THE_CURSED","items_purchased":[],"campfire_rested":0,"item_purchase_floors":[],"current_hp_per_floor":[79,79,79,79,79,79,79,60,60,64,64,68,76,76,76,79,79,0,0],"gold":333,"neow_bonus":"NOSTALGIA","is_daily":false,"chose_seed":false,"campfire_upgraded":1,"win_rate":0.0,"timestamp":1613073221,"path_taken":["M","M","?","$","M","E","M","?","T","M","R","E","?","?","R_BF","BOSS","M"],"items_purchased_type":[],"build_version":"2020-12-22","purchased_purges":1,"victory":false,"max_hp_per_floor":[79,79,79,79,79,79,79,79,79,79,79,79,79,79,79,79,79,79,79],"card_choices":[{"not_picked":["TheCursedMod:ReleasedStrength","TheCursedMod:SpitefulPray"],"picked":"TheCursedMod:WearCloak","floor":1},{"not_picked":["TheCursedMod:ManaBullet","TheCursedMod:HellsGateOpen","TheCursedMod:FleshFromBone"],"picked":"SKIP","floor":2},{"not_picked":["TheCursedMod:StingEye","TheCursedMod:PrepareRite","TheCursedMod:CircleOfFlame"],"picked":"SKIP","floor":5},{"not_picked":["TheCursedMod:SoulCrush","TheCursedMod:ManaBullet","TheCursedMod:TacticalStrike"],"picked":"SKIP","floor":6},{"not_picked":["TheCursedMod:SoulCrush","TheCursedMod:ManaBullet","TheCursedMod:TacticalStrike"],"picked":"SKIP","floor":6},{"not_picked":["TheCursedMod:SpitefulPlan","TheCursedMod:Stigma","TheCursedMod:FuryStrike"],"picked":"SKIP","floor":7},{"not_picked":["TheCursedMod:ReleasedKnowledge","TheCursedMod:AbyssShockwave","TheCursedMod:PrepareRite"],"picked":"SKIP","floor":10},{"not_picked":["TheCursedMod:SoulReap","TheCursedMod:CircleOfFlame"],"picked":"TheCursedMod:CursedSpellbook","floor":12}],"player_experience":209620,"relics_obtained":[{"floor":6,"key":"Juzu Bracelet"},{"floor":9,"key":"hubris:CrystalStatue"},{"floor":12,"key":"theForsaken:Gavel"}],"event_choices":[{"damage_healed":0,"gold_gain":0,"player_choice":"Take Damage","damage_taken":19,"relics_obtained":["Golden Idol"],"max_hp_gain":0,"max_hp_loss":0,"event_name":"Golden Idol","floor":8,"gold_loss":0},{"damage_healed":0,"gold_gain":0,"player_choice":"Obtain Plague Curse","damage_taken":0,"max_hp_gain":0,"max_hp_loss":0,"event_name":"Plague Doctor","floor":14,"gold_loss":0,"cards_obtained":["theForsaken:PlagueCurse"]}],"is_beta":false,"boss_relics":[{"not_picked":["Tiny House","aspiration:SecretTechniqueScroll"],"picked":"Sozu"}],"items_purged_floors":[4],"is_endless":false,"potions_floor_spawned":[1,2,7,10],"killed_by":"2 Thieves","ascension_level":0}}