{"host":"amduk82rbaelv3uo","time":1613049603,"event":{"mods":["AchievementEnabler","BaseMod","BetterRewards","Colored Map","Colored Powertips","Defuse TimeMaze Blight","Highlight Path","Minty Spire (QoL Compilation)","Permanent Neow","Quick Restart","StSLib"],"gold_per_floor":[113,113,133,133,143,178,194,214,214,249,424,452,67,146,146,248,298,313,313,23,33,50,82,98,127,174,186,186,217,233,252,252,347,347,357,368,72,72,87,114,133,168,168,168,181,209,209,209,209,209],"floor_reached":51,"language":"ENG","playtime":4260,"items_purged":[],"score":971,"play_id":"1ad83e4f-ee1a-4a43-80a9-6b8da5cb89a6","local_time":"20210211132003","is_ascension_mode":true,"campfire_choices":[{"floor":15.0,"key":"REST"},{"floor":28.0,"key":"REST"},{"data":"Distraction","floor":32.0,"key":"SMITH"},{"data":"Backstab","floor":47.0,"key":"SMITH"},{"data":"Backstab","floor":49.0,"key":"SMITH"}],"circlet_count":0,"master_deck":["Strike_G+1","Strike_G","Defend_G+1","Defend_G","Defend_G","Defend_G","Defend_G","Survivor","Neutralize","Poisoned Stab+1","Deflect","Cloak And Dagger","Noxious Fumes+1","Poisoned Stab","PiercingWail+1","Backflip","Doubt","Quick Slash","After Image","Deflect","Bane","Poisoned Stab","Bane+1","Caltrops","Poisoned Stab","Distraction+1","Deflect","Backstab+1","Calculated Gamble+1","Adrenaline","Expertise+1","Dodge and Roll","Prepared","Backstab+1","Bouncing Flask","Deadly Poison+1","Backstab+1","Noxious Fumes+1"],"relics":["Ring of the Snake","Vajra","Mercury Hourglass","InkBottle","Matryoshka","Blood Vial","Snake Skull","Whetstone","Tiny House","Lee\u0027s Waffle","Anchor","Toy Ornithopter","PreservedInsect","Ancient Tea Set","Omamori","White Beast Statue","Empty Cage","Tingsha","Meat on the Bone","War Paint","Art of War","Pocketwatch","Molten Egg 2"],"acts_visited":["Exordium","TheCity","TheBeyond"],"potions_floor_usage":[50],"damage_taken":[{"damage":0.0,"enemies":"2 Louse","floor":1.0,"turns":3.0},{"damage":0.0,"enemies":"Small Slimes","floor":3.0,"turns":2.0},{"damage":0.0,"enemies":"Cultist","floor":5.0,"turns":3.0},{"damage":20.0,"enemies":"Gremlin Nob","floor":6.0,"turns":4.0},{"damage":1.0,"enemies":"3 Louse","floor":7.0,"turns":3.0},{"damage":2.0,"enemies":"Blue Slaver","floor":8.0,"turns":2.0},{"damage":10.0,"enemies":"Lagavulin","floor":10.0,"turns":4.0},{"damage":5.0,"enemies":"3 Sentries","floor":12.0,"turns":5.0},{"damage":16.0,"enemies":"Slime Boss","floor":16.0,"turns":8.0},{"damage":16.0,"enemies":"Spheric Guardian","floor":18.0,"turns":5.0},{"damage":1.0,"enemies":"2 Thieves","floor":21.0,"turns":3.0},{"damage":2.0,"enemies":"Chosen and Byrds","floor":22.0,"turns":6.0},{"damage":34.0,"enemies":"Book of Stabbing","floor":23.0,"turns":7.0},{"damage":49.0,"enemies":"Snecko","floor":24.0,"turns":5.0},{"damage":7.0,"enemies":"Slavers","floor":25.0,"turns":5.0},{"damage":24.0,"enemies":"Shelled Parasite and Fungi","floor":27.0,"turns":5.0},{"damage":13.0,"enemies":"Book of Stabbing","floor":29.0,"turns":5.0},{"damage":10.0,"enemies":"Snake Plant","floor":30.0,"turns":3.0},{"damage":6.0,"enemies":"3 Cultists","floor":31.0,"turns":4.0},{"damage":42.0,"enemies":"Champ","floor":33.0,"turns":9.0},{"damage":7.0,"enemies":"3 Shapes","floor":35.0,"turns":4.0},{"damage":6.0,"enemies":"Orb Walker","floor":36.0,"turns":3.0},{"damage":21.0,"enemies":"Writhing Mass","floor":39.0,"turns":5.0},{"damage":5.0,"enemies":"Reptomancer","floor":40.0,"turns":3.0},{"damage":0.0,"enemies":"Maw","floor":41.0,"turns":6.0},{"damage":27.0,"enemies":"Nemesis","floor":42.0,"turns":5.0},{"damage":0.0,"enemies":"4 Shapes","floor":45.0,"turns":4.0},{"damage":28.0,"enemies":"Giant Head","floor":46.0,"turns":6.0},{"damage":67,"enemies":"Donu and Deca","floor":50,"turns":9}],"seed_played":"-1643084169148439839","potions_obtained":[{"floor":0.0,"key":"ColorlessPotion"},{"floor":0.0,"key":"Weak Potion"},{"floor":0.0,"key":"GamblersBrew"},{"floor":5.0,"key":"LiquidBronze"},{"floor":6.0,"key":"Poison Potion"},{"floor":10.0,"key":"ColorlessPotion"},{"floor":12.0,"key":"SpeedPotion"},{"floor":17.0,"key":"FairyPotion"},{"floor":18.0,"key":"Fruit Juice"},{"floor":24.0,"key":"AttackPotion"},{"floor":25.0,"key":"Energy Potion"},{"floor":30.0,"key":"DuplicationPotion"},{"floor":31.0,"key":"LiquidBronze"},{"floor":33.0,"key":"GamblersBrew"},{"floor":35.0,"key":"Dexterity Potion"},{"floor":36.0,"key":"Block Potion"},{"floor":39.0,"key":"FearPotion"},{"floor":40.0,"key":"PowerPotion"},{"floor":41.0,"key":"Swift Potion"},{"floor":42.0,"key":"DuplicationPotion"},{"floor":45.0,"key":"SteroidPotion"},{"floor":46.0,"key":"ColorlessPotion"}],"is_trial":false,"path_per_floor":["M","?","M","?","M","E","M","M","T","E","?","E","$","?","R","B",null,"M","?","$","M","M","E","M","E","T","M","R","E","M","M","R","B",null,"M","M","$","?","M","E","M","E","T","$","M","E","R","?","R","B",null],"character_chosen":"THE_SILENT","items_purchased":["Snake Skull","Fruit Juice","Whetstone","Lee\u0027s Waffle","Anchor","Tingsha"],"campfire_rested":2,"item_purchase_floors":[13,13,13,20,20,37],"current_hp_per_floor":[70,52,52,52,52,32,31,29,29,19,19,14,14,14,40,26,80,64,64,87,91,90,58,11,11,11,27,54,43,35,31,31,1,92,85,81,81,102,83,95,102,75,75,75,77,66,66,66,66,18],"gold":209,"neow_bonus":"THREE_SMALL_POTIONS","is_daily":false,"chose_seed":false,"campfire_upgraded":3,"win_rate":0.0,"timestamp":1613049603,"path_taken":["M","?","M","?","?","E","M","M","T","E","?","E","$","?","R","BOSS","M","?","$","M","M","E","M","E","T","?","R","E","M","M","R","BOSS","M","?","$","?","?","E","M","E","T","$","M","E","R","?","R","BOSS"],"items_purchased_type":["Relic","Potion","Relic","Relic","Relic","Relic"],"build_version":"2020-12-22","purchased_purges":0,"victory":true,"max_hp_per_floor":[70,70,70,70,70,70,70,70,70,70,70,70,70,70,75,75,80,80,80,87,92,92,92,92,92,92,92,92,92,92,92,92,92,92,92,92,92,102,102,102,102,102,102,102,102,102,102,102,102,102],"card_choices":[{"not_picked":["Crippling Poison","Bane"],"picked":"Poisoned Stab","floor":1.0},{"not_picked":["Dodge and Roll","Backflip"],"picked":"Deflect","floor":3.0},{"not_picked":["Leg Sweep","Bane"],"picked":"Noxious Fumes","floor":5.0},{"not_picked":["Phantasmal Killer","Concentrate"],"picked":"Unload","floor":6.0},{"not_picked":["Blur","Dagger Spray"],"picked":"Poisoned Stab","floor":7.0},{"not_picked":["Well Laid Plans","Dagger Spray"],"picked":"PiercingWail","floor":8.0},{"not_picked":["Calculated Gamble","Predator"],"picked":"Backflip","floor":10.0},{"not_picked":["Distraction","Setup"],"picked":"Quick Slash","floor":12.0},{"not_picked":["Malaise","Grand Finale"],"picked":"After Image","floor":16.0},{"not_picked":["Dagger Spray","Acrobatics"],"picked":"Deflect","floor":17.0},{"not_picked":["Poisoned Stab","Deadly Poison+1"],"picked":"Bane","floor":18.0},{"not_picked":["Grand Finale","Deflect+1"],"picked":"Poisoned Stab","floor":21.0},{"not_picked":["Acrobatics","Slice"],"picked":"Bane+1","floor":22.0},{"not_picked":["All Out Attack","Concentrate"],"picked":"Caltrops","floor":23.0},{"not_picked":["Backflip","Prepared"],"picked":"Poisoned Stab","floor":24.0},{"not_picked":["Sucker Punch","Dodge and Roll"],"picked":"Distraction","floor":25.0},{"not_picked":["Eviscerate","Underhanded Strike"],"picked":"Deflect","floor":27.0},{"not_picked":["Masterful Stab","Distraction"],"picked":"Backstab","floor":29.0},{"not_picked":["Infinite Blades","Finisher","Choke"],"picked":"SKIP","floor":30.0},{"not_picked":["Finisher","Backflip"],"picked":"Calculated Gamble","floor":31.0},{"not_picked":["Doppelganger","Die Die Die"],"picked":"Adrenaline","floor":33.0},{"not_picked":["Blade Dance+1","Infinite Blades"],"picked":"Expertise+1","floor":35.0},{"not_picked":["Reflex","Infinite Blades"],"picked":"Dodge and Roll","floor":36.0},{"not_picked":["Escape Plan+1","Finisher"],"picked":"Prepared","floor":39.0},{"not_picked":["Footwork","Leg Sweep"],"picked":"Backstab","floor":40.0},{"not_picked":["Blade Dance+1","Escape Plan"],"picked":"Bouncing Flask","floor":41.0},{"not_picked":["Choke","Predator+1","Dagger Throw+1"],"picked":"SKIP","floor":42.0},{"not_picked":["Concentrate","Backflip"],"picked":"Deadly Poison+1","floor":45.0},{"not_picked":["Acrobatics","Blade Dance+1"],"picked":"Backstab+1","floor":46.0}],"player_experience":265460,"relics_obtained":[{"floor":6.0,"key":"Mercury Hourglass"},{"floor":9.0,"key":"InkBottle"},{"floor":10.0,"key":"Matryoshka"},{"floor":12.0,"key":"Blood Vial"},{"floor":23.0,"key":"Toy Ornithopter"},{"floor":25.0,"key":"PreservedInsect"},{"floor":26.0,"key":"Ancient Tea Set"},{"floor":26.0,"key":"Omamori"},{"floor":29.0,"key":"White Beast Statue"},{"floor":40.0,"key":"Meat on the Bone"},{"floor":42.0,"key":"War Paint"},{"floor":43.0,"key":"Art of War"},{"floor":43.0,"key":"Pocketwatch"},{"floor":46.0,"key":"Molten Egg 2"}],"event_choices":[{"damage_healed":0.0,"max_hp_gain":0.0,"max_hp_loss":0.0,"gold_gain":0.0,"event_name":"Scrap Ooze","player_choice":"Success","floor":2.0,"gold_loss":0.0,"damage_taken":18.0,"relics_obtained":["Vajra"]},{"damage_healed":0.0,"max_hp_gain":0.0,"max_hp_loss":0.0,"gold_gain":0.0,"cards_transformed":["Strike_G"],"event_name":"Transmorgrifier","player_choice":"Transformed","floor":4.0,"gold_loss":0.0,"damage_taken":0.0,"cards_obtained":["Cloak And Dagger"]},{"damage_healed":0.0,"max_hp_gain":0.0,"max_hp_loss":0.0,"gold_gain":175.0,"event_name":"Liars Game","player_choice":"AGREE","floor":11.0,"gold_loss":0.0,"damage_taken":0.0,"cards_obtained":["Doubt"]},{"damage_healed":0.0,"max_hp_gain":0.0,"max_hp_loss":0.0,"gold_gain":79.0,"event_name":"Golden Wing","player_choice":"Gained Gold","floor":14.0,"gold_loss":0.0,"damage_taken":0.0},{"damage_healed":0.0,"max_hp_gain":0.0,"max_hp_loss":0.0,"gold_gain":0.0,"event_name":"Upgrade Shrine","player_choice":"Upgraded","floor":19.0,"gold_loss":0.0,"damage_taken":0.0,"cards_upgraded":["Noxious Fumes"]},{"cards_removed":["Unload"],"damage_healed":11.0,"max_hp_gain":10.0,"max_hp_loss":0.0,"gold_gain":0.0,"event_name":"Bonfire Elementals","player_choice":"Offered Rare","floor":38.0,"gold_loss":0.0,"damage_taken":0.0},{"damage_healed":0.0,"max_hp_gain":0.0,"max_hp_loss":0.0,"gold_gain":0.0,"event_name":"Duplicator","player_choice":"Copied","floor":48.0,"gold_loss":0.0,"damage_taken":0.0,"cards_obtained":["Noxious Fumes"]}],"is_beta":false,"boss_relics":[{"not_picked":["Cursed Key","Busted Crown"],"picked":"Tiny House"},{"not_picked":["Pandora\u0027s Box","Runic Dome"],"picked":"Empty Cage"}],"items_purged_floors":[],"is_endless":false,"potions_floor_spawned":[5,6,10,12,18,24,25,30,31,33,35,36,39,40,41,42,45,46],"ascension_level":2}}