{"host":"8anmd7ibyxevnonj","time":1613046582,"event":{"mods":["BaseMod","Curses Come First","Downfall","Minty Spire (QoL Compilation)","StSLib"],"gold_per_floor":[99,114,127,142,242,255,281,281,307,321,335,335,349,366,380,380,380,380],"floor_reached":16,"language":"ENG","playtime":995,"items_purged":[],"score":108,"play_id":"9a3d288a-4caa-4af5-914c-74f2355680c8","local_time":"20210211132942","is_ascension_mode":false,"campfire_choices":[{"data":"hexamod:Toasty","floor":1,"key":"SMITH"},{"data":"hexamod:RadiantFlame","floor":8,"key":"SMITH"}],"circlet_count":0,"master_deck":["hexamod:Strike","hexamod:Strike","hexamod:Strike","hexamod:Defend","hexamod:Defend","hexamod:Defend","hexamod:Defend","hexamod:Sear","hexamod:Float","hexamod:Toasty+1","hexamod:Again","hexamod:RadiantFlame+1","hexamod:EtherealExpedition","hexamod:ShieldOfDarkness+1","hexamod:FifthSeal","hexamod:SixthSeal","hexamod:RadiantFlame","hexamod:FirstSeal","hexamod:ForkedFlame","hexamod:FirstSeal","hexamod:SuperheatedStrike+1","hexamod:GhostShield","hexamod:GhostShield"],"relics":["hexamod:SpiritBrand","Bag of Preparation","Juzu Bracelet","downfall:BrokenWingStatue"],"acts_visited":["Exordium"],"potions_floor_usage":[9,13,14],"damage_taken":[{"damage":0,"enemies":"2 Louse","floor":2,"turns":2},{"damage":6,"enemies":"Jaw Worm","floor":3,"turns":3},{"damage":3,"enemies":"Small Slimes","floor":4,"turns":3},{"damage":14,"enemies":"Gremlin Gang","floor":6,"turns":7},{"damage":18,"enemies":"Lagavulin","floor":9,"turns":6},{"damage":16,"enemies":"2 Fungi Beasts","floor":10,"turns":4},{"damage":0,"enemies":"Large Slime","floor":11,"turns":4},{"damage":11,"enemies":"Exordium Wildlife","floor":13,"turns":7},{"damage":2,"enemies":"Blue Slaver","floor":14,"turns":5},{"damage":8,"enemies":"3 Louse","floor":15,"turns":4},{"damage":24,"enemies":"DF_ARCHETYPE_STREAMLINE","floor":16,"turns":6}],"seed_played":"-3189638777069993166","potions_obtained":[{"floor":3,"key":"Energy Potion"},{"floor":4,"key":"CultistPotion"},{"floor":9,"key":"Explosive Potion"},{"floor":10,"key":"SteroidPotion"},{"floor":13,"key":"Guardian:BlockOnCardUsePotion"}],"is_trial":false,"path_per_floor":["R","M","M","M","?","M","T","R","E","M","M","?","M","M","M","B"],"character_chosen":"THE_SPIRIT","items_purchased":[],"campfire_rested":0,"item_purchase_floors":[],"current_hp_per_floor":[70,70,64,61,61,47,47,47,29,13,13,13,9,14,20,0,0,0],"gold":380,"neow_bonus":"TRANSFORM_CARD","is_daily":false,"chose_seed":false,"campfire_upgraded":2,"win_rate":0.0,"timestamp":1613046582,"path_taken":["R","M","M","M","?","M","T","R","E","M","M","?","M","M","M","BOSS"],"items_purchased_type":[],"build_version":"2020-12-13","purchased_purges":0,"victory":false,"max_hp_per_floor":[70,70,70,70,70,70,70,70,70,70,70,70,70,70,70,70,70,70],"card_choices":[{"not_picked":["hexamod:InspiringFlames","hexamod:Rewind"],"picked":"hexamod:Again","floor":2},{"not_picked":["hexamod:GhostShield","hexamod:FirstSeal"],"picked":"hexamod:RadiantFlame","floor":3},{"not_picked":["hexamod:NightmareStrike","hexamod:BacktrackSmack"],"picked":"hexamod:EtherealExpedition","floor":4},{"not_picked":["hexamod:BacktrackSmack","hexamod:GhostOfSpirePast"],"picked":"hexamod:ShieldOfDarkness","floor":6},{"not_picked":["hexamod:BurningTouch","hexamod:HauntingEcho"],"picked":"hexamod:FifthSeal","floor":9},{"not_picked":["hexamod:ThirdSeal","hexamod:SecondSeal"],"picked":"hexamod:SixthSeal","floor":10},{"not_picked":["hexamod:BacktrackSmack","hexamod:ShieldOfDarkness"],"picked":"hexamod:RadiantFlame","floor":10},{"not_picked":["hexamod:ThirdSeal","hexamod:SecondSeal"],"picked":"hexamod:FirstSeal","floor":11},{"not_picked":["hexamod:SpectralAdrenaline","hexamod:Hexaguard"],"picked":"hexamod:ForkedFlame","floor":11},{"not_picked":["hexamod:SecondSeal","hexamod:FourthSeal"],"picked":"hexamod:FirstSeal","floor":13},{"not_picked":["hexamod:HauntingEcho","hexamod:NightmareStrike"],"picked":"hexamod:SuperheatedStrike","floor":13},{"not_picked":["hexamod:GhostLash","hexamod:Firestarter"],"picked":"hexamod:GhostShield","floor":14},{"not_picked":["hexamod:CatchUp","hexamod:HeatMetal"],"picked":"hexamod:GhostShield","floor":15}],"player_experience":116115,"relics_obtained":[{"floor":7,"key":"Bag of Preparation"},{"floor":9,"key":"Juzu Bracelet"}],"event_choices":[],"is_beta":false,"boss_relics":[],"items_purged_floors":[],"is_endless":false,"potions_floor_spawned":[3,4,9,10,13],"killed_by":"DF_ARCHETYPE_STREAMLINE","ascension_level":0}}