{"host":"qheym18ww6mhskxf","time":1613068928,"event":{"mods":["100% Spire Juice","BaseMod","CapriCore","Friendly Minions","GungeonMod","KOR Keyword Fix","Kiyohime£¨?ýï£©","Minty Spire (QoL Compilation)","Prisma Mod","Quick Restart","Rare Cards Sparkle","Shop Mod","Spicy Shops","StSLib","Td1madao Mod","The Dragon Tamer","Username Fix"],"gold_per_floor":[115,115,40,57,57,57,84,101,101,126,126,3,38,65,65,160,160,178,158,186,197,228,228,228,262,262,262,13,42,53,87,87,189,189,202,221,221,248,273,307,319,330,383,383,410,108,141,152,152,248,248,264,323,39,54,54,89,108,148,174,207,207,207,251,286,286,407,407,423,3,36,36,80,80,116,136,176,199,240,53,71,112,112,235,235,258,6,22,35,50,86,86,121,152,152,59,59,59,102,102,230,230,243,264,18,37,37,80,80,104,139,4,45,45,45,70,70,70,70],"floor_reached":118,"language":"KOR","playtime":4374,"items_purged":["Defend_B","Strike_B","Strike_B","Defend_B","Defend_B","Leap+1"],"score":5256,"play_id":"b1997bcc-8a96-4d5d-9fa6-f2427a2a939c","local_time":"20210212034208","daily_mods":["Heirloom","Time Dilation","DeadlyEvents","Elite Swarm"],"is_ascension_mode":true,"campfire_choices":[{"data":"Zap","floor":6.0,"key":"SMITH"},{"data":"Dualcast","floor":11.0,"key":"SMITH"},{"floor":15.0,"key":"REST"},{"data":"Seek","floor":23.0,"key":"SMITH"},{"data":"Conserve Battery","floor":27.0,"key":"SMITH"},{"floor":32.0,"key":"DIG"},{"floor":44.0,"key":"REST"},{"data":"Trip","floor":49.0,"key":"SMITH"},{"data":"Defragment","floor":63,"key":"SMITH"},{"floor":66,"key":"DIG"},{"data":"Buffer","floor":74,"key":"SMITH"},{"floor":83,"key":"DIG"},{"floor":92,"key":"DIG"},{"floor":95,"key":"DIG"},{"data":"Electrodynamics","floor":97,"key":"SMITH"},{"floor":100,"key":"DIG"},{"floor":109,"key":"DIG"},{"floor":114,"key":"DIG"},{"floor":117,"key":"DIG"}],"circlet_count":0,"master_deck":["Zap+1","Dualcast+1","Conserve Battery+1","PrismaMod:ChloeCarnivalDefend+1","Core Surge+1","PrismaMod:ChloeGaeBolg+1","PrismaMod:ChloeCarnivalDefend+1","Seek+1","PrismaMod:ChloeCarnivalDefend+1","PrismaMod:ChloeCheapAttack+1","Electrodynamics+1","Trip+1","PrismaMod:ChloeCaladbolg+1","Defragment+1","BootSequence+1","PrismaMod:ChloeRhongomyniad+1","Buffer+1","PrismaMod:ChloeCaladbolg+1","Double Energy+1","PrismaMod:ChloeCarnivalAttack+1","PrismaMod:ChloeCarnivalDefend+1","PrismaMod:ChloeCheapAttack+1","PrismaMod:ChloeCheapAttack+1","PrismaMod:ChloeGaeBolg+1"],"relics":["Cracked Core","FossilizedHelix","Molten Egg 2","TungstenRod","The Courier","DataDisk","DemoMod:WhiteGuonStone","DemoMod:MeltedRock","Incense Burner","CaptainsWheel","Prayer Wheel","MerchantsRug","Shovel","Bag of Marbles","Orichalcum","DemoMod:BlueGuonStone","DemoMod:SevenLeafClover","DemoMod:Metronome","Turnip","Peace Pipe","Akabeko","DemoMod:SerJunkan","Potion Belt","PreservedInsect","Frozen Eye","DemoMod:Junk","Pen Nib","Runic Pyramid","DemoMod:OrangeGuonStone","DemoMod:GlassGuonStoneRelic","ClockworkSouvenir","Cables","Golden Idol","Philosopher\u0027s Stone","Oddly Smooth Stone","DemoMod:Bottle","Boot","Runic Capacitor","DemoMod:RiddleOfLead","Medical Kit","Bottled Tornado","Lantern","CeramicFish","DemoMod:WaxWing","Membership Card","Eternal Feather","DemoMod:MeatBun","DemoMod:PinkGuonStone","Unceasing Top","Kunai"],"acts_visited":["Exordium","TheCity","TheBeyond","Exordium","TheCity","TheBeyond","Exordium"],"potions_floor_usage":[82],"damage_taken":[{"damage":2.0,"enemies":"Small Slimes","floor":1.0,"turns":3.0},{"damage":0.0,"enemies":"Cultist","floor":4.0,"turns":3.0},{"damage":24.0,"enemies":"Gremlin Nob","floor":7.0,"turns":4.0},{"damage":0.0,"enemies":"2 Louse","floor":8.0,"turns":2.0},{"damage":9.0,"enemies":"3 Sentries","floor":10.0,"turns":8.0},{"damage":19.0,"enemies":"Gremlin Nob","floor":13.0,"turns":4.0},{"damage":0.0,"enemies":"Lagavulin","floor":14.0,"turns":7.0},{"damage":0.0,"enemies":"The Guardian","floor":16.0,"turns":14.0},{"damage":0.0,"enemies":"Spheric Guardian","floor":18.0,"turns":4.0},{"damage":0.0,"enemies":"Slavers","floor":20.0,"turns":4.0},{"damage":0.0,"enemies":"Chosen","floor":21.0,"turns":3.0},{"damage":0.0,"enemies":"Book of Stabbing","floor":22.0,"turns":6.0},{"damage":0.0,"enemies":"Gremlin Leader","floor":25.0,"turns":8.0},{"damage":0.0,"enemies":"Slavers","floor":29.0,"turns":5.0},{"damage":0.0,"enemies":"Centurion and Healer","floor":30.0,"turns":5.0},{"damage":9.0,"enemies":"Gremlin Leader","floor":31.0,"turns":10.0},{"damage":42.0,"enemies":"Champ","floor":33.0,"turns":26.0},{"damage":0.0,"enemies":"Orb Walker","floor":35.0,"turns":4.0},{"damage":0.0,"enemies":"3 Shapes","floor":36.0,"turns":5.0},{"damage":38.0,"enemies":"Nemesis","floor":38.0,"turns":15.0},{"damage":0.0,"enemies":"Reptomancer","floor":39.0,"turns":9.0},{"damage":10.0,"enemies":"Giant Head","floor":40.0,"turns":15.0},{"damage":0.0,"enemies":"Jaw Worm Horde","floor":41.0,"turns":5.0},{"damage":0.0,"enemies":"Transient","floor":42.0,"turns":5.0},{"damage":8.0,"enemies":"Reptomancer","floor":45.0,"turns":5.0},{"damage":0.0,"enemies":"Nemesis","floor":47.0,"turns":8.0},{"damage":0.0,"enemies":"Maw","floor":48.0,"turns":7.0},{"damage":1,"enemies":"Awakened One","floor":50,"turns":24},{"damage":0,"enemies":"2 Louse","floor":52,"turns":1},{"damage":0,"enemies":"3 Sentries","floor":53,"turns":2},{"damage":0,"enemies":"Jaw Worm","floor":55,"turns":1},{"damage":0,"enemies":"Gremlin Nob","floor":57,"turns":1},{"damage":0,"enemies":"Cultist","floor":58,"turns":1},{"damage":0,"enemies":"3 Sentries","floor":59,"turns":2},{"damage":0,"enemies":"Lagavulin","floor":61,"turns":2},{"damage":0,"enemies":"Gremlin Nob","floor":64,"turns":3},{"damage":0,"enemies":"3 Sentries","floor":65,"turns":2},{"damage":0,"enemies":"Slime Boss","floor":67,"turns":4},{"damage":0,"enemies":"2 Thieves","floor":69,"turns":1},{"damage":0,"enemies":"Slavers","floor":71,"turns":2},{"damage":0,"enemies":"Book of Stabbing","floor":73,"turns":2},{"damage":0,"enemies":"Slavers","floor":75,"turns":2},{"damage":0,"enemies":"Shell Parasite","floor":76,"turns":1},{"damage":0,"enemies":"Book of Stabbing","floor":77,"turns":3},{"damage":0,"enemies":"Cultist and Chosen","floor":78,"turns":3},{"damage":0,"enemies":"Gremlin Leader","floor":79,"turns":2},{"damage":0,"enemies":"Snecko","floor":81,"turns":3},{"damage":0,"enemies":"Slavers","floor":82,"turns":2},{"damage":0,"enemies":"Automaton","floor":84,"turns":6},{"damage":0,"enemies":"Orb Walker","floor":86,"turns":2},{"damage":0,"enemies":"3 Darklings","floor":88,"turns":2},{"damage":0,"enemies":"Sphere and 2 Shapes","floor":89,"turns":1},{"damage":0,"enemies":"4 Shapes","floor":90,"turns":1},{"damage":0,"enemies":"Giant Head","floor":91,"turns":4},{"damage":0,"enemies":"Nemesis","floor":93,"turns":3},{"damage":0,"enemies":"Reptomancer","floor":94,"turns":3},{"damage":0,"enemies":"Giant Head","floor":99,"turns":5},{"damage":0,"enemies":"Donu and Deca","floor":101,"turns":4},{"damage":0,"enemies":"Jaw Worm","floor":103,"turns":1},{"damage":0,"enemies":"2 Louse","floor":104,"turns":1},{"damage":0,"enemies":"Cultist","floor":106,"turns":1},{"damage":0,"enemies":"Lagavulin","floor":108,"turns":2},{"damage":0,"enemies":"Exordium Wildlife","floor":110,"turns":1},{"damage":0,"enemies":"3 Sentries","floor":111,"turns":1},{"damage":0,"enemies":"Gremlin Nob","floor":113,"turns":1},{"damage":0,"enemies":"Exordium Thugs","floor":116,"turns":1},{"damage":0,"enemies":"Hexaghost","floor":118,"turns":1}],"seed_played":"-3478783174531045411","potions_obtained":[{"floor":8.0,"key":"DistilledChaos"},{"floor":13.0,"key":"ColorlessPotion"},{"floor":14.0,"key":"DemoMod:LeadSkinPotion"},{"floor":16.0,"key":"SpeedPotion"},{"floor":19.0,"key":"DemoMod:LeadSkinPotion"},{"floor":20.0,"key":"Energy Potion"},{"floor":30.0,"key":"Energy Potion"},{"floor":31.0,"key":"FearPotion"},{"floor":33.0,"key":"DemoMod:LeadSkinPotion"},{"floor":39.0,"key":"AttackPotion"},{"floor":41.0,"key":"PowerPotion"},{"floor":42.0,"key":"DistilledChaos"},{"floor":47.0,"key":"SmokeBomb"},{"floor":55,"key":"BlessingOfTheForge"},{"floor":61,"key":"DistilledChaos"},{"floor":65,"key":"Ancient Potion"},{"floor":69,"key":"Swift Potion"},{"floor":78,"key":"Regen Potion"},{"floor":81,"key":"Explosive Potion"},{"floor":82,"key":"BlessingOfTheForge"},{"floor":84,"key":"AttackPotion"},{"floor":89,"key":"ColorlessPotion"},{"floor":91,"key":"Fire Potion"},{"floor":94,"key":"Dexterity Potion"},{"floor":96,"key":"DistilledChaos"},{"floor":96,"key":"Fire Potion"},{"floor":96,"key":"DistilledChaos"},{"floor":96,"key":"Explosive Potion"},{"floor":96,"key":"Explosive Potion"},{"floor":101,"key":"Dexterity Potion"},{"floor":106,"key":"AttackPotion"},{"floor":108,"key":"AttackPotion"},{"floor":116,"key":"FearPotion"}],"is_trial":true,"path_per_floor":["M","?","$","M","?","R","E","M","T","E","R","$","E","E","R","B",null,"M","?","E","M","E","R","T","E","T","R","$","E","M","E","R","B",null,"M","M","?","E","E","E","M","M","T","R","E","$","E","M","R","B",null,"M","?","$","M","?","E","M","E","T","E","?","R","E","E","R","B",null,"M","$","E","?","E","R","E","M","E","M","E","$","M","E","R","B",null,"M","$","M","M","M","E","R","E","E","R","$","R","?","E","R","B",null,"M","M","$","M","?","E","R","M","E","$","E","R","?","M","R","B"],"character_chosen":"DEFECT","items_purchased":["DataDisk","MerchantsRug","Shovel","Potion Belt","PreservedInsect","Trip","Frozen Eye","ClockworkSouvenir","Cables","PrismaMod:ChloeCaladbolg+1","Oddly Smooth Stone","DemoMod:Bottle","Boot","PrismaMod:ChloeCaladbolg+1","Runic Capacitor","Medical Kit","Bottled Tornado","Cauldron","CeramicFish","Membership Card","Whetstone","War Paint","Eternal Feather","DemoMod:MeatBun","DemoMod:PinkGuonStone","Unceasing Top"],"campfire_rested":2,"item_purchase_floors":[12,28,28,46,46,46,46,54,54,54,70,70,70,80,80,87,87,96,96,105,105,105,105,112,112,112],"current_hp_per_floor":[66,66,66,66,66,66,42,42,42,33,33,33,14,14,36,36,65,65,65,65,65,65,65,65,65,65,65,65,65,65,56,56,33,65,65,65,65,27,27,17,17,17,17,39,31,31,31,31,31,55,70,70,70,70,70,69,69,69,69,69,69,69,69,69,69,69,69,69,69,69,69,69,69,69,69,69,69,69,69,69,69,69,69,69,79,79,79,79,79,79,79,79,79,79,79,79,79,79,79,79,79,79,79,79,79,79,76,76,79,79,79,86,86,86,70,70,82,82,82],"gold":70,"neow_bonus":"","is_daily":false,"chose_seed":false,"campfire_upgraded":8,"win_rate":0.0,"timestamp":1613068928,"path_taken":["M","?","$","?","?","R","E","M","T","E","R","$","?","E","R","BOSS","M","?","?","?","?","R","?","E","T","R","$","E","M","E","R","BOSS","M","?","?","?","?","E","M","M","T","R","E","$","E","M","R","BOSS","M","?","$","M","?","E","?","?","T","E","?","R","E","?","R","BOSS","M","?","?","?","?","R","E","M","E","M","E","$","M","E","R","BOSS","M","$","M","?","M","E","R","E","E","R","$","R","?","?","R","BOSS","M","M","$","M","?","E","R","M","E","$","E","R","?","M","R","BOSS"],"items_purchased_type":["Relic","Relic","Relic","Relic","Relic","Card","Relic","Relic","Relic","Card","Relic","Relic","Relic","Card","Relic","Relic","Relic","Relic","Relic","Relic","Relic","Relic","Relic","Relic","Relic","Relic"],"build_version":"2020-12-22","purchased_purges":6,"victory":false,"max_hp_per_floor":[75,75,75,75,75,75,75,75,75,75,75,75,75,75,75,75,75,75,75,75,75,75,75,75,75,75,75,75,75,75,75,75,75,75,75,75,75,75,75,75,75,75,75,75,75,75,75,75,75,75,75,75,75,75,75,69,69,69,69,69,69,69,69,69,69,69,69,69,69,69,69,69,69,69,69,69,69,69,69,69,69,69,69,69,79,79,79,79,79,79,79,79,79,79,79,79,79,79,79,79,79,79,79,79,79,79,79,79,79,79,79,86,86,86,86,86,86,86,86],"card_choices":[{"not_picked":["Stack","Go for the Eyes","Self Repair"],"picked":"SKIP","floor":1.0},{"not_picked":["Chill","Self Repair"],"picked":"Conserve Battery","floor":4.0},{"not_picked":["Biased Cognition","PrismaMod:ChloeCarnivalAttack+1"],"picked":"PrismaMod:ChloeCarnivalDefend","floor":7.0},{"not_picked":["Cold Snap+1","Gash+1","PrismaMod:ChloeDiscardRecovery"],"picked":"SKIP","floor":8.0},{"not_picked":["Rainbow","PrismaMod:ChloeGreatTracePools","PrismaMod:ChloeAnyAttackTrace"],"picked":"SKIP","floor":10.0},{"not_picked":["Echo Form","Hyperbeam+1","PrismaMod:ChloeGreatTracePools"],"picked":"SKIP","floor":13.0},{"not_picked":["PrismaMod:ChloeAnyPowerTrace","PrismaMod:ChloeGreatTracePools"],"picked":"Core Surge+1","floor":14.0},{"not_picked":["Hologram+1","Go for the Eyes+1"],"picked":"PrismaMod:ChloeGaeBolg+1","floor":18.0},{"not_picked":["PrismaMod:ChloeCarnivalAttack+1","PrismaMod:ChloeDoubleRelicSpeed"],"picked":"PrismaMod:ChloeCarnivalDefend","floor":20.0},{"not_picked":["Coolheaded","Reprogram","Hologram"],"picked":"SKIP","floor":21.0},{"not_picked":["PrismaMod:ChloeHalloween","Meteor Strike+1"],"picked":"Seek","floor":22.0},{"not_picked":["PrismaMod:ChloeHalloween","PrismaMod:ChloeGreatTracePools","PrismaMod:ChloeExhaustThree"],"picked":"SKIP","floor":25.0},{"not_picked":["Rainbow","Hyperbeam+1"],"picked":"PrismaMod:ChloeCarnivalDefend","floor":29.0},{"not_picked":["Auto Shields+1","Skim","PrismaMod:ChloeCheapDefend"],"picked":"SKIP","floor":30.0},{"not_picked":["PrismaMod:ChloeCommonAOEAttack+1","Gash+1","PrismaMod:ChloeBetterTracePools"],"picked":"SKIP","floor":30.0},{"not_picked":["Amplify","PrismaMod:ChloeAnyUncommonTrace","PrismaMod:ChloeAnySkillTrace"],"picked":"SKIP","floor":31.0},{"not_picked":["Consume+1","PrismaMod:ChloeCheapDefend+1"],"picked":"Leap","floor":35.0},{"not_picked":["PrismaMod:ChloeRitsuka+1","Cold Snap+1","Barrage+1"],"picked":"SKIP","floor":35.0},{"not_picked":["Go for the Eyes+1","Force Field+1","Skim+1"],"picked":"SKIP","floor":36.0},{"not_picked":["Compile Driver+1","Rebound+1","Conserve Battery+1"],"picked":"SKIP","floor":36.0},{"not_picked":["Seek","PrismaMod:ChloeDevil+","Buffer"],"picked":"SKIP","floor":38.0},{"not_picked":["Hyperbeam+1","PrismaMod:ChloeGreatTracePools","Amplify"],"picked":"SKIP","floor":39.0},{"not_picked":["PrismaMod:ChloeAnyCommonTrace","PrismaMod:ChloeHalloween","Biased Cognition"],"picked":"SKIP","floor":40.0},{"not_picked":["Go for the Eyes+1","Sunder+1","Steam"],"picked":"SKIP","floor":41.0},{"not_picked":["Go for the Eyes+1","Gash+1","Rebound+1"],"picked":"SKIP","floor":41.0},{"not_picked":["Stack+1","Force Field"],"picked":"PrismaMod:ChloeCheapAttack+1","floor":42.0},{"not_picked":["Redo","All For One+1","Steam+1"],"picked":"SKIP","floor":42.0},{"not_picked":["Reboot","PrismaMod:ChloeExhaustThree"],"picked":"Electrodynamics","floor":43.0},{"not_picked":["Amplify","PrismaMod:ChloeAnyRareTrace","PrismaMod:ChloeAnySkillTrace"],"picked":"SKIP","floor":45.0},{"not_picked":["PrismaMod:ChloeExhaustThree","Echo Form","Hyperbeam+1"],"picked":"SKIP","floor":47.0},{"not_picked":["Capacitor+1","Double Energy","PrismaMod:ChloeExhaustOne"],"picked":"SKIP","floor":48.0},{"not_picked":["Chill+1","PrismaMod:ChloeCheapAttackTwo+1","Glacier"],"picked":"SKIP","floor":48.0},{"not_picked":["Go for the Eyes+1","Hello World","Loop"],"picked":"SKIP","floor":52},{"not_picked":["PrismaMod:ChloeExhaustOne","PrismaMod:ChloeEyeOfTheEuryale+1","Cold Snap+1"],"picked":"SKIP","floor":52},{"not_picked":["PrismaMod:ChloeDiscardRecovery","FTL+1"],"picked":"Defragment","floor":55},{"not_picked":["Core Surge+1","PrismaMod:ChloeExhaustOne","Coolheaded"],"picked":"SKIP","floor":55},{"not_picked":["PrismaMod:ChloeAnyRareTrace","PrismaMod:ChloeAnyPowerTrace","Fission"],"picked":"SKIP","floor":57},{"not_picked":["Double Energy","PrismaMod:ChloeDiscardRecovery"],"picked":"BootSequence","floor":58},{"not_picked":["Turbo","Sweeping Beam+1","Leap"],"picked":"SKIP","floor":58},{"not_picked":["PrismaMod:ChloeAnyAttackTrace","Machine Learning","PrismaMod:ChloeCarnivalAOEAttack+1"],"picked":"SKIP","floor":59},{"not_picked":["PrismaMod:ChloeCarnivalAOEAttack","Electrodynamics","Machine Learning"],"picked":"SKIP","floor":60},{"not_picked":["Multi-Cast","All For One+1","Reboot"],"picked":"SKIP","floor":61},{"not_picked":["PrismaMod:ChloeAnyPowerTrace","Machine Learning","Seek"],"picked":"SKIP","floor":64},{"not_picked":["PrismaMod:ChloeHalloween","Amplify","PrismaMod:ChloeReshuffleDiscard"],"picked":"SKIP","floor":65},{"not_picked":["Recycle","PrismaMod:ChloeCommonAOEAttack+1"],"picked":"PrismaMod:ChloeRhongomyniad+1","floor":69},{"not_picked":["Go for the Eyes+1","Undo+1","Aggregate"],"picked":"SKIP","floor":69},{"not_picked":["Electrodynamics","Creative AI","Meteor Strike+1"],"picked":"SKIP","floor":71},{"not_picked":["Reboot","Meteor Strike+1"],"picked":"Buffer","floor":73},{"not_picked":["All For One+1","Core Surge+1","PrismaMod:ChloeGreatTracePools"],"picked":"SKIP","floor":75},{"not_picked":["PrismaMod:ChloeBetterTracePools+1","Streamline+1","Cold Snap+1"],"picked":"SKIP","floor":76},{"not_picked":["PrismaMod:ChloeCheapDefend","Gash+1","Conserve Battery+1"],"picked":"SKIP","floor":76},{"not_picked":["PrismaMod:ChloeCarnivalAttack+1","PrismaMod:ChloeAnySkillTrace","Amplify"],"picked":"SKIP","floor":77},{"not_picked":["PrismaMod:ChloeMaid","Chill","PrismaMod:ChloeCheapAttack+1"],"picked":"SKIP","floor":78},{"not_picked":["PrismaMod:ChloeRitsuka","Stack","Conserve Battery"],"picked":"SKIP","floor":78},{"not_picked":["Machine Learning","Multi-Cast","PrismaMod:ChloeAnyCommonTrace"],"picked":"SKIP","floor":79},{"not_picked":["BootSequence+1","Tempest"],"picked":"Double Energy+1","floor":81},{"not_picked":["Redo+1","Doom and Gloom+1","PrismaMod:ChloeCheapAttack+1"],"picked":"SKIP","floor":81},{"not_picked":["Buffer","PrismaMod:ChloeAnyUncommonTrace"],"picked":"PrismaMod:ChloeCarnivalAttack+1","floor":82},{"not_picked":["PrismaMod:ChloeAnySkillTrace","PrismaMod:ChloeReshuffleDiscard"],"picked":"PrismaMod:ChloeCarnivalDefend","floor":84},{"not_picked":["PrismaMod:ChloeRuleBreaker+1","Redo","PrismaMod:ChloeCommonAOEAttack+1"],"picked":"SKIP","floor":86},{"not_picked":["Hologram+1","Beam Cell+1","Sweeping Beam+1"],"picked":"SKIP","floor":86},{"not_picked":["PrismaMod:ChloeBetterTracePools+1","Hologram+1","PrismaMod:ChloeHalloween"],"picked":"SKIP","floor":88},{"not_picked":["Auto Shields+1","Storm","Stack+1"],"picked":"SKIP","floor":88},{"not_picked":["Storm","Steam"],"picked":"PrismaMod:ChloeCheapAttack+1","floor":89},{"not_picked":["Turbo+1","Doom and Gloom+1","PrismaMod:ChloeCheapDefendTwo"],"picked":"SKIP","floor":89},{"not_picked":["Coolheaded+1","Turbo","Aggregate"],"picked":"SKIP","floor":90},{"not_picked":["Beam Cell+1","PrismaMod:ChloeDiscardRecovery+1","Darkness"],"picked":"SKIP","floor":90},{"not_picked":["Electrodynamics","PrismaMod:ChloeExhaustThree","Thunder Strike+1"],"picked":"SKIP","floor":91},{"not_picked":["Buffer","Machine Learning","Echo Form"],"picked":"SKIP","floor":93},{"not_picked":["All For One+1","Biased Cognition","Seek"],"picked":"SKIP","floor":94},{"not_picked":["PrismaMod:ChloeReshuffleDiscard","Thunder Strike+1","Reboot"],"picked":"SKIP","floor":99},{"not_picked":["Double Energy","Force Field","PrismaMod:ChloeCheapAttack+1"],"picked":"SKIP","floor":103},{"not_picked":["Static Discharge","PrismaMod:ChloeExhaustOne","Sweeping Beam+1"],"picked":"SKIP","floor":103},{"not_picked":["Heatsinks","PrismaMod:ChloeCheapAttackTwo+1","PrismaMod:ChloeExhaustOne"],"picked":"SKIP","floor":104},{"not_picked":["Hello World","PrismaMod:ChloeRitsuka","Turbo"],"picked":"SKIP","floor":104},{"not_picked":["Conserve Battery","Turbo","Steam Power"],"picked":"SKIP","floor":106},{"not_picked":["Streamline+1","PrismaMod:ChloeAnyPowerTrace","Stack"],"picked":"SKIP","floor":106},{"not_picked":["PrismaMod:ChloeAnyCommonTrace","Rainbow","Meteor Strike+1"],"picked":"SKIP","floor":108},{"not_picked":["Go for the Eyes+1","PrismaMod:ChloeExhaustTwo"],"picked":"PrismaMod:ChloeCheapAttack+1","floor":110},{"not_picked":["Heatsinks","PrismaMod:ChloeExhaustOne","PrismaMod:ChloeCheapDefend"],"picked":"SKIP","floor":110},{"not_picked":["Electrodynamics","Thunder Strike+1","PrismaMod:ChloeAnyUncommonTrace"],"picked":"SKIP","floor":111},{"not_picked":["Echo Form","PrismaMod:ChloeUnlimitedBladeWorks","Thunder Strike+1"],"picked":"SKIP","floor":113},{"not_picked":["PrismaMod:ChloeBetterTracePools","Leap"],"picked":"PrismaMod:ChloeGaeBolg+1","floor":116},{"not_picked":["Sunder+1","PrismaMod:ChloeCheapAttack+1","Stack"],"picked":"SKIP","floor":116}],"player_experience":488047,"relics_obtained":[{"floor":7.0,"key":"Molten Egg 2"},{"floor":9.0,"key":"TungstenRod"},{"floor":10.0,"key":"The Courier"},{"floor":13.0,"key":"DemoMod:WhiteGuonStone"},{"floor":14.0,"key":"DemoMod:MeltedRock"},{"floor":20.0,"key":"Incense Burner"},{"floor":22.0,"key":"CaptainsWheel"},{"floor":24.0,"key":"DemoMod:MemoryAlloy"},{"floor":25.0,"key":"Prayer Wheel"},{"floor":26.0,"key":"Ornamental Fan"},{"floor":29.0,"key":"Bag of Marbles"},{"floor":31.0,"key":"DemoMod:SuperHotWatch"},{"floor":32.0,"key":"Pantograph"},{"floor":38.0,"key":"Orichalcum"},{"floor":38.0,"key":"DemoMod:Relodestone"},{"floor":39.0,"key":"DemoMod:BlueGuonStone"},{"floor":39.0,"key":"DemoMod:SevenLeafClover"},{"floor":40.0,"key":"DemoMod:Metronome"},{"floor":40.0,"key":"Turnip"},{"floor":43.0,"key":"Peace Pipe"},{"floor":43.0,"key":"Akabeko"},{"floor":45.0,"key":"DemoMod:SerJunkan"},{"floor":45.0,"key":"War Paint"},{"floor":47.0,"key":"DemoMod:Junk"},{"floor":47.0,"key":"Pen Nib"},{"floor":53,"key":"DemoMod:OrangeGuonStone"},{"floor":60,"key":"DemoMod:Junk"},{"floor":60,"key":"DemoMod:Junk"},{"floor":66,"key":"DemoMod:Junk"},{"floor":83,"key":"DemoMod:Junk"},{"floor":92,"key":"Lantern"},{"floor":95,"key":"Omamori"},{"floor":100,"key":"DemoMod:Junk"},{"floor":109,"key":"DemoMod:Junk"},{"floor":114,"key":"Kunai"},{"floor":117,"key":"DemoMod:Junk"}],"event_choices":[{"cards_removed":["Strike_B"],"damage_healed":0.0,"max_hp_gain":0.0,"max_hp_loss":0.0,"gold_gain":0.0,"event_name":"Bonfire Elementals","player_choice":"Offered Basic","floor":2.0,"gold_loss":0.0,"damage_taken":0.0},{"damage_healed":0.0,"max_hp_gain":0.0,"max_hp_loss":0.0,"gold_gain":0.0,"event_name":"Liars Game","player_choice":"Ignored","floor":5.0,"gold_loss":0.0,"damage_taken":0.0},{"damage_healed":0.0,"max_hp_gain":0.0,"max_hp_loss":0.0,"gold_gain":0.0,"event_name":"The Woman in Blue","player_choice":"Bought 1 Potion","floor":19.0,"gold_loss":0.0,"damage_taken":0.0},{"cards_removed":["Defend_B"],"damage_healed":0.0,"max_hp_gain":0.0,"max_hp_loss":0.0,"gold_gain":0.0,"event_name":"Wheel of Change","player_choice":"Card Removal","floor":37.0,"gold_loss":0.0,"damage_taken":0.0},{"damage_healed":0,"gold_gain":0,"player_choice":"Searched \u00272\u0027 times","damage_taken":0,"max_hp_gain":0,"max_hp_loss":0,"event_name":"Dead Adventurer","floor":53,"gold_loss":0},{"damage_healed":0,"gold_gain":0,"player_choice":"Lose Max HP","damage_taken":0,"relics_obtained":["Golden Idol"],"max_hp_gain":0,"max_hp_loss":6,"event_name":"Golden Idol","floor":56,"gold_loss":0},{"damage_healed":0,"gold_gain":0,"player_choice":"0 cards matched","damage_taken":0,"max_hp_gain":0,"max_hp_loss":0,"event_name":"Match and Keep!","floor":62,"gold_loss":0,"cards_obtained":[]},{"cards_removed":["Strike_B"],"damage_healed":0,"gold_gain":0,"player_choice":"Purged","damage_taken":0,"max_hp_gain":0,"max_hp_loss":0,"event_name":"Purifier","floor":72,"gold_loss":0},{"damage_healed":0,"gold_gain":0,"player_choice":"Memory 1","damage_taken":0,"max_hp_gain":0,"max_hp_loss":0,"event_name":"SensoryStone","floor":98,"gold_loss":0},{"damage_healed":0,"gold_gain":0,"player_choice":"Success","damage_taken":7,"relics_obtained":["Centennial Puzzle"],"max_hp_gain":0,"max_hp_loss":0,"event_name":"Scrap Ooze","floor":107,"gold_loss":0},{"damage_healed":0,"gold_gain":0,"player_choice":"Entered Light","damage_taken":17,"max_hp_gain":0,"max_hp_loss":0,"event_name":"Shining Light","floor":115,"gold_loss":0,"cards_upgraded":["PrismaMod:ChloeCarnivalDefend","BootSequence"]}],"is_beta":false,"boss_relics":[{"not_picked":["Calling Bell","Sozu"],"picked":"SacredBark"},{"not_picked":["Busted Crown","Coffee Dripper"],"picked":"Black Star"},{"not_picked":["Cursed Key","SlaversCollar"],"picked":"Runic Pyramid"},{"not_picked":["Snecko Eye","Sozu"],"picked":"Philosopher\u0027s Stone"},{"not_picked":["Fusion Hammer","Astrolabe"],"picked":"DemoMod:RiddleOfLead"},{"not_picked":["Runic Dome","Calling Bell"],"picked":"DemoMod:WaxWing"}],"items_purged_floors":[3,46,70,80,105,112],"is_endless":true,"potions_floor_spawned":[8,13,14,16,18,20,30,31,33,35,39,41,42,47,55,61,65,69,78,81,82,84,89,91,94,101,106,108,116],"killed_by":"Hexaghost","ascension_level":9}}