{"host":"3j2m8n0ywf988fwb","time":1613072891,"event":{"mods":["2.2 Compatiblity","AchievementEnabler","Act Like it!","Aspiration","Astrologer","BaseMod","Beaked The Cultist","Better Altar","Better Match","Better Note","Better Sensory Stone","Better Skull","Better Third Choice","CCEM2","ChefMod","Colored Map","Colored Powertips","Conspire","Dark Map","Elementarium","Energized Spire","GifTheSpireLib","Halation","Hallownest","Highlight Path","Hubris","Infinite Spire","Jedi Mod","Marisa????????","Marked Mod","Mimic Mod","Minty Spire (QoL Compilation)","Monster B Gone","Random Character Button","Relic Filter Mod","Relic Stats","Reliquary","Replay The Spire","Robot Space Explorer","Shade Mod","Shop Mod","Somnambulant","StS++","StSLib","Stuff the Spire","The Bug Knight","The Elementalist","The Hierophant","The Marked","The Runesmith","The Servant 0.9.4","TheBandit","TheFirefly","Unceasing Turn Reminder","Weighted Paths","everything is the same but u backflip on backflip"],"gold_per_floor":[116,135,135,60,60,60,86,86,112,112,112,62,74,87,87,182,182,199,149,99,99,99,130,130,130,160,160,241,241,255,269,269,269,269],"floor_reached":33,"language":"ENG","playtime":1300,"items_purged":["Strike_S","Strike_S","Strike_S"],"score":284,"play_id":"51c22386-4db6-487b-a30a-c37c8c13d96d","local_time":"20210211134811","is_ascension_mode":false,"campfire_choices":[{"data":"Inflame","floor":6,"key":"SMITH"},{"data":"Ricochet","floor":8,"key":"SMITH"},{"data":"Exchange","floor":11,"key":"SMITH"},{"data":"MurderousAura","floor":15,"key":"SMITH"},{"data":"Embodiment","floor":27,"key":"SMITH"},{"data":"KidneyShot","floor":29,"key":"SMITH"},{"floor":32,"key":"REST"}],"circlet_count":0,"master_deck":["Defend_S","Defend_S","Defend_S","Defend_S","KidneyShot+1","Exchange+1","Rearm+1","Ricochet+1","Inflame+1","MurderousAura+1","Embodiment+1","Advance","Manipulate","Starlight+1","Starlight","ReturningBlade"],"relics":["NeowsBlessing","m_ScarletBlood","Smiling Mask","PreservedInsect","CCEMRelics:DarkMatter","Toolbox","aspiration:Lifesprig","Ornamental Fan","Replay:Ringing Soul"],"acts_visited":["Exordium","TheCity"],"potions_floor_usage":[14],"damage_taken":[{"damage":0,"enemies":"Jaw Worm","floor":1,"turns":1},{"damage":0,"enemies":"2 Louse","floor":2,"turns":1},{"damage":0,"enemies":"Lagavulin","floor":7,"turns":1},{"damage":6,"enemies":"Cultist","floor":13,"turns":4},{"damage":2,"enemies":"Blue Slaver","floor":14,"turns":5},{"damage":29,"enemies":"Slime Boss","floor":16,"turns":7},{"damage":7,"enemies":"Shell Parasite","floor":18,"turns":6},{"damage":20,"enemies":"conspire:SneckoGhost","floor":23,"turns":7},{"damage":2,"enemies":"2 Thieves","floor":26,"turns":10},{"damage":20,"enemies":"2 Thieves","floor":30,"turns":2},{"damage":15,"enemies":"Centurion and Healer","floor":31,"turns":5},{"damage":28,"enemies":"conspire:MysteriousRune","floor":33,"turns":8}],"seed_played":"1531649093671567253","potions_obtained":[{"floor":2,"key":"FearPotion"},{"floor":7,"key":"SkillPotion"},{"floor":23,"key":"FearPotion"},{"floor":31,"key":"StSpp:ScatteredPotion"}],"is_trial":false,"path_per_floor":["M","M","?","$","?","R","E","R","T","?","R","$","M","M","R","B",null,"M","$","?","?","AVR","E","?","?","MIM","R","T","R","M","M","R","B"],"character_chosen":"THE_SERVANT","items_purchased":[],"campfire_rested":1,"item_purchase_floors":[],"current_hp_per_floor":[65,65,65,65,65,65,65,65,65,65,65,65,59,57,57,28,65,58,58,58,58,58,38,38,38,36,36,36,36,19,7,28,0,0],"gold":269,"neow_bonus":"THREE_ENEMY_KILL","is_daily":false,"chose_seed":false,"campfire_upgraded":6,"win_rate":0.0,"timestamp":1613072891,"path_taken":["M","M","?","$","?","R","E","R","T","?","R","$","?","M","R","BOSS","M","$","?","?","AVR","E","?","?","MIM","R","?","R","?","M","R","BOSS"],"items_purchased_type":[],"build_version":"2020-12-22","purchased_purges":3,"victory":false,"max_hp_per_floor":[65,65,65,65,65,65,65,65,65,65,65,65,65,65,65,65,65,65,65,65,65,65,65,65,65,65,65,65,65,68,71,71,71,71],"relic_stats":{"counters":[12,57],"Ornamental Fan":[8],"PreservedInsect":36,"Smiling Mask":125,"obtain_stats":[{"Replay:Ringing Soul":28,"m_ScarletBlood":3,"CCEMRelics:DarkMatter":17,"aspiration:Lifesprig":23,"NeowsBlessing":0,"Ornamental Fan":26,"Toolbox":22,"PreservedInsect":9,"Uniform":0,"Smiling Mask":7},{"Replay:Ringing Soul":9,"m_ScarletBlood":2,"CCEMRelics:DarkMatter":6,"aspiration:Lifesprig":8,"NeowsBlessing":0,"Ornamental Fan":9,"Toolbox":7,"PreservedInsect":3,"Uniform":0,"Smiling Mask":3},{"Replay:Ringing Soul":42,"m_ScarletBlood":2,"CCEMRelics:DarkMatter":19,"aspiration:Lifesprig":32,"NeowsBlessing":0,"Ornamental Fan":42,"Toolbox":25,"PreservedInsect":3,"Uniform":0,"Smiling Mask":3}]},"card_choices":[{"not_picked":["Unruled","FastForward"],"picked":"Rearm","floor":1},{"not_picked":["Revamp","Spin"],"picked":"Ricochet","floor":2},{"not_picked":["Heavy Blade","ShatteredReality","StarChef"],"picked":"SKIP","floor":7},{"not_picked":["Revamp","Rewind"],"picked":"Ricochet","floor":13},{"not_picked":["Moondial","BottledTime"],"picked":"MurderousAura","floor":14},{"not_picked":["LightFlow","MurderousAura"],"picked":"Embodiment","floor":16},{"not_picked":["Unruled","Ricochet+1","DoubleEdge"],"picked":"SKIP","floor":18},{"not_picked":["Revamp+1","Spin"],"picked":"Advance","floor":23},{"not_picked":["Moondial+1","Potential"],"picked":"Starlight+1","floor":26},{"not_picked":["WasteNot","Rewind"],"picked":"Starlight","floor":30},{"not_picked":["TimeWarp+1","Potential"],"picked":"ReturningBlade","floor":31}],"player_experience":1182813,"relics_obtained":[{"floor":7,"key":"Smiling Mask"},{"floor":9,"key":"PreservedInsect"},{"floor":23,"key":"aspiration:Lifesprig"},{"floor":26,"key":"Ornamental Fan"},{"floor":28,"key":"Replay:Ringing Soul"}],"event_choices":[{"cards_removed":["Strike_S"],"damage_healed":0,"gold_gain":0,"player_choice":"Offered Basic","damage_taken":0,"max_hp_gain":0,"max_hp_loss":0,"event_name":"Bonfire Elementals","floor":10,"gold_loss":0},{"damage_healed":0,"gold_gain":0,"player_choice":"Bet on Murderer","damage_taken":0,"max_hp_gain":0,"max_hp_loss":0,"event_name":"The Joust","floor":20,"gold_loss":50},{"damage_healed":0,"gold_gain":0,"cards_transformed":["Ricochet"],"player_choice":"Transformed","damage_taken":0,"max_hp_gain":0,"max_hp_loss":0,"event_name":"Transmorgrifier","floor":24,"gold_loss":0,"cards_obtained":["Manipulate"]}],"is_beta":false,"boss_relics":[{"not_picked":["reliquary:KinkedSpring","Runic Pyramid"],"picked":"CCEMRelics:DarkMatter"}],"items_purged_floors":[4,12,19],"is_endless":false,"potions_floor_spawned":[2,7,23,31],"killed_by":"conspire:MysteriousRune","ascension_level":0}}