{"host":"k188wynix619km1z","time":1613084473,"event":{"mods":["2.2 Compatiblity","BaseMod","Colored Map","Conspire","Downfall","Hermit","Hubris","Infinite Spire","Minty Spire (QoL Compilation)","StSLib"],"gold_per_floor":[99,113,113,133,133,150,150,166,182,198,229,241,241,316,328,427,427,427,446,464,477,577,577,601,614,633,650,650,666,666,192,204,301,301,301,328,328,340,358,358,358,369,109,109,122,122,133,133,149,149],"floor_reached":51,"language":"ENG","playtime":8267,"items_purged":[],"score":709,"play_id":"9aa94165-92ec-4da2-991e-f13a488af60a","local_time":"20210211170113","is_ascension_mode":false,"campfire_choices":[{"data":"Slimebound:Split","floor":1.0,"key":"SMITH"},{"floor":13.0,"key":"REST"},{"data":"Slimebound:Repurpose","floor":18.0,"key":"SMITH"},{"floor":23.0,"key":"REST"},{"data":"Slimebound:CorrosiveSpit","floor":30.0,"key":"SMITH"},{"data":"Slimebound:MassFeed","floor":35,"key":"SMITH"},{"data":"Slimebound:Split","floor":44,"key":"SMITH"},{"data":"Slimebound:SplitBruiser","floor":46,"key":"SMITH"}],"circlet_count":0,"master_deck":["Slimebound:Strike_Slimebound","Slimebound:Strike_Slimebound","Slimebound:Strike_Slimebound","Slimebound:Tackle","Slimebound:Defend_Slimebound","Slimebound:Defend_Slimebound","Slimebound:Defend_Slimebound","Slimebound:Defend_Slimebound","Slimebound:Split+1","Slimebound:CorrosiveSpit+1","Slimebound:Repurpose+1","Slimebound:Split+1","Slimebound:GoopSpray","Slimebound:RejuvenatingLick","Slimebound:Nibble","Slimebound:Schlurp","Slimebound:SamplingLick","Slimebound:SplitLeeching","Slimebound:SlimeSpikes","Slimebound:LeechLife","Slimebound:AcidTongue+1","Slimebound:SamplingLick","Slimebound:SamplingLick+1","Slimebound:ProtectTheBoss","Slimebound:ItLooksTasty+1","Slimebound:SlimeBarrage","Slimebound:GoopTackle+1","expansioncontent:LastStand","expansioncontent:StudyTheSpire","Slimebound:SplitBruiser+1","Slimebound:MassFeed+1","Slimebound:SplitLeeching+1","Slimebound:Schlurp+1","Slimebound:Nibble+1","Slimebound:Split+1","Slimebound:SplitLeeching","Slimebound:LivingWall","Slimebound:TongueLash","Slimebound:Gluttony+1","Slimebound:PrepareCrush+1","Slimebound:Overexert+1","Slimebound:SplitMire+1"],"relics":["Slimebound:AbsorbEndCombat","hubris:Metronome","infinitespire:BottledMercury","Smiling Mask","Velvet Choker","downfall:GremlinWheel","Orichalcum","hubris:Icosahedron","hubris:TenFootPole","Pen Nib","Slimebound:TarBlob","CaptainsWheel","conspire:Boomerang","Bottled Tornado","Blood Vial","Astrolabe"],"acts_visited":["Exordium","TheCity","TheBeyond"],"potions_floor_usage":[38,43,45,50,50],"damage_taken":[{"damage":0.0,"enemies":"Cultist","floor":2.0,"turns":3.0},{"damage":5.0,"enemies":"2 Louse","floor":4.0,"turns":3.0},{"damage":3.0,"enemies":"Small Slimes","floor":6.0,"turns":3.0},{"damage":10.0,"enemies":"Red Slaver","floor":8.0,"turns":2.0},{"damage":7.0,"enemies":"2 Fungi Beasts","floor":9.0,"turns":2.0},{"damage":0.0,"enemies":"3 Louse","floor":10.0,"turns":3.0},{"damage":30.0,"enemies":"Gremlin Nob","floor":11.0,"turns":4.0},{"damage":0.0,"enemies":"Exordium Thugs","floor":12.0,"turns":4.0},{"damage":0.0,"enemies":"Blue Slaver","floor":15.0,"turns":2.0},{"damage":20.0,"enemies":"DF_ARCHETYPE_STREAMLINE","floor":16.0,"turns":8.0},{"damage":25.0,"enemies":"3 Byrds","floor":19.0,"turns":5.0},{"damage":33.0,"enemies":"Snecko","floor":20.0,"turns":6.0},{"damage":16.0,"enemies":"Snake Plant","floor":21.0,"turns":4.0},{"damage":41.0,"enemies":"Snake Plant","floor":22.0,"turns":5.0},{"damage":29.0,"enemies":"Chosen and Byrds","floor":25.0,"turns":6.0},{"damage":20.0,"enemies":"Snecko","floor":26.0,"turns":8.0},{"damage":24.0,"enemies":"Snake Plant","floor":27.0,"turns":3.0},{"damage":9.0,"enemies":"Cultist and Chosen","floor":29.0,"turns":6.0},{"damage":4.0,"enemies":"downfall:FleeingMerchant","floor":31.0,"turns":4.0},{"damage":69.0,"enemies":"Chosen and Byrds","floor":32.0,"turns":12.0},{"damage":27,"enemies":"WA_ARCHETYPE_CALM","floor":33,"turns":8},{"damage":50,"enemies":"conspire:MimicChest","floor":36,"turns":6},{"damage":10,"enemies":"3 Darklings","floor":38,"turns":5},{"damage":19,"enemies":"3 Shapes","floor":39,"turns":6},{"damage":50,"enemies":"Maw","floor":42,"turns":10},{"damage":0,"enemies":"downfall:FleeingMerchant","floor":43,"turns":4},{"damage":34,"enemies":"3 Darklings","floor":45,"turns":6},{"damage":49,"enemies":"Jaw Worm Horde","floor":47,"turns":7},{"damage":23,"enemies":"Spire Growth","floor":49,"turns":5},{"damage":18,"enemies":"SI_POISON_ARCHETYPE","floor":50,"turns":9}],"seed_played":"-133267221317555517","potions_obtained":[{"floor":4.0,"key":"DuplicationPotion"},{"floor":9.0,"key":"DuplicationPotion"},{"floor":10.0,"key":"SpeedPotion"},{"floor":22.0,"key":"Slimebound:SpawnSlimePotion"},{"floor":25.0,"key":"Weak Potion"},{"floor":26.0,"key":"sneckomod:MuddlingPotion"},{"floor":32,"key":"Swift Potion"},{"floor":42,"key":"sneckomod:MuddlingPotion"},{"floor":47,"key":"DuplicationPotion"}],"is_trial":false,"path_per_floor":["R","M","?","M","?","M","T","M","M","M","E","M","R","?","M","B",null,"R","M","M","M","?","R","T","M","M","M","?","M","R","$","M","B",null,"R","?","?","M","M","?","T","M","$","R","M","R","M","AVR","M","B",null],"character_chosen":"SLIMEBOUND","items_purchased":["expansioncontent:LastStand","expansioncontent:StudyTheSpire","Pen Nib","hexamod:SoulburnPotion","Bottled Tornado"],"campfire_rested":2,"item_purchase_floors":[31,31,31,31,43],"current_hp_per_floor":[71,71,71,68,68,67,67,59,54,60,38,40,61,61,65,53,71,71,50,39,69,36,57,57,49,71,51,51,68,68,69,71,53,71,71,37,37,57,46,46,46,48,66,66,75,75,30,30,17,29],"gold":149,"neow_bonus":"TEN_PERCENT_HP_BONUS","is_daily":false,"chose_seed":false,"campfire_upgraded":6,"win_rate":0.0,"timestamp":1613084473,"path_taken":["R","M","?","?","?","M","T","M","M","?","E","M","R","?","M","BOSS","R","M","M","M","?","R","T","M","?","M","?","M","R","$","M","BOSS","R","?","?","?","M","?","T","M","?","R","?","R","M","AVR","M","BOSS"],"items_purchased_type":["Card","Card","Relic","Potion","Relic"],"build_version":"2020-12-22","purchased_purges":0,"victory":true,"max_hp_per_floor":[71,71,71,71,71,71,71,71,71,71,71,71,71,71,71,71,71,71,71,71,71,71,71,71,71,71,71,71,71,71,71,71,71,71,71,71,71,71,75,75,75,75,75,75,75,75,75,75,75,75],"card_choices":[{"not_picked":["Slimebound:AcidTongue","Slimebound:Replication"],"picked":"Slimebound:Repurpose","floor":2.0},{"not_picked":["Slimebound:GoopTackle","Slimebound:SplitMire"],"picked":"Slimebound:GoopSpray","floor":4.0},{"not_picked":["Slimebound:AcidTongue","Slimebound:FinishingTackle"],"picked":"Slimebound:RejuvenatingLick","floor":6.0},{"not_picked":["Slimebound:LivingWall","Slimebound:SlimeSpikes"],"picked":"Slimebound:Nibble","floor":8.0},{"not_picked":["Slimebound:LeechEnergy","Slimebound:ComboTackle"],"picked":"Slimebound:Schlurp","floor":9.0},{"not_picked":["Slimebound:Dissolve","Slimebound:DisruptingSlam"],"picked":"Slimebound:SamplingLick","floor":10.0},{"not_picked":["Slimebound:SamplingLick","Slimebound:FormOfPuddle"],"picked":"Slimebound:SplitLeeching","floor":11.0},{"not_picked":["Slimebound:FormOfPuddle","Slimebound:Schlurp"],"picked":"Slimebound:SlimeSpikes","floor":12.0},{"not_picked":["Slimebound:SplitAcid","Slimebound:FlameTackle"],"picked":"Slimebound:LeechEnergy","floor":15.0},{"not_picked":["Slimebound:MassRepurpose","Slimebound:DuplicatedForm"],"picked":"Slimebound:LeechLife","floor":16.0},{"not_picked":["Slimebound:Schlurp","Slimebound:Chomp"],"picked":"Slimebound:FinishingTackle","floor":19.0},{"not_picked":["Slimebound:Dissolve","Slimebound:SlimeBrawl"],"picked":"Slimebound:AcidTongue+1","floor":20.0},{"not_picked":["Slimebound:Grow","Slimebound:RollThrough"],"picked":"Slimebound:SamplingLick","floor":21.0},{"not_picked":["Slimebound:SplitAcid","Slimebound:ItLooksTasty"],"picked":"Slimebound:SamplingLick+1","floor":25.0},{"not_picked":["Slimebound:Prepare","Slimebound:MegaLick"],"picked":"Slimebound:ProtectTheBoss","floor":26.0},{"not_picked":["Slimebound:ComboTackle","Slimebound:GoopTackle"],"picked":"Slimebound:ItLooksTasty+1","floor":27.0},{"not_picked":["Slimebound:SlimeSpikes","Slimebound:HauntingLick"],"picked":"Slimebound:SlimeBarrage","floor":29.0},{"not_picked":["Slimebound:Prepare+1","Slimebound:SplitBruiser"],"picked":"Slimebound:GoopTackle+1","floor":31.0},{"not_picked":["Slimebound:Nibble","Slimebound:LivingWall"],"picked":"Slimebound:SplitBruiser","floor":32},{"not_picked":["Slimebound:DuplicatedForm","Slimebound:DouseInSlime"],"picked":"Slimebound:MassFeed","floor":33},{"not_picked":["Slimebound:Chomp","Slimebound:SplitBruiser"],"picked":"Slimebound:SplitLeeching+1","floor":36},{"not_picked":["Slimebound:LivingWall+1","Slimebound:Teamwork"],"picked":"Slimebound:Schlurp+1","floor":38},{"not_picked":["Slimebound:RollThrough","Slimebound:PressTheAttack"],"picked":"Slimebound:Nibble+1","floor":39},{"not_picked":["Slimebound:GoopTackle+1","Slimebound:SlimeSpikes"],"picked":"Slimebound:SplitLeeching","floor":42},{"not_picked":["Slimebound:RollThrough","Slimebound:LivingWall"],"picked":"Slimebound:LeechingTouch","floor":43},{"not_picked":["Slimebound:RejuvenatingLick","Slimebound:HauntingLick"],"picked":"Slimebound:LivingWall","floor":45},{"not_picked":["Slimebound:ItLooksTasty","Slimebound:Schlurp"],"picked":"Slimebound:TongueLash","floor":47},{"not_picked":["Slimebound:SamplingLick+1","Slimebound:GoopTackle+1"],"picked":"Slimebound:SplitMire+1","floor":49}],"player_experience":492579,"relics_obtained":[{"floor":5.0,"key":"hubris:Metronome"},{"floor":7.0,"key":"infinitespire:BottledMercury"},{"floor":11.0,"key":"Smiling Mask"},{"floor":22.0,"key":"downfall:GremlinWheel"},{"floor":24.0,"key":"Orichalcum"},{"floor":30.0,"key":"hubris:TenFootPole"},{"floor":36,"key":"CaptainsWheel"},{"floor":41,"key":"conspire:Boomerang"}],"event_choices":[{"damage_healed":0.0,"max_hp_gain":0.0,"max_hp_loss":0.0,"gold_gain":0.0,"event_name":"Wheel of Change","player_choice":"Relic","floor":5.0,"gold_loss":0.0,"damage_taken":0.0},{"damage_healed":0.0,"max_hp_gain":0.0,"max_hp_loss":0.0,"gold_gain":0.0,"event_name":"Wheel of Change","player_choice":"Relic","floor":30.0,"gold_loss":0.0,"damage_taken":0.0},{"damage_healed":0,"gold_gain":0,"player_choice":"Ignored","damage_taken":0,"max_hp_gain":0,"max_hp_loss":0,"event_name":"Mysterious Sphere","floor":37,"gold_loss":0}],"is_beta":false,"boss_relics":[{"not_picked":["Empty Cage","SacredBark"],"picked":"Velvet Choker"},{"not_picked":["Pandora\u0027s Box","bronze:MakeshiftBattery"],"picked":"Slimebound:TarBlob"}],"items_purged_floors":[],"is_endless":false,"potions_floor_spawned":[4,9,10,11,22,25,26,32,42,47],"ascension_level":0}}