{"host":"mgc7o2tpy0ck407l","time":1613050836,"event":{"mods":["Alarm Clock","BaseMod","Better Altar","Better Match","Better Note","Better Sensory Stone","Better Skull","Better Third Choice","Better Vampires","BetterRewards","Block Reminder","Bossed Relics","Challenge The Spire","Colored Map","Colored Powertips","Curses Come First","DeckTracker","Disable Question Mark Monsters","Displayed Cursed Tome","Infinite Spire","Key Reminder","Minty Spire (QoL Compilation)","Permanent Neow","Quick Restart","Rare Cards Sparkle","Relic Sorter","Reliquary","Reorder Act Four","Replay The Spire","Shop Mod","Spicy Shops","StSLib","SuperFastMode","Transform Curses","Unceasing Turn Reminder"],"gold_per_floor":[111,127,143,218,230,262,292,304,304,304,3,19,19,19,19,116,116,134,244,258,258,275,275,294,294,317,352,352,384,396,35,35,35,35],"floor_reached":33,"language":"ENG","playtime":1188,"items_purged":["Strike_R"],"score":301,"play_id":"8af1a492-3cd9-4c49-91ef-c163c6947df4","local_time":"20210211084036","is_ascension_mode":true,"campfire_choices":[{"floor":13,"key":"REST"},{"floor":15,"key":"RECALL"},{"data":"Armaments","floor":23,"key":"SMITH"},{"data":"Pot Of Greed","floor":25,"key":"SMITH"},{"data":"Pot Of Greed","floor":28,"key":"SMITH"},{"data":"Armaments","floor":32,"key":"SMITH"}],"circlet_count":0,"master_deck":["Strike_R","Strike_R","Strike_R","Strike_R","Defend_R+1","Defend_R","Defend_R","Defend_R","Bash","Armaments+1","Twin Strike","Pommel Strike","Thunderclap+1","Sword Boomerang+1","Pot Of Greed+1","Pot Of Greed+1","Offering","Warcry","ReplayTheSpireMod:Muscle Training+1","Berserk","Armaments+1"],"relics":["Burning Blood","Shuriken","MutagenicStrength","ReplayTheSpireMod:Spearhead","Odd Mushroom","Divine Protection","HandDrill","Grinning Jar","Philosopher\u0027s Stone","Dream Catcher","reliquary:Crutches","Letter Opener","reliquary:Aerogel","FossilizedHelix"],"acts_visited":["Exordium","TheCity"],"potions_floor_usage":[6,16,22,22,27,27,29,29],"damage_taken":[{"damage":1,"enemies":"Cultist","floor":1,"turns":3},{"damage":5,"enemies":"Small Slimes","floor":2,"turns":4},{"damage":0,"enemies":"2 Louse","floor":3,"turns":3},{"damage":16,"enemies":"Exordium Wildlife","floor":5,"turns":3},{"damage":26,"enemies":"3 Sentries","floor":6,"turns":7},{"damage":17,"enemies":"The Mushroom Lair","floor":7,"turns":3},{"damage":16,"enemies":"Exordium Thugs","floor":8,"turns":4},{"damage":0,"enemies":"2 Fungi Beasts","floor":12,"turns":3},{"damage":29,"enemies":"Hexaghost","floor":16,"turns":8},{"damage":4,"enemies":"Shell Parasite","floor":18,"turns":2},{"damage":1,"enemies":"2 Thieves","floor":20,"turns":2},{"damage":2,"enemies":"Shelled Parasite and Fungi","floor":22,"turns":4},{"damage":5,"enemies":"Chosen and Byrds","floor":24,"turns":4},{"damage":2,"enemies":"Slavers","floor":27,"turns":4},{"damage":9,"enemies":"Book of Stabbing","floor":29,"turns":4},{"damage":1,"enemies":"Sentry and Sphere","floor":30,"turns":3},{"damage":32,"enemies":"Pondfish","floor":33,"turns":4}],"seed_played":"6845007383946694168","potions_obtained":[{"floor":1,"key":"PowerPotion"},{"floor":5,"key":"Block Potion"},{"floor":8,"key":"SpeedPotion"},{"floor":16,"key":"PowerPotion"},{"floor":20,"key":"Languid Potion"},{"floor":22,"key":"Fire Potion"},{"floor":24,"key":"Block Potion"},{"floor":27,"key":"Block Potion"}],"is_trial":false,"path_per_floor":["M","M","M","?","M","E","?","M","T","?","$","M","R","$","R","B",null,"M","?","M","?","M","R","M","R","T","E","R","E","M","$","R","B"],"character_chosen":"IRONCLAD","items_purchased":["Shuriken","HandDrill","Grinning Jar","FossilizedHelix"],"campfire_rested":1,"item_purchase_floors":[0,11,11,31],"current_hp_per_floor":[73,74,80,69,59,39,28,18,18,2,2,8,32,32,32,9,80,80,24,29,21,25,25,26,26,26,30,30,27,32,32,32,0,0],"gold":35,"neow_bonus":"","is_daily":false,"chose_seed":false,"campfire_upgraded":4,"win_rate":0.0,"timestamp":1613050836,"path_taken":["M","M","M","?","M","E","?","M","T","?","$","?","R","?","R","BOSS","M","?","M","?","?","R","M","R","T","E","R","E","M","$","R","BOSS"],"items_purchased_type":["Relic","Relic","Relic","Relic"],"build_version":"2020-12-22","purchased_purges":1,"victory":false,"max_hp_per_floor":[80,80,80,80,80,80,80,80,80,80,80,80,80,80,80,80,80,80,80,80,80,80,80,80,80,80,80,80,80,80,80,80,80,80],"card_choices":[{"not_picked":["Heavy Blade","Havoc","Headbutt"],"picked":"SKIP","floor":1},{"not_picked":["Warcry","Body Slam"],"picked":"Armaments","floor":2},{"not_picked":["Second Wind","Rupture"],"picked":"Twin Strike","floor":3},{"not_picked":["Sever Soul","Flex","Entrench"],"picked":"SKIP","floor":5},{"not_picked":["Massacre","Whirlwind"],"picked":"Pommel Strike","floor":6},{"not_picked":["Searing Blow","Clothesline"],"picked":"Thunderclap","floor":7},{"not_picked":["Anger","Reaper"],"picked":"Sword Boomerang","floor":8},{"not_picked":["Sentinel","Replay:Undeath\u0027s Touch","Hemokinesis"],"picked":"SKIP","floor":12},{"not_picked":["Double Tap","Hemogenesis"],"picked":"Offering","floor":16},{"not_picked":["Dropkick","Cleave+1"],"picked":"Warcry","floor":18},{"not_picked":["Dropkick","Life Link+1","Replay:Undeath\u0027s Touch"],"picked":"SKIP","floor":20},{"not_picked":["Anger+1","Flex"],"picked":"ReplayTheSpireMod:Muscle Training+1","floor":22},{"not_picked":["Anger+1","True Grit","Wild Strike"],"picked":"SKIP","floor":24},{"not_picked":["Perfected Strike","Corruption"],"picked":"Berserk","floor":27},{"not_picked":["Heavy Blade","Shrug It Off+1","Dark Embrace"],"picked":"SKIP","floor":29},{"not_picked":["Bloodletting","Body Slam"],"picked":"Armaments","floor":30}],"player_experience":765570,"relics_obtained":[{"floor":6,"key":"ReplayTheSpireMod:Spearhead"},{"floor":7,"key":"Odd Mushroom"},{"floor":9,"key":"Divine Protection"},{"floor":27,"key":"Letter Opener"},{"floor":29,"key":"reliquary:Aerogel"}],"event_choices":[{"damage_healed":0,"gold_gain":75,"player_choice":"Gold","damage_taken":11,"max_hp_gain":0,"max_hp_loss":0,"event_name":"betterThird:BetterGoop","floor":4,"gold_loss":0},{"damage_healed":0,"gold_gain":0,"player_choice":"Fought Mushrooms","damage_taken":0,"max_hp_gain":0,"max_hp_loss":0,"event_name":"Mushrooms","floor":7,"gold_loss":0},{"damage_healed":18,"gold_gain":0,"player_choice":"Upgrade","damage_taken":16,"max_hp_gain":0,"max_hp_loss":80,"event_name":"betterThird:BetterShining","floor":10,"gold_loss":0,"cards_upgraded":["Sword Boomerang","Thunderclap"]},{"damage_healed":0,"gold_gain":110,"player_choice":"RE UP GO RE ","damage_taken":63,"relics_obtained":["Dream Catcher","reliquary:Crutches"],"max_hp_gain":0,"max_hp_loss":0,"event_name":"betterSkull:BetterSkull","floor":19,"gold_loss":0,"cards_upgraded":["Defend_R"]},{"damage_healed":0,"gold_gain":0,"player_choice":"Damaged","damage_taken":8,"max_hp_gain":0,"max_hp_loss":0,"event_name":"Wheel of Change","floor":21,"gold_loss":0}],"is_beta":false,"boss_relics":[{"not_picked":["reliquary:KinkedSpring","Runic Dome"],"picked":"Philosopher\u0027s Stone"}],"items_purged_floors":[31],"is_endless":false,"potions_floor_spawned":[1,5,8,16,20,22,24,27],"killed_by":"Pondfish","ascension_level":1}}