{"host":"j37i0m9ltjmpbz2t","time":1613056267,"event":{"mods":["BaseMod","Minty Spire (QoL Compilation)","StSLib","WarShipGirlsR/’ΩΩ¢…Ÿ≈ÆR mod"],"gold_per_floor":[1019,413,413,363,438,471,471,500,526,555,565,162,162,182,182,285,285,301,301,311,325,325,351,226,259,259,291,307,339,82,94,94,189,189,206,223,240,317,21,47,47,62,86,86,114,126,126,226,226,226,226,226,80,113,113],"floor_reached":56,"language":"ZHS","playtime":4377,"items_purged":["rmod:supriseattacks","rmod:defend","rmod:strick+1","rmod:strick+1"],"score":2283,"play_id":"901dbd70-4647-4418-918b-37a163c3ffee","local_time":"20210211231107","is_ascension_mode":true,"campfire_choices":[{"data":"rmod:royalracing","floor":7.0,"key":"SMITH"},{"data":"rmod:basicallowance","floor":15.0,"key":"SMITH"},{"data":"rmod:maingunfire","floor":32.0,"key":"SMITH"},{"data":"rmod:smokecover","floor":41.0,"key":"SMITH"},{"floor":49,"key":"RECALL"},{"data":"rmod:mineteam","floor":52,"key":"SMITH"}],"circlet_count":0,"master_deck":["rmod:basicallowance+1","rmod:unsinkable+1","rmod:royalracing+1","rmod:overbreakdown+1","rmod:advancebysurprise","rmod:sl+1","rmod:tearstotiara+1","rmod:highspeedmaneuver+1","rmod:circuitoustactics+1","rmod:mineteam+1","rmod:smokecover+1","rmod:diaomin+1"],"relics":["rmod:firstchargereward","Nunchaku","Orrery","Pear","Oddly Smooth Stone","Whetstone","Anchor","White Beast Statue","ClockworkSouvenir","Lantern","Astrolabe","War Paint","Bronze Scales","Regal Pillow","Blue Candle","Sundial","Shuriken","Runic Pyramid","Molten Egg 2","Juzu Bracelet","Art of War","Centennial Puzzle","StrikeDummy","Bag of Preparation","Happy Flower"],"acts_visited":["TheCity","TheBeyond","TheEnding"],"potions_floor_usage":[],"damage_taken":[{"damage":9.0,"enemies":"Small Slimes","floor":1.0,"turns":3.0},{"damage":6.0,"enemies":"Lagavulin","floor":6.0,"turns":6.0},{"damage":3.0,"enemies":"3 Sentries","floor":8.0,"turns":9.0},{"damage":0.0,"enemies":"Lagavulin","floor":10.0,"turns":4.0},{"damage":0.0,"enemies":"Jaw Worm","floor":11.0,"turns":2.0},{"damage":0.0,"enemies":"Cultist","floor":14.0,"turns":2.0},{"damage":0.0,"enemies":"Slime Boss","floor":16.0,"turns":6.0},{"damage":0.0,"enemies":"Shell Parasite","floor":18.0,"turns":2.0},{"damage":0.0,"enemies":"2 Thieves","floor":20.0,"turns":3.0},{"damage":0.0,"enemies":"3 Cultists","floor":21.0,"turns":4.0},{"damage":0.0,"enemies":"Slavers","floor":23.0,"turns":4.0},{"damage":0.0,"enemies":"Gremlin Leader","floor":25.0,"turns":4.0},{"damage":0.0,"enemies":"Slavers","floor":27.0,"turns":3.0},{"damage":0.0,"enemies":"Snake Plant","floor":28.0,"turns":3.0},{"damage":0.0,"enemies":"Book of Stabbing","floor":29.0,"turns":3.0},{"damage":0.0,"enemies":"Shelled Parasite and Fungi","floor":31.0,"turns":2.0},{"damage":0.0,"enemies":"Collector","floor":33.0,"turns":5.0},{"damage":0.0,"enemies":"3 Shapes","floor":35.0,"turns":2.0},{"damage":0.0,"enemies":"Orb Walker","floor":36.0,"turns":2.0},{"damage":0.0,"enemies":"4 Shapes","floor":37.0,"turns":2.0},{"damage":0.0,"enemies":"Reptomancer","floor":40.0,"turns":8.0},{"damage":0.0,"enemies":"Writhing Mass","floor":42.0,"turns":5.0},{"damage":0.0,"enemies":"Giant Head","floor":45.0,"turns":7.0},{"damage":0.0,"enemies":"Transient","floor":46.0,"turns":5.0},{"damage":0,"enemies":"Time Eater","floor":50,"turns":11},{"damage":0,"enemies":"Shield and Spear","floor":54,"turns":7},{"damage":0,"enemies":"The Heart","floor":55,"turns":9}],"seed_played":"2920128076531383808","potions_obtained":[{"floor":8.0,"key":"AttackPotion"},{"floor":10.0,"key":"SpeedPotion"},{"floor":11.0,"key":"Energy Potion"},{"floor":20.0,"key":"PowerPotion"},{"floor":23.0,"key":"DistilledChaos"}],"is_trial":false,"path_per_floor":["M","$","?","?","?","E","R","E","T","E","M","$","?","M","R","B",null,"M","?","M","M","T","E","$","E","T","E","M","E","$","M","R","B",null,"M","M","M","T","$","E","R","M","T","?","E","M","?","?","R","B",null,"R","$","E","B",null],"character_chosen":"PRAEFECT","items_purchased":["Nunchaku","Orrery","Pear","ClockworkSouvenir","Lantern","Shuriken","Juzu Bracelet","Bag of Preparation"],"campfire_rested":0,"item_purchase_floors":[2,2,2,12,12,30,39,53],"current_hp_per_floor":[59,69,69,69,61,55,55,52,52,52,52,52,52,52,52,52,77,77,77,77,77,77,77,77,77,77,77,77,77,77,77,77,77,83,83,83,83,83,83,83,83,83,83,83,83,83,83,83,83,83,85,85,85,85,85],"gold":113,"neow_bonus":"ONE_RANDOM_RARE_CARD","is_daily":false,"chose_seed":false,"campfire_upgraded":5,"win_rate":0.0,"timestamp":1613056267,"path_taken":["M","$","?","?","?","E","R","E","T","E","?","$","?","M","R","BOSS","M","?","?","M","?","E","$","E","T","E","M","E","$","M","R","BOSS","M","M","?","?","$","E","R","M","T","?","E","M","?","?","R","BOSS","R","$","E","BOSS"],"items_purchased_type":["Relic","Relic","Relic","Relic","Relic","Relic","Relic","Relic"],"build_version":"2020-12-22","purchased_purges":4,"victory":true,"max_hp_per_floor":[75,85,85,85,85,85,85,85,85,85,85,85,85,85,85,85,85,85,85,85,85,85,85,85,85,85,85,85,85,85,85,85,85,85,85,85,85,85,85,85,85,85,85,85,85,85,85,85,85,85,85,85,85,85,85],"card_choices":[{"not_picked":["rmod:tearstotiara","rmod:diamondstrike"],"picked":"rmod:unsinkable","floor":1.0},{"not_picked":["rmod:lastglory","rmod:victimresponsibility"],"picked":"rmod:royalracing","floor":2.0},{"not_picked":["rmod:goodsister","rmod:steelsupply"],"picked":"rmod:circuitoustactics","floor":2.0},{"not_picked":["rmod:supportescort","rmod:launchingtorpedo","rmod:generalist"],"picked":"SKIP","floor":6.0},{"not_picked":["rmod:intelligenceanalysis","rmod:diamondstrike","rmod:supportescort"],"picked":"SKIP","floor":8.0},{"not_picked":["rmod:diamondstrike","rmod:fuelsupply","rmod:secretscript"],"picked":"SKIP","floor":10.0},{"not_picked":["rmod:highspeedshooting","rmod:intelligenceanalysis","rmod:fletcherpendant"],"picked":"SKIP","floor":11.0},{"not_picked":["rmod:supportescort","rmod:diamondstrike"],"picked":"rmod:advancebysurprise","floor":14.0},{"not_picked":["rmod:unsinkable","rmod:tearstotiara+1","rmod:circuitoustactics"],"picked":"SKIP","floor":18.0},{"not_picked":["rmod:luckystar","rmod:wolves"],"picked":"rmod:circuitoustactics+1","floor":20.0},{"not_picked":["rmod:salvage","rmod:combined+1","rmod:u235"],"picked":"SKIP","floor":21.0},{"not_picked":["rmod:intelligenceanalysis","rmod:supportescort+1","rmod:unsinkable"],"picked":"SKIP","floor":23.0},{"not_picked":["rmod:robin","rmod:firesupport","rmod:circuitoustactics"],"picked":"SKIP","floor":25.0},{"not_picked":["rmod:victimresponsibility","rmod:luckystar","rmod:supportescort"],"picked":"SKIP","floor":27.0},{"not_picked":["rmod:diamondstrike","rmod:tearstotiara","rmod:wife+1"],"picked":"SKIP","floor":28.0},{"not_picked":["rmod:diamondstrike+1","rmod:seals","rmod:stealaluminum"],"picked":"SKIP","floor":29.0},{"not_picked":["rmod:overbreakdown","rmod:fletcherpendant+1","rmod:diamondstrike+1"],"picked":"SKIP","floor":31.0},{"not_picked":["rmod:supportescort","rmod:luckystar+1","rmod:victimresponsibility"],"picked":"SKIP","floor":35.0},{"not_picked":["rmod:wasp+1","rmod:combined"],"picked":"rmod:mineteam","floor":36.0},{"not_picked":["rmod:fuelsupply","rmod:circuitoustactics"],"picked":"rmod:smokecover","floor":37.0},{"not_picked":["rmod:supriseattacks","rmod:gendarmerie+1","rmod:diamondstrike+1"],"picked":"SKIP","floor":40.0},{"not_picked":["rmod:ammunitionsupply+1","rmod:unsinkable+1","rmod:overbreakdown"],"picked":"SKIP","floor":42.0},{"not_picked":["rmod:mineteam+1","rmod:selfconfidence+1"],"picked":"rmod:diaomin+1","floor":45.0},{"not_picked":["rmod:selfconfidence+1","rmod:wolves+1","rmod:diamondstrike+1"],"picked":"SKIP","floor":46.0},{"not_picked":["rmod:supportescort","rmod:steelsupply+1","rmod:slowdown+1"],"picked":"SKIP","floor":54}],"player_experience":214466,"relics_obtained":[{"floor":6.0,"key":"Oddly Smooth Stone"},{"floor":8.0,"key":"Whetstone"},{"floor":9.0,"key":"Anchor"},{"floor":10.0,"key":"White Beast Statue"},{"floor":22.0,"key":"War Paint"},{"floor":23.0,"key":"Bronze Scales"},{"floor":25.0,"key":"Regal Pillow"},{"floor":27.0,"key":"Blue Candle"},{"floor":29.0,"key":"Sundial"},{"floor":38.0,"key":"Molten Egg 2"},{"floor":40.0,"key":"Art of War"},{"floor":43.0,"key":"Centennial Puzzle"},{"floor":45.0,"key":"StrikeDummy"},{"floor":54,"key":"Happy Flower"}],"event_choices":[{"damage_healed":0.0,"max_hp_gain":0.0,"max_hp_loss":0.0,"gold_gain":0.0,"event_name":"Liars Game","player_choice":"Ignored","floor":3.0,"gold_loss":0.0,"damage_taken":0.0},{"cards_removed":["rmod:defend"],"damage_healed":0.0,"max_hp_gain":0.0,"max_hp_loss":0.0,"gold_gain":0.0,"event_name":"The Cleric","player_choice":"Card Removal","floor":4.0,"gold_loss":50.0,"damage_taken":0.0},{"damage_healed":0.0,"max_hp_gain":0.0,"max_hp_loss":0.0,"gold_gain":75.0,"event_name":"FaceTrader","player_choice":"Touch","floor":5.0,"gold_loss":0.0,"damage_taken":8.0},{"damage_healed":0.0,"max_hp_gain":0.0,"max_hp_loss":0.0,"gold_gain":0.0,"cards_transformed":["rmod:circuitoustactics"],"event_name":"Living Wall","player_choice":"Change","floor":13.0,"gold_loss":0.0,"damage_taken":0.0,"cards_obtained":["rmod:overbreakdown"]},{"damage_healed":0.0,"max_hp_gain":0.0,"max_hp_loss":0.0,"gold_gain":0.0,"event_name":"Transmorgrifier","player_choice":"Ignored","floor":19.0,"gold_loss":0.0,"damage_taken":0.0},{"damage_healed":0.0,"max_hp_gain":0.0,"max_hp_loss":0.0,"gold_gain":0.0,"event_name":"SecretPortal","player_choice":"Ignored","floor":44.0,"gold_loss":0.0,"damage_taken":0.0},{"cards_removed":["rmod:maingunfire"],"damage_healed":0,"gold_gain":0,"player_choice":"Offered Basic","damage_taken":0,"max_hp_gain":0,"max_hp_loss":0,"event_name":"Bonfire Elementals","floor":47,"gold_loss":0},{"damage_healed":0,"gold_gain":100,"player_choice":"Pray","damage_taken":0,"max_hp_gain":0,"max_hp_loss":0,"event_name":"Golden Shrine","floor":48,"gold_loss":0}],"is_beta":false,"boss_relics":[{"not_picked":["Philosopher\u0027s Stone","Pandora\u0027s Box"],"picked":"Astrolabe"},{"not_picked":["Calling Bell","Tiny House"],"picked":"Runic Pyramid"}],"items_purged_floors":[2,12,24,39],"is_endless":false,"potions_floor_spawned":[8,10,11,14,16,18,20,21,23,25,27,28,29,31,33,35,36,37,40,42,45,46,54],"ascension_level":7}}