{"host":"9viy3memdfgcf4vy","time":1613074985,"event":{"mods":["BaseMod","Colored Map","Downfall","Minty Spire (QoL Compilation)","StSLib"],"gold_per_floor":[99,99,52,52,52,87,87,87,101,127,138,150,168,180,200,301,301,201,221,306,320,320,195,248,248,248,248],"floor_reached":25,"language":"ENG","playtime":5297,"items_purged":["Decay"],"score":295,"play_id":"27c341a3-fb6b-4205-bebe-109f8c24837a","local_time":"20210211222305","is_ascension_mode":true,"campfire_choices":[{"floor":1,"key":"RECALL"},{"data":"champ:Duel","floor":8,"key":"SMITH"},{"data":"champ:Lariat","floor":18,"key":"SMITH"}],"circlet_count":0,"master_deck":["champ:Defend","champ:Defend","champ:Execute","champ:Taunt","champ:Duel+1","champ:CrookedStrike","champ:StanceDance","champ:HeartStrike","champ:SetATrap","champ:TornadoPunch","champ:GladiatorStyle","champ:Lariat+1","champ:BringItOn","champ:AdrenalArmor","champ:GutPunch","champ:FanOfKnives","champ:ShieldWall+1","champ:ShieldThrow+1","champ:DefensiveStyle+1","champ:Encircle+1","champ:CrownThrow+1","Necronomicurse","champ:Duel"],"relics":["champ:ChampionCrown","downfall:HeartsMalice","downfall:ShatteredFragment","Mango","Pantograph","Ornamental Fan","Astrolabe","downfall:HeartBlessingRed","Necronomicon","Bag of Preparation"],"acts_visited":["Exordium","TheCity"],"potions_floor_usage":[16,16,16],"damage_taken":[{"damage":0,"enemies":"Cultist","floor":2,"turns":1},{"damage":0,"enemies":"downfall:FleeingMerchant","floor":3,"turns":1},{"damage":0,"enemies":"Gremlin Nob","floor":6,"turns":1},{"damage":10,"enemies":"2 Louse","floor":9,"turns":2},{"damage":15,"enemies":"3 Sentries","floor":10,"turns":4},{"damage":0,"enemies":"Small Slimes","floor":11,"turns":1},{"damage":0,"enemies":"3 Louse","floor":12,"turns":3},{"damage":10,"enemies":"Blue Slaver","floor":13,"turns":4},{"damage":19,"enemies":"Exordium Thugs","floor":14,"turns":4},{"damage":1,"enemies":"2 Fungi Beasts","floor":15,"turns":3},{"damage":60,"enemies":"DF_ARCHETYPE_STREAMLINE","floor":16,"turns":8},{"damage":10,"enemies":"3 Byrds","floor":19,"turns":4},{"damage":0,"enemies":"Chosen","floor":21,"turns":3},{"damage":20,"enemies":"downfall:FleeingMerchant","floor":23,"turns":4},{"damage":62,"enemies":"Slavers","floor":25,"turns":4}],"seed_played":"7324195083965740389","potions_obtained":[{"floor":6,"key":"SmokeBomb"},{"floor":9,"key":"ColorlessPotion"},{"floor":12,"key":"BlessingOfTheForge"},{"floor":13,"key":"Fire Potion"},{"floor":14,"key":"champ:OpenerPotion"},{"floor":19,"key":"Dexterity Potion"}],"is_trial":false,"path_per_floor":["R","M","$","?","?","E","T","R","M","E","M","M","M","M","M","B",null,"R","M","?","M","?","$","T","E"],"character_chosen":"THE_CHAMP","items_purchased":["champ:StanceDance","champ:Duel"],"campfire_rested":0,"item_purchase_floors":[3,23],"current_hp_per_floor":[90,90,90,63,63,77,77,77,77,72,72,72,62,53,52,27,85,85,85,67,67,51,51,51,0,0,0],"gold":248,"neow_bonus":"THREE_ENEMY_KILL","is_daily":false,"chose_seed":false,"campfire_upgraded":2,"win_rate":0.0,"timestamp":1613074985,"path_taken":["R","M","?","?","?","E","T","R","M","E","?","M","M","M","M","BOSS","R","M","?","M","?","$","T","E"],"items_purchased_type":["Card","Card"],"build_version":"2020-12-22","purchased_purges":1,"victory":false,"max_hp_per_floor":[90,90,90,90,90,104,104,104,104,104,104,104,104,104,104,104,104,104,104,104,104,104,104,104,104,104,104],"card_choices":[{"not_picked":["champ:Shatter","champ:HeartStrike"],"picked":"champ:Duel","floor":2},{"not_picked":["champ:PreemptiveStrike","champ:Endure"],"picked":"champ:CrookedStrike","floor":3},{"not_picked":["champ:EnchantSword","champ:PerfectedStrike"],"picked":"champ:GladiatorStyle","floor":6},{"not_picked":["champ:SkillfulDodge","champ:PreciseThrust"],"picked":"champ:Lariat","floor":9},{"not_picked":["champ:StanceDance","champ:DefensiveShout"],"picked":"champ:BringItOn","floor":10},{"not_picked":["champ:RisingSlash","champ:EnGarde"],"picked":"champ:AdrenalArmor","floor":11},{"not_picked":["champ:TornadoPunch","champ:GladiatorStyle","champ:EndlessRage"],"picked":"SKIP","floor":12},{"not_picked":["champ:SetATrap","champ:Devastate","champ:RisingSlash"],"picked":"SKIP","floor":13},{"not_picked":["champ:BladeFlurry","champ:PreciseThrust"],"picked":"champ:GutPunch","floor":14},{"not_picked":["champ:BerserkerStyle","champ:CrownThrow"],"picked":"champ:FanOfKnives","floor":15},{"not_picked":["champ:TornadoPunch","champ:Endure"],"picked":"champ:Encircle+1","floor":19},{"not_picked":["champ:Haymaker","champ:StanceDance"],"picked":"champ:CrownThrow+1","floor":21},{"not_picked":["champ:DefensiveStyle","champ:EndlessRage","champ:EnGarde"],"picked":"SKIP","floor":23}],"player_experience":505356,"relics_obtained":[{"floor":6,"key":"Mango"},{"floor":7,"key":"Pantograph"},{"floor":10,"key":"Ornamental Fan"},{"floor":22,"key":"Necronomicon"},{"floor":24,"key":"Bag of Preparation"}],"event_choices":[],"is_beta":false,"boss_relics":[{"not_picked":["Black Star","Calling Bell"],"picked":"Astrolabe"}],"items_purged_floors":[23],"is_endless":false,"potions_floor_spawned":[6,9,12,13,14,15,19],"killed_by":"Slavers","ascension_level":5}}