{"host":"4eao2pkwlmv012cz","time":1613018996,"event":{"mods":["BaseMod","Colored Powertips","Minty Spire (QoL Compilation)","Permanent Neow","Quick Restart","Random Character Button","StSLib"],"gold_per_floor":[114,189,17,32,32,62,77,77,77,77,8,23,38,95,95,195,195,210,49,49,64,79,121,133,145,207,234,246,288,399,433,445,557,569,596,623,657,669,696,708,720,64,89,89,104,119,19,34,34,34],"floor_reached":51,"language":"ENG","playtime":2296,"items_purged":["Strike_P"],"score":785,"play_id":"b004e339-f1e5-4f67-9966-be4c84bacbf1","local_time":"20210210234956","daily_mods":["Allstar","Vintage","Binary"],"is_ascension_mode":false,"campfire_choices":[{"data":"WheelKick","floor":8.0,"key":"SMITH"},{"floor":10.0,"key":"REST"},{"data":"Eruption","floor":15.0,"key":"SMITH"},{"data":"Wallop","floor":24.0,"key":"SMITH"},{"floor":28.0,"key":"REST"},{"data":"SpiritShield","floor":32,"key":"SMITH"},{"floor":40,"key":"REST"},{"data":"Alpha","floor":44,"key":"SMITH"},{"data":"Sadistic Nature","floor":49,"key":"SMITH"}],"circlet_count":0,"master_deck":["Strike_P","Defend_P","Defend_P","Defend_P","Defend_P","Eruption+1","Vigilance","Swift Strike+1","Dark Shackles","Sadistic Nature+1","Master of Strategy","Panacea","CrushJoints","PathToVictory","WheelKick+1","FollowUp+1","ClearTheMind","Wireheading+1","Devotion+1","Wallop+1","EmptyMind","Shame","SpiritShield+1","SashWhip","Writhe","Tantrum","Alpha+1","Doubt","Prostrate","TalkToTheHand+1","Shame"],"relics":["PureWater","Frozen Egg 2","Anchor","Art of War","Toy Ornithopter","Matryoshka","Boot","Akabeko","Kunai","Cursed Key","Oddly Smooth Stone","Prayer Wheel","Meat on the Bone","MawBank","TeardropLocket","PreservedInsect","Regal Pillow","Bronze Scales","Happy Flower","Red Mask","Busted Crown","Damaru","Torii","CloakClasp","Question Card","Nunchaku","InkBottle","Molten Egg 2","Incense Burner","Whetstone","Blood Vial","Dream Catcher","Potion Belt"],"acts_visited":["Exordium","TheCity","TheBeyond"],"potions_floor_usage":[37,37,47,50,50],"damage_taken":[{"damage":1.0,"enemies":"2 Louse","floor":1.0,"turns":4.0},{"damage":0.0,"enemies":"Jaw Worm","floor":4.0,"turns":2.0},{"damage":33.0,"enemies":"3 Sentries","floor":6.0,"turns":9.0},{"damage":0.0,"enemies":"Cultist","floor":7.0,"turns":2.0},{"damage":0.0,"enemies":"Exordium Wildlife","floor":12.0,"turns":3.0},{"damage":0.0,"enemies":"Looter","floor":13.0,"turns":1.0},{"damage":0.0,"enemies":"Gremlin Nob","floor":14.0,"turns":2.0},{"damage":32.0,"enemies":"Hexaghost","floor":16.0,"turns":8.0},{"damage":2.0,"enemies":"2 Thieves","floor":18.0,"turns":4.0},{"damage":20.0,"enemies":"Spheric Guardian","floor":21.0,"turns":4.0},{"damage":2.0,"enemies":"Centurion and Healer","floor":22.0,"turns":5.0},{"damage":40.0,"enemies":"Gremlin Leader","floor":23.0,"turns":6.0},{"damage":0.0,"enemies":"Cultist and Chosen","floor":27.0,"turns":4.0},{"damage":9.0,"enemies":"Book of Stabbing","floor":29.0,"turns":3.0},{"damage":0.0,"enemies":"Masked Bandits","floor":31.0,"turns":3.0},{"damage":37,"enemies":"Collector","floor":33,"turns":6},{"damage":15,"enemies":"3 Shapes","floor":35,"turns":4},{"damage":6,"enemies":"3 Darklings","floor":36,"turns":5},{"damage":48,"enemies":"2 Orb Walkers","floor":37,"turns":5},{"damage":33,"enemies":"Sphere and 2 Shapes","floor":39,"turns":6},{"damage":15,"enemies":"Spire Growth","floor":45,"turns":5},{"damage":0,"enemies":"3 Darklings","floor":46,"turns":5},{"damage":1,"enemies":"Writhing Mass","floor":48,"turns":5},{"damage":71,"enemies":"Awakened One","floor":50,"turns":12}],"seed_played":"-587577638262706789","potions_obtained":[{"floor":1.0,"key":"Fruit Juice"},{"floor":13.0,"key":"Energy Potion"},{"floor":14.0,"key":"DistilledChaos"},{"floor":16.0,"key":"CultistPotion"},{"floor":21.0,"key":"Explosive Potion"},{"floor":23.0,"key":"Ambrosia"},{"floor":27.0,"key":"LiquidBronze"},{"floor":29.0,"key":"DuplicationPotion"},{"floor":33,"key":"Dexterity Potion"},{"floor":35,"key":"StancePotion"},{"floor":46,"key":"FearPotion"},{"floor":48,"key":"EssenceOfSteel"}],"is_trial":false,"path_per_floor":["M","?","$","M","?","E","M","R","T","R","$","M","M","?","R","B",null,"M","$","?","M","M","E","R","?","T","M","R","E","?","?","R","B",null,"M","M","?","?","M","R","T","$","T","R","M","M","$","M","R","B",null],"character_chosen":"WATCHER","items_purchased":["CrushJoints","PathToVictory","FollowUp","ClearTheMind","Wallop","EmptyMind","Molten Egg 2","Incense Burner","Prostrate","TalkToTheHand+1","Fruit Juice"],"campfire_rested":3,"item_purchase_floors":[3,3,11,11,19,19,42,42,42,42,47],"current_hp_per_floor":[71,60,60,60,65,32,32,32,32,65,65,65,65,65,65,38,82,80,80,80,60,63,45,45,45,45,50,82,73,73,78,78,53,82,67,61,35,72,39,72,72,72,72,72,57,59,69,70,70,23],"gold":34,"neow_bonus":"","is_daily":true,"chose_seed":false,"campfire_upgraded":6,"win_rate":0.0,"timestamp":1613018996,"path_taken":["M","?","$","M","?","E","M","R","T","R","?","?","M","?","R","BOSS","M","$","?","M","M","E","R","?","T","M","R","E","?","?","R","BOSS","M","M","?","?","?","R","?","$","T","R","?","M","?","M","R","BOSS"],"items_purchased_type":["Card","Card","Card","Card","Card","Card","Relic","Relic","Card","Card","Potion"],"build_version":"2020-12-22","purchased_purges":1,"victory":true,"max_hp_per_floor":[72,72,72,72,77,77,77,77,77,82,82,82,82,82,82,82,82,82,82,82,82,82,82,82,82,82,82,82,82,82,82,82,82,82,82,82,82,72,72,72,72,72,72,72,72,72,77,77,77,77],"card_choices":[{"not_picked":["ClearTheMind"],"picked":"WheelKick","floor":6.0},{"not_picked":["ThirdEye"],"picked":"Wireheading+1","floor":14.0},{"not_picked":["LessonLearned"],"picked":"Devotion+1","floor":16.0},{"not_picked":["JustLucky","FlyingSleeves"],"picked":"SKIP","floor":23.0},{"not_picked":["ClearTheMind"],"picked":"Tantrum","floor":29.0},{"not_picked":["LessonLearned"],"picked":"Alpha","floor":33}],"player_experience":2921425,"relics_obtained":[{"floor":1.0,"key":"Frozen Egg 2"},{"floor":4.0,"key":"Anchor"},{"floor":6.0,"key":"Art of War"},{"floor":7.0,"key":"Toy Ornithopter"},{"floor":9.0,"key":"Matryoshka"},{"floor":12.0,"key":"Boot"},{"floor":13.0,"key":"Akabeko"},{"floor":14.0,"key":"Kunai"},{"floor":18.0,"key":"Oddly Smooth Stone"},{"floor":21.0,"key":"Meat on the Bone"},{"floor":22.0,"key":"MawBank"},{"floor":23.0,"key":"TeardropLocket"},{"floor":26.0,"key":"PreservedInsect"},{"floor":26.0,"key":"Regal Pillow"},{"floor":27.0,"key":"Bronze Scales"},{"floor":29.0,"key":"Happy Flower"},{"floor":31,"key":"Red Mask"},{"floor":35,"key":"Damaru"},{"floor":36,"key":"Torii"},{"floor":37,"key":"CloakClasp"},{"floor":39,"key":"Question Card"},{"floor":41,"key":"Nunchaku"},{"floor":41,"key":"InkBottle"},{"floor":43,"key":"Whetstone"},{"floor":45,"key":"Blood Vial"},{"floor":46,"key":"Dream Catcher"},{"floor":48,"key":"Potion Belt"}],"event_choices":[{"damage_healed":0.0,"max_hp_gain":0.0,"max_hp_loss":0.0,"gold_gain":75.0,"event_name":"World of Goop","player_choice":"Gather Gold","floor":2.0,"gold_loss":0.0,"damage_taken":11.0},{"damage_healed":0.0,"max_hp_gain":5.0,"max_hp_loss":0.0,"gold_gain":0.0,"event_name":"Big Fish","player_choice":"Donut","floor":5.0,"gold_loss":0.0,"damage_taken":0.0},{"damage_healed":0.0,"max_hp_gain":0.0,"max_hp_loss":0.0,"gold_gain":30.0,"event_name":"Dead Adventurer","player_choice":"Searched \u00272\u0027 times","floor":14.0,"gold_loss":0.0,"damage_taken":0.0},{"damage_healed":0.0,"max_hp_gain":0.0,"max_hp_loss":0.0,"gold_gain":0.0,"event_name":"Addict","player_choice":"Stole Relic","floor":20.0,"gold_loss":0.0,"damage_taken":0.0,"relics_obtained":["Prayer Wheel"],"cards_obtained":["Shame"]},{"damage_healed":0.0,"max_hp_gain":0.0,"max_hp_loss":0.0,"gold_gain":0.0,"cards_transformed":["Strike_P","Strike_P"],"event_name":"Drug Dealer","player_choice":"Became Test Subject","floor":25.0,"gold_loss":0.0,"damage_taken":0.0,"cards_obtained":["SpiritShield","SashWhip"]},{"damage_healed":0.0,"max_hp_gain":0.0,"max_hp_loss":0.0,"gold_gain":99.0,"event_name":"Nest","player_choice":"Stole From Cult","floor":30.0,"gold_loss":0.0,"damage_taken":0.0},{"damage_healed":0.0,"max_hp_gain":0.0,"max_hp_loss":0.0,"gold_gain":0.0,"event_name":"Masked Bandits","player_choice":"Fought Bandits","floor":31.0,"gold_loss":0.0,"damage_taken":0.0},{"damage_healed":0,"gold_gain":0,"player_choice":"Fight","damage_taken":0,"max_hp_gain":0,"max_hp_loss":0,"event_name":"Mysterious Sphere","floor":37,"gold_loss":0},{"damage_healed":72,"gold_gain":0,"player_choice":"Heal","damage_taken":0,"max_hp_gain":0,"max_hp_loss":10,"event_name":"The Moai Head","floor":38,"gold_loss":0}],"is_beta":false,"boss_relics":[{"not_picked":["SlaversCollar","SacredBark"],"picked":"Cursed Key"},{"not_picked":["Coffee Dripper","Runic Dome"],"picked":"Busted Crown"}],"items_purged_floors":[3],"is_endless":false,"potions_floor_spawned":[1,13,14,16,21,23,27,29,33,35,46,48],"ascension_level":0}}