{"host":"rtw1tnr74gozsrw1","time":1613016486,"event":{"mods":["BaseMod","Colored Map","Colored Powertips","Highlight Path","Infinite Spire","Minty Spire (QoL Compilation)","StSLib","The Jungle"],"gold_per_floor":[115,190,115,134,134,167,167,167,214,242,142,69,69,86,86,185,185,197,197,210,228,241,241,268,268,315,315,315],"floor_reached":27,"language":"ENG","playtime":683,"items_purged":["Strike_B","Strike_B"],"score":317,"play_id":"0a0c3736-d779-4fb2-ab48-23e33553bc4c","local_time":"20210211050806","is_ascension_mode":true,"campfire_choices":[{"data":"Defragment","floor":7,"key":"SMITH"},{"data":"Capacitor","floor":13,"key":"SMITH"},{"floor":15,"key":"REST"},{"floor":23,"key":"REST"}],"circlet_count":0,"master_deck":["Defend_B","Defend_B","Defend_B","Zap","Dualcast","Darkness","Defragment+1","Capacitor+1","Echo Form","Electrodynamics","Steam","Steam","Hologram","infinitespire:Oblivion"],"relics":["Cracked Core","NeowsBlessing","infinitespire:WardingShard","Bag of Preparation","Potion Belt","Busted Crown","Blood Vial","Bronze Scales"],"acts_visited":["Exordium","TheCity"],"potions_floor_usage":[10,16,16,20],"damage_taken":[{"damage":0,"enemies":"2 Louse","floor":1,"turns":1},{"damage":0,"enemies":"Small Slimes","floor":4,"turns":1},{"damage":0,"enemies":"Lagavulin","floor":6,"turns":1},{"damage":18,"enemies":"3 Sentries","floor":10,"turns":6},{"damage":0,"enemies":"Cultist","floor":14,"turns":4},{"damage":41,"enemies":"The Guardian","floor":16,"turns":8},{"damage":8,"enemies":"Spheric Guardian","floor":18,"turns":5},{"damage":5,"enemies":"3 Byrds","floor":20,"turns":2},{"damage":33,"enemies":"Snake Plant","floor":21,"turns":3},{"damage":3,"enemies":"3 Cultists","floor":22,"turns":3},{"damage":25,"enemies":"Book of Stabbing","floor":24,"turns":5},{"damage":23,"enemies":"Nightmare","floor":27,"turns":6}],"seed_played":"-616684344916887778","potions_obtained":[{"floor":4,"key":"Energy Potion"},{"floor":6,"key":"FearPotion"},{"floor":14,"key":"EssenceOfSteel"},{"floor":16,"key":"BlessingOfTheForge"},{"floor":18,"key":"FocusPotion"}],"is_trial":false,"path_per_floor":["M","?","$","M","?","E","R","?","T","E","$","$","R","M","R","B",null,"M","?","M","M","M","R","E","AVR","T","NM"],"character_chosen":"DEFECT","items_purchased":["Capacitor"],"campfire_rested":2,"item_purchase_floors":[12],"current_hp_per_floor":[75,64,64,64,64,64,64,64,64,46,46,46,46,46,68,27,75,67,67,62,29,26,48,23,23,23,2,2],"gold":315,"neow_bonus":"THREE_ENEMY_KILL","is_daily":false,"chose_seed":false,"campfire_upgraded":2,"win_rate":0.0,"timestamp":1613016486,"path_taken":["M","?","$","M","?","E","R","?","T","E","?","$","R","M","R","BOSS","M","?","M","?","M","R","E","AVR","T","NM"],"items_purchased_type":["Card"],"build_version":"2020-12-22","purchased_purges":2,"victory":false,"max_hp_per_floor":[75,75,75,75,75,75,75,75,75,75,75,75,75,75,75,75,75,75,75,75,75,75,75,75,75,75,75,75],"card_choices":[{"not_picked":["Compile Driver","Aggregate"],"picked":"Darkness","floor":1},{"not_picked":["Beam Cell","Streamline","Rebound"],"picked":"SKIP","floor":4},{"not_picked":["Auto Shields","Sweeping Beam"],"picked":"Defragment","floor":6},{"not_picked":["Coolheaded","Rebound","Genetic Algorithm"],"picked":"SKIP","floor":10},{"not_picked":["Sweeping Beam","Streamline"],"picked":"Echo Form","floor":14},{"not_picked":["Multi-Cast","Seek"],"picked":"Electrodynamics","floor":16},{"not_picked":["Hello World"],"picked":"SKIP","floor":18},{"not_picked":[],"picked":"Steam","floor":20},{"not_picked":[],"picked":"Steam","floor":21},{"not_picked":[],"picked":"Hologram","floor":22},{"not_picked":["Coolheaded+1"],"picked":"SKIP","floor":24}],"player_experience":129010,"relics_obtained":[{"floor":6,"key":"infinitespire:WardingShard"},{"floor":9,"key":"Bag of Preparation"},{"floor":10,"key":"Potion Belt"},{"floor":24,"key":"Blood Vial"},{"floor":26,"key":"Bronze Scales"}],"event_choices":[{"damage_healed":0,"gold_gain":75,"player_choice":"Gather Gold","damage_taken":11,"max_hp_gain":0,"max_hp_loss":0,"event_name":"World of Goop","floor":2,"gold_loss":0},{"cards_removed":["Strike_B"],"damage_healed":0,"gold_gain":0,"player_choice":"Forget","damage_taken":0,"max_hp_gain":0,"max_hp_loss":0,"event_name":"Living Wall","floor":5,"gold_loss":0},{"cards_removed":["Defend_B"],"damage_healed":0,"gold_gain":0,"player_choice":"Purged","damage_taken":0,"max_hp_gain":0,"max_hp_loss":0,"event_name":"Purifier","floor":19,"gold_loss":0}],"is_beta":false,"boss_relics":[{"not_picked":["Velvet Choker","Snecko Eye"],"picked":"Busted Crown"}],"items_purged_floors":[3,11],"is_endless":false,"potions_floor_spawned":[4,6,14,16,18],"killed_by":"Nightmare","ascension_level":4}}