{"host":"qc8p2flj7wsy3zpg","time":1613074048,"event":{"mods":["BaseMod","Highlight Path","Minty Spire (QoL Compilation)","Monster List Patch","Relic Stats","StSLib"],"gold_per_floor":[112,126,126,143,163,163,238,238,238,238,249,27,38,38,38,135,135,152,186,286,300,310,310,323,323,323,336,356,281,294,36,36,134,134,149,159,381,391,27,27,27,27,27,38,3,3,13,31,31,31,31],"floor_reached":50,"language":"ENG","playtime":1021,"items_purged":["Setup"],"score":513,"play_id":"47dab015-7141-4cf5-b4d5-1051e4c971c5","local_time":"20210211140728","is_ascension_mode":false,"campfire_choices":[{"data":"Deadly Poison","floor":6.0,"key":"SMITH"},{"floor":15.0,"key":"REST"},{"floor":23.0,"key":"REST"},{"floor":25.0,"key":"REST"},{"floor":32.0,"key":"REST"},{"data":"Catalyst","floor":40.0,"key":"SMITH"},{"data":"Catalyst","floor":46.0,"key":"SMITH"},{"floor":49.0,"key":"REST"}],"circlet_count":0,"master_deck":["Survivor","Neutralize","Prepared","Noxious Fumes","Dagger Spray","Cloak And Dagger+1","Bouncing Flask","Catalyst+1","Blade Dance+1","Dash","Deadly Poison+1","Blade Dance","Storm of Steel","Blade Dance","Corpse Explosion","Accuracy+1","PiercingWail","Catalyst+1","Die Die Die+1","Calculated Gamble+1","Catalyst+1","Catalyst","Blade Dance+1"],"relics":["Pandora\u0027s Box","Vajra","Lantern","Empty Cage","Red Mask","Molten Egg 2","Paper Crane","WristBlade","Bronze Scales","Membership Card","Gremlin Horn"],"acts_visited":["Exordium","TheCity","TheBeyond"],"potions_floor_usage":[],"damage_taken":[{"damage":2.0,"enemies":"2 Louse","floor":1.0,"turns":2.0},{"damage":2.0,"enemies":"Small Slimes","floor":2.0,"turns":2.0},{"damage":5.0,"enemies":"Jaw Worm","floor":4.0,"turns":3.0},{"damage":0.0,"enemies":"3 Louse","floor":5.0,"turns":2.0},{"damage":8.0,"enemies":"Exordium Wildlife","floor":11.0,"turns":3.0},{"damage":3.0,"enemies":"Exordium Thugs","floor":13.0,"turns":3.0},{"damage":24.0,"enemies":"Hexaghost","floor":16.0,"turns":6.0},{"damage":20.0,"enemies":"Shell Parasite","floor":18.0,"turns":3.0},{"damage":12.0,"enemies":"Masked Bandits","floor":19.0,"turns":3.0},{"damage":6.0,"enemies":"Chosen","floor":21.0,"turns":2.0},{"damage":17.0,"enemies":"Snake Plant","floor":22.0,"turns":3.0},{"damage":0.0,"enemies":"Centurion and Healer","floor":24.0,"turns":2.0},{"damage":11.0,"enemies":"Snecko","floor":27.0,"turns":3.0},{"damage":19.0,"enemies":"Shelled Parasite and Fungi","floor":28.0,"turns":4.0},{"damage":0.0,"enemies":"Centurion and Healer","floor":30.0,"turns":3.0},{"damage":12.0,"enemies":"Automaton","floor":33.0,"turns":4.0},{"damage":0.0,"enemies":"3 Shapes","floor":35.0,"turns":2.0},{"damage":5.0,"enemies":"Orb Walker","floor":36.0,"turns":2.0},{"damage":4.0,"enemies":"3 Darklings","floor":38.0,"turns":2.0},{"damage":0.0,"enemies":"Transient","floor":44.0,"turns":5.0},{"damage":21.0,"enemies":"Writhing Mass","floor":47.0,"turns":5.0},{"damage":6.0,"enemies":"Sphere and 2 Shapes","floor":48.0,"turns":3.0},{"damage":76,"enemies":"Awakened One","floor":50,"turns":6}],"seed_played":"-3711810348514600024","potions_obtained":[{"floor":4.0,"key":"GamblersBrew"},{"floor":13.0,"key":"Block Potion"},{"floor":21.0,"key":"Poison Potion"},{"floor":28.0,"key":"Explosive Potion"},{"floor":33.0,"key":"Fire Potion"},{"floor":47.0,"key":"FearPotion"}],"is_trial":false,"path_per_floor":["M","M","?","M","M","R","?","T","T","?","M","$","M","$","R","B",null,"M","?","?","M","M","R","M","R","T","M","M","?","M","$","R","B",null,"M","M","?","M","$","R","?","$","T","M","$","R","M","M","R","B"],"character_chosen":"THE_SILENT","items_purchased":["Storm of Steel","Paper Crane","Catalyst","Bronze Scales","Membership Card","Catalyst"],"campfire_rested":5,"item_purchase_floors":[12,31,39,39,39,45],"current_hp_per_floor":[68,66,52,47,47,47,36,36,36,36,28,28,25,25,46,22,70,50,38,38,32,15,36,36,57,57,46,27,27,27,27,48,36,70,70,65,65,61,61,61,61,61,61,61,61,61,40,34,55,0,0],"gold":31,"neow_bonus":"BOSS_RELIC","is_daily":false,"chose_seed":false,"campfire_upgraded":3,"win_rate":0.0,"timestamp":1613074048,"path_taken":["M","M","?","M","M","R","?","?","T","?","M","$","M","$","R","BOSS","M","?","?","M","M","R","?","R","T","M","M","?","M","?","R","BOSS","M","M","?","M","$","R","?","$","T","M","?","R","M","M","R","BOSS"],"items_purchased_type":["Card","Relic","Card","Relic","Relic","Card"],"build_version":"2020-12-22","purchased_purges":1,"victory":false,"max_hp_per_floor":[70,70,70,70,70,70,70,70,70,70,70,70,70,70,70,70,70,70,70,70,70,70,70,70,70,70,70,70,70,70,70,70,70,70,70,70,70,70,70,70,70,70,70,70,70,70,70,70,70,70,70],"relic_stats":{"Gremlin Horn":[5,5],"counters":[23,73],"Bronze Scales":[57],"Pandora\u0027s Box":["Prepared","Flechettes","Noxious Fumes","Sucker Punch","Dagger Spray","Setup","Underhanded Strike","Cloak And Dagger","Bouncing Flask","Catalyst"],"obtain_stats":[{"Lantern":9,"WristBlade":34,"Gremlin Horn":43,"Bronze Scales":39,"Vajra":8,"Pandora\u0027s Box":0,"Molten Egg 2":26,"Red Mask":19,"Membership Card":39,"Paper Crane":31,"Empty Cage":17,"Ring of the Snake":0},{"Lantern":4,"WristBlade":16,"Gremlin Horn":19,"Bronze Scales":19,"Vajra":4,"Pandora\u0027s Box":0,"Molten Egg 2":12,"Red Mask":9,"Membership Card":19,"Paper Crane":15,"Empty Cage":7,"Ring of the Snake":0},{"Lantern":9,"WristBlade":48,"Gremlin Horn":54,"Bronze Scales":54,"Vajra":9,"Pandora\u0027s Box":0,"Molten Egg 2":34,"Red Mask":27,"Membership Card":54,"Paper Crane":44,"Empty Cage":21,"Ring of the Snake":0}]},"card_choices":[{"not_picked":["Dodge and Roll","Choke"],"picked":"Blade Dance","floor":1.0},{"not_picked":["Blade Dance","Acrobatics"],"picked":"Dash","floor":4.0},{"not_picked":["Flying Knee","Masterful Stab"],"picked":"Deadly Poison","floor":5.0},{"not_picked":["Prepared","Backstab"],"picked":"Blade Dance","floor":11.0},{"not_picked":["Deadly Poison","Flying Knee"],"picked":"Blade Dance","floor":13.0},{"not_picked":["Tools of the Trade","Adrenaline"],"picked":"Corpse Explosion","floor":16.0},{"not_picked":["Underhanded Strike+1","Prepared"],"picked":"Accuracy+1","floor":19.0},{"not_picked":["Underhanded Strike","Distraction"],"picked":"PiercingWail","floor":22.0},{"not_picked":["PiercingWail","Outmaneuver"],"picked":"Catalyst+1","floor":28.0},{"not_picked":["Phantasmal Killer","Storm of Steel"],"picked":"Die Die Die+1","floor":33.0},{"not_picked":["Flying Knee+1","Quick Slash+1"],"picked":"Calculated Gamble+1","floor":36.0},{"not_picked":["Noxious Fumes+1","Flechettes+1"],"picked":"Blade Dance+1","floor":48.0}],"player_experience":2364426,"relics_obtained":[{"floor":8.0,"key":"Vajra"},{"floor":9.0,"key":"Lantern"},{"floor":19.0,"key":"Red Mask"},{"floor":26.0,"key":"Molten Egg 2"},{"floor":43.0,"key":"Gremlin Horn"}],"event_choices":[{"damage_healed":0.0,"max_hp_gain":0.0,"max_hp_loss":0.0,"gold_gain":0.0,"event_name":"Shining Light","player_choice":"Entered Light","floor":3.0,"gold_loss":0.0,"damage_taken":14.0,"cards_upgraded":["Blade Dance","Cloak And Dagger"]},{"damage_healed":0.0,"max_hp_gain":0.0,"max_hp_loss":0.0,"gold_gain":75.0,"event_name":"World of Goop","player_choice":"Gather Gold","floor":7.0,"gold_loss":0.0,"damage_taken":11.0},{"damage_healed":0.0,"max_hp_gain":0.0,"max_hp_loss":0.0,"gold_gain":0.0,"event_name":"Liars Game","player_choice":"Ignored","floor":10.0,"gold_loss":0.0,"damage_taken":0.0},{"damage_healed":0.0,"max_hp_gain":0.0,"max_hp_loss":0.0,"gold_gain":0.0,"event_name":"Masked Bandits","player_choice":"Fought Bandits","floor":19.0,"gold_loss":0.0,"damage_taken":0.0},{"damage_healed":0.0,"max_hp_gain":0.0,"max_hp_loss":0.0,"gold_gain":100.0,"event_name":"Golden Shrine","player_choice":"Pray","floor":20.0,"gold_loss":0.0,"damage_taken":0.0},{"cards_removed":["Underhanded Strike"],"damage_healed":0.0,"max_hp_gain":0.0,"max_hp_loss":0.0,"gold_gain":0.0,"event_name":"Beggar","player_choice":"Gave Gold","floor":29.0,"gold_loss":75.0,"damage_taken":0.0},{"damage_healed":0.0,"max_hp_gain":0.0,"max_hp_loss":0.0,"gold_gain":222.0,"event_name":"Tomb of Lord Red Mask","player_choice":"Wore Mask","floor":37.0,"gold_loss":0.0,"damage_taken":0.0},{"damage_healed":0.0,"max_hp_gain":0.0,"max_hp_loss":0.0,"gold_gain":0.0,"event_name":"SensoryStone","player_choice":"Memory 1","floor":41.0,"gold_loss":0.0,"damage_taken":0.0}],"is_beta":false,"boss_relics":[{"not_picked":["Runic Dome","Velvet Choker"],"picked":"Empty Cage"},{"not_picked":["HoveringKite","Tiny House"],"picked":"WristBlade"}],"items_purged_floors":[12],"is_endless":false,"potions_floor_spawned":[4,13,21,28,30,33,36,47],"killed_by":"Awakened One","ascension_level":0}}