{"host":"88hg6ocvqrqxrx5h","time":1613028362,"event":{"mods":["2.2 Compatiblity","BaseMod","Bestiary","Block Reminder","Colored Map","DeckTracker","Highlight Path","Minty Spire (QoL Compilation)","Relic Stats","Unceasing Turn Reminder","slay the spire mod where everything is the same but ironclad has a cowboy hat"],"gold_per_floor":[118,72,89,89,108,143,143,143,170,186,186,211,55,73,73,173,173,183,203,75,75,86,86,86],"floor_reached":23,"language":"ENG","playtime":787,"items_purged":["Strike_R"],"score":281,"play_id":"2baf187b-ba20-4194-a8c2-fbebe8ada445","local_time":"20210210232602","is_ascension_mode":true,"campfire_choices":[{"data":"Flame Barrier","floor":7.0,"key":"SMITH"},{"data":"Shrug It Off","floor":11.0,"key":"SMITH"},{"floor":15.0,"key":"REST"}],"circlet_count":0,"master_deck":["Strike_R","Strike_R","Defend_R","Defend_R","Defend_R","Defend_R","Bash","Flame Barrier+1","Armaments","Anger","Dual Wield","Thunderclap","Power Through","Shrug It Off+1","Combust","Carnage","Demon Form","Cleave+1","Flex","Twin Strike"],"relics":["Black Blood","NeowsBlessing","Vajra","Orichalcum","Lantern","ClockworkSouvenir"],"acts_visited":["TheCity"],"potions_floor_usage":[23],"damage_taken":[{"damage":0.0,"enemies":"Cultist","floor":1.0,"turns":1.0},{"damage":0.0,"enemies":"2 Louse","floor":3.0,"turns":1.0},{"damage":0.0,"enemies":"Jaw Worm","floor":5.0,"turns":1.0},{"damage":40.0,"enemies":"Lagavulin","floor":6.0,"turns":10.0},{"damage":2.0,"enemies":"2 Fungi Beasts","floor":10.0,"turns":4.0},{"damage":18.0,"enemies":"Gremlin Nob","floor":12.0,"turns":4.0},{"damage":2.0,"enemies":"Gremlin Gang","floor":14.0,"turns":3.0},{"damage":37.0,"enemies":"Hexaghost","floor":16.0,"turns":9.0},{"damage":9,"enemies":"Chosen","floor":18,"turns":4},{"damage":12,"enemies":"3 Byrds","floor":19,"turns":4},{"damage":28,"enemies":"Snecko","floor":22,"turns":5},{"damage":40,"enemies":"Slavers","floor":23,"turns":4}],"seed_played":"-8383694818278186169","potions_obtained":[{"floor":10.0,"key":"BlessingOfTheForge"},{"floor":12.0,"key":"Regen Potion"},{"floor":14.0,"key":"Energy Potion"},{"floor":18,"key":"ColorlessPotion"}],"is_trial":false,"path_per_floor":["M","$","M","?","M","E","R","?","T","M","R","E","$","M","R","B",null,"M","M","$","?","M","E"],"character_chosen":"IRONCLAD","items_purchased":["Armaments","ClockworkSouvenir","Flex"],"campfire_rested":1,"item_purchase_floors":[2,13,20],"current_hp_per_floor":[78,78,80,80,80,46,46,39,39,43,43,31,31,35,59,43,71,74,74,74,59,43,3,3],"gold":86,"neow_bonus":"THREE_ENEMY_KILL","is_daily":false,"chose_seed":false,"campfire_upgraded":2,"win_rate":0.0,"timestamp":1613028362,"path_taken":["M","?","M","?","?","E","R","?","T","M","R","E","$","M","R","BOSS","M","M","$","?","M","E"],"items_purchased_type":["Card","Relic","Card"],"build_version":"2020-12-22","purchased_purges":1,"victory":false,"max_hp_per_floor":[80,80,80,80,80,80,80,80,80,80,80,80,80,80,80,80,80,80,80,80,85,85,85,85],"relic_stats":{"counters":[12,50],"Black Blood":74,"Orichalcum":[18],"obtain_stats":[{"Lantern":12,"NeowsBlessing":0,"Vajra":6,"Black Blood":17,"Orichalcum":9,"Burning Blood":0,"ClockworkSouvenir":13},{"Lantern":6,"NeowsBlessing":0,"Vajra":4,"Black Blood":8,"Orichalcum":4,"Burning Blood":0,"ClockworkSouvenir":6},{"Lantern":21,"NeowsBlessing":0,"Vajra":13,"Black Blood":33,"Orichalcum":13,"Burning Blood":0,"ClockworkSouvenir":21}]},"card_choices":[{"not_picked":["Wild Strike","True Grit"],"picked":"Flame Barrier","floor":1.0},{"not_picked":["Flex","Dark Embrace"],"picked":"Anger","floor":3.0},{"not_picked":["Pommel Strike","Armaments"],"picked":"Thunderclap","floor":5.0},{"not_picked":["Heavy Blade","Searing Blow"],"picked":"Power Through","floor":6.0},{"not_picked":["Fire Breathing","Impervious"],"picked":"Shrug It Off","floor":10.0},{"not_picked":["Clothesline","Flex"],"picked":"Combust","floor":12.0},{"not_picked":["Heavy Blade","Sword Boomerang"],"picked":"Carnage","floor":14.0},{"not_picked":["Brutality","Immolate"],"picked":"Demon Form","floor":16.0},{"not_picked":["Twin Strike","Warcry","Shrug It Off"],"picked":"SKIP","floor":18},{"not_picked":["Havoc","Power Through"],"picked":"Cleave+1","floor":19},{"not_picked":["Clothesline","Power Through"],"picked":"Twin Strike","floor":22}],"player_experience":174831,"relics_obtained":[{"floor":6.0,"key":"Vajra"},{"floor":9.0,"key":"Orichalcum"},{"floor":12.0,"key":"Lantern"}],"event_choices":[{"damage_healed":0.0,"max_hp_gain":0.0,"max_hp_loss":0.0,"gold_gain":0.0,"cards_transformed":["Strike_R"],"event_name":"Transmorgrifier","player_choice":"Transformed","floor":4.0,"gold_loss":0.0,"damage_taken":0.0,"cards_obtained":["Dual Wield"]},{"cards_removed":["Strike_R"],"damage_healed":0.0,"max_hp_gain":0.0,"max_hp_loss":0.0,"gold_gain":0.0,"event_name":"Golden Wing","player_choice":"Card Removal","floor":8.0,"gold_loss":0.0,"damage_taken":7.0},{"damage_healed":0,"gold_gain":0,"player_choice":"Shed Blood","damage_taken":20,"max_hp_gain":5,"max_hp_loss":0,"event_name":"Forgotten Altar","floor":21,"gold_loss":0}],"is_beta":false,"boss_relics":[{"not_picked":["Pandora\u0027s Box","Ectoplasm"],"picked":"Black Blood"}],"items_purged_floors":[20],"is_endless":false,"potions_floor_spawned":[10,12,14,18],"killed_by":"Slavers","ascension_level":8}}