{"host":"s24sb66hw4a4sfft","time":1613007517,"event":{"mods":["AchievementEnabler","BaseMod","Colored Map","Colored Powertips","Googly Eyes","Hermit","Hubris","Minty Spire (QoL Compilation)","Quick Restart","Shop Mod","StSLib"],"gold_per_floor":[117,117,192,207,207,207,233,247,247,247,282,282,310,330,330,408,408,419,91,68,68,68,68,87,117,117,117,117,150,82,82,82,82,82],"floor_reached":33,"language":"ENG","playtime":741,"items_purged":["Strike_G"],"score":547,"play_id":"0cdbf57d-12c0-44b3-97b9-094d73b9997f","local_time":"20210210203837","is_ascension_mode":true,"campfire_choices":[{"data":"Neutralize","floor":6.0,"key":"SMITH"},{"floor":12.0,"key":"REST"},{"floor":15.0,"key":"REST"},{"data":"Tactician","floor":23.0,"key":"SMITH"},{"floor":27.0,"key":"REST"},{"floor":32.0,"key":"REST"}],"circlet_count":0,"master_deck":["AscendersBane","Strike_G","Strike_G","Strike_G","Strike_G","Defend_G","Defend_G","Defend_G","Defend_G","Defend_G","Survivor","Neutralize+1","Dagger Throw+1","Underhanded Strike+1","Tactician+1","Dagger Spray","Eviscerate","Unload","Dagger Spray","Shame","Writhe","Blade Dance","Unload","Underhanded Strike+1","Unload+1"],"relics":["Ring of the Snake","NeowsBlessing","Ice Cream","hubris:BundleOfHerbs","InkBottle","Sundial","Mercury Hourglass","hubris:ScarierMask","hubris:Metronome","Ornamental Fan","Meat on the Bone","Vajra","Molten Egg 2","Regal Pillow","Kunai"],"acts_visited":["Exordium","TheCity"],"potions_floor_usage":[33],"damage_taken":[{"damage":0.0,"enemies":"Small Slimes","floor":1.0,"turns":1.0},{"damage":0.0,"enemies":"2 Louse","floor":4.0,"turns":1.0},{"damage":0.0,"enemies":"3 Sentries","floor":7.0,"turns":1.0},{"damage":4.0,"enemies":"Jaw Worm","floor":8.0,"turns":2.0},{"damage":22.0,"enemies":"Gremlin Nob","floor":11.0,"turns":4.0},{"damage":22.0,"enemies":"Lagavulin","floor":13.0,"turns":6.0},{"damage":0.0,"enemies":"Lots of Slimes","floor":14.0,"turns":2.0},{"damage":7.0,"enemies":"Slime Boss","floor":16.0,"turns":7.0},{"damage":6.0,"enemies":"Spheric Guardian","floor":18.0,"turns":3.0},{"damage":6.0,"enemies":"2 Thieves","floor":24.0,"turns":2.0},{"damage":42.0,"enemies":"Book of Stabbing","floor":25.0,"turns":5.0},{"damage":6.0,"enemies":"Slavers","floor":29.0,"turns":3.0},{"damage":71,"enemies":"Champ","floor":33,"turns":6}],"seed_played":"-778262154669220543","potions_obtained":[{"floor":1.0,"key":"AttackPotion"},{"floor":11.0,"key":"CunningPotion"},{"floor":16.0,"key":"BlessingOfTheForge"},{"floor":18.0,"key":"Weak Potion"}],"is_trial":false,"path_per_floor":["M","?","?","M","?","R","E","M","T","?","E","R","E","M","R","B",null,"M","$","$","?","?","R","M","E","T","R","?","E","$","T","R","B"],"character_chosen":"THE_SILENT","items_purchased":["hubris:Metronome","Dagger Spray","Unload+1"],"campfire_rested":4,"item_purchase_floors":[19,20,30],"current_hp_per_floor":[59,59,48,48,48,48,48,44,44,41,31,50,28,28,47,61,65,59,59,59,59,59,59,53,23,23,42,42,47,47,47,66,0,0],"gold":82,"neow_bonus":"THREE_ENEMY_KILL","is_daily":false,"chose_seed":false,"campfire_upgraded":2,"win_rate":0.0,"timestamp":1613007517,"path_taken":["M","?","?","M","?","R","E","M","T","?","E","R","E","?","R","BOSS","M","?","$","?","?","R","M","E","T","R","?","E","?","?","R","BOSS"],"items_purchased_type":["Relic","Card","Card"],"build_version":"2020-12-22","purchased_purges":1,"victory":false,"max_hp_per_floor":[66,66,66,66,66,66,66,66,66,66,66,66,66,66,66,66,66,66,66,66,66,66,66,66,66,66,66,66,66,66,66,66,66,66],"card_choices":[{"not_picked":["Blur","Leg Sweep"],"picked":"Dagger Throw","floor":1.0},{"not_picked":["Bane","Acrobatics"],"picked":"Underhanded Strike","floor":4.0},{"not_picked":["Poisoned Stab","Well Laid Plans"],"picked":"Tactician","floor":7.0},{"not_picked":["Dash","Slice"],"picked":"Dagger Spray","floor":8.0},{"not_picked":["Sucker Punch","Distraction","Noxious Fumes"],"picked":"SKIP","floor":11.0},{"not_picked":["Acrobatics","Deflect","Riddle With Holes"],"picked":"SKIP","floor":13.0},{"not_picked":["Deflect","Deadly Poison"],"picked":"Eviscerate","floor":14.0},{"not_picked":["Wraith Form v2","A Thousand Cuts"],"picked":"Unload","floor":16.0},{"not_picked":["Cloak And Dagger","Noxious Fumes","Slice"],"picked":"SKIP","floor":18.0},{"not_picked":["Dagger Spray","Dagger Throw"],"picked":"Blade Dance","floor":24.0},{"not_picked":["Terror","Backflip"],"picked":"Unload","floor":25.0},{"not_picked":["Reflex+1","Flying Knee+1"],"picked":"Underhanded Strike+1","floor":29.0}],"player_experience":607855,"relics_obtained":[{"floor":7.0,"key":"Ice Cream"},{"floor":9.0,"key":"hubris:BundleOfHerbs"},{"floor":11.0,"key":"Sundial"},{"floor":13.0,"key":"Mercury Hourglass"},{"floor":25.0,"key":"Vajra"},{"floor":26.0,"key":"Molten Egg 2"},{"floor":29.0,"key":"Regal Pillow"},{"floor":31.0,"key":"Kunai"}],"event_choices":[{"damage_healed":0.0,"max_hp_gain":0.0,"max_hp_loss":0.0,"gold_gain":0.0,"event_name":"Living Wall","player_choice":"Grow","floor":2.0,"gold_loss":0.0,"damage_taken":0.0,"cards_upgraded":["Dagger Throw"]},{"damage_healed":0.0,"max_hp_gain":0.0,"max_hp_loss":0.0,"gold_gain":75.0,"event_name":"World of Goop","player_choice":"Gather Gold","floor":3.0,"gold_loss":0.0,"damage_taken":11.0},{"damage_healed":0.0,"max_hp_gain":0.0,"max_hp_loss":0.0,"gold_gain":0.0,"event_name":"Scrap Ooze","player_choice":"Success","floor":10.0,"gold_loss":0.0,"damage_taken":3.0,"relics_obtained":["InkBottle"]},{"damage_healed":0.0,"max_hp_gain":0.0,"max_hp_loss":0.0,"gold_gain":0.0,"event_name":"Addict","player_choice":"Stole Relic","floor":21.0,"gold_loss":0.0,"damage_taken":0.0,"relics_obtained":["Ornamental Fan"],"cards_obtained":["Shame"]},{"damage_healed":0.0,"max_hp_gain":0.0,"max_hp_loss":0.0,"gold_gain":0.0,"event_name":"The Mausoleum","player_choice":"Opened","floor":22.0,"gold_loss":0.0,"damage_taken":0.0,"relics_obtained":["Meat on the Bone"],"cards_obtained":["Writhe"]},{"damage_healed":0.0,"max_hp_gain":0.0,"max_hp_loss":0.0,"gold_gain":0.0,"event_name":"Vampires","player_choice":"Ignored","floor":28.0,"gold_loss":0.0,"damage_taken":0.0}],"is_beta":false,"boss_relics":[{"not_picked":["Fusion Hammer","Pandora\u0027s Box"],"picked":"hubris:ScarierMask"}],"items_purged_floors":[19],"is_endless":false,"potions_floor_spawned":[1,11,16,18],"killed_by":"Champ","ascension_level":14}}