{"host":"ohuqxemsk44kggmp","time":1613033011,"event":{"mods":["AchievementEnabler","Act Like it!","BaseMod","CapriCore","Colored Powertips","Minty Spire (QoL Compilation)","Reliquary","Somnambulant","StSLib","The Blue Laboratory","The Dragonkin","The Immortal","The Jungle","TheVacant","Waifu the Spire"],"gold_per_floor":[112,112,112,112,287,317,317,352,352,366,366,146,146,146,146,245,245,256,270,286,334,360,375,392,392,417,434,434,434,14,29,29,130,130,147,147,197,215,215,215,232,53,53,53,64,64,78,78,78,78],"floor_reached":51,"language":"ENG","playtime":5236,"items_purged":["MokouMod:Strike","Doubt"],"score":603,"play_id":"6c5c63e6-1b6d-4da0-9a50-770dfd6e6d49","local_time":"20210211094331","is_ascension_mode":false,"campfire_choices":[{"floor":7.0,"key":"REST"},{"data":"MokouMod:ResoluteFlare","floor":11.0,"key":"SMITH"},{"data":"MokouMod:Ember","floor":13.0,"key":"SMITH"},{"floor":15.0,"key":"REST"},{"floor":25.0,"key":"REST"},{"floor":29.0,"key":"REST"},{"floor":32.0,"key":"REST"},{"floor":40.0,"key":"REST"},{"floor":44.0,"key":"REST"},{"floor":46.0,"key":"REST"},{"floor":49.0,"key":"REST"}],"circlet_count":0,"master_deck":["MokouMod:Strike","MokouMod:Strike","MokouMod:Strike","MokouMod:Defend+1","MokouMod:Defend+1","MokouMod:Defend","MokouMod:Defend","MokouMod:HeatSpark+1","MokouMod:TemporalFireSeal+1","MokouMod:ResoluteFlare+1","MokouMod:FujiyamaVolcano","MokouMod:Ember+1","MokouMod:Ventilation","MokouMod:IgnitionBlast","MokouMod:InfernalWave","MokouMod:CrimsonArmoury+1","Doubt","Clumsy","MokouMod:FusionFlare","MokouMod:Fireball+1","Clumsy","MokouMod:Ember","MokouMod:Sear+1","MokouMod:Stoke+1","MokouMod:SpontaneousHumanCombustion","Sadistic Nature","MokouMod:WarmUp+1"],"relics":["MokouMod:PhoenixFeather","MealTicket","Nunchaku","Lizard Tail","reliquary:ExpiredCoupon","Cursed Key","reliquary:Aerogel","reliquary:TuningFork","reliquary:PartyBalloon","reliquary:PrincelyHelmet","reliquary:KinkedSpring","Thread and Needle"],"acts_visited":["Exordium","Exordium","TheBeyond"],"potions_floor_usage":[50,50,50],"damage_taken":[{"damage":6.0,"enemies":"Jaw Worm","floor":1.0,"turns":4.0},{"damage":35.0,"enemies":"3 Sentries","floor":6.0,"turns":16.0},{"damage":33.0,"enemies":"Lagavulin","floor":8.0,"turns":8.0},{"damage":6.0,"enemies":"2 Louse","floor":10.0,"turns":3.0},{"damage":36.0,"enemies":"Hexaghost","floor":16.0,"turns":9.0},{"damage":10.0,"enemies":"theJungle:MUSHROOMGANG","floor":18.0,"turns":2.0},{"damage":11.0,"enemies":"theJungle:GiantWrat","floor":19.0,"turns":5.0},{"damage":30.0,"enemies":"theJungle:Lyon","floor":20.0,"turns":5.0},{"damage":15.0,"enemies":"theJungle:Snecko_Cultist_And_Trap","floor":23.0,"turns":6.0},{"damage":12.0,"enemies":"theJungle:JungleHuntersEncounter","floor":24.0,"turns":6.0},{"damage":20.0,"enemies":"theJungle:2_Flameangoes","floor":27.0,"turns":5.0},{"damage":18.0,"enemies":"theJungle:2_Snecko_Cultists","floor":31.0,"turns":3.0},{"damage":42.0,"enemies":"theJungle:QueenSpyder","floor":33.0,"turns":12.0},{"damage":38.0,"enemies":"3 Darklings","floor":35.0,"turns":3.0},{"damage":24.0,"enemies":"Mind Bloom Boss Battle","floor":37.0,"turns":10.0},{"damage":2.0,"enemies":"Orb Walker","floor":38.0,"turns":2.0},{"damage":28.0,"enemies":"Maw","floor":41.0,"turns":7.0},{"damage":41.0,"enemies":"Spire Growth","floor":45.0,"turns":5.0},{"damage":24.0,"enemies":"Transient","floor":47.0,"turns":5.0},{"damage":170,"enemies":"Donu and Deca","floor":50,"turns":12}],"seed_played":"1412475929906887396","potions_obtained":[{"floor":8.0,"key":"blueLaboratory:LouseDecoction"},{"floor":16.0,"key":"LiquidMemories"},{"floor":18.0,"key":"SpeedPotion"},{"floor":24.0,"key":"blueLaboratory:PhilterOfMotion"},{"floor":27.0,"key":"Dexterity Potion"},{"floor":33.0,"key":"blueLaboratory:ImpenetrablePotion"}],"is_trial":false,"path_per_floor":["M","?","$","?","?","E","R","E","T","M","R","$","R","?","R","B",null,"M","M","M","T","T","M","M","R","T","M","?","R","$","M","R","B",null,"M","?","?","M","?","R","M","$","T","R","M","R","M","?","R","B",null],"character_chosen":"MKU","items_purchased":["reliquary:ExpiredCoupon","reliquary:PrincelyHelmet","Regen Potion","Sadistic Nature"],"campfire_rested":9,"item_purchase_floors":[12,30,30,42],"current_hp_per_floor":[76,76,76,60,60,25,49,16,16,10,10,25,25,25,49,13,82,72,61,31,31,31,16,4,28,28,8,19,43,58,40,64,22,82,44,44,20,18,18,42,14,29,29,53,12,36,12,12,36,20],"gold":78,"neow_bonus":"TEN_PERCENT_HP_BONUS","is_daily":false,"chose_seed":false,"campfire_upgraded":2,"win_rate":0.0,"timestamp":1613033011,"path_taken":["M","?","$","?","?","E","R","E","T","M","R","?","R","?","R","BOSS","M","M","M","?","?","M","M","R","T","M","?","R","$","M","R","BOSS","M","?","?","M","?","R","M","$","T","R","M","R","?","?","R","BOSS"],"items_purchased_type":["Relic","Relic","Potion","Card"],"build_version":"2020-12-22","purchased_purges":2,"victory":true,"max_hp_per_floor":[82,82,82,82,82,82,82,82,82,82,82,82,82,82,82,82,82,82,82,82,82,82,82,82,82,82,82,82,82,82,82,82,82,82,82,82,82,82,82,82,82,82,82,82,82,82,82,82,82,82],"card_choices":[{"not_picked":["MokouMod:FusionFlare","MokouMod:UncontrollableSolarReaction"],"picked":"MokouMod:TemporalFireSeal","floor":1.0},{"not_picked":["MokouMod:Ember","MokouMod:InfernalWave"],"picked":"MokouMod:ResoluteFlare","floor":6.0},{"not_picked":["MokouMod:SubterraneanCore","MokouMod:Sear"],"picked":"MokouMod:FujiyamaVolcano","floor":8.0},{"not_picked":["MokouMod:UncontrollableSolarReaction","MokouMod:BurningDraft"],"picked":"MokouMod:Ember","floor":10.0},{"not_picked":["MokouMod:Geothermal","MokouMod:SacredFire"],"picked":"MokouMod:Ventilation","floor":16.0},{"not_picked":["MokouMod:AdaptivePyromancy","MokouMod:Overheat"],"picked":"MokouMod:IgnitionBlast","floor":18.0},{"not_picked":["MokouMod:AdaptivePyromancy","MokouMod:Firecracker+1"],"picked":"MokouMod:InfernalWave","floor":19.0},{"not_picked":["MokouMod:BlazingComet","MokouMod:Overheat"],"picked":"MokouMod:CrimsonArmoury+1","floor":20.0},{"not_picked":["MokouMod:FlareStarter","MokouMod:SubterraneanCore"],"picked":"MokouMod:FusionFlare","floor":23.0},{"not_picked":["MokouMod:BlazingComet","MokouMod:PhoenixFeathers+1"],"picked":"MokouMod:Fireball+1","floor":24.0},{"not_picked":["MokouMod:FujiyamaVolcano+1","MokouMod:Firecracker"],"picked":"MokouMod:Ember","floor":27.0},{"not_picked":["MokouMod:InfernalWave","MokouMod:BurningDraft"],"picked":"MokouMod:Sear+1","floor":31.0},{"not_picked":["MokouMod:Singe+1","MokouMod:InfernalWave"],"picked":"MokouMod:Stoke+1","floor":35.0},{"not_picked":["MokouMod:Firecracker","MokouMod:IcarusDive"],"picked":"MokouMod:SpontaneousHumanCombustion","floor":38.0},{"not_picked":["MokouMod:AdaptivePyromancy+1","MokouMod:BlazingComet+1","MokouMod:Ember"],"picked":"SKIP","floor":41.0},{"not_picked":["MokouMod:IndiscriminateIgnition+1","MokouMod:InfernalWave"],"picked":"MokouMod:WarmUp+1","floor":45.0},{"not_picked":["MokouMod:FlickeringFlame","MokouMod:Stoke","MokouMod:Scorch"],"picked":"SKIP","floor":47.0}],"player_experience":581121,"relics_obtained":[{"floor":6.0,"key":"MealTicket"},{"floor":8.0,"key":"Nunchaku"},{"floor":9.0,"key":"Lizard Tail"},{"floor":21.0,"key":"reliquary:Aerogel"},{"floor":22.0,"key":"reliquary:TuningFork"},{"floor":26.0,"key":"reliquary:PartyBalloon"},{"floor":37.0,"key":"Thread and Needle"}],"event_choices":[{"damage_healed":0.0,"max_hp_gain":0.0,"max_hp_loss":0.0,"gold_gain":0.0,"event_name":"Living Wall","player_choice":"Grow","floor":2.0,"gold_loss":0.0,"damage_taken":0.0,"cards_upgraded":["MokouMod:TemporalFireSeal"]},{"damage_healed":0.0,"max_hp_gain":0.0,"max_hp_loss":0.0,"gold_gain":0.0,"event_name":"Shining Light","player_choice":"Entered Light","floor":4.0,"gold_loss":0.0,"damage_taken":16.0,"cards_upgraded":["MokouMod:Defend","MokouMod:Defend"]},{"damage_healed":0.0,"max_hp_gain":0.0,"max_hp_loss":0.0,"gold_gain":175.0,"event_name":"Liars Game","player_choice":"AGREE","floor":5.0,"gold_loss":0.0,"damage_taken":0.0,"cards_obtained":["Doubt"]},{"damage_healed":0.0,"max_hp_gain":0.0,"max_hp_loss":0.0,"gold_gain":0.0,"event_name":"Upgrade Shrine","player_choice":"Upgraded","floor":14.0,"gold_loss":0.0,"damage_taken":0.0,"cards_upgraded":["MokouMod:HeatSpark"]},{"damage_healed":0.0,"max_hp_gain":0.0,"max_hp_loss":0.0,"gold_gain":0.0,"event_name":"Mysterious Sphere","player_choice":"Ignored","floor":36.0,"gold_loss":0.0,"damage_taken":0.0},{"damage_healed":0.0,"max_hp_gain":0.0,"max_hp_loss":0.0,"gold_gain":0.0,"event_name":"MindBloom","player_choice":"Fight","floor":37.0,"gold_loss":0.0,"damage_taken":0.0},{"damage_healed":0.0,"max_hp_gain":0.0,"max_hp_loss":0.0,"gold_gain":0.0,"event_name":"Tomb of Lord Red Mask","player_choice":"Ignored","floor":39.0,"gold_loss":0.0,"damage_taken":0.0},{"cards_removed":["MokouMod:Strike"],"damage_healed":0.0,"max_hp_gain":0.0,"max_hp_loss":0.0,"gold_gain":0.0,"event_name":"Falling","player_choice":"Removed Attack","floor":48.0,"gold_loss":0.0,"damage_taken":0.0}],"is_beta":false,"boss_relics":[{"not_picked":["Coffee Dripper","Runic Pyramid"],"picked":"Cursed Key"},{"not_picked":["Busted Crown","Tiny House"],"picked":"reliquary:KinkedSpring"}],"items_purged_floors":[12,30],"is_endless":false,"potions_floor_spawned":[8,16,18,24,27,33,38,47],"ascension_level":0}}