{"host":"8is2j71l4wmybkoi","time":1613023824,"event":{"mods":["AchievementEnabler","BaseMod","Colored Map","Minty Spire (QoL Compilation)","Rare Cards Sparkle","StSLib","SuperFastMode"],"gold_per_floor":[118,136,149,149,163,163,54,54,100,128,147,175,175,185,185,185,185],"floor_reached":16,"language":"KOR","playtime":630,"items_purged":["Strike_B"],"score":179,"play_id":"6f073815-3452-43d6-ba93-40ec70ea3e42","local_time":"20210211151024","is_ascension_mode":true,"campfire_choices":[{"data":"Consume","floor":6,"key":"SMITH"},{"data":"Static Discharge","floor":8,"key":"SMITH"},{"data":"Fusion","floor":15,"key":"SMITH"}],"circlet_count":0,"master_deck":["AscendersBane","Strike_B","Strike_B","Defend_B","Defend_B","Defend_B","Zap+1","Dualcast","Consume+1","Cold Snap","BootSequence","Turbo","Static Discharge+1","Reinforced Body","Fusion+1","Aggregate","Hologram"],"relics":["Cracked Core","Bag of Marbles","Juzu Bracelet","Odd Mushroom"],"acts_visited":["Exordium"],"potions_floor_usage":[10,11],"damage_taken":[{"damage":1,"enemies":"Cultist","floor":1,"turns":4},{"damage":5,"enemies":"Jaw Worm","floor":2,"turns":4},{"damage":0,"enemies":"Small Slimes","floor":3,"turns":3},{"damage":2,"enemies":"2 Fungi Beasts","floor":5,"turns":4},{"damage":7,"enemies":"Lagavulin","floor":10,"turns":8},{"damage":0,"enemies":"Gremlin Gang","floor":11,"turns":4},{"damage":5,"enemies":"The Mushroom Lair","floor":12,"turns":4},{"damage":11,"enemies":"Red Slaver","floor":14,"turns":5},{"damage":57,"enemies":"The Guardian","floor":16,"turns":8}],"seed_played":"3957230553448543456","potions_obtained":[{"floor":3,"key":"Block Potion"},{"floor":5,"key":"Explosive Potion"},{"floor":11,"key":"Dexterity Potion"}],"is_trial":false,"path_per_floor":["M","M","M","?","M","R","$","R","T","E","M","?","?","M","R","B"],"character_chosen":"DEFECT","items_purchased":["Static Discharge"],"campfire_rested":0,"item_purchase_floors":[7],"current_hp_per_floor":[63,58,58,58,56,56,56,56,56,49,49,44,44,33,33,0,0],"gold":185,"neow_bonus":"TRANSFORM_CARD","is_daily":false,"chose_seed":false,"campfire_upgraded":3,"win_rate":0.0,"timestamp":1613023824,"path_taken":["M","M","M","?","?","R","$","R","T","E","M","?","?","M","R","BOSS"],"items_purchased_type":["Card"],"build_version":"2020-12-22","purchased_purges":1,"victory":false,"max_hp_per_floor":[71,71,71,71,71,71,71,71,71,71,71,71,71,71,71,71,71],"card_choices":[{"not_picked":["Steam","Barrage"],"picked":"Cold Snap","floor":1},{"not_picked":["Ball Lightning","Stack"],"picked":"BootSequence","floor":2},{"not_picked":["Coolheaded","Static Discharge","Redo"],"picked":"SKIP","floor":3},{"not_picked":["Barrage","Reinforced Body"],"picked":"Turbo","floor":5},{"not_picked":["Compile Driver","Hello World"],"picked":"Reinforced Body","floor":10},{"not_picked":["Amplify","Rebound"],"picked":"Fusion","floor":11},{"not_picked":["Redo","Barrage"],"picked":"Aggregate","floor":12},{"not_picked":["Gash","Turbo"],"picked":"Hologram","floor":14}],"player_experience":1122119,"relics_obtained":[{"floor":9,"key":"Bag of Marbles"},{"floor":10,"key":"Juzu Bracelet"},{"floor":12,"key":"Odd Mushroom"}],"event_choices":[{"damage_healed":0,"gold_gain":0,"player_choice":"Upgraded","damage_taken":0,"max_hp_gain":0,"max_hp_loss":0,"event_name":"Upgrade Shrine","floor":4,"gold_loss":0,"cards_upgraded":["Zap"]},{"damage_healed":0,"gold_gain":0,"player_choice":"Fought Mushrooms","damage_taken":0,"max_hp_gain":0,"max_hp_loss":0,"event_name":"Mushrooms","floor":12,"gold_loss":0},{"cards_removed":["Defend_B"],"damage_healed":0,"gold_gain":0,"player_choice":"Offered Basic","damage_taken":0,"max_hp_gain":0,"max_hp_loss":0,"event_name":"Bonfire Elementals","floor":13,"gold_loss":0}],"is_beta":false,"boss_relics":[],"items_purged_floors":[7],"is_endless":false,"potions_floor_spawned":[3,5,11],"killed_by":"The Guardian","ascension_level":15}}