{"host":"ds1yr10zonoc6w4a","time":1613012440,"event":{"mods":["AchievementEnabler","Act Like it!","Aspiration","BaseMod","Better Match","Better Third Choice","BetterRewards","Downfall","Energized Spire","Gensokyo","Infinite Spire","Minty Spire (QoL Compilation)","Pale of the Ancients","Relic Filter Mod","Reliquary","Replay The Spire","Spire Arcade","StSLib","The Animator","The Cursed"],"gold_per_floor":[111,125,15,25,25,25,25,25],"floor_reached":7,"language":"ENG","playtime":812,"items_purged":[],"score":82,"play_id":"8bfd5d3e-4d44-41d2-93e1-c03b8cc1f1cd","local_time":"20210210200040","is_ascension_mode":true,"campfire_choices":[{"data":"animator:Rena","floor":6,"key":"SMITH"}],"circlet_count":0,"master_deck":["AscendersBane","animator:Strike_LogHorizon","animator:Defend_LogHorizon","animator:Strike","animator:Strike","animator:Defend","animator:Defend","animator:Defend","animator:Tohya","animator:Minori","animator:IrohaTamaki","animator:Rena+1","Gensokyo:BlemishedSteel","Gensokyo:TarnishedGold","animator:YuiTsuruno"],"relics":["animator:LivingPicture","animator:TheMissingPiece","animator:PurgingStone"],"acts_visited":["Exordium"],"potions_floor_usage":[4,7],"damage_taken":[{"damage":7,"enemies":"Gensokyo:Gryphon","floor":1,"turns":6},{"damage":12,"enemies":"Gensokyo:3_Fairies","floor":2,"turns":8},{"damage":0,"enemies":"Gensokyo:2_Kodama","floor":4,"turns":6},{"damage":36,"enemies":"Gensokyo:Aya","floor":7,"turns":8}],"seed_played":"6419861668246429763","potions_obtained":[{"floor":1,"key":"Milkshake"},{"floor":2,"key":"BlessingOfTheForge"}],"is_trial":false,"path_per_floor":["M","M","COS","M","?","R","E"],"character_chosen":"THE_ANIMATOR","items_purchased":[],"campfire_rested":0,"item_purchase_floors":[],"current_hp_per_floor":[47,35,35,35,35,35,0,0],"gold":25,"neow_bonus":"REMOVE_CARD","is_daily":false,"chose_seed":true,"campfire_upgraded":1,"win_rate":0.0,"timestamp":1613012440,"path_taken":["M","M","COS","M","?","R","E"],"items_purchased_type":[],"build_version":"2020-12-22","purchased_purges":0,"victory":false,"max_hp_per_floor":[60,60,60,60,60,60,60,60],"card_choices":[{"not_picked":["animator:YuiTsuruno","animator:SuzuneAmano"],"picked":"animator:IrohaTamaki","floor":1},{"not_picked":["animator:Natsumi","animator:YachiyoNanami"],"picked":"animator:Rena","floor":2},{"not_picked":["animator:Rena","animator:Ain"],"picked":"animator:YuiTsuruno","floor":4}],"player_experience":980256,"relics_obtained":[],"event_choices":[],"is_beta":false,"boss_relics":[],"items_purged_floors":[],"is_endless":false,"potions_floor_spawned":[1,2],"killed_by":"Gensokyo:Aya","ascension_level":20}}