{"host":"djoj10dqzzvtkauc","time":1613050599,"event":{"mods":["2.2 Compatiblity","BaseMod","Colored Map","DeckTracker","Highlight Path","Keyboard Shortcuts","Marisa£¨Ùöéë¡¡Øª×âÞÞ£©","Minty Spire (QoL Compilation)","Permanent Neow","Quick Restart","Random Character Button","StSLib","SuperFastMode","everything is the same but u backflip on backflip"],"gold_per_floor":[115,128,148,168,181,181,211,211,211,245,245,245,267,284,284,360,410,426,94,114,114,126,126,156,156,228,257,257,290,290,290,290,364,364,381,75,92,9,9,9,19,19,67,67,86,102,0,18,18,18],"floor_reached":51,"language":"KOR","playtime":1396,"items_purged":["Strike_G","Strike_G+1"],"score":1273,"play_id":"a0f96a9e-b5ab-4421-b6fc-4813769d73a8","local_time":"20210211223639","is_ascension_mode":true,"campfire_choices":[{"data":"Dagger Spray","floor":6.0,"key":"SMITH"},{"floor":8.0,"key":"REST"},{"floor":11.0,"key":"REST"},{"floor":15.0,"key":"REST"},{"data":"Bullet Time","floor":23.0,"key":"SMITH"},{"floor":25.0,"key":"REST"},{"data":"Blade Dance","floor":30.0,"key":"SMITH"},{"data":"Cloak And Dagger","floor":32.0,"key":"SMITH"},{"data":"Backflip","floor":40,"key":"SMITH"},{"data":"Dodge and Roll","floor":44,"key":"SMITH"},{"floor":49,"key":"REST"}],"circlet_count":0,"master_deck":["AscendersBane","Defend_G+1","Defend_G+1","Defend_G+1","Defend_G+1","Survivor","Neutralize","Dagger Spray+1","Blade Dance+1","Dash+1","Deflect+1","Blade Dance","Bullet Time+1","Quick Slash","Accuracy+1","Dodge and Roll+1","After Image+1","Poisoned Stab","Deadly Poison","Accuracy+1","Masterful Stab","Footwork+1","PiercingWail","Backstab","Cloak And Dagger+1","PiercingWail","Blade Dance+1","Wraith Form v2+1","Backflip+1","Accuracy+1","Infinite Blades+1","Caltrops+1","Enlightenment","Mayhem+1","Accuracy+1","Noxious Fumes+1","Cloak And Dagger+1"],"relics":["Ring of the Serpent","Frozen Egg 2","Paper Crane","Mercury Hourglass","Odd Mushroom","Tiny House","Orichalcum","Blue Candle","Molten Egg 2","Boot","Bronze Scales","Membership Card","Lantern","Anchor","Red Mask"],"acts_visited":["Exordium","TheCity","TheBeyond"],"potions_floor_usage":[41,48,50],"damage_taken":[{"damage":0.0,"enemies":"Jaw Worm","floor":1.0,"turns":6.0},{"damage":0.0,"enemies":"2 Louse","floor":2.0,"turns":2.0},{"damage":0.0,"enemies":"Small Slimes","floor":3.0,"turns":3.0},{"damage":0.0,"enemies":"Looter","floor":4.0,"turns":4.0},{"damage":12.0,"enemies":"Lots of Slimes","floor":5.0,"turns":2.0},{"damage":21.0,"enemies":"Lagavulin","floor":7.0,"turns":8.0},{"damage":15.0,"enemies":"3 Sentries","floor":10.0,"turns":8.0},{"damage":2.0,"enemies":"The Mushroom Lair","floor":13.0,"turns":4.0},{"damage":2.0,"enemies":"Blue Slaver","floor":14.0,"turns":2.0},{"damage":20.0,"enemies":"Slime Boss","floor":16.0,"turns":7.0},{"damage":0.0,"enemies":"Chosen","floor":18.0,"turns":4.0},{"damage":10.0,"enemies":"Spheric Guardian","floor":20.0,"turns":4.0},{"damage":6.0,"enemies":"Chosen and Byrds","floor":22.0,"turns":4.0},{"damage":28.0,"enemies":"Slavers","floor":24.0,"turns":4.0},{"damage":0.0,"enemies":"Gremlin Leader","floor":27.0,"turns":5.0},{"damage":12.0,"enemies":"Book of Stabbing","floor":29.0,"turns":8.0},{"damage":49.0,"enemies":"Automaton","floor":33.0,"turns":8.0},{"damage":8,"enemies":"3 Shapes","floor":35,"turns":3},{"damage":0,"enemies":"Orb Walker","floor":37,"turns":3},{"damage":12,"enemies":"3 Darklings","floor":41,"turns":4},{"damage":31,"enemies":"Spire Growth","floor":45,"turns":3},{"damage":0,"enemies":"4 Shapes","floor":46,"turns":6},{"damage":0,"enemies":"Transient","floor":48,"turns":5},{"damage":17,"enemies":"Time Eater","floor":50,"turns":10}],"seed_played":"2406372524871874094","potions_obtained":[{"floor":2.0,"key":"Weak Potion"},{"floor":5.0,"key":"SpeedPotion"},{"floor":10.0,"key":"Dexterity Potion"},{"floor":17.0,"key":"Poison Potion"},{"floor":18.0,"key":"Fruit Juice"},{"floor":24.0,"key":"DistilledChaos"},{"floor":41,"key":"Fruit Juice"},{"floor":45,"key":"Block Potion"},{"floor":46,"key":"Block Potion"},{"floor":48,"key":"SmokeBomb"}],"is_trial":false,"path_per_floor":["M","M","M","M","M","R","E","R","T","E","R","?","?","M","R","B",null,"M","$","M","?","M","R","E","R","T","E","?","E","R","?","R","B",null,"M","$","M","$","?","R","M","$","T","R","M","M","?","M","R","B",null],"character_chosen":"THE_SILENT","items_purchased":["Accuracy+1","Masterful Stab","Orichalcum","Membership Card","Lantern","Accuracy+1","Caltrops+1","Enlightenment"],"campfire_rested":5,"item_purchase_floors":[19,19,19,36,36,36,38,38],"current_hp_per_floor":[44,44,44,44,32,32,11,30,30,15,34,21,19,17,36,16,59,64,64,54,54,48,48,20,42,42,42,42,30,30,76,76,27,64,56,56,56,56,56,56,49,49,49,49,18,18,18,18,42,25],"gold":18,"neow_bonus":"REMOVE_TWO","is_daily":false,"chose_seed":false,"campfire_upgraded":6,"win_rate":0.0,"timestamp":1613050599,"path_taken":["M","M","M","M","M","R","E","R","T","E","R","?","?","M","R","BOSS","M","$","M","?","M","R","E","R","T","E","?","E","R","?","R","BOSS","M","$","M","?","?","R","M","$","T","R","M","M","?","M","R","BOSS"],"items_purchased_type":["Card","Card","Relic","Relic","Relic","Card","Card","Card"],"build_version":"2020-12-22","purchased_purges":2,"victory":true,"max_hp_per_floor":[66,66,66,66,66,66,66,66,66,66,66,66,66,66,66,66,71,76,76,76,76,76,76,76,76,76,76,76,76,76,76,76,76,76,76,76,76,76,76,76,81,81,81,81,81,81,81,81,81,81],"card_choices":[{"not_picked":["Deadly Poison","Blade Dance"],"picked":"Dagger Spray","floor":1.0},{"not_picked":["Tactician","Outmaneuver"],"picked":"Blade Dance","floor":2.0},{"not_picked":["Bouncing Flask","Terror"],"picked":"Dash","floor":3.0},{"not_picked":["Expertise","Flying Knee"],"picked":"Deflect","floor":4.0},{"not_picked":["Prepared","Dagger Throw"],"picked":"Blade Dance","floor":5.0},{"not_picked":["Quick Slash","Dagger Spray"],"picked":"Bullet Time","floor":7.0},{"not_picked":["Catalyst","Heel Hook"],"picked":"Quick Slash","floor":10.0},{"not_picked":["Skewer","Outmaneuver"],"picked":"Accuracy+1","floor":13.0},{"not_picked":["Quick Slash","Setup"],"picked":"Dodge and Roll","floor":14.0},{"not_picked":["Doppelganger","Glass Knife"],"picked":"After Image+1","floor":16.0},{"not_picked":["Bane","Expertise"],"picked":"Poisoned Stab","floor":17.0},{"not_picked":["Sucker Punch","Bane"],"picked":"Deadly Poison","floor":18.0},{"not_picked":["Predator","Backflip"],"picked":"Footwork+1","floor":20.0},{"not_picked":["Outmaneuver","Dagger Throw"],"picked":"Backstab","floor":22.0},{"not_picked":["Predator","Dash"],"picked":"Cloak And Dagger","floor":24.0},{"not_picked":["Accuracy+1","All Out Attack+1"],"picked":"PiercingWail","floor":27.0},{"not_picked":["Acrobatics","Noxious Fumes+1"],"picked":"Blade Dance","floor":29.0},{"not_picked":["Storm of Steel","Doppelganger"],"picked":"Wraith Form v2+1","floor":33.0},{"not_picked":["Outmaneuver","Slice+1"],"picked":"Backflip","floor":35},{"not_picked":["Outmaneuver","Bane+1"],"picked":"Infinite Blades+1","floor":37},{"not_picked":["Bandage Up","PanicButton"],"picked":"Mayhem+1","floor":39},{"not_picked":["Backflip","Acrobatics+1"],"picked":"Accuracy+1","floor":41},{"not_picked":["Bane+1","Predator+1"],"picked":"Noxious Fumes+1","floor":45},{"not_picked":["Flying Knee+1","Underhanded Strike+1","Outmaneuver"],"picked":"SKIP","floor":46},{"not_picked":["Setup","Deadly Poison+1"],"picked":"Cloak And Dagger+1","floor":48}],"player_experience":229452,"relics_obtained":[{"floor":7.0,"key":"Frozen Egg 2"},{"floor":9.0,"key":"Paper Crane"},{"floor":10.0,"key":"Mercury Hourglass"},{"floor":13.0,"key":"Odd Mushroom"},{"floor":24.0,"key":"Blue Candle"},{"floor":26.0,"key":"Molten Egg 2"},{"floor":27.0,"key":"Boot"},{"floor":29.0,"key":"Bronze Scales"},{"floor":43,"key":"Anchor"}],"event_choices":[{"damage_healed":0.0,"max_hp_gain":0.0,"max_hp_loss":0.0,"gold_gain":0.0,"event_name":"Shining Light","player_choice":"Entered Light","floor":12.0,"gold_loss":0.0,"damage_taken":13.0,"cards_upgraded":["Blade Dance","Dash"]},{"damage_healed":0.0,"max_hp_gain":0.0,"max_hp_loss":0.0,"gold_gain":0.0,"event_name":"Mushrooms","player_choice":"Fought Mushrooms","floor":13.0,"gold_loss":0.0,"damage_taken":0.0},{"damage_healed":0.0,"max_hp_gain":0.0,"max_hp_loss":0.0,"gold_gain":0.0,"cards_transformed":["Strike_G","Strike_G"],"event_name":"Drug Dealer","player_choice":"Became Test Subject","floor":21.0,"gold_loss":0.0,"damage_taken":0.0,"cards_obtained":["Setup","PiercingWail"]},{"damage_healed":0.0,"max_hp_gain":0.0,"max_hp_loss":0.0,"gold_gain":0.0,"event_name":"Back to Basics","player_choice":"Simplicity","floor":28.0,"gold_loss":0.0,"damage_taken":0.0,"cards_upgraded":["Strike_G","Defend_G","Defend_G","Defend_G","Defend_G"]},{"cards_removed":["Setup"],"damage_healed":46.0,"max_hp_gain":0.0,"max_hp_loss":0.0,"gold_gain":0.0,"event_name":"Bonfire Elementals","player_choice":"Offered Uncommon","floor":31.0,"gold_loss":0.0,"damage_taken":0.0},{"damage_healed":0,"gold_gain":0,"player_choice":"Memory 1","damage_taken":0,"max_hp_gain":0,"max_hp_loss":0,"event_name":"SensoryStone","floor":39,"gold_loss":0},{"damage_healed":0,"gold_gain":0,"player_choice":"Paid","damage_taken":0,"relics_obtained":["Red Mask"],"max_hp_gain":0,"max_hp_loss":0,"event_name":"Tomb of Lord Red Mask","floor":47,"gold_loss":102}],"is_beta":false,"boss_relics":[{"not_picked":["Fusion Hammer","Coffee Dripper"],"picked":"Tiny House"},{"not_picked":["Cursed Key","SlaversCollar"],"picked":"Ring of the Serpent"}],"items_purged_floors":[19,36],"is_endless":false,"potions_floor_spawned":[2,5,10,18,24,41,45,46,48],"ascension_level":14}}