{"host":"qc8p2flj7wsy3zpg","time":1613012490,"event":{"mods":["BaseMod","Highlight Path","Minty Spire (QoL Compilation)","Monster List Patch","Relic Stats","StSLib"],"gold_per_floor":[115,125,125,125,125,125,137,150,150,150,150,48,80,30,30,129,129,142,168,168,168,179,179,197,228,228,228,238,41,57,57,57,162,162,182,26,248,248,258,258,258,285,335,348,363,382,393,421,421,421,421],"floor_reached":50,"language":"ENG","playtime":1190,"items_purged":[],"score":515,"play_id":"f558ea31-eda7-4d13-9df0-77b12d13b846","local_time":"20210210210130","is_ascension_mode":false,"campfire_choices":[{"floor":6.0,"key":"REST"},{"floor":11.0,"key":"REST"},{"floor":15.0,"key":"REST"},{"floor":23.0,"key":"REST"},{"floor":27.0,"key":"REST"},{"floor":32.0,"key":"REST"},{"floor":40.0,"key":"REST"},{"floor":49,"key":"REST"}],"circlet_count":0,"master_deck":["Strike_G","Strike_G","Strike_G","Strike_G","Defend_G","Defend_G","Defend_G","Defend_G","Defend_G","Survivor","Neutralize","Flying Knee+1","Bane","Poisoned Stab","Sucker Punch","Quick Slash","Backstab","Unload","Dagger Throw+1","Backflip","Bouncing Flask+1","Accuracy","Blade Dance","Underhanded Strike","Predator+1","Adrenaline","PiercingWail","Prepared+1","Parasite","Leg Sweep+1","Crippling Poison+1","Catalyst"],"relics":["Fusion Hammer","Darkstone Periapt","Omamori","Eternal Feather","WristBlade","Red Mask","Necronomicon","Ninja Scroll","Gremlin Horn","Oddly Smooth Stone","Calling Bell","Toy Ornithopter","InkBottle","FossilizedHelix","Snake Skull","Anchor","Smiling Mask","Singing Bowl"],"acts_visited":["Exordium","TheCity","TheBeyond"],"potions_floor_usage":[48,50,50],"damage_taken":[{"damage":0.0,"enemies":"2 Louse","floor":1.0,"turns":3.0},{"damage":3.0,"enemies":"Jaw Worm","floor":2.0,"turns":3.0},{"damage":0.0,"enemies":"Small Slimes","floor":7.0,"turns":3.0},{"damage":1.0,"enemies":"Exordium Thugs","floor":8.0,"turns":4.0},{"damage":26.0,"enemies":"Lagavulin","floor":13.0,"turns":4.0},{"damage":43.0,"enemies":"The Guardian","floor":16.0,"turns":14.0},{"damage":22.0,"enemies":"2 Thieves","floor":18.0,"turns":4.0},{"damage":14.0,"enemies":"Masked Bandits","floor":19.0,"turns":3.0},{"damage":6.0,"enemies":"Chosen","floor":22.0,"turns":3.0},{"damage":19.0,"enemies":"Centurion and Healer","floor":24.0,"turns":5.0},{"damage":24.0,"enemies":"Slavers","floor":25.0,"turns":6.0},{"damage":17.0,"enemies":"Shelled Parasite and Fungi","floor":28.0,"turns":4.0},{"damage":0.0,"enemies":"3 Cultists","floor":30.0,"turns":3.0},{"damage":55.0,"enemies":"Collector","floor":33.0,"turns":8.0},{"damage":0.0,"enemies":"3 Shapes","floor":35.0,"turns":2.0},{"damage":0.0,"enemies":"Orb Walker","floor":39.0,"turns":1.0},{"damage":0,"enemies":"3 Darklings","floor":44,"turns":3},{"damage":24,"enemies":"Writhing Mass","floor":45,"turns":5},{"damage":6,"enemies":"Maw","floor":46,"turns":5},{"damage":13,"enemies":"Spire Growth","floor":47,"turns":3},{"damage":22,"enemies":"Giant Head","floor":48,"turns":6},{"damage":92,"enemies":"Awakened One","floor":50,"turns":11}],"seed_played":"4164224104221856263","potions_obtained":[{"floor":8.0,"key":"Fire Potion"},{"floor":13.0,"key":"ColorlessPotion"},{"floor":16.0,"key":"Ancient Potion"},{"floor":22.0,"key":"BlessingOfTheForge"},{"floor":24.0,"key":"LiquidMemories"},{"floor":30.0,"key":"LiquidMemories"},{"floor":33.0,"key":"FairyPotion"},{"floor":39.0,"key":"SpeedPotion"},{"floor":48,"key":"SpeedPotion"}],"is_trial":false,"path_per_floor":["M","M","?","?","?","R","M","M","T","?","R","$","E","$","R","B",null,"M","?","?","?","M","R","M","E","T","R","M","$","M","?","R","B",null,"M","$","?","?","M","R","?","T","T","M","M","M","M","E","R","B"],"character_chosen":"THE_SILENT","items_purchased":["Quick Slash","CunningPotion","SteroidPotion","Underhanded Strike","Oddly Smooth Stone","Snake Skull"],"campfire_rested":8,"item_purchase_floors":[12,12,14,29,29,36],"current_hp_per_floor":[70,67,64,64,57,70,70,69,69,69,70,70,44,44,70,27,70,48,34,57,41,35,68,49,25,25,58,41,41,41,41,70,15,70,70,70,70,66,66,66,66,66,66,66,48,42,29,12,51,0,0],"gold":421,"neow_bonus":"BOSS_RELIC","is_daily":false,"chose_seed":false,"campfire_upgraded":0,"win_rate":0.0,"timestamp":1613012490,"path_taken":["M","M","?","?","?","R","M","?","T","?","R","?","E","$","R","BOSS","M","?","?","?","M","R","M","E","T","R","M","?","?","?","R","BOSS","M","$","?","?","M","R","?","?","T","M","M","M","?","E","R","BOSS"],"items_purchased_type":["Card","Potion","Potion","Card","Relic","Relic"],"build_version":"2020-12-22","purchased_purges":0,"victory":false,"max_hp_per_floor":[70,70,70,70,70,70,70,70,70,70,70,70,70,70,70,70,70,70,70,70,70,70,70,70,70,70,70,70,70,70,70,70,70,70,70,70,70,66,66,66,66,66,66,66,72,72,72,72,72,72,72],"relic_stats":{"Darkstone Periapt":6,"Gremlin Horn":[13,13],"Singing Bowl":0,"counters":[22,103],"Eternal Feather":66,"Snake Skull":[43],"Necronomicon":[21],"Smiling Mask":0,"obtain_stats":[{"Darkstone Periapt":3,"Gremlin Horn":26,"Singing Bowl":48,"Oddly Smooth Stone":29,"Eternal Feather":13,"Snake Skull":36,"Omamori":9,"Smiling Mask":43,"Calling Bell":34,"Anchor":42,"WristBlade":17,"Ninja Scroll":25,"Fusion Hammer":0,"Red Mask":19,"Necronomicon":21,"Toy Ornithopter":34,"InkBottle":34,"FossilizedHelix":34,"Ring of the Snake":0},{"Darkstone Periapt":2,"Gremlin Horn":11,"Singing Bowl":21,"Oddly Smooth Stone":12,"Eternal Feather":5,"Snake Skull":15,"Omamori":4,"Smiling Mask":16,"Calling Bell":14,"Anchor":16,"WristBlade":6,"Ninja Scroll":11,"Fusion Hammer":0,"Red Mask":8,"Necronomicon":8,"Toy Ornithopter":14,"InkBottle":14,"FossilizedHelix":14,"Ring of the Snake":0},{"Darkstone Periapt":6,"Gremlin Horn":52,"Singing Bowl":92,"Oddly Smooth Stone":56,"Eternal Feather":17,"Snake Skull":69,"Omamori":13,"Smiling Mask":70,"Calling Bell":67,"Anchor":70,"WristBlade":31,"Ninja Scroll":52,"Fusion Hammer":0,"Red Mask":38,"Necronomicon":38,"Toy Ornithopter":67,"InkBottle":67,"FossilizedHelix":67,"Ring of the Snake":0}],"Toy Ornithopter":15,"InkBottle":[23]},"card_choices":[{"not_picked":["Deadly Poison","Concentrate"],"picked":"Flying Knee","floor":1.0},{"not_picked":["Accuracy","PiercingWail"],"picked":"Bane","floor":2.0},{"not_picked":["Footwork","Deadly Poison"],"picked":"Poisoned Stab","floor":7.0},{"not_picked":["Backflip","After Image"],"picked":"Sucker Punch","floor":8.0},{"not_picked":["Quick Slash","Dagger Throw"],"picked":"Backstab","floor":13.0},{"not_picked":["After Image","Bullet Time"],"picked":"Unload","floor":16.0},{"not_picked":["Eviscerate","Deadly Poison"],"picked":"Dagger Throw+1","floor":18.0},{"not_picked":["Expertise","Reflex"],"picked":"Backflip","floor":19.0},{"not_picked":["Flechettes","Infinite Blades"],"picked":"Bouncing Flask+1","floor":24.0},{"not_picked":["Reflex","Concentrate+1"],"picked":"Accuracy","floor":25.0},{"not_picked":["Bouncing Flask","Acrobatics"],"picked":"Blade Dance","floor":28.0},{"not_picked":["Quick Slash+1","Reflex"],"picked":"Predator+1","floor":30.0},{"not_picked":["Night Terror","Venomology"],"picked":"Adrenaline","floor":33.0},{"not_picked":["Setup","Deadly Poison"],"picked":"PiercingWail","floor":39.0},{"not_picked":["Bane+1","PiercingWail"],"picked":"Prepared+1","floor":44},{"not_picked":["Flying Knee+1","Deadly Poison+1"],"picked":"Leg Sweep+1","floor":45},{"not_picked":["Well Laid Plans+1","Deadly Poison+1"],"picked":"Crippling Poison+1","floor":46},{"not_picked":["Flying Knee+1","Bane+1"],"picked":"Catalyst","floor":48}],"player_experience":2363236,"relics_obtained":[{"floor":9.0,"key":"Omamori"},{"floor":13.0,"key":"Eternal Feather"},{"floor":19.0,"key":"Red Mask"},{"floor":21.0,"key":"Necronomicon"},{"floor":25.0,"key":"Ninja Scroll"},{"floor":26.0,"key":"Gremlin Horn"},{"floor":34.0,"key":"Toy Ornithopter"},{"floor":34.0,"key":"InkBottle"},{"floor":34.0,"key":"FossilizedHelix"},{"floor":42,"key":"Anchor"},{"floor":43,"key":"Smiling Mask"},{"floor":48,"key":"Singing Bowl"}],"event_choices":[{"damage_healed":0.0,"max_hp_gain":0.0,"max_hp_loss":0.0,"gold_gain":0.0,"event_name":"Scrap Ooze","player_choice":"Success","floor":3.0,"gold_loss":0.0,"damage_taken":3.0,"relics_obtained":["Darkstone Periapt"]},{"damage_healed":0.0,"max_hp_gain":0.0,"max_hp_loss":0.0,"gold_gain":0.0,"event_name":"Living Wall","player_choice":"Grow","floor":4.0,"gold_loss":0.0,"damage_taken":0.0,"cards_upgraded":["Flying Knee"]},{"cards_removed":["Strike_G"],"damage_healed":0.0,"max_hp_gain":0.0,"max_hp_loss":0.0,"gold_gain":0.0,"event_name":"Golden Wing","player_choice":"Card Removal","floor":5.0,"gold_loss":0.0,"damage_taken":7.0},{"damage_healed":0.0,"max_hp_gain":0.0,"max_hp_loss":0.0,"gold_gain":0.0,"event_name":"Dead Adventurer","player_choice":"Searched \u00270\u0027 times","floor":10.0,"gold_loss":0.0,"damage_taken":0.0},{"damage_healed":0.0,"max_hp_gain":0.0,"max_hp_loss":0.0,"gold_gain":0.0,"event_name":"Masked Bandits","player_choice":"Fought Bandits","floor":19.0,"gold_loss":0.0,"damage_taken":0.0},{"damage_healed":23.0,"max_hp_gain":0.0,"max_hp_loss":0.0,"gold_gain":0.0,"event_name":"The Library","player_choice":"Heal","floor":20.0,"gold_loss":0.0,"damage_taken":0.0},{"damage_healed":0.0,"max_hp_gain":0.0,"max_hp_loss":0.0,"gold_gain":0.0,"event_name":"Cursed Tome","player_choice":"Obtained Book","floor":21.0,"gold_loss":0.0,"damage_taken":16.0},{"damage_healed":0.0,"max_hp_gain":0.0,"max_hp_loss":0.0,"gold_gain":0.0,"event_name":"Vampires","player_choice":"Ignored","floor":31.0,"gold_loss":0.0,"damage_taken":0.0},{"damage_healed":0.0,"max_hp_gain":0.0,"max_hp_loss":0.0,"gold_gain":222.0,"event_name":"Tomb of Lord Red Mask","player_choice":"Wore Mask","floor":37.0,"gold_loss":0.0,"damage_taken":0.0},{"damage_healed":0.0,"max_hp_gain":0.0,"max_hp_loss":4.0,"gold_gain":0.0,"event_name":"Winding Halls","player_choice":"Max HP","floor":38.0,"gold_loss":0.0,"damage_taken":0.0},{"damage_healed":0,"gold_gain":0,"player_choice":"Ignored","damage_taken":0,"max_hp_gain":0,"max_hp_loss":0,"event_name":"Mysterious Sphere","floor":41,"gold_loss":0}],"is_beta":false,"boss_relics":[{"not_picked":["SacredBark","Astrolabe"],"picked":"WristBlade"},{"not_picked":["Runic Dome","Black Star"],"picked":"Calling Bell"}],"items_purged_floors":[],"is_endless":false,"potions_floor_spawned":[8,13,16,22,24,30,33,39,45,48],"killed_by":"Awakened One","ascension_level":0}}