{"host":"v543qxxvvceaeui9","time":1613031421,"event":{"mods":["BaseMod","BetterRewards","Downfall","Hermit","Hubris","Infinite Spire","Marisa????????","Minty Spire (QoL Compilation)","Quick Restart","Replay The Spire","StSLib"],"gold_per_floor":[99,118,118,134,134,134,149,149,197,227,227,327,327,344,67,85,102,200,200,200,223,223,252,252,284,284,329,329,378,32,32,32,66,112,248,248,248,277,303,339,391,423,448,348,348,385,419,419,471,529,553,575],"floor_reached":53,"language":"ENG","playtime":3882,"items_purged":["Guardian:Strike_Guardian"],"score":860,"play_id":"61c257cf-45be-47c6-8d5d-accb5924c051","local_time":"20210211031701","is_ascension_mode":false,"campfire_choices":[{"data":"Guardian:TwinSlam","floor":1,"key":"SMITH"},{"data":"infinitespire:TheBestDefense","floor":8,"key":"SMITH"},{"data":"Guardian:Recover","floor":13,"key":"SMITH"},{"data":"Guardian:PrismaticBeam","floor":20,"key":"SMITH"},{"data":"Guardian:StasisField","floor":28,"key":"SMITH"},{"floor":31,"key":"REST"},{"floor":37,"key":"DIG"},{"data":"Guardian:CurlUp","floor":44,"key":"SMITH"},{"floor":48,"key":"REST"}],"circlet_count":0,"master_deck":["Guardian:Strike_Guardian","Guardian:Defend_Guardian","Guardian:Defend_Guardian","Guardian:Defend_Guardian+1","Guardian:CurlUp+1","Guardian:TwinSlam+1","Guardian:Recover+1","infinitespire:TheBestDefense+1","Guardian:BodySlam+1","Guardian:PrismaticBeam+1","Guardian:ShieldCharger","expansioncontent:AwakenDeath","Guardian:Recover","Guardian:StasisField+1","CurseOfTheBell","Guardian:BronzeOrb+1","Guardian:PolyBeam","Guardian:ShieldSpikes","Guardian:BronzeOrb+1","Guardian:SentryBeam","Guardian:EvasiveProtocol+1","expansioncontent:QuickStudy","Guardian:TemporalStrike","Guardian:PolyBeam+1","Guardian:StasisField","Guardian:VentSteam+1","Guardian:VentSteam+1","Guardian:EvasiveProtocol","Guardian:TemporalShield+1","Guardian:Incinerate+1","Guardian:WalkerClaw+1"],"relics":["Guardian:ModeShifter","hubris:TenFootPole","infinitespire:Satchel","Replay:Rubber Ducky","Dream Catcher","Calling Bell","Unceasing Top","infinitespire:WardingShard","Replay:Bandana","hubris:Towel","hubris:MysteriousPyramids","infinitespire:Beetle Shell","Replay:Bottled Flurry","Gremlin Food","Vajra","hubris:BottledRain","Sozu","Blue Doll","downfall:HeartBlessingBlue","Replay:Bottled Steam","HornCleat"],"acts_visited":["Exordium","TheCity","TheBeyond"],"potions_floor_usage":[12,12,18,18,50,52],"damage_taken":[{"damage":2,"enemies":"Small Slimes","floor":2,"turns":4},{"damage":1,"enemies":"Jaw Worm","floor":4,"turns":4},{"damage":4,"enemies":"2 Louse","floor":7,"turns":3},{"damage":5,"enemies":"Replay:BlueRogue","floor":10,"turns":4},{"damage":1,"enemies":"downfall:Heads","floor":12,"turns":4},{"damage":6,"enemies":"Exordium Wildlife","floor":14,"turns":3},{"damage":2,"enemies":"downfall:FleeingMerchant","floor":15,"turns":4},{"damage":0,"enemies":"3 Louse","floor":16,"turns":4},{"damage":12,"enemies":"Lots of Slimes","floor":17,"turns":4},{"damage":1,"enemies":"WA_ARCHETYPE_RETAIN","floor":18,"turns":4},{"damage":0,"enemies":"Spheric Guardian","floor":21,"turns":4},{"damage":3,"enemies":"3 Cultists","floor":23,"turns":4},{"damage":2,"enemies":"Snecko","floor":25,"turns":3},{"damage":0,"enemies":"Nightmare","floor":27,"turns":3},{"damage":0,"enemies":"Replay:Snechameleon","floor":29,"turns":3},{"damage":5,"enemies":"downfall:FleeingMerchant","floor":30,"turns":4},{"damage":1,"enemies":"Sentry and Sphere","floor":33,"turns":3},{"damage":0,"enemies":"Shelled Parasite and Fungi","floor":34,"turns":3},{"damage":7,"enemies":"IC_MUSHROOM_ARCHETYPE","floor":35,"turns":6},{"damage":0,"enemies":"Orb Walker","floor":38,"turns":1},{"damage":0,"enemies":"3 Shapes","floor":39,"turns":2},{"damage":0,"enemies":"Spire Growth","floor":40,"turns":2},{"damage":0,"enemies":"4 Shapes","floor":41,"turns":3},{"damage":3,"enemies":"Jaw Worm Horde","floor":42,"turns":6},{"damage":0,"enemies":"Transient","floor":46,"turns":4},{"damage":19,"enemies":"4 Shapes","floor":47,"turns":5},{"damage":8,"enemies":"Writhing Mass","floor":49,"turns":3},{"damage":0,"enemies":"Reptomancer","floor":50,"turns":2},{"damage":0,"enemies":"3 Darklings","floor":51,"turns":2},{"damage":0,"enemies":"DF_ARCHETYPE_ORBS","floor":52,"turns":4}],"seed_played":"-2224319144463648641","potions_obtained":[{"floor":4,"key":"Flashbang"},{"floor":10,"key":"Toxic Potion"},{"floor":14,"key":"SkillPotion"},{"floor":16,"key":"Guardian:AcceleratePotion"},{"floor":17,"key":"FairyPotion"},{"floor":18,"key":"SkillPotion"},{"floor":21,"key":"Strength Potion"}],"is_trial":false,"path_per_floor":["R","M","?","M","PTL","PTL","M","R","T","E","?","?","R","M","$","M","M","B",null,"R","M","?","M","?","M","T","NM","R","E","$","R","?","M","M","B",null,"R","M","M","M","M","M","T","R","?","M","M","R","M","E","M","B",null],"character_chosen":"GUARDIAN","items_purchased":["Guardian:Gem_Red","expansioncontent:AwakenDeath","Dream Catcher","Gremlin Food","Guardian:EvasiveProtocol","Guardian:Gem_Purple","Vajra","expansioncontent:QuickStudy"],"campfire_rested":2,"item_purchase_floors":[15,15,15,30,30,30,30,30],"current_hp_per_floor":[80,78,69,68,68,68,64,64,64,59,59,58,58,52,50,50,38,37,80,80,80,80,77,77,75,75,75,75,75,70,80,80,79,79,72,80,80,80,80,80,80,77,77,87,87,87,68,90,82,82,82,82],"gold":575,"neow_bonus":"RANDOM_COMMON_RELIC","is_daily":false,"chose_seed":false,"campfire_upgraded":6,"win_rate":0.0,"timestamp":1613031421,"path_taken":["R","M","?","M","PTL","PTL","M","R","T","E","?","?","R","M","$","M","M","BOSS","R","M","?","M","?","M","T","NM","R","E","?","R","?","M","M","BOSS","R","M","M","M","M","M","T","R","?","M","M","R","M","E","M","BOSS"],"items_purchased_type":["Card","Card","Relic","Relic","Card","Card","Relic","Card"],"build_version":"2020-12-22","purchased_purges":1,"victory":true,"max_hp_per_floor":[80,80,80,80,80,80,80,80,80,80,80,80,80,80,80,80,80,80,80,80,80,80,80,80,80,80,80,80,80,80,80,80,80,80,80,80,80,80,80,80,80,80,80,90,90,90,90,90,90,90,90,90],"card_choices":[{"not_picked":["Guardian:Gem_Cyan","Guardian:Reroute"],"picked":"Guardian:Recover","floor":2},{"not_picked":["infinitespire:Gouge","infinitespire:NeuralNetwork"],"picked":"infinitespire:TheBestDefense","floor":3},{"not_picked":["Guardian:TemporalShield","Guardian:TimeCapacitor"],"picked":"Guardian:Gem_Red","floor":4},{"not_picked":["Guardian:PrismaticBarrier","Guardian:Reroute"],"picked":"Guardian:Gem_Red","floor":7},{"not_picked":["Guardian:PiercingHide","Guardian:CrystalBeam"],"picked":"Guardian:BodySlam","floor":10},{"not_picked":["Guardian:PrimingBeam","Guardian:ChargeCore"],"picked":"Guardian:ShieldCharger","floor":12},{"not_picked":["Guardian:TemporalShield","Guardian:PrismaticBarrier","Guardian:VentSteam"],"picked":"SKIP","floor":14},{"not_picked":["Guardian:Gem_Blue","Guardian:ExploitGems"],"picked":"Guardian:Gem_Fragmented","floor":15},{"not_picked":["Guardian:Incinerate","Guardian:Gem_Lightblue"],"picked":"Guardian:Recover","floor":16},{"not_picked":["Guardian:PrimingBeam","Guardian:PrismaticBarrier"],"picked":"Guardian:Gem_Cyan","floor":17},{"not_picked":["Guardian:RevengeProtocol","Guardian:FastForward"],"picked":"Guardian:StasisField","floor":18},{"not_picked":["Guardian:Gem_Cyan","Guardian:TemporalShield"],"picked":"Guardian:BronzeOrb+1","floor":21},{"not_picked":["Guardian:TemporalShield","Guardian:Incinerate"],"picked":"Guardian:PolyBeam","floor":23},{"not_picked":["Guardian:Gem_Lightblue","Guardian:Gem_Red"],"picked":"Guardian:Gem_Synthetic","floor":25},{"not_picked":["Guardian:RollAttack+1","Guardian:Preprogram+1"],"picked":"Guardian:ShieldSpikes","floor":27},{"not_picked":["Guardian:Gem_Red","Guardian:PrimingBeam"],"picked":"Guardian:BronzeOrb+1","floor":29},{"not_picked":["Guardian:Gem_Fragmented","Guardian:DonusPower"],"picked":"Guardian:SentryBeam","floor":30},{"not_picked":["Guardian:SentryBeam+1","Guardian:ChargeCore"],"picked":"Guardian:Gem_Green","floor":31},{"not_picked":["Guardian:RollAttack","Guardian:Reroute"],"picked":"Guardian:TemporalStrike","floor":33},{"not_picked":["Guardian:PiercingHide","Guardian:DecasProtection"],"picked":"Guardian:PolyBeam+1","floor":34},{"not_picked":["Guardian:AncientConstruct","Guardian:ConstructionForm"],"picked":"Guardian:StasisField","floor":35},{"not_picked":["Guardian:Preprogram","Guardian:TemporalShield+1"],"picked":"Guardian:VentSteam+1","floor":38},{"not_picked":["Guardian:PiercingHide+1","Guardian:PolyBeam","Guardian:BronzeArmor"],"picked":"SKIP","floor":39},{"not_picked":["Guardian:Gem_Cyan","Guardian:Gem_Lightblue"],"picked":"Guardian:VentSteam+1","floor":40},{"not_picked":["Guardian:SentryBeam+1","Guardian:VentSteam"],"picked":"Guardian:Gem_Red","floor":41},{"not_picked":["Guardian:RollAttack+1","Guardian:Harden+1","Guardian:PiercingHide"],"picked":"SKIP","floor":42},{"not_picked":["Guardian:PrimingBeam","Guardian:Suspension","Guardian:Preprogram+1"],"picked":"SKIP","floor":46},{"not_picked":["Guardian:PrimingBeam","Guardian:Suspension","Guardian:Preprogram+1"],"picked":"SKIP","floor":46},{"not_picked":["Guardian:SentryBeam+1","Guardian:Gem_Fragmented"],"picked":"Guardian:EvasiveProtocol","floor":47},{"not_picked":["Guardian:Planning+1","Guardian:CrystalBeam"],"picked":"Guardian:TemporalShield+1","floor":48},{"not_picked":["Guardian:VentSteam","Guardian:Incinerate","Guardian:ExploitGems"],"picked":"SKIP","floor":49},{"not_picked":["Guardian:AncientConstruct","Guardian:CrystalBeam"],"picked":"Guardian:Incinerate+1","floor":50},{"not_picked":["Guardian:ChargeCore","Guardian:ShieldCharger"],"picked":"Guardian:WalkerClaw+1","floor":51}],"player_experience":317231,"relics_obtained":[{"floor":9,"key":"infinitespire:Satchel"},{"floor":10,"key":"Replay:Rubber Ducky"},{"floor":19,"key":"Unceasing Top"},{"floor":19,"key":"infinitespire:WardingShard"},{"floor":19,"key":"Replay:Bandana"},{"floor":26,"key":"hubris:MysteriousPyramids"},{"floor":27,"key":"infinitespire:Beetle Shell"},{"floor":29,"key":"Replay:Bottled Flurry"},{"floor":37,"key":"Blue Doll"},{"floor":45,"key":"Replay:Bottled Steam"},{"floor":50,"key":"HornCleat"}],"event_choices":[],"is_beta":false,"boss_relics":[{"not_picked":["Busted Crown","hubris:VirtuousBlindfold"],"picked":"Calling Bell"},{"not_picked":["ReplayTheSpireMod:DimensionalGlitch","hubris:RunicObelisk"],"picked":"Sozu"}],"items_purged_floors":[30],"is_endless":false,"potions_floor_spawned":[4,10,14,16,17,18,21,27,29,34,39,40,42,46,51],"ascension_level":0}}