{"host":"kg61lsvem4dxoat8","time":1613058102,"event":{"mods":["AchievementEnabler","BaseMod","Better Altar","Better Match","Better Sensory Stone","Better Skull","Block Reminder","Highlight Path","Minty Spire (QoL Compilation)","Quick Restart","Rare Cards Sparkle","Relic Sorter","Relic Stats","StSLib","Synergy Search","slay the spire mod where everything is the same but ironclad has a cowboy hat"],"gold_per_floor":[117,131,101,115,40,74,89,89,144,44,73,73,84,84,84,181,181,191,116,116],"floor_reached":19,"language":"ENG","playtime":540,"items_purged":["Strike_R","Strike_R"],"score":303,"play_id":"95278cb9-4621-4cfa-8a02-d6f88427711b","local_time":"20210211234142","is_ascension_mode":true,"campfire_choices":[{"data":"Rupture","floor":8,"key":"SMITH"},{"data":"Offering","floor":15,"key":"SMITH"}],"circlet_count":0,"master_deck":["AscendersBane","Strike_R+1","Strike_R+1","Strike_R","Defend_R","Defend_R","Defend_R","Defend_R","Bash","Offering+1","Hemokinesis","Twin Strike","Rupture+1","Pummel","Limit Break"],"relics":["Burning Blood","Singing Bowl","Whetstone","Toy Ornithopter","Cursed Key"],"acts_visited":["Exordium","TheCity"],"potions_floor_usage":[7,11,11,16,16],"damage_taken":[{"damage":12,"enemies":"Cultist","floor":1,"turns":3},{"damage":8,"enemies":"2 Louse","floor":2,"turns":3},{"damage":10,"enemies":"Jaw Worm","floor":4,"turns":3},{"damage":42,"enemies":"3 Sentries","floor":6,"turns":7},{"damage":8,"enemies":"2 Fungi Beasts","floor":7,"turns":4},{"damage":8,"enemies":"Gremlin Nob","floor":11,"turns":2},{"damage":9,"enemies":"3 Louse","floor":13,"turns":4},{"damage":53,"enemies":"The Guardian","floor":16,"turns":11},{"damage":38,"enemies":"Shell Parasite","floor":18,"turns":3},{"damage":44,"enemies":"2 Thieves","floor":19,"turns":3}],"seed_played":"6265170806757873963","potions_obtained":[{"floor":2,"key":"BloodPotion"},{"floor":3,"key":"Ancient Potion"},{"floor":3,"key":"Strength Potion"},{"floor":11,"key":"Fruit Juice"},{"floor":13,"key":"Block Potion"},{"floor":18,"key":"Fire Potion"}],"is_trial":false,"path_per_floor":["M","M","?","M","$","E","M","R","T","$","E","$","M","$","R","B",null,"M","M"],"character_chosen":"IRONCLAD","items_purchased":[],"campfire_rested":0,"item_purchase_floors":[],"current_hp_per_floor":[66,64,64,60,60,24,38,38,38,38,46,46,45,45,45,8,63,33,0,0],"gold":116,"neow_bonus":"THREE_RARE_CARDS","is_daily":false,"chose_seed":false,"campfire_upgraded":2,"win_rate":0.0,"timestamp":1613058102,"path_taken":["M","?","?","M","$","E","M","R","T","?","E","?","M","$","R","BOSS","M","M"],"items_purchased_type":[],"build_version":"2020-12-22","purchased_purges":2,"victory":false,"max_hp_per_floor":[72,72,72,72,72,72,74,74,74,74,79,79,81,81,81,81,81,83,83,83],"relic_stats":{"Singing Bowl":6,"counters":[10,43],"Whetstone":["Strike_R","Strike_R"],"Cursed Key":0,"obtain_stats":[{"Singing Bowl":6,"Whetstone":9,"Cursed Key":17,"Burning Blood":0,"Toy Ornithopter":11},{"Singing Bowl":4,"Whetstone":5,"Cursed Key":8,"Burning Blood":0,"Toy Ornithopter":6},{"Singing Bowl":16,"Whetstone":20,"Cursed Key":37,"Burning Blood":0,"Toy Ornithopter":22}],"Burning Blood":54,"Toy Ornithopter":15},"card_choices":[{"not_picked":["Corruption","Limit Break"],"picked":"Offering","floor":0},{"not_picked":["Body Slam","Feel No Pain"],"picked":"Hemokinesis","floor":1},{"not_picked":["Headbutt","Burning Pact","Body Slam"],"picked":"SKIP","floor":2},{"not_picked":["Wild Strike","Thunderclap"],"picked":"Twin Strike","floor":4},{"not_picked":["Limit Break","Cleave"],"picked":"Rupture","floor":6},{"not_picked":["Wild Strike","Inflame","Headbutt"],"picked":"Singing Bowl","floor":7},{"not_picked":["Anger","Dual Wield"],"picked":"Pummel","floor":11},{"not_picked":["Carnage","Cleave","Sever Soul"],"picked":"Singing Bowl","floor":13},{"not_picked":["Demon Form","Exhume"],"picked":"Limit Break","floor":16},{"not_picked":["Thunderclap","Cleave","Sword Boomerang"],"picked":"Singing Bowl","floor":18}],"player_experience":1463680,"relics_obtained":[{"floor":6,"key":"Singing Bowl"},{"floor":9,"key":"Whetstone"},{"floor":11,"key":"Toy Ornithopter"}],"event_choices":[{"damage_healed":0,"gold_gain":0,"player_choice":"Bought 2 Potions","damage_taken":0,"max_hp_gain":0,"max_hp_loss":0,"event_name":"The Woman in Blue","floor":3,"gold_loss":0}],"is_beta":false,"boss_relics":[{"not_picked":["Runic Pyramid","Snecko Eye"],"picked":"Cursed Key"}],"items_purged_floors":[5,10],"is_endless":false,"potions_floor_spawned":[2,11,13,18],"killed_by":"2 Thieves","ascension_level":10}}