{"host":"yecadp3kwkksam5a","time":1613040508,"event":{"mods":["100% Spire Juice","BaseMod","Minty Spire (QoL Compilation)","StSLib","SuperFastMode","The Cursed","WarShipGirlsR/??á´Ò³R mod"],"gold_per_floor":[110,125,139,158,158,158,189,199,199,227,30,41,41,41,41,41,41],"floor_reached":16,"language":"KOR","playtime":532,"items_purged":["Strike_R"],"score":274,"play_id":"13e19ebf-f21c-4392-8064-c337c0e86d74","local_time":"20210211194828","daily_mods":["Heirloom"],"is_ascension_mode":true,"campfire_choices":[{"data":"Pommel Strike","floor":6.0,"key":"SMITH"},{"data":"Bash","floor":13.0,"key":"SMITH"},{"data":"Offering","floor":15.0,"key":"SMITH"}],"circlet_count":0,"master_deck":["AscendersBane","Strike_R","Strike_R","Strike_R","Strike_R","Defend_R","Defend_R","Defend_R","Defend_R","Bash+1","Pommel Strike+1","Body Slam","Anger","Shrug It Off","Offering+1","Wild Strike","Bloodletting","Bloodletting","Feel No Pain"],"relics":["Burning Blood","Ice Cream","Charon\u0027s Ashes","Anchor","Lantern"],"acts_visited":["Exordium"],"potions_floor_usage":[16],"damage_taken":[{"damage":1.0,"enemies":"Cultist","floor":1.0,"turns":3.0},{"damage":7.0,"enemies":"2 Louse","floor":2.0,"turns":4.0},{"damage":2.0,"enemies":"Small Slimes","floor":3.0,"turns":5.0},{"damage":12.0,"enemies":"Looter","floor":4.0,"turns":4.0},{"damage":6.0,"enemies":"Lagavulin","floor":7.0,"turns":4.0},{"damage":8.0,"enemies":"Blue Slaver","floor":8.0,"turns":3.0},{"damage":14.0,"enemies":"Gremlin Nob","floor":10.0,"turns":3.0},{"damage":6.0,"enemies":"Red Slaver","floor":12.0,"turns":2.0},{"damage":25,"enemies":"Slime Boss","floor":16,"turns":6}],"seed_played":"8254213184926392103","potions_obtained":[{"floor":2.0,"key":"Swift Potion"},{"floor":3.0,"key":"EntropicBrew"},{"floor":8.0,"key":"PowerPotion"},{"floor":12.0,"key":"Ancient Potion"}],"is_trial":true,"path_per_floor":["M","M","M","M","?","R","E","M","T","E","$","M","R","?","R","B"],"character_chosen":"IRONCLAD","items_purchased":["Bloodletting","Feel No Pain"],"campfire_rested":0,"item_purchase_floors":[11,11],"current_hp_per_floor":[73,72,75,69,69,69,69,67,67,59,59,59,59,64,64,39,39],"gold":41,"neow_bonus":"","is_daily":false,"chose_seed":false,"campfire_upgraded":3,"win_rate":0.0,"timestamp":1613040508,"path_taken":["M","?","M","M","?","R","E","M","T","E","$","M","R","?","R","BOSS"],"items_purchased_type":["Card","Card"],"build_version":"2020-12-22","purchased_purges":1,"victory":false,"max_hp_per_floor":[75,75,75,75,75,75,75,75,75,75,75,75,75,80,80,80,80],"card_choices":[{"not_picked":["Metallicize","Sever Soul"],"picked":"Pommel Strike","floor":1.0},{"not_picked":["Dual Wield","Anger"],"picked":"Body Slam","floor":2.0},{"not_picked":["Rage","Flex"],"picked":"Anger","floor":3.0},{"not_picked":["Intimidate","Heavy Blade"],"picked":"Shrug It Off","floor":4.0},{"not_picked":[],"picked":"Offering","floor":5.0},{"not_picked":["Havoc","Metallicize"],"picked":"Wild Strike","floor":7.0},{"not_picked":["Heavy Blade","Cleave","Rage"],"picked":"SKIP","floor":8.0},{"not_picked":["Spot Weakness","Heavy Blade"],"picked":"Bloodletting","floor":10.0},{"not_picked":["Hemokinesis","Anger","Pummel"],"picked":"SKIP","floor":12.0}],"player_experience":618297,"relics_obtained":[{"floor":7.0,"key":"Charon\u0027s Ashes"},{"floor":9.0,"key":"Anchor"},{"floor":10.0,"key":"Lantern"}],"event_choices":[{"damage_healed":0.0,"max_hp_gain":5.0,"max_hp_loss":0.0,"gold_gain":0.0,"event_name":"Big Fish","player_choice":"Donut","floor":14.0,"gold_loss":0.0,"damage_taken":0.0}],"is_beta":false,"boss_relics":[],"items_purged_floors":[11],"is_endless":false,"potions_floor_spawned":[2,3,8,12],"killed_by":"Slime Boss","ascension_level":20}}