{"host":"8rqsnaeml9gxb0kp","time":1613013180,"event":{"mods":["AchievementEnabler","BaseMod","Dark Map","Minty Spire (QoL Compilation)","Relic Stats","StSLib","slay the spire mod where everything is the same but ironclad has a cowboy hat"],"gold_per_floor":[19,19,30,45,45,76,76,111,185,205,205,224,224,237,237,237,237],"floor_reached":16,"language":"ENG","playtime":1221,"items_purged":[],"score":218,"play_id":"7e91a639-b53c-492f-8170-65f24a1eb0af","local_time":"20210210191300","is_ascension_mode":true,"campfire_choices":[{"floor":7,"key":"REST"},{"data":"Berserk","floor":11,"key":"SMITH"},{"data":"Carnage","floor":13,"key":"SMITH"},{"data":"Bash","floor":15,"key":"SMITH"}],"circlet_count":0,"master_deck":["AscendersBane","Strike_R","Strike_R","Strike_R","Strike_R","Strike_R","Defend_R","Defend_R","Defend_R","Defend_R","Bash+1","Berserk+1","Inflame","Clothesline","Carnage+1","Twin Strike","Headbutt","Metallicize","Feed"],"relics":["Burning Blood","Ginger","Bag of Marbles","Pear"],"acts_visited":["Exordium"],"potions_floor_usage":[6,6,16],"damage_taken":[{"damage":10,"enemies":"Small Slimes","floor":1,"turns":6},{"damage":11,"enemies":"Cultist","floor":3,"turns":4},{"damage":0,"enemies":"2 Louse","floor":4,"turns":3},{"damage":50,"enemies":"3 Sentries","floor":6,"turns":10},{"damage":25,"enemies":"Lagavulin","floor":8,"turns":6},{"damage":8,"enemies":"Blue Slaver","floor":10,"turns":2},{"damage":7,"enemies":"2 Fungi Beasts","floor":12,"turns":3},{"damage":12,"enemies":"3 Louse","floor":14,"turns":4},{"damage":37,"enemies":"Hexaghost","floor":16,"turns":9}],"seed_played":"-7502179764552397335","potions_obtained":[{"floor":1,"key":"DistilledChaos"},{"floor":3,"key":"SpeedPotion"},{"floor":8,"key":"SteroidPotion"}],"is_trial":false,"path_per_floor":["M","$","M","M","?","E","R","E","T","M","R","M","R","M","R","B"],"character_chosen":"IRONCLAD","items_purchased":[],"campfire_rested":1,"item_purchase_floors":[],"current_hp_per_floor":[64,64,59,65,75,31,53,34,44,42,42,41,41,35,35,0,0],"gold":237,"neow_bonus":"THREE_RARE_CARDS","is_daily":false,"chose_seed":false,"campfire_upgraded":3,"win_rate":0.0,"timestamp":1613013180,"path_taken":["M","$","M","M","?","E","R","E","T","M","R","M","R","M","R","BOSS"],"items_purchased_type":[],"build_version":"2020-12-22","purchased_purges":0,"victory":false,"max_hp_per_floor":[75,75,75,75,75,75,75,75,85,85,85,85,85,85,85,85,85],"relic_stats":{"counters":[9,47],"Ginger":[4],"obtain_stats":[{"Pear":9,"Bag of Marbles":8,"Ginger":6,"Burning Blood":0},{"Pear":5,"Bag of Marbles":5,"Ginger":4,"Burning Blood":0},{"Pear":29,"Bag of Marbles":29,"Ginger":23,"Burning Blood":0}],"Burning Blood":48},"card_choices":[{"not_picked":["Brutality","Reaper"],"picked":"Berserk","floor":0},{"not_picked":["Sever Soul","Body Slam"],"picked":"Inflame","floor":1},{"not_picked":["Armaments","Havoc","Feel No Pain"],"picked":"SKIP","floor":3},{"not_picked":["Shrug It Off","Warcry"],"picked":"Clothesline","floor":4},{"not_picked":["Clash","Iron Wave"],"picked":"Carnage","floor":6},{"not_picked":["Searing Blow","True Grit"],"picked":"Twin Strike","floor":8},{"not_picked":["Sword Boomerang","Iron Wave"],"picked":"Headbutt","floor":10},{"not_picked":["Heavy Blade","Flex"],"picked":"Metallicize","floor":12},{"not_picked":["Clash","Iron Wave"],"picked":"Feed","floor":14}],"player_experience":195325,"relics_obtained":[{"floor":6,"key":"Ginger"},{"floor":8,"key":"Bag of Marbles"},{"floor":9,"key":"Pear"}],"event_choices":[{"damage_healed":10,"gold_gain":0,"player_choice":"Full Heal","damage_taken":0,"max_hp_gain":0,"max_hp_loss":0,"event_name":"Wheel of Change","floor":5,"gold_loss":0}],"is_beta":false,"boss_relics":[],"items_purged_floors":[],"is_endless":false,"potions_floor_spawned":[1,3,8],"killed_by":"Hexaghost","ascension_level":19}}