{"host":"rolltorest","time":1613034756,"event":{"mods":["BaseMod","Minty Spire (QoL Compilation)","Relic Stats","Slay the Relics Exporter","StSLib"],"gold_per_floor":[111,111,123,123,135,165,165,181,181,181,195,224,22,52,52,125,125,145,159,159,178,178,207,226,246,246,280,280,293,307,337,337,409,409,420,420,420,447,457,457,490,490,517,552,581,593,604,633,633,633,633,633],"floor_reached":51,"language":"ENG","playtime":2208,"items_purged":[],"score":2019,"play_id":"2f4569ef-9641-4c2b-8870-4926e046ebe3","local_time":"20210211011236","is_ascension_mode":true,"campfire_choices":[{"data":"SandsOfTime","floor":7,"key":"SMITH"},{"data":"Adaptation","floor":10,"key":"SMITH"},{"data":"FlurryOfBlows","floor":15,"key":"SMITH"},{"floor":32,"key":"REST"},{"floor":40,"key":"REST"},{"floor":42,"key":"RECALL"},{"floor":49,"key":"REST"}],"circlet_count":0,"master_deck":["AscendersBane","Strike_P+1","Strike_P+1","Strike_P+1","Defend_P+1","Defend_P+1","Defend_P+1","Eruption+1","Vigilance+1","SandsOfTime+1","BowlingBash+1","ForeignInfluence+1","Adaptation+1","Tantrum+1","ClearTheMind+1","Blasphemy+1","Meditate+1","FlurryOfBlows+1","EmptyMind+1","Crescendo+1","LessonLearned+1","Consecrate+1","Meditate+1","SandsOfTime+1","MasterReality+1","Wireheading+1","CutThroughFate+1","MentalFortress+1","ThirdEye+1","Omniscience+1","Nirvana+1","Vault+1","Trip+1","EmptyMind+1","WaveOfTheHand+1","Halt+1","ForeignInfluence+1","ThirdEye+1","Fasting2+1","CutThroughFate"],"relics":["HolyWater","NeowsBlessing","Toxic Egg 2","Question Card","Dead Branch","Toy Ornithopter","StrikeDummy","Calipers","WingedGreaves","Dream Catcher","Happy Flower","Fusion Hammer","Bronze Scales","Boot","Letter Opener","CloakClasp","Pantograph"],"acts_visited":["Exordium","TheCity","TheBeyond"],"potions_floor_usage":[8,19,23,27,29,29,48,50],"damage_taken":[{"damage":0,"enemies":"Jaw Worm","floor":1,"turns":1},{"damage":0,"enemies":"Cultist","floor":3,"turns":1},{"damage":0,"enemies":"2 Louse","floor":5,"turns":1},{"damage":7,"enemies":"Lagavulin","floor":6,"turns":4},{"damage":0,"enemies":"Lots of Slimes","floor":8,"turns":3},{"damage":0,"enemies":"Looter","floor":11,"turns":1},{"damage":10,"enemies":"3 Sentries","floor":12,"turns":3},{"damage":0,"enemies":"Gremlin Nob","floor":14,"turns":2},{"damage":0,"enemies":"Slime Boss","floor":16,"turns":3},{"damage":0,"enemies":"Spheric Guardian","floor":18,"turns":3},{"damage":4,"enemies":"2 Thieves","floor":19,"turns":2},{"damage":0,"enemies":"Centurion and Healer","floor":21,"turns":3},{"damage":5,"enemies":"Gremlin Leader","floor":23,"turns":4},{"damage":0,"enemies":"Sentry and Sphere","floor":24,"turns":2},{"damage":5,"enemies":"Snecko","floor":25,"turns":4},{"damage":25,"enemies":"Slavers","floor":27,"turns":2},{"damage":0,"enemies":"Shelled Parasite and Fungi","floor":29,"turns":1},{"damage":24,"enemies":"Snake Plant","floor":30,"turns":2},{"damage":0,"enemies":"Gremlin Leader","floor":31,"turns":2},{"damage":16,"enemies":"Collector","floor":33,"turns":8},{"damage":0,"enemies":"Orb Walker","floor":35,"turns":2},{"damage":0,"enemies":"3 Darklings","floor":39,"turns":4},{"damage":8,"enemies":"Nemesis","floor":41,"turns":4},{"damage":0,"enemies":"Reptomancer","floor":44,"turns":4},{"damage":0,"enemies":"Giant Head","floor":45,"turns":4},{"damage":0,"enemies":"Transient","floor":46,"turns":7},{"damage":3,"enemies":"Writhing Mass","floor":47,"turns":3},{"damage":0,"enemies":"Reptomancer","floor":48,"turns":5},{"damage":7,"enemies":"Donu and Deca","floor":50,"turns":7},{"damage":70,"enemies":"Time Eater","floor":51,"turns":4}],"seed_played":"-1970423617307915073","potions_obtained":[{"floor":1,"key":"AttackPotion"},{"floor":8,"key":"LiquidMemories"},{"floor":11,"key":"Weak Potion"},{"floor":18,"key":"StancePotion"},{"floor":23,"key":"Weak Potion"},{"floor":25,"key":"StancePotion"},{"floor":27,"key":"BlessingOfTheForge"},{"floor":28,"key":"Regen Potion"},{"floor":30,"key":"DistilledChaos"},{"floor":46,"key":"Ambrosia"},{"floor":47,"key":"LiquidMemories"},{"floor":48,"key":"LiquidBronze"}],"is_trial":false,"path_per_floor":["M","?","M","T","M","E","R","M","T","R","M","E","$","E","R","B",null,"M","M","?","M","?","E","M","M","T","E","?","M","M","E","R","B",null,"M","?","?","T","M","R","E","R","T","E","E","M","M","E","R","B","B"],"character_chosen":"WATCHER","items_purchased":["Meditate+1","FlurryOfBlows","EmptyMind+1"],"campfire_rested":3,"item_purchase_floors":[13,13,13],"current_hp_per_floor":[61,61,61,61,61,54,54,54,54,54,54,44,44,44,44,44,62,62,63,44,44,44,44,44,39,39,19,19,29,5,5,26,10,57,57,57,57,57,57,73,65,65,65,65,65,65,62,67,73,71,3,3],"gold":633,"neow_bonus":"THREE_ENEMY_KILL","is_daily":false,"chose_seed":false,"campfire_upgraded":3,"win_rate":0.0,"timestamp":1613034756,"path_taken":["M","?","?","?","?","E","R","M","T","R","M","E","$","E","R","BOSS","M","M","?","M","?","E","?","M","T","E","?","?","?","E","R","BOSS","M","?","?","?","M","R","E","R","T","E","E","M","?","E","R","BOSS","BOSS"],"items_purchased_type":["Card","Card","Card"],"build_version":"2020-12-18","purchased_purges":0,"victory":false,"max_hp_per_floor":[68,68,68,68,68,68,68,68,68,68,68,68,68,68,68,68,68,68,68,73,73,73,73,73,73,73,73,73,73,73,73,73,73,73,73,73,73,73,73,73,73,73,73,73,73,73,73,73,73,73,73,73],"relic_stats":{"Dream Catcher":3,"Happy Flower":[17],"counters":[30,96],"Dead Branch":[166],"Bronze Scales":[87],"Pantograph":2,"CloakClasp":[147],"Letter Opener":[174],"Question Card":28,"Boot":[54],"obtain_stats":[{"Calipers":23,"NeowsBlessing":0,"Happy Flower":31,"Dead Branch":9,"CloakClasp":45,"Letter Opener":44,"Question Card":6,"Boot":41,"Dream Catcher":27,"Bronze Scales":38,"Pantograph":48,"HolyWater":17,"WingedGreaves":26,"Fusion Hammer":34,"PureWater":0,"Toxic Egg 2":4,"StrikeDummy":14,"Toy Ornithopter":12},{"Calipers":13,"NeowsBlessing":0,"Happy Flower":19,"Dead Branch":5,"CloakClasp":25,"Letter Opener":24,"Question Card":4,"Boot":23,"Dream Catcher":16,"Bronze Scales":21,"Pantograph":28,"HolyWater":9,"WingedGreaves":15,"Fusion Hammer":20,"PureWater":0,"Toxic Egg 2":2,"StrikeDummy":8,"Toy Ornithopter":7},{"Calipers":31,"NeowsBlessing":0,"Happy Flower":44,"Dead Branch":10,"CloakClasp":70,"Letter Opener":66,"Question Card":7,"Boot":62,"Dream Catcher":39,"Bronze Scales":54,"Pantograph":85,"HolyWater":19,"WingedGreaves":37,"Fusion Hammer":52,"PureWater":0,"Toxic Egg 2":2,"StrikeDummy":16,"Toy Ornithopter":14}],"Toy Ornithopter":35},"card_choices":[{"not_picked":["WheelKick","Halt"],"picked":"SandsOfTime","floor":1},{"not_picked":["SashWhip","ForeignInfluence"],"picked":"BowlingBash","floor":3},{"not_picked":["Halt+1","JustLucky"],"picked":"ForeignInfluence+1","floor":5},{"not_picked":["EmptyMind+1","Evaluate+1"],"picked":"Adaptation","floor":6},{"not_picked":["Collect+1","Halt+1","FlurryOfBlows"],"picked":"Tantrum","floor":8},{"not_picked":["JustLucky","CutThroughFate","Perseverance+1"],"picked":"ClearTheMind+1","floor":11},{"not_picked":["Collect+1","Prostrate+1","FlyingSleeves"],"picked":"Blasphemy+1","floor":12},{"not_picked":["JustLucky","WreathOfFlame+1","FlyingSleeves"],"picked":"Crescendo+1","floor":14},{"not_picked":["Judgement+1","Omniscience+1","SpiritShield+1"],"picked":"LessonLearned","floor":16},{"not_picked":["ClearTheMind+1","FlyingSleeves","CrushJoints"],"picked":"Consecrate","floor":18},{"not_picked":["FlyingSleeves","Consecrate","Worship+1"],"picked":"Meditate+1","floor":19},{"not_picked":["Prostrate+1","Crescendo+1","SashWhip"],"picked":"SandsOfTime+1","floor":21},{"not_picked":["ReachHeaven","WheelKick","FlyingSleeves"],"picked":"MasterReality","floor":23},{"not_picked":["ThirdEye+1","Vengeance+1","PathToVictory+1"],"picked":"Wireheading","floor":24},{"not_picked":["Sanctity+1","ClearTheMind+1","Nirvana"],"picked":"CutThroughFate","floor":25},{"not_picked":["Devotion","FlurryOfBlows","DevaForm","MasterReality"],"picked":"SKIP","floor":27},{"not_picked":["WaveOfTheHand+1","FlurryOfBlows","Halt+1"],"picked":"MentalFortress","floor":29},{"not_picked":["SashWhip","BowlingBash","Consecrate"],"picked":"ThirdEye+1","floor":30},{"not_picked":["JustLucky","ClearTheMind+1","Conclude"],"picked":"Omniscience+1","floor":31},{"not_picked":["Vengeance+1","Evaluate+1","JustLucky"],"picked":"Nirvana","floor":32},{"not_picked":["Alpha+1","Blasphemy+1","Establishment"],"picked":"Vault+1","floor":33},{"not_picked":["WindmillStrike","SashWhip","PathToVictory+1","Crescendo+1"],"picked":"SKIP","floor":35},{"not_picked":["Flash of Steel","Madness+1","Panacea+1"],"picked":"Trip+1","floor":37},{"not_picked":["SashWhip+1","JustLucky","CrushJoints","Consecrate+1"],"picked":"SKIP","floor":39},{"not_picked":["ThirdEye+1","SashWhip+1","ClearTheMind+1"],"picked":"EmptyMind+1","floor":40},{"not_picked":["CutThroughFate","MasterReality","CrushJoints"],"picked":"WaveOfTheHand+1","floor":41},{"not_picked":["EmptyFist","PathToVictory+1","Protect+1","WreathOfFlame+1"],"picked":"SKIP","floor":44},{"not_picked":["EmptyFist","ConjureBlade+1","EmptyBody+1"],"picked":"Halt+1","floor":45},{"not_picked":["Consecrate+1","Meditate+1","Perseverance+1"],"picked":"ForeignInfluence+1","floor":46},{"not_picked":["Halt+1","BattleHymn","SashWhip+1"],"picked":"ThirdEye+1","floor":47},{"not_picked":["ReachHeaven+1","EmptyMind+1","DevaForm"],"picked":"Fasting2+1","floor":48},{"not_picked":["SandsOfTime","Study","Consecrate"],"picked":"CutThroughFate","floor":49}],"player_experience":1953394,"relics_obtained":[{"floor":4,"key":"Toxic Egg 2"},{"floor":6,"key":"Question Card"},{"floor":9,"key":"Dead Branch"},{"floor":12,"key":"Toy Ornithopter"},{"floor":14,"key":"StrikeDummy"},{"floor":23,"key":"Calipers"},{"floor":26,"key":"WingedGreaves"},{"floor":27,"key":"Dream Catcher"},{"floor":31,"key":"Happy Flower"},{"floor":38,"key":"Bronze Scales"},{"floor":41,"key":"Boot"},{"floor":44,"key":"Letter Opener"},{"floor":45,"key":"CloakClasp"},{"floor":48,"key":"Pantograph"}],"event_choices":[{"cards_removed":["Strike_P"],"damage_healed":0,"gold_gain":0,"player_choice":"Purged","damage_taken":0,"max_hp_gain":0,"max_hp_loss":0,"event_name":"Purifier","floor":2,"gold_loss":0},{"damage_healed":0,"gold_gain":0,"player_choice":"Shed Blood","damage_taken":24,"max_hp_gain":5,"max_hp_loss":0,"event_name":"Forgotten Altar","floor":20,"gold_loss":0},{"cards_removed":["Defend_P"],"damage_healed":0,"gold_gain":0,"player_choice":"Card Removal","damage_taken":0,"max_hp_gain":0,"max_hp_loss":0,"event_name":"Wheel of Change","floor":22,"gold_loss":0},{"damage_healed":0,"gold_gain":0,"player_choice":"Got Potions","damage_taken":0,"max_hp_gain":0,"max_hp_loss":0,"event_name":"Lab","floor":28,"gold_loss":0},{"damage_healed":0,"gold_gain":0,"player_choice":"Ignored","damage_taken":0,"max_hp_gain":0,"max_hp_loss":0,"event_name":"Tomb of Lord Red Mask","floor":36,"gold_loss":0},{"damage_healed":0,"gold_gain":0,"player_choice":"Memory 1","damage_taken":0,"max_hp_gain":0,"max_hp_loss":0,"event_name":"SensoryStone","floor":37,"gold_loss":0}],"is_beta":true,"boss_relics":[{"not_picked":["Velvet Choker","Busted Crown"],"picked":"HolyWater"},{"not_picked":["Coffee Dripper","VioletLotus"],"picked":"Fusion Hammer"}],"items_purged_floors":[],"is_endless":false,"potions_floor_spawned":[1,8,11,16,18,23,25,27,30,46,47,48],"killed_by":"Time Eater","ascension_level":20}}