{"host":"52lujqhsyicpcskq","time":1613019801,"event":{"mods":["BaseMod","Colored Map","Minty Spire (QoL Compilation)","Permanent Neow","StSLib","SuperFastMode","everything is the same but u backflip on backflip"],"gold_per_floor":[119,183,208,227,242,275,334,334,334,334,365,365,389,407,407,407,407],"floor_reached":16,"language":"KOR","playtime":407,"items_purged":[],"score":173,"play_id":"71977a5b-a4a5-472c-92ad-6b1577139071","local_time":"20210211140321","is_ascension_mode":true,"campfire_choices":[{"floor":8.0,"key":"REST"},{"data":"Armaments","floor":10.0,"key":"SMITH"},{"data":"Perfected Strike","floor":12.0,"key":"SMITH"},{"floor":15.0,"key":"REST"}],"circlet_count":0,"master_deck":["AscendersBane","Strike_R","Strike_R","Strike_R","Strike_R+1","Strike_R","Defend_R","Defend_R","Defend_R","Defend_R","Bash","Feed","Perfected Strike+1","Rampage+1","Feel No Pain","Battle Trance","Armaments+1","Wild Strike","Flex","Intimidate","Uppercut"],"relics":["Burning Blood","Juzu Bracelet","Dream Catcher","Boot","Darkstone Periapt","Whetstone","Centennial Puzzle"],"acts_visited":["Exordium"],"potions_floor_usage":[],"damage_taken":[{"damage":20.0,"enemies":"Small Slimes","floor":1.0,"turns":5.0},{"damage":12.0,"enemies":"Jaw Worm","floor":4.0,"turns":2.0},{"damage":3.0,"enemies":"2 Louse","floor":5.0,"turns":2.0},{"damage":32.0,"enemies":"Gremlin Nob","floor":6.0,"turns":4.0},{"damage":19.0,"enemies":"3 Sentries","floor":7.0,"turns":9.0},{"damage":9.0,"enemies":"3 Sentries","floor":11.0,"turns":8.0},{"damage":25.0,"enemies":"Gremlin Gang","floor":14.0,"turns":4.0},{"damage":0,"enemies":"The Guardian","floor":16,"turns":1}],"seed_played":"-1901649533184638503","potions_obtained":[{"floor":4.0,"key":"SteroidPotion"},{"floor":5.0,"key":"AttackPotion"},{"floor":6.0,"key":"PowerPotion"}],"is_trial":false,"path_per_floor":["M","?","T","M","M","E","?","R","T","R","E","R","T","M","R","B"],"character_chosen":"IRONCLAD","items_purchased":[],"campfire_rested":2,"item_purchase_floors":[],"current_hp_per_floor":[61,61,61,55,61,35,22,47,47,47,47,47,47,31,58,58,58],"gold":407,"neow_bonus":"ONE_RANDOM_RARE_CARD","is_daily":false,"chose_seed":false,"campfire_upgraded":2,"win_rate":0.0,"timestamp":1613019801,"path_taken":["M","?","?","M","M","E","?","R","T","R","E","R","?","M","R","BOSS"],"items_purchased_type":[],"build_version":"2020-12-22","purchased_purges":0,"victory":false,"max_hp_per_floor":[83,83,83,83,86,86,86,86,86,86,89,89,89,92,92,92,92],"card_choices":[{"not_picked":["Sword Boomerang","Iron Wave"],"picked":"Perfected Strike","floor":1.0},{"not_picked":["Thunderclap","True Grit"],"picked":"Rampage","floor":4.0},{"not_picked":["Heavy Blade","Infernal Blade"],"picked":"Feel No Pain","floor":5.0},{"not_picked":["Rupture","Entrench"],"picked":"Battle Trance","floor":6.0},{"not_picked":["Dark Embrace","Iron Wave"],"picked":"Armaments","floor":7.0},{"not_picked":["Heavy Blade","Second Wind"],"picked":"Wild Strike","floor":8.0},{"not_picked":["Corruption","Cleave"],"picked":"Flex","floor":11.0},{"not_picked":["Rampage","Anger"],"picked":"Intimidate","floor":14.0},{"not_picked":["Clothesline","Armaments"],"picked":"Uppercut","floor":15.0}],"player_experience":780296,"relics_obtained":[{"floor":3.0,"key":"Juzu Bracelet"},{"floor":6.0,"key":"Dream Catcher"},{"floor":7.0,"key":"Boot"},{"floor":9.0,"key":"Darkstone Periapt"},{"floor":11.0,"key":"Whetstone"},{"floor":13.0,"key":"Centennial Puzzle"}],"event_choices":[{"damage_healed":0.0,"max_hp_gain":0.0,"max_hp_loss":0.0,"gold_gain":64.0,"event_name":"Golden Wing","player_choice":"Gained Gold","floor":2.0,"gold_loss":0.0,"damage_taken":0.0},{"damage_healed":0.0,"max_hp_gain":0.0,"max_hp_loss":0.0,"gold_gain":30.0,"event_name":"Dead Adventurer","player_choice":"Searched \u00272\u0027 times","floor":7.0,"gold_loss":0.0,"damage_taken":0.0}],"is_beta":false,"boss_relics":[],"items_purged_floors":[],"is_endless":false,"potions_floor_spawned":[4,5,6],"killed_by":"The Guardian","ascension_level":12}}