{"host":"e1y4kviho5jwd7e6","time":1613015929,"event":{"mods":["Act Like it!","Aspiration","BaseMod","Better Altar","Better Match","Better Note","Better Skull","Better Synergies","Better Third Choice","BetterRewards","CCEM2","Colored Powertips","Communication Mod","Conjunction","Conspire","Downfall","Energized Spire","Exacting","GifTheSpireLib","Hubris","Hyrulean Relics","Minty Spire (QoL Compilation)","Quarter Circle Forward PUNCH!","Replay The Spire","Small Relic Pack","Spicy Shops","StSLib","Stuff the Spire","The Blue Laboratory","Transform Curses","Uncapped"],"gold_per_floor":[377,389,247,281,295,328,328,178,202,182,210,210,210,210,210,315,315,345,44,44,44,58,58,20,20,20,36,111,145,161,171,171,274,274,286,136,166,194,194,194],"floor_reached":39,"language":"ENG","playtime":1598,"items_purged":[],"score":383,"play_id":"62dbc30c-460f-4333-9255-3bff4a8aa80e","local_time":"20210210225849","is_ascension_mode":false,"campfire_choices":[{"data":"Pommel Strike","floor":7.0,"key":"SMITH"},{"data":"Fiend Fire","floor":12.0,"key":"SMITH"},{"data":"Bash","floor":15.0,"key":"SMITH"},{"data":"Headbutt","floor":23,"key":"SMITH"},{"data":"Shrug It Off","floor":25,"key":"SMITH"},{"floor":32,"key":"DIG"}],"circlet_count":0,"master_deck":["Strike_R","Strike_R","Strike_R","Strike_R","Strike_R","Defend_R","Defend_R","Defend_R","Defend_R","Bash+1","Strike_R","Defend_G","Headbutt+1","Fiend Fire+1","Shrug It Off+1","Feel No Pain","Pommel Strike+1","Cloak And Dagger+1","Carnage","StuffTheSpire:Pyroclast+1"],"relics":["Burning Blood","Eternal Feather","StuffTheSpire:OldFever","CCEMRelics:GlassOfMilk","StuffTheSpire:Mouthbags","Membership Card","conspire:GlowingRock","CCEMRelics:TechnogenicHelmet","Lee\u0027s Waffle","Replay:Multitool","StuffTheSpire:MayFlowers","hubris:AstralHammer"],"acts_visited":["Exordium","TheCity","TheBeyond"],"potions_floor_usage":[31,33,37,37,37],"damage_taken":[{"damage":15.0,"enemies":"Jaw Worm","floor":1.0,"turns":4.0},{"damage":6.0,"enemies":"Cultist","floor":2.0,"turns":3.0},{"damage":0.0,"enemies":"Small Slimes","floor":4.0,"turns":2.0},{"damage":8.0,"enemies":"2 Fungi Beasts","floor":5.0,"turns":5.0},{"damage":28.0,"enemies":"Lagavulin","floor":6.0,"turns":6.0},{"damage":8.0,"enemies":"Exordium Thugs","floor":11.0,"turns":5.0},{"damage":60.0,"enemies":"Fading Forest","floor":16.0,"turns":11.0},{"damage":10,"enemies":"Chosen","floor":18,"turns":4},{"damage":6,"enemies":"Spheric Guardian","floor":22,"turns":5},{"damage":0,"enemies":"3 Cultists","floor":27,"turns":5},{"damage":23,"enemies":"Shelled Parasite and Fungi","floor":29,"turns":4},{"damage":0,"enemies":"Sentry and Sphere","floor":30,"turns":3},{"damage":0,"enemies":"Chosen and Byrds","floor":31,"turns":4},{"damage":52,"enemies":"Automaton","floor":33,"turns":13},{"damage":5,"enemies":"Orb Walker","floor":35,"turns":3},{"damage":18,"enemies":"3 Darklings","floor":37,"turns":10},{"damage":3,"enemies":"Sphere and 2 Shapes","floor":38,"turns":8},{"damage":101,"enemies":"Maw","floor":39,"turns":11}],"seed_played":"3737673309536259114","potions_obtained":[{"floor":1.0,"key":"blueLaboratory:SmithPotion"},{"floor":6.0,"key":"Fruit Juice"},{"floor":10.0,"key":"sneckomod:MuddlingPotion"},{"floor":11.0,"key":"sneckomod:MuddlingPotion"},{"floor":30,"key":"blueLaboratory:IronCompound"},{"floor":30,"key":"hexamod:SoulburnPotion"},{"floor":31,"key":"blueLaboratory:BottledHope"},{"floor":35,"key":"sneckomod:MuddlingPotion"}],"is_trial":false,"path_per_floor":["M","M","$","M","M","E","R","$","T","?","M","R","$","?","R","B",null,"M","$","?","T","M","R","$","R","T","M","?","M","M","M","R","B",null,"M","$","M","M","M"],"character_chosen":"IRONCLAD","items_purchased":["Fiend Fire","Feel No Pain","CCEMRelics:GlassOfMilk","StuffTheSpire:Mouthbags","Membership Card","conspire:GlowingRock","Lee\u0027s Waffle","hubris:AstralHammer"],"campfire_rested":0,"item_purchase_floors":[3,8,13,13,19,19,24,36],"current_hp_per_floor":[71,71,71,77,75,53,62,62,62,62,60,69,43,43,52,10,80,76,76,76,76,76,80,87,87,87,89,81,64,70,81,90,49,94,94,94,88,94,0,0],"gold":194,"neow_bonus":"TWO_FIFTY_GOLD","is_daily":false,"chose_seed":false,"campfire_upgraded":5,"win_rate":0.0,"timestamp":1613015929,"path_taken":["M","M","$","M","M","E","R","$","T","?","M","R","?","?","R","BOSS","M","$","?","?","M","R","?","R","T","M","?","M","?","M","R","BOSS","M","$","M","M","M"],"items_purchased_type":["Card","Card","Relic","Relic","Relic","Relic","Relic","Relic"],"build_version":"2020-12-22","purchased_purges":0,"victory":false,"max_hp_per_floor":[80,80,80,80,80,80,80,80,80,80,80,80,80,80,80,80,80,80,80,80,80,80,80,87,87,87,89,89,89,89,94,94,94,94,94,94,94,94,94,94],"card_choices":[{"not_picked":["StuffTheSpire:RockThrow","Replay:Undeath\u0027s Touch"],"picked":"Headbutt","floor":1.0},{"not_picked":["Shrug It Off","Sword Boomerang"],"picked":"Pommel Strike","floor":2.0},{"not_picked":["Anger","Blood for Blood"],"picked":"Shrug It Off","floor":4.0},{"not_picked":["Armaments","Bloodletting","Cleave"],"picked":"SKIP","floor":5.0},{"not_picked":["Clash","Twin Strike","Havoc"],"picked":"SKIP","floor":6.0},{"not_picked":["Anger","Flex","Entrench"],"picked":"SKIP","floor":11.0},{"not_picked":["Clothesline+1","ReplayTheSpireMod:Strike From Hell","Shrug It Off"],"picked":"SKIP","floor":18},{"not_picked":["Body Slam","Havoc+1","Shrug It Off"],"picked":"SKIP","floor":22},{"not_picked":["Flex","Armaments","Run Through+1"],"picked":"SKIP","floor":27},{"not_picked":["StuffTheSpire:BloodClot+1","Headbutt+1","Sword Boomerang"],"picked":"SKIP","floor":29},{"not_picked":["Berserk","Armaments","Ghostly Armor"],"picked":"SKIP","floor":30},{"not_picked":["True Grit","Havoc+1","Flame Barrier"],"picked":"SKIP","floor":31},{"not_picked":["Perfected Strike+1","Run Through+1","Replay:Undeath\u0027s Touch"],"picked":"SKIP","floor":35},{"not_picked":["ReplayTheSpireMod:LeadingStrike+1","Dropkick"],"picked":"Carnage","floor":37},{"not_picked":["Sword Boomerang","Run Through+1"],"picked":"StuffTheSpire:Pyroclast+1","floor":38}],"player_experience":969073,"relics_obtained":[{"floor":6.0,"key":"Eternal Feather"},{"floor":9.0,"key":"StuffTheSpire:OldFever"},{"floor":21,"key":"CCEMRelics:TechnogenicHelmet"},{"floor":26,"key":"Replay:Multitool"},{"floor":32,"key":"StuffTheSpire:MayFlowers"}],"event_choices":[{"damage_healed":0.0,"max_hp_gain":0.0,"max_hp_loss":0.0,"gold_gain":0.0,"event_name":"The Woman in Blue","player_choice":"Bought 1 Potion","floor":10.0,"gold_loss":0.0,"damage_taken":0.0},{"cards_removed":["Pommel Strike"],"damage_healed":0,"gold_gain":0,"player_choice":"Take \u0026 Give","damage_taken":0,"max_hp_gain":0,"max_hp_loss":0,"event_name":"betterNote:BetterNote","floor":20,"gold_loss":0,"cards_obtained":["Cloak And Dagger"]},{"damage_healed":0,"gold_gain":75,"player_choice":"Touch","damage_taken":8,"max_hp_gain":0,"max_hp_loss":0,"event_name":"FaceTrader","floor":28,"gold_loss":0}],"is_beta":false,"boss_relics":[{"not_picked":["Electric Blood","conspire:RunicOctahedron","Coffee Dripper"]},{"not_picked":["energizedSpire:EnergizedDie","Fusion Hammer","qcfpunch:Crimson_Sash"]}],"items_purged_floors":[],"is_endless":false,"potions_floor_spawned":[1,6,11,30,31,35],"killed_by":"Maw","ascension_level":0}}