{"host":"ababi7n1w04ome7c","time":1613034756,"event":{"mods":["AchievementEnabler","BaseMod","Colored Map","Minty Spire (QoL Compilation)","Permanent Neow","StSLib","everything is the same but u backflip on backflip"],"gold_per_floor":[110,110,110,121,49,82,82,7,7,7,40,51,51,63,63,159,159,172,72,86,99,99,99,116,116,191,208,226,242,167,167,167,264,264,278,278,289,89,108,108,8,8,8,8,43,95,31,31,31,31],"floor_reached":51,"language":"KOR","playtime":1408,"items_purged":["Defend_G","Strike_G","Strike_G"],"score":758,"play_id":"158d1a77-1109-4c13-b59a-ea00229587c7","local_time":"20210211181236","is_ascension_mode":false,"campfire_choices":[{"floor":7,"key":"REST"},{"data":"Poisoned Stab","floor":10,"key":"SMITH"},{"data":"Corpse Explosion","floor":13,"key":"SMITH"},{"floor":15,"key":"REST"},{"data":"Adrenaline","floor":23,"key":"SMITH"},{"data":"Deadly Poison","floor":25,"key":"SMITH"},{"floor":32,"key":"REST"},{"floor":40,"key":"REST"},{"data":"Deadly Poison","floor":42,"key":"SMITH"},{"data":"Bane","floor":44,"key":"SMITH"},{"data":"Catalyst","floor":49,"key":"SMITH"}],"circlet_count":0,"master_deck":["Strike_G","Defend_G","Defend_G","Defend_G","Survivor+1","Neutralize","Dagger Spray","Poisoned Stab+1","Bane+1","Catalyst+1","Dagger Throw","Escape Plan","Corpse Explosion+1","Deadly Poison+1","Adrenaline+1","Noxious Fumes+1","Deadly Poison+1","Acrobatics","Regret","Catalyst+1","Adrenaline"],"relics":["Ring of the Snake","War Paint","HornCleat","Omamori","Cursed Key","The Courier","Calling Bell","Strawberry","Meat on the Bone","Calipers","Mummified Hand","Ice Cream","Pen Nib","FossilizedHelix"],"acts_visited":["Exordium","TheCity","TheBeyond"],"potions_floor_usage":[16,20,33,33,33,50],"damage_taken":[{"damage":2.0,"enemies":"2 Louse","floor":1.0,"turns":3.0},{"damage":0,"enemies":"Jaw Worm","floor":4,"turns":3},{"damage":24,"enemies":"3 Sentries","floor":6,"turns":8},{"damage":4,"enemies":"Lagavulin","floor":11,"turns":5},{"damage":7,"enemies":"Small Slimes","floor":12,"turns":2},{"damage":0,"enemies":"Exordium Thugs","floor":14,"turns":2},{"damage":0,"enemies":"Slime Boss","floor":16,"turns":6},{"damage":5,"enemies":"Chosen","floor":18,"turns":3},{"damage":0,"enemies":"2 Thieves","floor":20,"turns":2},{"damage":5,"enemies":"Snecko","floor":21,"turns":4},{"damage":7,"enemies":"Shelled Parasite and Fungi","floor":24,"turns":3},{"damage":6,"enemies":"Cultist and Chosen","floor":27,"turns":3},{"damage":0,"enemies":"Chosen and Byrds","floor":28,"turns":3},{"damage":0,"enemies":"Snake Plant","floor":29,"turns":3},{"damage":69,"enemies":"Automaton","floor":33,"turns":7},{"damage":8,"enemies":"Orb Walker","floor":35,"turns":3},{"damage":10,"enemies":"3 Shapes","floor":37,"turns":2},{"damage":6,"enemies":"3 Darklings","floor":39,"turns":3},{"damage":41,"enemies":"Nemesis","floor":45,"turns":5},{"damage":27,"enemies":"2 Orb Walkers","floor":46,"turns":3},{"damage":6,"enemies":"Donu and Deca","floor":50,"turns":4}],"seed_played":"2232529060872271670","potions_obtained":[{"floor":1.0,"key":"Regen Potion"},{"floor":6,"key":"Fire Potion"},{"floor":12,"key":"Block Potion"},{"floor":18,"key":"EssenceOfSteel"},{"floor":20,"key":"CunningPotion"},{"floor":37,"key":"LiquidBronze"},{"floor":45,"key":"LiquidMemories"},{"floor":46,"key":"PowerPotion"}],"is_trial":false,"path_per_floor":["M","?","?","M","$","E","R","$","T","R","E","M","R","M","R","B",null,"M","$","M","M","?","R","M","R","T","M","M","M","?","?","R","B",null,"M","?","M","$","M","R","$","R","T","R","E","?","$","?","R","B",null],"character_chosen":"THE_SILENT","items_purchased":["Catalyst","Mummified Hand","Adrenaline"],"campfire_rested":4,"item_purchase_floors":[5,38,47],"current_hp_per_floor":[68,68,61,61,61,37,58,58,58,58,54,47,47,47,68,68,70,65,65,65,60,60,60,53,53,53,47,47,47,47,47,68,11,77,69,69,59,59,53,76,76,76,76,76,47,32,32,67,67,61],"gold":31,"neow_bonus":"THREE_CARDS","is_daily":false,"chose_seed":false,"campfire_upgraded":7,"win_rate":0.0,"timestamp":1613034756,"path_taken":["M","?","?","M","?","E","R","$","T","R","E","M","R","M","R","BOSS","M","$","M","M","?","R","M","R","T","M","M","M","?","?","R","BOSS","M","?","M","$","M","R","$","R","T","R","E","?","$","?","R","BOSS"],"items_purchased_type":["Card","Relic","Card"],"build_version":"2020-12-22","purchased_purges":3,"victory":true,"max_hp_per_floor":[70,70,70,70,70,70,70,70,70,70,70,70,70,70,70,70,70,70,70,70,70,70,70,70,70,70,70,70,70,70,70,70,70,77,77,77,77,77,77,77,77,77,77,77,77,77,77,67,67,67],"card_choices":[{"not_picked":["Deflect","Bane"],"picked":"Dagger Spray","floor":0.0},{"not_picked":["Quick Slash","Prepared"],"picked":"Poisoned Stab","floor":1.0},{"not_picked":["PiercingWail","Finisher"],"picked":"Bane","floor":4},{"not_picked":["Sucker Punch","Underhanded Strike"],"picked":"Dagger Throw","floor":6},{"not_picked":["Flying Knee","Dash"],"picked":"Escape Plan","floor":11},{"not_picked":["Prepared","Underhanded Strike"],"picked":"Corpse Explosion","floor":12},{"not_picked":["Slice","Bouncing Flask"],"picked":"Deadly Poison","floor":14},{"not_picked":["Doppelganger","Storm of Steel"],"picked":"Adrenaline","floor":16},{"not_picked":["Flying Knee","Outmaneuver"],"picked":"Noxious Fumes+1","floor":18},{"not_picked":["Caltrops","Endless Agony+1","Deflect"],"picked":"SKIP","floor":20},{"not_picked":["Dagger Throw","Concentrate"],"picked":"Deadly Poison","floor":21},{"not_picked":["Escape Plan","Slice","Unload"],"picked":"SKIP","floor":24},{"not_picked":["Cloak And Dagger","Choke","Sucker Punch+1"],"picked":"SKIP","floor":27},{"not_picked":["Quick Slash+1","Crippling Poison","Dash"],"picked":"SKIP","floor":28},{"not_picked":["Expertise+1","Noxious Fumes+1","Flying Knee"],"picked":"SKIP","floor":29},{"not_picked":["Acrobatics+1","Prepared","Choke"],"picked":"SKIP","floor":35},{"not_picked":["Bane+1","Acrobatics","Dagger Throw"],"picked":"SKIP","floor":37},{"not_picked":["Bane+1","Eviscerate+1","Skewer+1"],"picked":"SKIP","floor":39},{"not_picked":["Backstab","Heel Hook"],"picked":"Catalyst","floor":45}],"player_experience":334434,"relics_obtained":[{"floor":6,"key":"War Paint"},{"floor":9,"key":"HornCleat"},{"floor":11,"key":"Omamori"},{"floor":26,"key":"The Courier"},{"floor":34,"key":"Strawberry"},{"floor":34,"key":"Meat on the Bone"},{"floor":34,"key":"Calipers"},{"floor":43,"key":"Ice Cream"},{"floor":45,"key":"Pen Nib"},{"floor":46,"key":"FossilizedHelix"}],"event_choices":[{"damage_healed":0,"gold_gain":0,"player_choice":"Fled","damage_taken":0,"max_hp_gain":0,"max_hp_loss":0,"event_name":"Scrap Ooze","floor":2,"gold_loss":0},{"cards_removed":["Strike_G"],"damage_healed":0,"gold_gain":0,"player_choice":"Card Removal","damage_taken":7,"max_hp_gain":0,"max_hp_loss":0,"event_name":"Golden Wing","floor":3,"gold_loss":0},{"damage_healed":0,"gold_gain":0,"player_choice":"Read","damage_taken":0,"max_hp_gain":0,"max_hp_loss":0,"event_name":"The Library","floor":22,"gold_loss":0,"cards_obtained":["Acrobatics"]},{"cards_removed":["Defend_G"],"damage_healed":0,"gold_gain":0,"player_choice":"Gave Gold","damage_taken":0,"max_hp_gain":0,"max_hp_loss":0,"event_name":"Beggar","floor":30,"gold_loss":75},{"cards_removed":["Strike_G"],"damage_healed":0,"gold_gain":0,"player_choice":"Purged","damage_taken":0,"max_hp_gain":0,"max_hp_loss":0,"event_name":"Purifier","floor":31,"gold_loss":0},{"damage_healed":0,"gold_gain":0,"player_choice":"Ignored","damage_taken":0,"max_hp_gain":0,"max_hp_loss":0,"event_name":"Tomb of Lord Red Mask","floor":36,"gold_loss":0},{"damage_healed":0,"gold_gain":0,"player_choice":"Fight","damage_taken":0,"max_hp_gain":0,"max_hp_loss":0,"event_name":"Mysterious Sphere","floor":46,"gold_loss":0},{"damage_healed":67,"gold_gain":0,"player_choice":"Heal","damage_taken":0,"max_hp_gain":0,"max_hp_loss":10,"event_name":"The Moai Head","floor":48,"gold_loss":0}],"is_beta":false,"boss_relics":[{"not_picked":["SlaversCollar","SacredBark"],"picked":"Cursed Key"},{"not_picked":["Pandora\u0027s Box","Coffee Dripper"],"picked":"Calling Bell"}],"items_purged_floors":[8,19,41],"is_endless":false,"potions_floor_spawned":[1,6,12,14,18,20,29,37,45,46],"ascension_level":0}}