{"host":"n95r2z13dwkl182w","time":1613026851,"event":{"mods":["2.2 Compatiblity","AchievementEnabler","BaseMod","Colored Map","Hermit","Marisa£¨Ùöéë¡¡Øª×âÞÞ£©","Minty Spire (QoL Compilation)","StSLib","SuperFastMode","everything is the same but u backflip on backflip"],"gold_per_floor":[115,115,133,133,133,165,179,179,225,253,23,40,40,51,51,149,149,164,181,106,106,106,106,133,149,173,198,45,45,45],"floor_reached":29,"language":"KOR","playtime":964,"items_purged":["Regret"],"score":311,"play_id":"57ff0a91-60cf-4a01-affd-8424e0efa8c8","local_time":"20210211160051","is_ascension_mode":true,"campfire_choices":[{"data":"StarBarrage","floor":8.0,"key":"SMITH"},{"floor":13,"key":"REST"},{"data":"Backflip","floor":15,"key":"SMITH"},{"data":"Dagger Throw","floor":23,"key":"SMITH"}],"circlet_count":0,"master_deck":["Strike_MRS","Strike_MRS","Strike_MRS","Defend_MRS","Defend_MRS","Defend_MRS","Defend_MRS","MasterSpark+1","UpSweep","StarBarrage+1","Dagger Throw+1","Backflip+1","hermit:BlackWind","CurseOfTheBell","Armaments+1","hermit:BodyArmor","StarBarrage+1","Calculated Gamble+1"],"relics":["MiniHakkero","NeowsBlessing","Nunchaku","White Beast Statue","BreadOfAWashokuLover","Oddly Smooth Stone","Bottled Flame","PrismaticShard","Calling Bell","Omamori","Mercury Hourglass","Prayer Wheel","MutagenicStrength","Lizard Tail","Pen Nib","Happy Flower","Regal Pillow"],"acts_visited":["Exordium","TheCity"],"potions_floor_usage":[16,18,19,19,24,24,25,27],"damage_taken":[{"damage":0.0,"enemies":"2 Louse","floor":1.0,"turns":1.0},{"damage":0.0,"enemies":"Jaw Worm","floor":3.0,"turns":1.0},{"damage":0.0,"enemies":"Lagavulin","floor":6.0,"turns":1.0},{"damage":1.0,"enemies":"Cultist","floor":7.0,"turns":3.0},{"damage":17.0,"enemies":"Gremlin Nob","floor":10.0,"turns":3.0},{"damage":2,"enemies":"Lots of Slimes","floor":12,"turns":4},{"damage":3,"enemies":"Red Slaver","floor":14,"turns":3},{"damage":32,"enemies":"The Guardian","floor":16,"turns":8},{"damage":10,"enemies":"Shell Parasite","floor":18,"turns":4},{"damage":5,"enemies":"3 Byrds","floor":19,"turns":3},{"damage":21,"enemies":"Slavers","floor":24,"turns":5},{"damage":4,"enemies":"Centurion and Healer","floor":25,"turns":5},{"damage":28,"enemies":"Book of Stabbing","floor":27,"turns":4},{"damage":0,"enemies":"3 Cultists","floor":29,"turns":3}],"seed_played":"7787787239648451385","potions_obtained":[{"floor":1.0,"key":"BlessingOfTheForge"},{"floor":6.0,"key":"LiquidBronze"},{"floor":7.0,"key":"SteroidPotion"},{"floor":10.0,"key":"Energy Potion"},{"floor":12,"key":"Strength Potion"},{"floor":14,"key":"Explosive Potion"},{"floor":16,"key":"DistilledChaos"},{"floor":18,"key":"Weak Potion"},{"floor":19,"key":"LiquidBronze"},{"floor":24,"key":"StarNLove"},{"floor":25,"key":"BlessingOfTheForge"},{"floor":27,"key":"SmokeBomb"}],"is_trial":false,"path_per_floor":["M","?","M","?","?","E","M","R","T","E","$","M","R","M","R","B",null,"M","M","?","?","?","R","E","M","T","E","$","M"],"character_chosen":"MARISA","items_purchased":["PrismaticShard","Regal Pillow"],"campfire_rested":1,"item_purchase_floors":[11,28],"current_hp_per_floor":[75,63,63,63,63,63,62,62,62,45,45,43,65,62,62,30,75,65,60,60,60,60,60,39,35,35,7,7,7,7],"gold":45,"neow_bonus":"THREE_ENEMY_KILL","is_daily":false,"chose_seed":false,"campfire_upgraded":3,"win_rate":0.0,"timestamp":1613026851,"path_taken":["M","?","M","?","?","E","M","R","T","E","$","M","R","M","R","BOSS","M","M","?","?","?","R","E","M","T","E","$","M"],"items_purchased_type":["Relic","Relic"],"build_version":"2020-12-22","purchased_purges":1,"victory":false,"max_hp_per_floor":[75,75,75,75,75,75,75,75,75,75,75,75,75,75,75,75,75,75,75,75,75,75,75,75,75,75,75,75,75,75],"card_choices":[{"not_picked":["OneTimeOff","SporeBomb","IllusionStar"],"picked":"SKIP","floor":1.0},{"not_picked":["NonDirectionalLaser","Orbital","MilkyWay"],"picked":"SKIP","floor":3.0},{"not_picked":["MagicAbsorber","SporeBomb","LuminesStrike"],"picked":"SKIP","floor":6.0},{"not_picked":["Acceleration","UnstableBomb"],"picked":"StarBarrage","floor":7.0},{"not_picked":["DragonMeteor","DarkSpark","WitchLeyline"],"picked":"SKIP","floor":10.0},{"not_picked":["Heavy Blade","Quick Slash"],"picked":"Dagger Throw","floor":12},{"not_picked":["hermit:Spite","Heatsinks"],"picked":"Backflip","floor":14},{"not_picked":["Omniscience","Creative AI"],"picked":"hermit:BlackWind","floor":16},{"not_picked":["Adaptation+1","EmptyFist+1"],"picked":"Armaments+1","floor":18},{"not_picked":["hermit:Headshot+1","Protect","SuperPerseids"],"picked":"SKIP","floor":18},{"not_picked":["Doom and Gloom+1","hermit:Purgatory"],"picked":"hermit:BodyArmor","floor":19},{"not_picked":["Dagger Spray","Shockwave","Singularity"],"picked":"SKIP","floor":19},{"not_picked":["Bane+1","hermit:BigShot","Tools of the Trade"],"picked":"SKIP","floor":24},{"not_picked":["Heavy Blade+1","Slice","hermit:Misfire"],"picked":"SKIP","floor":25},{"not_picked":["Halt+1","PiercingWail","Ghostly Armor"],"picked":"SKIP","floor":25},{"not_picked":["Evaluate+1","Juggernaut"],"picked":"Calculated Gamble+1","floor":27}],"player_experience":70720,"relics_obtained":[{"floor":6.0,"key":"BreadOfAWashokuLover"},{"floor":9.0,"key":"Oddly Smooth Stone"},{"floor":10.0,"key":"Bottled Flame"},{"floor":17,"key":"Omamori"},{"floor":17,"key":"Mercury Hourglass"},{"floor":17,"key":"Prayer Wheel"},{"floor":24,"key":"Lizard Tail"},{"floor":26,"key":"Pen Nib"},{"floor":27,"key":"Happy Flower"}],"event_choices":[{"damage_healed":0.0,"max_hp_gain":0.0,"max_hp_loss":0.0,"gold_gain":0.0,"event_name":"Scrap Ooze","player_choice":"Success","floor":2.0,"gold_loss":0.0,"damage_taken":12.0,"relics_obtained":["Nunchaku"]},{"damage_healed":0.0,"max_hp_gain":0.0,"max_hp_loss":0.0,"gold_gain":0.0,"event_name":"Living Wall","player_choice":"Grow","floor":4.0,"gold_loss":0.0,"damage_taken":0.0,"cards_upgraded":["MasterSpark"]},{"damage_healed":0.0,"max_hp_gain":0.0,"max_hp_loss":0.0,"gold_gain":0.0,"event_name":"Big Fish","player_choice":"Box","floor":5.0,"gold_loss":0.0,"damage_taken":0.0,"relics_obtained":["White Beast Statue"],"cards_obtained":["Regret"]},{"cards_removed":["Strike_MRS"],"damage_healed":0,"gold_gain":0,"player_choice":"Gave Gold","damage_taken":0,"max_hp_gain":0,"max_hp_loss":0,"event_name":"Beggar","floor":20,"gold_loss":75},{"damage_healed":0,"gold_gain":0,"player_choice":"Inject Mutagens","damage_taken":0,"relics_obtained":["MutagenicStrength"],"max_hp_gain":0,"max_hp_loss":0,"event_name":"Drug Dealer","floor":21,"gold_loss":0},{"damage_healed":0,"gold_gain":0,"player_choice":"Copied","damage_taken":0,"max_hp_gain":0,"max_hp_loss":0,"event_name":"Duplicator","floor":22,"gold_loss":0,"cards_obtained":["StarBarrage"]}],"is_beta":false,"boss_relics":[{"not_picked":["Fusion Hammer","Coffee Dripper"],"picked":"Calling Bell"}],"items_purged_floors":[11],"is_endless":false,"potions_floor_spawned":[1,6,7,10,12,14,16,18,19,24,25,27],"killed_by":"3 Cultists","ascension_level":1}}