{"host":"y13mj1mxwnd5xx1x","time":1613030837,"event":{"mods":["AchievementEnabler","BaseMod","Minty Spire (QoL Compilation)"],"gold_per_floor":[115,133,146,246,201,201,236,254,327,327,349,378,378,397,397,498,498,498,498,498,515,527,527,557,557,581,581,136,154,167,199,199,300,300,313,323,323,323,323,354,354,369,437,437,456,474,500,67,67,67],"floor_reached":51,"language":"ENG","playtime":3536,"items_purged":["Strike_G+1","Strike_G+1"],"score":828,"play_id":"91a441c4-c22a-41af-a8a9-7f8e9d3d339f","local_time":"20210211020717","is_ascension_mode":true,"campfire_choices":[{"data":"Blade Dance","floor":6,"key":"SMITH"},{"data":"Noxious Fumes","floor":10,"key":"SMITH"},{"data":"Infinite Blades","floor":13,"key":"SMITH"},{"floor":15,"key":"REST"},{"floor":23,"key":"REST"},{"floor":25,"key":"REST"},{"floor":27,"key":"REST"},{"floor":32,"key":"REST"},{"floor":41,"key":"REST"},{"floor":44,"key":"REST"},{"floor":49,"key":"REST"}],"circlet_count":0,"master_deck":["Strike_G+1","Strike_G+1","Strike_G+1","Defend_G+1","Defend_G+1","Defend_G+1","Defend_G+1","Defend_G+1","Survivor","Neutralize+1","Infinite Blades+1","PiercingWail","PiercingWail","Blade Dance+1","Infinite Blades","Noxious Fumes+1","Backflip","Bouncing Flask","Burst","Backflip","Neutralize","Burst","Catalyst","Bouncing Flask","Poisoned Stab","Caltrops+1","Noxious Fumes","After Image","Deadly Poison","Apotheosis","PiercingWail+1","Acrobatics","Footwork"],"relics":["Ring of the Snake","Ice Cream","Darkstone Periapt","Odd Mushroom","Art of War","Fusion Hammer","Mango","Bag of Preparation","TheAbacus","Ancient Tea Set","Ornamental Fan","Lantern","Mummified Hand","Potion Belt","Nunchaku"],"acts_visited":["Exordium","TheCity","TheBeyond"],"potions_floor_usage":[12,16,22,31,40,40,40,50,50],"damage_taken":[{"damage":0,"enemies":"2 Louse","floor":1,"turns":5},{"damage":0,"enemies":"Cultist","floor":2,"turns":5},{"damage":7,"enemies":"Small Slimes","floor":3,"turns":5},{"damage":5,"enemies":"Looter","floor":5,"turns":5},{"damage":16,"enemies":"3 Sentries","floor":7,"turns":10},{"damage":8,"enemies":"Blue Slaver","floor":8,"turns":4},{"damage":7,"enemies":"The Mushroom Lair","floor":11,"turns":4},{"damage":16,"enemies":"Gremlin Nob","floor":12,"turns":4},{"damage":0,"enemies":"Red Slaver","floor":14,"turns":5},{"damage":26,"enemies":"Slime Boss","floor":16,"turns":10},{"damage":7,"enemies":"Chosen","floor":18,"turns":5},{"damage":9,"enemies":"Shell Parasite","floor":21,"turns":5},{"damage":3,"enemies":"3 Cultists","floor":22,"turns":5},{"damage":17,"enemies":"Slavers","floor":24,"turns":6},{"damage":9,"enemies":"Sentry and Sphere","floor":29,"turns":5},{"damage":11,"enemies":"Chosen and Byrds","floor":30,"turns":5},{"damage":30,"enemies":"Gremlin Leader","floor":31,"turns":7},{"damage":34,"enemies":"Automaton","floor":33,"turns":9},{"damage":8,"enemies":"Orb Walker","floor":35,"turns":4},{"damage":12,"enemies":"3 Darklings","floor":36,"turns":4},{"damage":48,"enemies":"Reptomancer","floor":40,"turns":8},{"damage":32,"enemies":"Spire Growth","floor":42,"turns":4},{"damage":0,"enemies":"Sphere and 2 Shapes","floor":45,"turns":5},{"damage":9,"enemies":"Transient","floor":46,"turns":5},{"damage":13,"enemies":"Giant Head","floor":47,"turns":10},{"damage":22,"enemies":"Time Eater","floor":50,"turns":8}],"seed_played":"-819114243330938982","potions_obtained":[{"floor":1,"key":"DistilledChaos"},{"floor":2,"key":"Dexterity Potion"},{"floor":8,"key":"BlessingOfTheForge"},{"floor":12,"key":"Swift Potion"},{"floor":16,"key":"SneckoOil"},{"floor":22,"key":"CunningPotion"},{"floor":29,"key":"Ancient Potion"},{"floor":31,"key":"Explosive Potion"},{"floor":40,"key":"Poison Potion"},{"floor":45,"key":"LiquidBronze"},{"floor":46,"key":"GhostInAJar"},{"floor":47,"key":"Block Potion"}],"is_trial":false,"path_per_floor":["M","M","M","?","M","R","E","M","T","R","?","E","R","M","R","B",null,"M","?","?","M","M","R","E","R","T","R","$","M","M","E","R","B",null,"M","M","?","?","?","E","R","M","T","R","M","M","E","$","R","B",null],"character_chosen":"THE_SILENT","items_purchased":["Bouncing Flask","TheAbacus","Ancient Tea Set","Nunchaku","Acrobatics","Footwork","FairyPotion"],"campfire_rested":8,"item_purchase_floors":[28,28,28,48,48,48,48],"current_hp_per_floor":[70,70,63,63,58,58,42,34,34,34,27,11,11,11,32,6,70,63,63,63,54,51,70,67,84,84,84,84,75,64,34,59,25,84,76,64,64,64,64,16,40,8,8,32,32,23,10,10,34,12],"gold":67,"neow_bonus":"UPGRADE_CARD","is_daily":false,"chose_seed":false,"campfire_upgraded":3,"win_rate":0.0,"timestamp":1613030837,"path_taken":["M","M","M","?","?","R","E","M","T","R","?","E","R","M","R","BOSS","M","?","?","M","M","R","E","R","T","R","$","M","?","E","R","BOSS","M","M","?","?","?","E","R","M","T","R","M","M","E","$","R","BOSS"],"items_purchased_type":["Card","Relic","Relic","Relic","Card","Card","Potion"],"build_version":"2020-12-22","purchased_purges":2,"victory":true,"max_hp_per_floor":[70,70,70,70,70,70,70,70,70,70,70,70,70,70,70,70,70,70,70,70,70,70,70,84,84,84,84,84,84,84,84,84,84,84,84,84,84,80,80,80,80,80,80,80,80,80,80,80,80,80],"card_choices":[{"not_picked":["Predator","Deflect"],"picked":"Infinite Blades","floor":1},{"not_picked":["Eviscerate","Well Laid Plans"],"picked":"PiercingWail","floor":2},{"not_picked":["Prepared","Terror"],"picked":"PiercingWail","floor":3},{"not_picked":["Riddle With Holes","Bouncing Flask"],"picked":"Blade Dance","floor":5},{"not_picked":["Bane","Underhanded Strike"],"picked":"Infinite Blades","floor":7},{"not_picked":["Deadly Poison","Sucker Punch"],"picked":"Noxious Fumes","floor":8},{"not_picked":["Bane","Dagger Spray"],"picked":"Backflip","floor":12},{"not_picked":["Expertise","Deflect"],"picked":"Bouncing Flask","floor":14},{"not_picked":["A Thousand Cuts","Unload"],"picked":"Burst","floor":16},{"not_picked":["Riddle With Holes","Slice"],"picked":"Backflip","floor":18},{"not_picked":["Eviscerate+1","Backstab"],"picked":"Catalyst","floor":21},{"not_picked":["Flechettes","Predator","Bane"],"picked":"SKIP","floor":22},{"not_picked":["Dagger Spray","Outmaneuver","Terror"],"picked":"SKIP","floor":24},{"not_picked":["Acrobatics","Backstab"],"picked":"Poisoned Stab","floor":29},{"not_picked":["Sucker Punch","Backflip"],"picked":"Caltrops+1","floor":30},{"not_picked":["Blur","Cloak And Dagger+1"],"picked":"Noxious Fumes","floor":31},{"not_picked":["Wraith Form v2","Grand Finale"],"picked":"After Image","floor":33},{"not_picked":["Outmaneuver","Choke","Riddle With Holes"],"picked":"SKIP","floor":35},{"not_picked":["Reflex","Sucker Punch"],"picked":"Deadly Poison","floor":36},{"not_picked":["Finesse","Thinking Ahead"],"picked":"Apotheosis","floor":39},{"not_picked":["Slice+1","Skewer","Doppelganger"],"picked":"SKIP","floor":40},{"not_picked":["Choke","Outmaneuver","All Out Attack+1"],"picked":"SKIP","floor":42},{"not_picked":["Deflect","Tactician+1","Distraction+1"],"picked":"SKIP","floor":45},{"not_picked":["Distraction+1","Caltrops"],"picked":"PiercingWail+1","floor":46},{"not_picked":["Bane","All Out Attack+1","Underhanded Strike+1"],"picked":"SKIP","floor":47}],"player_experience":152178,"relics_obtained":[{"floor":7,"key":"Ice Cream"},{"floor":9,"key":"Darkstone Periapt"},{"floor":11,"key":"Odd Mushroom"},{"floor":12,"key":"Art of War"},{"floor":24,"key":"Mango"},{"floor":26,"key":"Bag of Preparation"},{"floor":31,"key":"Ornamental Fan"},{"floor":40,"key":"Lantern"},{"floor":43,"key":"Mummified Hand"},{"floor":47,"key":"Potion Belt"}],"event_choices":[{"damage_healed":0,"gold_gain":100,"player_choice":"Pray","damage_taken":0,"max_hp_gain":0,"max_hp_loss":0,"event_name":"Golden Shrine","floor":4,"gold_loss":0},{"damage_healed":0,"gold_gain":0,"player_choice":"Fought Mushrooms","damage_taken":0,"max_hp_gain":0,"max_hp_loss":0,"event_name":"Mushrooms","floor":11,"gold_loss":0},{"damage_healed":0,"gold_gain":0,"player_choice":"Simplicity","damage_taken":0,"max_hp_gain":0,"max_hp_loss":0,"event_name":"Back to Basics","floor":19,"gold_loss":0,"cards_upgraded":["Strike_G","Strike_G","Strike_G","Strike_G","Strike_G","Defend_G","Defend_G","Defend_G","Defend_G","Defend_G"]},{"damage_healed":0,"gold_gain":0,"player_choice":"2 cards matched","damage_taken":0,"max_hp_gain":0,"max_hp_loss":0,"event_name":"Match and Keep!","floor":20,"gold_loss":0,"cards_obtained":["Neutralize","Burst"]},{"damage_healed":0,"gold_gain":0,"player_choice":"Ignored","damage_taken":0,"max_hp_gain":0,"max_hp_loss":0,"event_name":"Tomb of Lord Red Mask","floor":37,"gold_loss":0},{"damage_healed":0,"gold_gain":0,"player_choice":"Max HP","damage_taken":0,"max_hp_gain":0,"max_hp_loss":4,"event_name":"Winding Halls","floor":38,"gold_loss":0},{"damage_healed":0,"gold_gain":0,"player_choice":"Memory 1","damage_taken":0,"max_hp_gain":0,"max_hp_loss":0,"event_name":"SensoryStone","floor":39,"gold_loss":0}],"is_beta":false,"boss_relics":[{"not_picked":["Busted Crown","Runic Dome"],"picked":"Fusion Hammer"},{"not_picked":["Snecko Eye","Velvet Choker","Coffee Dripper"]}],"items_purged_floors":[28,48],"is_endless":false,"potions_floor_spawned":[1,2,8,12,16,22,29,31,40,45,46,47],"ascension_level":2}}