{"host":"mqhvlr3kpxebko0t","time":1613027196,"event":{"mods":["AchievementEnabler","BaseMod","Colored Map","Colored Powertips","KOR Keyword Fix","Keyboard Shortcuts","Minty Spire (QoL Compilation)","StSLib","SuperFastMode"],"gold_per_floor":[113,113,38,49,60,60,75,88,88,99,20,20,20],"floor_reached":12,"language":"KOR","playtime":142,"items_purged":["Strike_G"],"score":130,"play_id":"7d298374-332e-4b6a-8f89-cf3d6e99e56a","local_time":"20210211160636","is_ascension_mode":true,"campfire_choices":[{"data":"Neutralize","floor":6,"key":"SMITH"}],"circlet_count":0,"master_deck":["AscendersBane","Strike_G","Strike_G","Strike_G","Strike_G","Defend_G","Defend_G","Defend_G","Defend_G","Defend_G","Survivor","Neutralize+1","Masterful Stab","Backflip","Escape Plan","Blade Dance","Escape Plan"],"relics":["Ring of the Snake","NeowsBlessing","Gremlin Horn"],"acts_visited":["Exordium"],"potions_floor_usage":[10],"damage_taken":[{"damage":0,"enemies":"2 Louse","floor":1,"turns":1},{"damage":0,"enemies":"Cultist","floor":4,"turns":1},{"damage":0,"enemies":"Jaw Worm","floor":5,"turns":1},{"damage":0,"enemies":"2 Fungi Beasts","floor":7,"turns":4},{"damage":17,"enemies":"Exordium Thugs","floor":8,"turns":7},{"damage":0,"enemies":"Exordium Wildlife","floor":10,"turns":3},{"damage":0,"enemies":"3 Sentries","floor":12,"turns":1}],"seed_played":"2812055332833961510","potions_obtained":[{"floor":2,"key":"AttackPotion"},{"floor":2,"key":"AttackPotion"},{"floor":7,"key":"SmokeBomb"},{"floor":10,"key":"ColorlessPotion"}],"is_trial":false,"path_per_floor":["M","?","$","M","M","R","M","M","T","M","$","E"],"character_chosen":"THE_SILENT","items_purchased":["Escape Plan"],"campfire_rested":0,"item_purchase_floors":[11],"current_hp_per_floor":[59,59,59,59,59,59,59,42,42,42,42,42,42],"gold":20,"neow_bonus":"THREE_ENEMY_KILL","is_daily":false,"chose_seed":false,"campfire_upgraded":1,"win_rate":0.0,"timestamp":1613027196,"path_taken":["M","?","$","?","M","R","?","M","T","?","$","E"],"items_purchased_type":["Card"],"build_version":"2020-12-22","purchased_purges":1,"victory":false,"max_hp_per_floor":[66,66,66,66,66,66,66,66,66,66,66,66,66],"card_choices":[{"not_picked":["Prepared","Quick Slash"],"picked":"Masterful Stab","floor":1},{"not_picked":["Finisher","Setup"],"picked":"Backflip","floor":4},{"not_picked":["Concentrate","Dodge and Roll","Leg Sweep"],"picked":"SKIP","floor":5},{"not_picked":["Outmaneuver","Caltrops"],"picked":"Escape Plan","floor":7},{"not_picked":["Endless Agony","Skewer"],"picked":"Blade Dance","floor":8},{"not_picked":["Flying Knee","Flechettes","Quick Slash"],"picked":"SKIP","floor":10}],"player_experience":707943,"relics_obtained":[{"floor":9,"key":"Gremlin Horn"}],"event_choices":[{"damage_healed":0,"gold_gain":0,"player_choice":"Got Potions","damage_taken":0,"max_hp_gain":0,"max_hp_loss":0,"event_name":"Lab","floor":2,"gold_loss":0}],"is_beta":false,"boss_relics":[],"items_purged_floors":[3],"is_endless":false,"potions_floor_spawned":[4,7,10],"killed_by":"3 Sentries","ascension_level":16}}