{"host":"a81lcl2i2xcd8h5v","time":1613061226,"event":{"mods":["2.2 Compatiblity","BaseMod","Bestiary","Colored Map","Colored Powertips","Curses Come First","Highlight Path","Keyboard Shortcuts","Minty Spire (QoL Compilation)","Relic Stats","StSLib","SuperFastMode"],"gold_per_floor":[117,117,130,130,34,34,65,165,165,183,183,209,209,134,134,264,264,278,44,44,63,84,124,140,181,206,206,220,220,241,92,92,218,218,233,54,154,179,179,179,212,212,265,308,308,332,332,665,665,665],"floor_reached":51,"language":"ENG","playtime":3126,"items_purged":["Strike_R","Strike_R"],"score":824,"play_id":"2e9b5bf6-8e61-45d1-b170-a6882d9b837c","local_time":"20210211143346","is_ascension_mode":false,"campfire_choices":[{"data":"Strike_R","floor":6.0,"key":"SMITH"},{"data":"Carnage","floor":11.0,"key":"SMITH"},{"data":"Bash","floor":15.0,"key":"SMITH"},{"data":"Body Slam","floor":27,"key":"SMITH"},{"data":"Cleave","floor":29,"key":"SMITH"},{"data":"Inflame","floor":32,"key":"SMITH"},{"data":"Bludgeon","floor":40,"key":"SMITH"},{"data":"Impervious","floor":42,"key":"SMITH"},{"data":"Sword Boomerang","floor":45,"key":"SMITH"},{"data":"Pummel","floor":47,"key":"SMITH"},{"data":"Ghostly Armor","floor":49,"key":"SMITH"}],"circlet_count":0,"master_deck":["Strike_R","Strike_R+1","Defend_R","Defend_R","Defend_R","Defend_R","Bash+1","Armaments+1","Shrug It Off+1","Pommel Strike","Carnage+1","Body Slam+1","Inflame+1","Impervious+1","Ghostly Armor+1","Sword Boomerang+1","Cleave+1","Bludgeon+1","Cleave+1","Metallicize+1","Shockwave+1","Combust+1","Pummel+1"],"relics":["Busted Crown","White Beast Statue","War Paint","Mango","Red Skull","Velvet Choker","Lantern","Darkstone Periapt","Frozen Egg 2","Vajra","Anchor","Black Star","Ice Cream","Juzu Bracelet","Bag of Marbles","Pen Nib","Happy Flower","Dream Catcher"],"acts_visited":["Exordium","TheCity","TheBeyond"],"potions_floor_usage":[23,33,33,41,50],"damage_taken":[{"damage":1.0,"enemies":"Jaw Worm","floor":1.0,"turns":3.0},{"damage":8.0,"enemies":"2 Louse","floor":3.0,"turns":2.0},{"damage":10.0,"enemies":"Lagavulin","floor":7.0,"turns":5.0},{"damage":0.0,"enemies":"Cultist","floor":10.0,"turns":2.0},{"damage":19.0,"enemies":"3 Sentries","floor":12.0,"turns":10.0},{"damage":0.0,"enemies":"Slime Boss","floor":16.0,"turns":8.0},{"damage":0.0,"enemies":"Spheric Guardian","floor":18.0,"turns":3.0},{"damage":5,"enemies":"2 Thieves","floor":21,"turns":3},{"damage":3,"enemies":"3 Cultists","floor":22,"turns":5},{"damage":30,"enemies":"Gremlin Leader","floor":23,"turns":4},{"damage":3,"enemies":"Snecko","floor":24,"turns":5},{"damage":16,"enemies":"Slavers","floor":25,"turns":4},{"damage":6,"enemies":"Snake Plant","floor":28,"turns":2},{"damage":0,"enemies":"3 Cultists","floor":30,"turns":3},{"damage":58,"enemies":"Automaton","floor":33,"turns":11},{"damage":0,"enemies":"Orb Walker","floor":35,"turns":2},{"damage":0,"enemies":"3 Shapes","floor":38,"turns":3},{"damage":26,"enemies":"Nemesis","floor":41,"turns":9},{"damage":9,"enemies":"Giant Head","floor":44,"turns":7},{"damage":0,"enemies":"3 Darklings","floor":46,"turns":2},{"damage":33,"enemies":"Donu and Deca","floor":50,"turns":6}],"seed_played":"8296302217645938880","potions_obtained":[{"floor":7.0,"key":"Block Potion"},{"floor":10.0,"key":"Weak Potion"},{"floor":12.0,"key":"EssenceOfSteel"},{"floor":21,"key":"Regen Potion"},{"floor":23,"key":"BloodPotion"},{"floor":25,"key":"BloodPotion"},{"floor":28,"key":"HeartOfIron"},{"floor":33,"key":"PowerPotion"},{"floor":35,"key":"LiquidMemories"},{"floor":41,"key":"BloodPotion"}],"is_trial":false,"path_per_floor":["M","?","M","?","$","R","E","?","T","M","R","E","?","$","R","B",null,"M","$","?","M","M","E","M","E","T","R","M","R","M","$","R","B",null,"M","$","?","M","T","R","E","R","T","E","R","M","R","?","R","B",null],"character_chosen":"IRONCLAD","items_purchased":["Pommel Strike","Carnage","Ghostly Armor","Lantern","Anchor","Metallicize+1"],"campfire_rested":0,"item_purchase_floors":[5,5,19,19,31,36],"current_hp_per_floor":[79,84,76,73,73,73,63,63,77,77,77,58,58,58,58,58,92,92,92,92,87,84,63,60,44,44,44,38,38,38,38,38,16,92,92,92,92,92,92,92,66,66,66,57,57,57,57,57,57,24],"gold":665,"neow_bonus":"BOSS_RELIC","is_daily":false,"chose_seed":false,"campfire_upgraded":11,"win_rate":0.0,"timestamp":1613061226,"path_taken":["M","?","M","?","$","R","E","?","T","?","R","E","?","?","R","BOSS","M","$","?","M","M","E","M","E","T","R","M","R","M","$","R","BOSS","M","$","?","?","?","R","E","R","T","E","R","M","R","?","R","BOSS"],"items_purchased_type":["Card","Card","Card","Relic","Relic","Card"],"build_version":"2020-12-22","purchased_purges":2,"victory":true,"max_hp_per_floor":[80,85,85,85,85,85,85,85,99,99,99,99,92,92,92,92,92,92,92,92,92,92,92,92,92,92,92,92,92,92,92,92,92,92,92,92,92,92,92,92,92,92,92,92,92,92,92,92,92,92],"relic_stats":{"Darkstone Periapt":0,"Dream Catcher":0,"Busted Crown":40,"Happy Flower":[2],"counters":[21,99],"Pen Nib":[3],"Black Star":2,"Juzu Bracelet":1,"War Paint":["Shrug It Off","Armaments"],"obtain_stats":[{"Darkstone Periapt":23,"Ice Cream":39,"Lantern":19,"Happy Flower":44,"Golden Idol":13,"Velvet Choker":17,"Vajra":26,"Mango":9,"Pen Nib":43,"Juzu Bracelet":41,"War Paint":7,"Frozen Egg 2":25,"Burning Blood":0,"White Beast Statue":4,"Anchor":31,"Dream Catcher":44,"Busted Crown":0,"Black Star":34,"Bag of Marbles":41,"Red Skull":12},{"Darkstone Periapt":10,"Ice Cream":17,"Lantern":7,"Happy Flower":19,"Golden Idol":5,"Velvet Choker":6,"Vajra":12,"Mango":3,"Pen Nib":18,"Juzu Bracelet":18,"War Paint":3,"Frozen Egg 2":12,"Burning Blood":0,"White Beast Statue":2,"Anchor":14,"Dream Catcher":19,"Busted Crown":0,"Black Star":15,"Bag of Marbles":18,"Red Skull":5},{"Darkstone Periapt":45,"Ice Cream":75,"Lantern":33,"Happy Flower":91,"Golden Idol":22,"Velvet Choker":30,"Vajra":54,"Mango":10,"Pen Nib":84,"Juzu Bracelet":84,"War Paint":10,"Frozen Egg 2":54,"Burning Blood":0,"White Beast Statue":5,"Anchor":59,"Dream Catcher":91,"Busted Crown":0,"Black Star":70,"Bag of Marbles":84,"Red Skull":22}]},"card_choices":[{"not_picked":[],"picked":"Armaments","floor":1.0},{"not_picked":[],"picked":"Shrug It Off","floor":3.0},{"not_picked":["Shrug It Off"],"picked":"SKIP","floor":7.0},{"not_picked":[],"picked":"Body Slam","floor":10.0},{"not_picked":[],"picked":"Inflame","floor":12.0},{"not_picked":[],"picked":"Impervious","floor":16.0},{"not_picked":["Power Through"],"picked":"SKIP","floor":18.0},{"not_picked":[],"picked":"Sword Boomerang","floor":21},{"not_picked":["True Grit"],"picked":"SKIP","floor":22},{"not_picked":["Fiend Fire"],"picked":"SKIP","floor":23},{"not_picked":["Perfected Strike"],"picked":"SKIP","floor":24},{"not_picked":["Sword Boomerang"],"picked":"SKIP","floor":25},{"not_picked":[],"picked":"Cleave","floor":28},{"not_picked":["Cleave"],"picked":"SKIP","floor":30},{"not_picked":[],"picked":"Bludgeon","floor":33},{"not_picked":[],"picked":"Cleave+1","floor":35},{"not_picked":["Clothesline"],"picked":"SKIP","floor":38},{"not_picked":[],"picked":"Shockwave+1","floor":41},{"not_picked":[],"picked":"Combust+1","floor":44},{"not_picked":[],"picked":"Pummel","floor":46}],"player_experience":8095,"relics_obtained":[{"floor":7.0,"key":"War Paint"},{"floor":9.0,"key":"Mango"},{"floor":12.0,"key":"Red Skull"},{"floor":23,"key":"Darkstone Periapt"},{"floor":25,"key":"Frozen Egg 2"},{"floor":26,"key":"Vajra"},{"floor":39,"key":"Ice Cream"},{"floor":41,"key":"Juzu Bracelet"},{"floor":41,"key":"Bag of Marbles"},{"floor":43,"key":"Pen Nib"},{"floor":44,"key":"Happy Flower"},{"floor":44,"key":"Dream Catcher"}],"event_choices":[{"damage_healed":0.0,"max_hp_gain":5.0,"max_hp_loss":0.0,"gold_gain":0.0,"event_name":"Big Fish","player_choice":"Donut","floor":2.0,"gold_loss":0.0,"damage_taken":0.0},{"damage_healed":0.0,"max_hp_gain":0.0,"max_hp_loss":0.0,"gold_gain":0.0,"event_name":"Scrap Ooze","player_choice":"Success","floor":4.0,"gold_loss":0.0,"damage_taken":3.0,"relics_obtained":["White Beast Statue"]},{"damage_healed":0.0,"max_hp_gain":0.0,"max_hp_loss":0.0,"gold_gain":100.0,"event_name":"Golden Shrine","player_choice":"Pray","floor":8.0,"gold_loss":0.0,"damage_taken":0.0},{"damage_healed":0.0,"max_hp_gain":0.0,"max_hp_loss":7.0,"gold_gain":0.0,"event_name":"Golden Idol","player_choice":"Lose Max HP","floor":13.0,"gold_loss":0.0,"damage_taken":0.0,"relics_obtained":["Golden Idol"]},{"cards_removed":["Strike_R"],"damage_healed":0.0,"max_hp_gain":0.0,"max_hp_loss":0.0,"gold_gain":0.0,"event_name":"Bonfire Elementals","player_choice":"Offered Basic","floor":20.0,"gold_loss":0.0,"damage_taken":0.0},{"damage_healed":0,"gold_gain":100,"player_choice":"Pray","damage_taken":0,"max_hp_gain":0,"max_hp_loss":0,"event_name":"Golden Shrine","floor":37,"gold_loss":0},{"damage_healed":0,"gold_gain":333,"player_choice":"Gave Idol","damage_taken":0,"max_hp_gain":0,"max_hp_loss":0,"event_name":"The Moai Head","floor":48,"relics_lost":["Golden Idol"],"gold_loss":0}],"is_beta":false,"boss_relics":[{"not_picked":["Ectoplasm","Astrolabe"],"picked":"Velvet Choker"},{"not_picked":["Snecko Eye","Philosopher\u0027s Stone"],"picked":"Black Star"}],"items_purged_floors":[14,36],"is_endless":false,"potions_floor_spawned":[7,10,12,16,18,21,22,23,24,25,28,30,33,35,38,41,44,46],"ascension_level":0}}