{"host":"tc1my4n9jof2q8vu","time":1613061714,"event":{"mods":["Act Like it!","BaseMod","Colored Powertips","Hubris","Minty Spire (QoL Compilation)","Replay The Spire","StSLib"],"gold_per_floor":[118,137,137,152,170,203,203,216,285,285,315,326,326,343,343,441,441,459,479,496,130,165,165,182,182,207,207,207,235,235,336,336,346,346,358,92,92,124,142,95,122,122,132,158,158,158,158,158],"floor_reached":51,"language":"ENG","playtime":1586,"items_purged":["Strike_P"],"score":825,"play_id":"387b9122-b34c-41ab-a60e-cb088689325e","local_time":"20210211114154","is_ascension_mode":false,"campfire_choices":[{"data":"WreathOfFlame","floor":10.0,"key":"SMITH"},{"data":"Adaptation","floor":13.0,"key":"SMITH"},{"data":"Eruption","floor":15.0,"key":"SMITH"},{"data":"Ragnarok","floor":24.0,"key":"SMITH"},{"floor":32.0,"key":"REST"},{"data":"Adaptation","floor":44.0,"key":"SMITH"},{"floor":47,"key":"REST"},{"floor":49,"key":"REST"}],"circlet_count":0,"master_deck":["Defend_P","Defend_P","Defend_P","Eruption+1","Vigilance","FlurryOfBlows","Adaptation+1","Tantrum","WreathOfFlame+1","ClearTheMind","FlurryOfBlows","Halt","FlurryOfBlows","Ragnarok+1","Crescendo","FlurryOfBlows+1","FollowUp+1","RitualDagger","EmptyFist+1","Vengeance","Adaptation+1","MentalFortress","MentalFortress","Violence","Replay:Cycle","Fasting2","SashWhip","WindmillStrike+1","FlyingSleeves+1","Prostrate"],"relics":["PureWater","PreservedInsect","Darkstone Periapt","hubris:Teleporter","Sozu","Snack Pack","hubris:Metronome","Kunai","ReplayTheSpireMod:Ring of Collecting","Shuriken","Black Star","hubris:Reverence","Pondfish Scales","ReplayTheSpireMod:Lightbulb","Replay:PocketPolymizer","Bottled Tornado"],"acts_visited":["Exordium","TheCity","TheBeyond"],"potions_floor_usage":[],"damage_taken":[{"damage":0.0,"enemies":"Small Slimes","floor":1.0,"turns":3.0},{"damage":7.0,"enemies":"Cultist","floor":2.0,"turns":3.0},{"damage":0.0,"enemies":"Jaw Worm","floor":4.0,"turns":2.0},{"damage":0.0,"enemies":"Gremlin Gang","floor":5.0,"turns":3.0},{"damage":28.0,"enemies":"Gremlin Nob","floor":6.0,"turns":3.0},{"damage":2.0,"enemies":"Blue Slaver","floor":8.0,"turns":2.0},{"damage":4.0,"enemies":"3 Sentries","floor":11.0,"turns":2.0},{"damage":1.0,"enemies":"2 Fungi Beasts","floor":12.0,"turns":2.0},{"damage":0.0,"enemies":"3 Louse","floor":14.0,"turns":2.0},{"damage":10.0,"enemies":"Slime Boss","floor":16.0,"turns":4.0},{"damage":0.0,"enemies":"Spheric Guardian","floor":18.0,"turns":1.0},{"damage":7.0,"enemies":"Chosen","floor":20.0,"turns":4.0},{"damage":10.0,"enemies":"Sentry and Sphere","floor":21.0,"turns":3.0},{"damage":40.0,"enemies":"Slavers","floor":23.0,"turns":4.0},{"damage":7.0,"enemies":"Centurion and Healer","floor":25.0,"turns":4.0},{"damage":3.0,"enemies":"Book of Stabbing","floor":28.0,"turns":2.0},{"damage":0.0,"enemies":"Gremlin Leader","floor":31.0,"turns":2.0},{"damage":49.0,"enemies":"hubris:MusketHawk","floor":33.0,"turns":4.0},{"damage":28.0,"enemies":"3 Shapes","floor":35.0,"turns":3.0},{"damage":1.0,"enemies":"Orb Walker","floor":37.0,"turns":2.0},{"damage":3.0,"enemies":"Giant Head","floor":40.0,"turns":2.0},{"damage":0.0,"enemies":"Sphere and 2 Shapes","floor":41.0,"turns":2.0},{"damage":32,"enemies":"Jaw Worm Horde","floor":45,"turns":2},{"damage":14,"enemies":"Nemesis","floor":46,"turns":3},{"damage":16,"enemies":"hubris:GrandSnecko","floor":50,"turns":5}],"seed_played":"4647986252561568446","potions_obtained":[{"floor":1.0,"key":"Strength Potion"},{"floor":2.0,"key":"LiquidBronze"},{"floor":7.0,"key":"ColorlessPotion"},{"floor":7.0,"key":"BottledMiracle"},{"floor":7.0,"key":"Fire Potion"},{"floor":11.0,"key":"Block Potion"},{"floor":14.0,"key":"BottledMiracle"}],"is_trial":false,"path_per_floor":["M","M","?","M","M","E","?","M","T","R","E","M","R","M","R","B",null,"M","M","M","$","E","R","M","T","E","?","?","E","R","B",null,"M","?","M","$","?","E","M","$","T","R","M","E","R","?","R","B",null],"character_chosen":"WATCHER","items_purchased":["FlurryOfBlows+1","Snack Pack","MentalFortress","Violence","SashWhip"],"campfire_rested":3,"item_purchase_floors":[22,22,38,38,42],"current_hp_per_floor":[79,72,72,72,72,44,44,42,42,42,38,37,37,37,37,27,79,79,72,62,62,28,28,25,25,24,18,18,22,45,4,79,53,53,56,56,56,59,63,63,63,63,33,19,42,42,65,65],"gold":158,"neow_bonus":"TEN_PERCENT_HP_BONUS","is_daily":false,"chose_seed":false,"campfire_upgraded":5,"win_rate":0.0,"timestamp":1613061714,"path_taken":["M","M","?","M","?","E","?","M","T","R","E","M","R","M","R","BOSS","M","?","M","$","E","R","M","T","E","?","?","E","R","BOSS","M","?","M","$","?","E","?","$","T","R","M","E","R","?","R","BOSS"],"items_purchased_type":["Card","Relic","Card","Card","Card"],"build_version":"2020-12-22","purchased_purges":1,"victory":true,"max_hp_per_floor":[79,79,79,79,79,79,79,79,79,79,79,79,79,79,79,79,79,79,79,79,79,79,79,79,79,79,79,79,79,79,79,79,79,79,79,79,79,79,79,79,79,79,79,79,79,79,79,79],"card_choices":[{"not_picked":["Sanctity","CarveReality"],"picked":"FlurryOfBlows","floor":1.0},{"not_picked":["FlyingSleeves","Replay:ManipulateFuture"],"picked":"Adaptation","floor":2.0},{"not_picked":["JustLucky","Consecrate","PathToVictory"],"picked":"SKIP","floor":4.0},{"not_picked":["CutThroughFate","DevaForm"],"picked":"WreathOfFlame","floor":5.0},{"not_picked":["Replay:Cycle","Replay:AtTheReady"],"picked":"ClearTheMind","floor":6.0},{"not_picked":["FollowUp","PathToVictory"],"picked":"FlurryOfBlows","floor":8.0},{"not_picked":["Evaluate","Protect","Collect"],"picked":"SKIP","floor":11.0},{"not_picked":["WaveOfTheHand","Evaluate"],"picked":"Halt","floor":12.0},{"not_picked":["InnerPeace","Scrawl"],"picked":"FlurryOfBlows","floor":14.0},{"not_picked":["Omniscience","LessonLearned"],"picked":"Ragnarok","floor":16.0},{"not_picked":["SashWhip","FollowUp+1"],"picked":"Crescendo","floor":18.0},{"not_picked":["FearNoEvil+1","ForeignInfluence","Replay:Cycle+1"],"picked":"SKIP","floor":20.0},{"not_picked":["BowlingBash","Protect","Nirvana"],"picked":"SKIP","floor":21.0},{"not_picked":["Protect","Fasting2","Replay:Anticipation"],"picked":"SKIP","floor":23.0},{"not_picked":["CrushJoints","Replay:AllIn"],"picked":"FollowUp+1","floor":25.0},{"not_picked":["LikeWater","Replay:Battleflow","JustLucky"],"picked":"SKIP","floor":28.0},{"not_picked":["ReachHeaven","PathToVictory"],"picked":"EmptyFist+1","floor":31.0},{"not_picked":["Replay:Hum+1","Replay:AtTheReady+1"],"picked":"Vengeance","floor":35.0},{"not_picked":["Replay:BluntJabs+1","PathToVictory"],"picked":"MentalFortress","floor":37.0},{"not_picked":["Protect","Replay:Vibes","EmptyBody+1"],"picked":"SKIP","floor":40.0},{"not_picked":["EmptyMind","Meditate+1"],"picked":"Fasting2","floor":41.0},{"not_picked":["EmptyBody","SignatureMove"],"picked":"WindmillStrike+1","floor":45},{"not_picked":["ThirdEye+1","Brilliance"],"picked":"FlyingSleeves+1","floor":46}],"player_experience":200794,"relics_obtained":[{"floor":6.0,"key":"PreservedInsect"},{"floor":9.0,"key":"Darkstone Periapt"},{"floor":11.0,"key":"hubris:Teleporter"},{"floor":23.0,"key":"hubris:Metronome"},{"floor":28.0,"key":"Kunai"},{"floor":30.0,"key":"ReplayTheSpireMod:Ring of Collecting"},{"floor":31.0,"key":"Shuriken"},{"floor":40.0,"key":"hubris:Reverence"},{"floor":40.0,"key":"Pondfish Scales"},{"floor":43.0,"key":"ReplayTheSpireMod:Lightbulb"},{"floor":46,"key":"Replay:PocketPolymizer"},{"floor":46,"key":"Bottled Tornado"}],"event_choices":[{"damage_healed":0.0,"max_hp_gain":0.0,"max_hp_loss":0.0,"gold_gain":0.0,"cards_transformed":["Strike_P"],"event_name":"Transmorgrifier","player_choice":"Transformed","floor":3.0,"gold_loss":0.0,"damage_taken":0.0,"cards_obtained":["Tantrum"]},{"damage_healed":0.0,"max_hp_gain":0.0,"max_hp_loss":0.0,"gold_gain":0.0,"event_name":"Lab","player_choice":"Got Potions","floor":7.0,"gold_loss":0.0,"damage_taken":0.0},{"damage_healed":0.0,"max_hp_gain":0.0,"max_hp_loss":0.0,"gold_gain":0.0,"event_name":"Nest","player_choice":"Joined the Cult","floor":29.0,"gold_loss":0.0,"damage_taken":6.0,"cards_obtained":["RitualDagger"]},{"damage_healed":0.0,"max_hp_gain":0.0,"max_hp_loss":0.0,"gold_gain":0.0,"cards_transformed":["Strike_P"],"event_name":"Transmorgrifier","player_choice":"Transformed","floor":39.0,"gold_loss":0.0,"damage_taken":0.0,"cards_obtained":["Replay:Cycle"]},{"cards_removed":["Defend_P"],"damage_healed":0,"gold_gain":0,"player_choice":"Removed Skill","damage_taken":0,"max_hp_gain":0,"max_hp_loss":0,"event_name":"Falling","floor":48,"gold_loss":0}],"is_beta":false,"boss_relics":[{"not_picked":["Replay:Drink Me","hubris:ScarierMask"],"picked":"Sozu"},{"not_picked":["Philosopher\u0027s Stone","Runic Pyramid"],"picked":"Black Star"}],"items_purged_floors":[22],"is_endless":false,"potions_floor_spawned":[1,2,11,14,18,28,35,40,45,46],"ascension_level":0}}