{"host":"qdluzwl0w2iptkmi","time":1613046726,"event":{"mods":["AchievementEnabler","BaseMod","BetterRewards","DeckTracker","Keyboard Shortcuts","Minty Spire (QoL Compilation)","Quick Restart","Relic Stats","StSLib","SuperFastMode"],"gold_per_floor":[111,121,221,233,245,275,291,291,344,356,34,60,78,91,91,196,196,209,32,45,45,61,61,7,7,83,102,131,131,131],"floor_reached":29,"language":"KOR","playtime":1409,"items_purged":[],"score":259,"play_id":"ca30152b-3d94-4b6e-a0fc-caffdd9dc92a","local_time":"20210211213206","is_ascension_mode":false,"campfire_choices":[{"data":"Cloak And Dagger","floor":8,"key":"SMITH"},{"data":"Cloak And Dagger","floor":15,"key":"SMITH"},{"data":"Terror","floor":23,"key":"SMITH"},{"data":"Venomology","floor":25,"key":"SMITH"}],"circlet_count":0,"master_deck":["Strike_G","Strike_G","Defend_G","Defend_G","Defend_G","Defend_G","Defend_G","Survivor","Neutralize","Escape Plan","Cloak And Dagger+1","Accuracy","Infinite Blades","Escape Plan","Well Laid Plans","Cloak And Dagger+1","Venomology+1","Terror+1","Escape Plan","Noxious Fumes"],"relics":["Coffee Dripper","The Courier","Omamori","Gremlin Horn","Paper Crane","Empty Cage","Oddly Smooth Stone","Bottled Lightning","Pen Nib"],"acts_visited":["Exordium","TheCity"],"potions_floor_usage":[6,7,12,16,20,22,27,28,28],"damage_taken":[{"damage":0,"enemies":"Jaw Worm","floor":1,"turns":4},{"damage":2,"enemies":"Cultist","floor":2,"turns":5},{"damage":0,"enemies":"2 Louse","floor":4,"turns":3},{"damage":2,"enemies":"Looter","floor":5,"turns":4},{"damage":12,"enemies":"3 Sentries","floor":6,"turns":10},{"damage":0,"enemies":"Gremlin Gang","floor":7,"turns":4},{"damage":5,"enemies":"3 Louse","floor":10,"turns":3},{"damage":7,"enemies":"Lagavulin","floor":12,"turns":7},{"damage":3,"enemies":"Blue Slaver","floor":13,"turns":4},{"damage":0,"enemies":"Red Slaver","floor":14,"turns":4},{"damage":10,"enemies":"The Guardian","floor":16,"turns":13},{"damage":2,"enemies":"Shell Parasite","floor":18,"turns":6},{"damage":11,"enemies":"2 Thieves","floor":20,"turns":4},{"damage":5,"enemies":"Chosen and Byrds","floor":22,"turns":7},{"damage":13,"enemies":"Shelled Parasite and Fungi","floor":27,"turns":4},{"damage":33,"enemies":"Slavers","floor":28,"turns":5},{"damage":10,"enemies":"3 Cultists","floor":29,"turns":4}],"seed_played":"-6705387404751798376","potions_obtained":[{"floor":1,"key":"DuplicationPotion"},{"floor":2,"key":"SpeedPotion"},{"floor":5,"key":"AttackPotion"},{"floor":7,"key":"DistilledChaos"},{"floor":13,"key":"Fire Potion"},{"floor":14,"key":"GhostInAJar"},{"floor":27,"key":"LiquidMemories"}],"is_trial":false,"path_per_floor":["M","M","?","M","M","E","M","R","T","M","$","E","M","M","R","B",null,"M","$","M","?","M","R","$","R","T","M","E","M"],"character_chosen":"THE_SILENT","items_purchased":["Escape Plan","Gremlin Horn","Well Laid Plans","Oddly Smooth Stone","Terror","Noxious Fumes"],"campfire_rested":0,"item_purchase_floors":[11,11,11,19,19,24],"current_hp_per_floor":[70,68,68,68,66,54,54,54,54,49,49,42,39,39,39,29,70,68,68,57,57,52,52,52,52,52,39,6,0,0],"gold":131,"neow_bonus":"BOSS_RELIC","is_daily":false,"chose_seed":false,"campfire_upgraded":4,"win_rate":0.0,"timestamp":1613046726,"path_taken":["M","M","?","M","M","E","M","R","T","M","$","E","?","M","R","BOSS","M","$","M","?","M","R","?","R","T","M","E","M"],"items_purchased_type":["Card","Relic","Card","Relic","Card","Card"],"build_version":"2020-12-22","purchased_purges":0,"victory":false,"max_hp_per_floor":[70,70,70,70,70,70,70,70,70,70,70,70,70,70,70,70,70,70,70,70,70,70,70,70,70,70,70,70,70,70],"relic_stats":{"Gremlin Horn":[6,6],"counters":[17,91],"Pen Nib":[0],"obtain_stats":[{"Gremlin Horn":11,"Oddly Smooth Stone":19,"The Courier":6,"Pen Nib":28,"Coffee Dripper":0,"Omamori":9,"Bottled Lightning":26,"Paper Crane":12,"Empty Cage":17,"Ring of the Snake":0},{"Gremlin Horn":7,"Oddly Smooth Stone":12,"The Courier":5,"Pen Nib":16,"Coffee Dripper":0,"Omamori":6,"Bottled Lightning":14,"Paper Crane":8,"Empty Cage":11,"Ring of the Snake":0},{"Gremlin Horn":33,"Oddly Smooth Stone":67,"The Courier":26,"Pen Nib":87,"Coffee Dripper":0,"Omamori":30,"Bottled Lightning":78,"Paper Crane":40,"Empty Cage":61,"Ring of the Snake":0}]},"card_choices":[{"not_picked":["Skewer","Heel Hook"],"picked":"Escape Plan","floor":1},{"not_picked":["Dagger Throw","Backflip"],"picked":"Cloak And Dagger","floor":2},{"not_picked":["All Out Attack","Flying Knee","Acrobatics"],"picked":"SKIP","floor":4},{"not_picked":["Slice","Bouncing Flask"],"picked":"Accuracy","floor":5},{"not_picked":["Corpse Explosion","Underhanded Strike"],"picked":"Infinite Blades","floor":6},{"not_picked":["Flying Knee","Deadly Poison","Outmaneuver"],"picked":"SKIP","floor":7},{"not_picked":["Sucker Punch","Bane","Catalyst"],"picked":"SKIP","floor":10},{"not_picked":["Outmaneuver","Deflect","Backflip"],"picked":"SKIP","floor":12},{"not_picked":["Blur","Prepared"],"picked":"Cloak And Dagger","floor":13},{"not_picked":["Quick Slash","Deadly Poison","Well Laid Plans"],"picked":"SKIP","floor":14},{"not_picked":["Die Die Die","Phantasmal Killer"],"picked":"Venomology","floor":16},{"not_picked":["Quick Slash","Accuracy","Bane+1"],"picked":"SKIP","floor":18},{"not_picked":["Cloak And Dagger","Dagger Spray","Poisoned Stab+1"],"picked":"SKIP","floor":20},{"not_picked":["Backstab","Endless Agony+1"],"picked":"Escape Plan","floor":22},{"not_picked":["Dagger Spray+1","Underhanded Strike","Dash"],"picked":"SKIP","floor":27},{"not_picked":["Noxious Fumes+1","Leg Sweep","Deadly Poison+1"],"picked":"SKIP","floor":28}],"player_experience":1264385,"relics_obtained":[{"floor":6,"key":"The Courier"},{"floor":9,"key":"Omamori"},{"floor":12,"key":"Paper Crane"},{"floor":26,"key":"Bottled Lightning"},{"floor":28,"key":"Pen Nib"}],"event_choices":[{"damage_healed":0,"gold_gain":100,"player_choice":"Pray","damage_taken":0,"max_hp_gain":0,"max_hp_loss":0,"event_name":"Golden Shrine","floor":3,"gold_loss":0},{"cards_removed":["Strike_G"],"damage_healed":0,"gold_gain":0,"player_choice":"Offered Basic","damage_taken":0,"max_hp_gain":0,"max_hp_loss":0,"event_name":"Bonfire Elementals","floor":21,"gold_loss":0}],"is_beta":false,"boss_relics":[{"not_picked":["Ectoplasm","Velvet Choker"],"picked":"Empty Cage"}],"items_purged_floors":[],"is_endless":false,"potions_floor_spawned":[1,2,5,7,13,14,27],"killed_by":"3 Cultists","ascension_level":0}}