{"host":"eydwxg59205c3vtl","time":1613011785,"event":{"mods":["2.2 Compatiblity","BaseMod","Colored Map","Colored Powertips","Hubris","Minty Spire (QoL Compilation)","StSLib","The Jungle","The Necromancer"],"gold_per_floor":[113,124,49,69,87,117,128,128,155,184,205,205,130,130,130,130,130],"floor_reached":16,"language":"ENG","playtime":416,"items_purged":["Strike_W"],"score":209,"play_id":"5c9711bc-d69e-4cb8-b401-1e24504f4963","local_time":"20210210214945","is_ascension_mode":true,"campfire_choices":[{"data":"Siphon_Strength","floor":8,"key":"SMITH"},{"data":"Necrotic_Claws","floor":12,"key":"SMITH"},{"floor":15,"key":"REST"}],"circlet_count":0,"master_deck":["AscendersBane","Strike_W","Strike_W","Defend_W","Defend_W","Defend_W","Defend_W","Negative_Energy_Arrows","Bone_Wall","Necrotic_Claws+1","Acid_Javelin","Siphon_Strength+1","Consume_Illness","Blood_Curse+1"],"relics":["Vampire_Amulet","NeowsBlessing","Molten Egg 2","Toy Ornithopter","PreservedInsect","Odd Mushroom"],"acts_visited":["Exordium"],"potions_floor_usage":[5,11],"damage_taken":[{"damage":0,"enemies":"Cultist","floor":1,"turns":1},{"damage":0,"enemies":"Small Slimes","floor":2,"turns":1},{"damage":0,"enemies":"Jaw Worm","floor":4,"turns":1},{"damage":0,"enemies":"Exordium Thugs","floor":5,"turns":3},{"damage":27,"enemies":"Lagavulin","floor":6,"turns":5},{"damage":4,"enemies":"2 Fungi Beasts","floor":7,"turns":4},{"damage":24,"enemies":"3 Sentries","floor":10,"turns":10},{"damage":20,"enemies":"The Mushroom Lair","floor":11,"turns":5},{"damage":49,"enemies":"Slime Boss","floor":16,"turns":6}],"seed_played":"3073302486541720941","potions_obtained":[{"floor":4,"key":"Block Potion"},{"floor":5,"key":"Strength Potion"},{"floor":6,"key":"DuplicationPotion"}],"is_trial":false,"path_per_floor":["M","M","$","M","M","E","M","R","T","E","?","R","?","?","R","B"],"character_chosen":"NECROMANCER","items_purchased":[],"campfire_rested":1,"item_purchase_floors":[],"current_hp_per_floor":[66,70,70,71,71,46,46,46,46,28,19,19,19,19,40,0,0],"gold":130,"neow_bonus":"THREE_ENEMY_KILL","is_daily":false,"chose_seed":false,"campfire_upgraded":2,"win_rate":0.0,"timestamp":1613011785,"path_taken":["M","M","$","M","M","E","M","R","T","E","?","R","?","?","R","BOSS"],"items_purchased_type":[],"build_version":"2020-12-22","purchased_purges":1,"victory":false,"max_hp_per_floor":[71,71,71,71,71,71,71,71,71,71,71,71,71,71,71,71,71],"card_choices":[{"not_picked":["Consume_Illness","Toxic_Smoke_Screen"],"picked":"Necrotic_Claws","floor":1},{"not_picked":["Negative_Energy_Shield","Scare"],"picked":"Acid_Javelin","floor":2},{"not_picked":["Bone_Armor","Negative_Energy_Mist"],"picked":"Siphon_Strength","floor":4},{"not_picked":["Scare","Corrupt","Bone_Shift"],"picked":"SKIP","floor":5},{"not_picked":["Blood_Whip+1","Negative_Energy_Shield","Summon_Undead_Army"],"picked":"SKIP","floor":6},{"not_picked":["Bone_Spikes+1","Bones_to_Steel","Consume_Illness"],"picked":"SKIP","floor":7},{"not_picked":["Bones_to_Steel","Skeleton_Dragon"],"picked":"Consume_Illness","floor":10},{"not_picked":["Bone_Bullets+1","Negative_Energy_Javelin+1"],"picked":"Blood_Curse+1","floor":11}],"player_experience":629233,"relics_obtained":[{"floor":6,"key":"Molten Egg 2"},{"floor":9,"key":"Toy Ornithopter"},{"floor":10,"key":"PreservedInsect"},{"floor":11,"key":"Odd Mushroom"}],"event_choices":[{"damage_healed":0,"gold_gain":0,"player_choice":"Fought Mushrooms","damage_taken":0,"max_hp_gain":0,"max_hp_loss":0,"event_name":"Mushrooms","floor":11,"gold_loss":0},{"cards_removed":["Strike_W"],"damage_healed":0,"gold_gain":0,"player_choice":"Card Removal","damage_taken":0,"max_hp_gain":0,"max_hp_loss":0,"event_name":"The Cleric","floor":13,"gold_loss":75},{"damage_healed":0,"gold_gain":0,"player_choice":"Ignored","damage_taken":0,"max_hp_gain":0,"max_hp_loss":0,"event_name":"Liars Game","floor":14,"gold_loss":0}],"is_beta":false,"boss_relics":[],"items_purged_floors":[3],"is_endless":false,"potions_floor_spawned":[4,5,6,7],"killed_by":"Slime Boss","ascension_level":18}}