{"host":"8injpn8qs0kr8sd6","time":1613028076,"event":{"mods":["Act Like it!","BaseMod","Downfall","KinomotoSakuraMod(Ä¾Ö®±¾Ó£)","Marisa£¨ìFÓê¡¡Ä§ÀíÉ³£©","Minty Spire (QoL Compilation)","Quick Restart","Reimu£¨²©ÀöÁéÃÎ£©","RumiaBox-Â¶Ã×æ«µÄÉñÃØºÐ×Ó","Spicy Shops","StSLib"],"gold_per_floor":[99,119,138,150,160,170,217,217,217,217],"floor_reached":8,"language":"ZHS","playtime":354,"items_purged":[],"score":50,"play_id":"774f95ea-536f-440b-bc69-81e112e9d06b","local_time":"20210211152116","is_ascension_mode":false,"campfire_choices":[{"data":"champ:Taunt","floor":1,"key":"SMITH"}],"circlet_count":0,"master_deck":["champ:Strike","champ:Strike","champ:Strike","champ:Strike","champ:Defend","champ:Defend","champ:Defend","champ:Defend","champ:Execute","champ:Taunt+1","champ:SkillfulDodge","champ:CalledShot","champ:Backstep","champ:FancyFootwork","champ:RisingSlash"],"relics":["champ:ChampionCrown","Nunchaku","Bag of Marbles"],"acts_visited":["Exordium"],"potions_floor_usage":[5,6],"damage_taken":[{"damage":10,"enemies":"Small Slimes","floor":2,"turns":3},{"damage":20,"enemies":"2 Louse","floor":3,"turns":2},{"damage":13,"enemies":"Jaw Worm","floor":4,"turns":4},{"damage":10,"enemies":"3 Louse","floor":5,"turns":4},{"damage":18,"enemies":"Exordium Thugs","floor":6,"turns":4},{"damage":32,"enemies":"Gremlin Nob","floor":8,"turns":4}],"seed_played":"4699172697611353755","potions_obtained":[{"floor":2,"key":"DistilledChaos"},{"floor":5,"key":"champ:TechniquePotion"}],"is_trial":false,"path_per_floor":["R","M","M","M","M","M","T","E"],"character_chosen":"THE_CHAMP","items_purchased":[],"campfire_rested":0,"item_purchase_floors":[],"current_hp_per_floor":[90,90,80,77,77,69,69,37,37,37],"gold":217,"neow_bonus":"RANDOM_COMMON_RELIC","is_daily":false,"chose_seed":false,"campfire_upgraded":1,"win_rate":0.0,"timestamp":1613028076,"path_taken":["R","M","M","M","M","M","T","E"],"items_purchased_type":[],"build_version":"2020-12-22","purchased_purges":0,"victory":false,"max_hp_per_floor":[90,90,90,90,90,90,90,90,90,90],"card_choices":[{"not_picked":["champ:Shatter","champ:DefensiveShout"],"picked":"champ:SkillfulDodge","floor":2},{"not_picked":["champ:DefensiveShout","champ:Lariat"],"picked":"champ:CalledShot","floor":3},{"not_picked":["champ:HeartStrike","champ:DefensiveShout"],"picked":"champ:Backstep","floor":4},{"not_picked":["champ:BladeFlurry","champ:PreciseThrust"],"picked":"champ:FancyFootwork","floor":5},{"not_picked":["champ:CrownThrow","champ:Shatter"],"picked":"champ:RisingSlash","floor":6}],"player_experience":474242,"relics_obtained":[{"floor":7,"key":"Bag of Marbles"}],"event_choices":[],"is_beta":false,"boss_relics":[],"items_purged_floors":[],"is_endless":false,"potions_floor_spawned":[2,5],"killed_by":"Gremlin Nob","ascension_level":0}}