{"host":"y13mj1mxwnd5xx1x","time":1613027262,"event":{"mods":["AchievementEnabler","BaseMod","Minty Spire (QoL Compilation)"],"gold_per_floor":[210,37,48,48,61,95,168,201,228,228,241,251,251,69,69,173,173,183,194,205,205,222,222,222,222],"floor_reached":24,"language":"ENG","playtime":1775,"items_purged":["Strike_G","Strike_G"],"score":229,"play_id":"b64249d8-7c8c-4be0-bb35-5fa973b8693d","local_time":"20210211010742","is_ascension_mode":true,"campfire_choices":[{"floor":10,"key":"REST"},{"data":"Bullet Time","floor":15,"key":"SMITH"},{"floor":23,"key":"REST"}],"circlet_count":0,"master_deck":["Strike_G","Strike_G","Strike_G","Defend_G","Defend_G","Defend_G","Defend_G","Defend_G","Survivor","Neutralize","Leg Sweep","Footwork","Dagger Throw","Choke","Calculated Gamble","Catalyst","Terror","Well Laid Plans","Bullet Time+1","After Image","Dodge and Roll","Deadly Poison+1","Prepared","Backflip"],"relics":["Ring of the Snake","Vajra","Bronze Scales","Centennial Puzzle","Orichalcum","Snecko Eye"],"acts_visited":["Exordium","TheCity"],"potions_floor_usage":[8,16],"damage_taken":[{"damage":0,"enemies":"Jaw Worm","floor":1,"turns":6},{"damage":0,"enemies":"2 Louse","floor":3,"turns":5},{"damage":0,"enemies":"Cultist","floor":5,"turns":3},{"damage":20,"enemies":"3 Sentries","floor":6,"turns":14},{"damage":15,"enemies":"Gremlin Nob","floor":8,"turns":4},{"damage":4,"enemies":"Large Slime","floor":11,"turns":8},{"damage":5,"enemies":"2 Fungi Beasts","floor":12,"turns":4},{"damage":21,"enemies":"The Guardian","floor":16,"turns":13},{"damage":6,"enemies":"2 Thieves","floor":18,"turns":4},{"damage":0,"enemies":"3 Byrds","floor":19,"turns":3},{"damage":5,"enemies":"Centurion and Healer","floor":20,"turns":7},{"damage":31,"enemies":"Sentry and Sphere","floor":22,"turns":10},{"damage":37,"enemies":"Gremlin Leader","floor":24,"turns":7}],"seed_played":"-1951215192690443152","potions_obtained":[{"floor":1,"key":"Swift Potion"},{"floor":11,"key":"DistilledChaos"},{"floor":12,"key":"Dexterity Potion"},{"floor":22,"key":"AttackPotion"}],"is_trial":false,"path_per_floor":["M","$","M","?","M","E","?","E","T","R","M","M","?","$","R","B",null,"M","M","M","?","M","R","E"],"character_chosen":"THE_SILENT","items_purchased":["Footwork","Dagger Throw","Bullet Time"],"campfire_rested":2,"item_purchase_floors":[2,2,14],"current_hp_per_floor":[70,70,70,45,45,25,25,10,10,31,27,22,45,45,45,24,70,64,64,59,46,15,37,0,0],"gold":222,"neow_bonus":"HUNDRED_GOLD","is_daily":false,"chose_seed":false,"campfire_upgraded":1,"win_rate":0.0,"timestamp":1613027262,"path_taken":["M","$","M","?","M","E","?","E","T","R","M","M","?","$","R","BOSS","M","M","M","?","M","R","E"],"items_purchased_type":["Card","Card","Card"],"build_version":"2020-12-22","purchased_purges":2,"victory":false,"max_hp_per_floor":[70,70,70,70,70,70,70,70,70,70,70,70,70,70,70,70,70,70,70,70,75,75,75,75,75],"card_choices":[{"not_picked":["Backflip","Cloak And Dagger"],"picked":"Leg Sweep","floor":1},{"not_picked":["Acrobatics","Deadly Poison"],"picked":"Choke","floor":3},{"not_picked":["Poisoned Stab","Flechettes"],"picked":"Calculated Gamble","floor":5},{"not_picked":["Endless Agony","Quick Slash","Blade Dance"],"picked":"SKIP","floor":6},{"not_picked":["Heel Hook","Deadly Poison"],"picked":"Catalyst","floor":8},{"not_picked":["Riddle With Holes","Setup"],"picked":"Terror","floor":11},{"not_picked":["Blade Dance","Prepared"],"picked":"Well Laid Plans","floor":12},{"not_picked":["Unload","Doppelganger"],"picked":"After Image","floor":16},{"not_picked":["Underhanded Strike+1","Quick Slash"],"picked":"Dodge and Roll","floor":18},{"not_picked":["Slice","Reflex"],"picked":"Deadly Poison+1","floor":19},{"not_picked":["Cloak And Dagger+1","Accuracy"],"picked":"Prepared","floor":20},{"not_picked":["Dodge and Roll","Underhanded Strike"],"picked":"Backflip","floor":22}],"player_experience":150403,"relics_obtained":[{"floor":6,"key":"Bronze Scales"},{"floor":8,"key":"Centennial Puzzle"},{"floor":9,"key":"Orichalcum"}],"event_choices":[{"damage_healed":0,"gold_gain":0,"player_choice":"Success","damage_taken":25,"relics_obtained":["Vajra"],"max_hp_gain":0,"max_hp_loss":0,"event_name":"Scrap Ooze","floor":4,"gold_loss":0},{"damage_healed":0,"gold_gain":73,"player_choice":"Gained Gold","damage_taken":0,"max_hp_gain":0,"max_hp_loss":0,"event_name":"Golden Wing","floor":7,"gold_loss":0},{"damage_healed":23,"gold_gain":0,"player_choice":"Banana","damage_taken":0,"max_hp_gain":0,"max_hp_loss":0,"event_name":"Big Fish","floor":13,"gold_loss":0},{"damage_healed":0,"gold_gain":0,"player_choice":"Shed Blood","damage_taken":18,"max_hp_gain":5,"max_hp_loss":0,"event_name":"Forgotten Altar","floor":21,"gold_loss":0}],"is_beta":false,"boss_relics":[{"not_picked":["WristBlade","Empty Cage"],"picked":"Snecko Eye"}],"items_purged_floors":[2,14],"is_endless":false,"potions_floor_spawned":[1,11,12,22],"killed_by":"Gremlin Leader","ascension_level":2}}