{"host":"0mk07bycsqo1qk03","time":1613068089,"event":{"mods":["BaseMod","Downfall","Hermit","Hubris","Minty Spire (QoL Compilation)","Reliquary","Replay The Spire","StSLib","The Cursed"],"gold_per_floor":[111,111,111,111,111,111,132,166,166,199,474,498,63,77,77,173,173,196,214,214,214,237,237,281,405,477,477,490,490,534,553,553,642,642,667,667,687,707,707,707,17,17,17,42,42,66,66,66,66,66],"floor_reached":51,"language":"ENG","playtime":2565,"items_purged":["Regret"],"score":1285,"play_id":"63160956-3df5-444f-ac37-0caad432fb72","local_time":"20210211192809","is_ascension_mode":true,"campfire_choices":[{"data":"Eruption","floor":6,"key":"SMITH"},{"data":"Meditate","floor":15,"key":"SMITH"},{"floor":23,"key":"REST"},{"floor":27,"key":"REST"},{"data":"Replay:DivineShield","floor":29,"key":"SMITH"},{"data":"Ragnarok","floor":32,"key":"SMITH"},{"floor":40,"key":"REST"},{"floor":45,"key":"REST"}],"circlet_count":0,"master_deck":["AscendersBane","Strike_P","Strike_P","Strike_P","Defend_P+1","Defend_P","Defend_P+1","Defend_P+1","Eruption+1","Vigilance+1","Conclude","FollowUp+1","LessonLearned+1","SandsOfTime+1","Meditate+1","EmptyBody","Sanctity","Sanctity+1","Replay:BluntJabs+1","Replay:LoomingThreat+1","ClearTheMind+1","Replay:DivineShield+1","TheCursedMod:SurpriseAttack+1","DeceiveReality+1","Replay:BluntJabs","Ragnarok+1","LikeWater+1","FlurryOfBlows+1","hubris:NaturalOne","DeusExMachina","Study+1","Consecrate","Devotion+1","WaveOfTheHand+1","Collect+1"],"relics":["PureWater","NeowsBlessing","Golden Idol","Mirror","Frozen Egg 2","Replay:Bronze Core","hubris:Icosahedron","reliquary:IvoryTrinket","Replay:Bottled Eggs","reliquary:TridentHead","Replay:Grab Bag","reliquary:RedPaperclip","Fusion Hammer","Black Star","reliquary:TridentHead","Pantograph","OrangePellets","hubris:ToyBattleship","reliquary:FerryPass","Toxic Egg 2"],"acts_visited":["Exordium","TheCity","TheBeyond"],"potions_floor_usage":[10,24,28,33,33,33,50],"damage_taken":[{"damage":0,"enemies":"2 Louse","floor":1,"turns":1},{"damage":0,"enemies":"Small Slimes","floor":7,"turns":1},{"damage":0,"enemies":"Gremlin Nob","floor":8,"turns":1},{"damage":3,"enemies":"Replay:BlueRogue","floor":10,"turns":4},{"damage":0,"enemies":"Cultist","floor":12,"turns":2},{"damage":0,"enemies":"Looter","floor":14,"turns":4},{"damage":31,"enemies":"Slime Boss","floor":16,"turns":9},{"damage":4,"enemies":"Spheric Guardian","floor":18,"turns":4},{"damage":13,"enemies":"3 Byrds","floor":19,"turns":4},{"damage":15,"enemies":"Snake Plant","floor":22,"turns":7},{"damage":11,"enemies":"Book of Stabbing","floor":24,"turns":5},{"damage":2,"enemies":"Shelled Parasite and Fungi","floor":28,"turns":4},{"damage":0,"enemies":"Replay:Snechameleon","floor":30,"turns":8},{"damage":17,"enemies":"Centurion and Healer","floor":31,"turns":8},{"damage":20,"enemies":"Pondfish","floor":33,"turns":10},{"damage":24,"enemies":"3 Shapes","floor":35,"turns":3},{"damage":5,"enemies":"3 Darklings","floor":37,"turns":3},{"damage":15,"enemies":"Spire Growth","floor":38,"turns":5},{"damage":0,"enemies":"Maw","floor":44,"turns":7},{"damage":3,"enemies":"4 Shapes","floor":46,"turns":8},{"damage":26,"enemies":"hubris:GrandSnecko","floor":50,"turns":11}],"seed_played":"5639384984670728543","potions_obtained":[{"floor":7,"key":"Strength Potion"},{"floor":10,"key":"Block Potion"},{"floor":16,"key":"StancePotion"},{"floor":24,"key":"BottledMiracle"},{"floor":28,"key":"ColorlessPotion"},{"floor":30,"key":"EntropicBrew"},{"floor":44,"key":"FearPotion"},{"floor":47,"key":"DuplicationPotion"}],"is_trial":false,"path_per_floor":["M","$","?","$","?","R","M","E","T","E","?","M","$","M","R","B",null,"M","M","?","?","M","R","E","?","T","R","M","R","E","M","R","B",null,"M","T","M","M","T","R","$","?","T","M","R","M","?","$","R","B",null],"character_chosen":"WATCHER","items_purchased":["EmptyBody","Sanctity","Mummified Hand","OrangePellets","Devotion+1","hubris:ToyBattleship","reliquary:FerryPass","Flash of Steel"],"campfire_rested":4,"item_purchase_floors":[13,13,13,41,41,41,41,41],"current_hp_per_floor":[65,65,47,47,47,47,47,47,47,44,44,44,44,44,44,13,57,53,40,40,40,25,46,35,35,35,56,70,70,70,53,53,33,62,38,38,33,18,18,39,39,39,39,39,60,57,57,57,72,46],"gold":66,"neow_bonus":"THREE_ENEMY_KILL","is_daily":false,"chose_seed":false,"campfire_upgraded":4,"win_rate":0.0,"timestamp":1613068089,"path_taken":["M","$","?","$","?","R","?","E","T","E","?","M","$","M","R","BOSS","M","?","?","?","M","R","E","?","T","R","M","R","E","M","R","BOSS","M","?","?","M","?","R","$","?","T","?","R","M","?","$","R","BOSS"],"items_purchased_type":["Card","Card","Relic","Relic","Card","Relic","Relic","Card"],"build_version":"2020-12-22","purchased_purges":1,"victory":true,"max_hp_per_floor":[72,72,72,72,72,72,72,72,72,72,72,72,72,72,72,72,72,72,72,72,72,72,72,72,72,72,72,72,72,72,72,72,72,72,72,72,72,72,72,72,72,72,72,72,72,72,72,72,72,72],"card_choices":[{"not_picked":["ClearTheMind","Halt"],"picked":"Conclude","floor":1},{"not_picked":["JustLucky","CutThroughFate"],"picked":"FollowUp","floor":7},{"not_picked":["Sanctity","DeceiveReality"],"picked":"LessonLearned","floor":8},{"not_picked":["SignatureMove","BowlingBash"],"picked":"SandsOfTime","floor":10},{"not_picked":["JustLucky","BattleHymn+1"],"picked":"Meditate","floor":12},{"not_picked":["JustLucky","FlyingSleeves"],"picked":"Replay:BluntJabs","floor":14},{"not_picked":["Replay:AllIn","Judgement"],"picked":"Replay:LoomingThreat+1","floor":16},{"not_picked":["FollowUp","Meditate"],"picked":"ClearTheMind+1","floor":18},{"not_picked":["EmptyBody","ThirdEye"],"picked":"Replay:DivineShield","floor":19},{"not_picked":["EmptyMind","CrushJoints"],"picked":"DeceiveReality","floor":22},{"not_picked":["CutThroughFate","Weave+1","EmptyMind"],"picked":"SKIP","floor":24},{"not_picked":["Replay:Cycle","JustLucky+1"],"picked":"Replay:BluntJabs","floor":25},{"not_picked":["FearNoEvil+1","Pray"],"picked":"Ragnarok","floor":25},{"not_picked":["WreathOfFlame","Collect"],"picked":"LikeWater+1","floor":25},{"not_picked":["Vengeance","PathToVictory"],"picked":"FlurryOfBlows+1","floor":28},{"not_picked":["FearNoEvil","Judgement","EmptyFist"],"picked":"SKIP","floor":30},{"not_picked":["PathToVictory","BowlingBash","WreathOfFlame"],"picked":"SKIP","floor":31},{"not_picked":["Establishment+1","Omniscience"],"picked":"DeusExMachina","floor":33},{"not_picked":["ThirdEye","BowlingBash"],"picked":"Study+1","floor":35},{"not_picked":["Halt+1","ReachHeaven"],"picked":"Consecrate","floor":37},{"not_picked":["Pray","Halt","Consecrate+1"],"picked":"SKIP","floor":38},{"not_picked":["Replay:BluntJabs","Wireheading+1"],"picked":"WaveOfTheHand+1","floor":44},{"not_picked":["BattleHymn+1","BowlingBash+1"],"picked":"Collect+1","floor":46}],"player_experience":1042861,"relics_obtained":[{"floor":8,"key":"Mirror"},{"floor":9,"key":"Frozen Egg 2"},{"floor":10,"key":"War Paint"},{"floor":24,"key":"reliquary:IvoryTrinket"},{"floor":26,"key":"Replay:Bottled Eggs"},{"floor":30,"key":"reliquary:TridentHead"},{"floor":36,"key":"reliquary:SculptingSteel"},{"floor":39,"key":"Pantograph"},{"floor":43,"key":"Toxic Egg 2"}],"event_choices":[{"damage_healed":0,"gold_gain":0,"player_choice":"Take Damage","damage_taken":18,"relics_obtained":["Golden Idol"],"max_hp_gain":0,"max_hp_loss":0,"event_name":"Golden Idol","floor":3,"gold_loss":0},{"cards_removed":["Strike_P"],"damage_healed":0,"gold_gain":0,"player_choice":"Offered Basic","damage_taken":0,"max_hp_gain":0,"max_hp_loss":0,"event_name":"Bonfire Elementals","floor":5,"gold_loss":0},{"damage_healed":0,"gold_gain":275,"player_choice":"Desecrate","damage_taken":0,"max_hp_gain":0,"max_hp_loss":0,"event_name":"Golden Shrine","floor":11,"gold_loss":0,"cards_obtained":["Regret"]},{"damage_healed":0,"gold_gain":0,"player_choice":"Read","damage_taken":0,"max_hp_gain":0,"max_hp_loss":0,"event_name":"The Library","floor":21,"gold_loss":0,"cards_obtained":["TheCursedMod:SurpriseAttack"]},{"cards_removed":["Flash of Steel"],"damage_healed":0,"gold_gain":0,"player_choice":"Removed Attack","damage_taken":0,"max_hp_gain":0,"max_hp_loss":0,"event_name":"Falling","floor":42,"gold_loss":0},{"damage_healed":0,"gold_gain":0,"player_choice":"Got Potions","damage_taken":0,"max_hp_gain":0,"max_hp_loss":0,"event_name":"Lab","floor":47,"gold_loss":0}],"is_beta":false,"boss_relics":[{"not_picked":["Busted Crown","Empty Cage"],"picked":"Replay:Bronze Core"},{"not_picked":["hubris:RunicObelisk","Runic Pyramid"],"picked":"Replay:Grab Bag"},{"not_picked":["Coffee Dripper","Velvet Choker"],"picked":"reliquary:RedPaperclip"},{"not_picked":["Sozu","reliquary:KinkedSpring"],"picked":"Fusion Hammer"},{"not_picked":["VioletLotus","HolyWater"],"picked":"Black Star"}],"items_purged_floors":[13],"is_endless":false,"potions_floor_spawned":[7,10,16,24,28,30,31,44],"ascension_level":13}}