{"host":"1w6a2rjjfnt8te8e","time":1613040604,"event":{"mods":["AchievementEnabler","BaseMod","Colored Powertips","Googly Eyes","Highlight Path","Minty Spire (QoL Compilation)","Quick Restart","Relic Stats","StSLib"],"gold_per_floor":[110,110,73,93,57,85,85,110,110,122,122,122,138,163,163,266,266,280,295,295,308,308,308,336,336,361,395,395,395,21,31,31,135,135,150,164,19,29,39,39,54,54,54,54,64,80,115,0,0,0],"floor_reached":51,"language":"ENG","playtime":1865,"items_purged":["Defend_P"],"score":1252,"play_id":"06f0916c-529f-4b6f-84b1-806eb89550be","local_time":"20210211185004","is_ascension_mode":true,"campfire_choices":[{"data":"Eruption","floor":12.0,"key":"SMITH"},{"floor":15.0,"key":"REST"},{"floor":23.0,"key":"REST"},{"floor":25.0,"key":"REST"},{"floor":32.0,"key":"REST"},{"data":"Tantrum","floor":40.0,"key":"SMITH"},{"data":"1","floor":42.0,"key":"LIFT"},{"data":"2","floor":44.0,"key":"LIFT"},{"floor":49,"key":"REST"}],"circlet_count":0,"master_deck":["Eruption+1","Vigilance","FlurryOfBlows","BattleHymn","BowlingBash","Wallop","CutThroughFate","SignatureMove","Consecrate","Swivel","Tantrum+1","EmptyFist","SashWhip+1","Writhe","ThirdEye","Brilliance+1","Fasting2","Establishment","EmptyMind+1","LessonLearned+1","Worship","Perseverance","Scrawl","MentalFortress+1","Prostrate+1","Halt+1"],"relics":["PureWater","NeowsBlessing","StrikeDummy","Letter Opener","Torii","Meat on the Bone","SlaversCollar","Happy Flower","Bag of Preparation","Bronze Scales","Regal Pillow","Girya","Damaru","Pandora\u0027s Box","Bag of Marbles","Toxic Egg 2","Juzu Bracelet","Red Mask"],"acts_visited":["Exordium","TheCity","TheBeyond"],"potions_floor_usage":[45,46,50,50],"damage_taken":[{"damage":0.0,"enemies":"Small Slimes","floor":1.0,"turns":1.0},{"damage":0.0,"enemies":"Cultist","floor":4.0,"turns":1.0},{"damage":0.0,"enemies":"Gremlin Nob","floor":6.0,"turns":1.0},{"damage":18.0,"enemies":"Lagavulin","floor":8.0,"turns":5.0},{"damage":0.0,"enemies":"2 Louse","floor":10.0,"turns":2.0},{"damage":8.0,"enemies":"Lots of Slimes","floor":13.0,"turns":3.0},{"damage":39.0,"enemies":"Gremlin Nob","floor":14.0,"turns":5.0},{"damage":32.0,"enemies":"The Guardian","floor":16.0,"turns":8.0},{"damage":24.0,"enemies":"Shell Parasite","floor":18.0,"turns":4.0},{"damage":22.0,"enemies":"2 Thieves","floor":19.0,"turns":4.0},{"damage":21.0,"enemies":"Snake Plant","floor":21.0,"turns":4.0},{"damage":38.0,"enemies":"Book of Stabbing","floor":24.0,"turns":4.0},{"damage":30.0,"enemies":"Slavers","floor":27.0,"turns":4.0},{"damage":21.0,"enemies":"Snecko","floor":31.0,"turns":4.0},{"damage":22.0,"enemies":"Champ","floor":33.0,"turns":7.0},{"damage":12.0,"enemies":"3 Shapes","floor":35.0,"turns":3.0},{"damage":7.0,"enemies":"Orb Walker","floor":36.0,"turns":3.0},{"damage":29.0,"enemies":"3 Darklings","floor":38.0,"turns":3.0},{"damage":1.0,"enemies":"Maw","floor":39.0,"turns":6.0},{"damage":14.0,"enemies":"4 Shapes","floor":41.0,"turns":5.0},{"damage":0,"enemies":"Spire Growth","floor":45,"turns":1},{"damage":0,"enemies":"Maw","floor":46,"turns":5},{"damage":0,"enemies":"Giant Head","floor":47,"turns":4},{"damage":41,"enemies":"Donu and Deca","floor":50,"turns":6}],"seed_played":"-5794195093268357533","potions_obtained":[{"floor":1.0,"key":"PowerPotion"},{"floor":4.0,"key":"SteroidPotion"},{"floor":6.0,"key":"DuplicationPotion"},{"floor":11.0,"key":"FairyPotion"},{"floor":11.0,"key":"LiquidBronze"},{"floor":16.0,"key":"SpeedPotion"},{"floor":19.0,"key":"Strength Potion"},{"floor":24.0,"key":"LiquidMemories"},{"floor":31.0,"key":"BottledMiracle"},{"floor":45,"key":"SpeedPotion"}],"is_trial":false,"path_per_floor":["M","?","$","M","$","E","?","E","T","M","?","R","M","E","R","B",null,"M","M","?","M","T","R","E","R","T","E","?","?","$","M","R","B",null,"M","M","$","M","M","R","M","R","T","R","M","M","E","?","R","B",null],"character_chosen":"WATCHER","items_purchased":["BattleHymn","Wallop","Damaru","Establishment","Bag of Marbles"],"campfire_rested":5,"item_purchase_floors":[3,5,30,30,37],"current_hp_per_floor":[65,65,65,65,65,65,65,47,47,47,47,47,39,21,42,22,60,48,38,38,29,29,50,24,45,45,27,27,27,27,18,54,44,65,53,46,46,29,40,40,38,38,38,38,38,38,38,38,72,43],"gold":0,"neow_bonus":"THREE_ENEMY_KILL","is_daily":false,"chose_seed":false,"campfire_upgraded":2,"win_rate":0.0,"timestamp":1613040604,"path_taken":["M","?","$","?","$","E","?","E","T","?","?","R","M","E","R","BOSS","M","?","?","M","?","R","E","R","T","E","?","?","$","M","R","BOSS","M","M","$","?","M","R","M","R","T","R","M","M","E","?","R","BOSS"],"items_purchased_type":["Card","Card","Relic","Card","Relic"],"build_version":"2020-12-22","purchased_purges":1,"victory":true,"max_hp_per_floor":[72,72,72,72,72,72,72,72,72,72,72,72,72,72,72,72,72,72,72,72,72,72,72,72,72,72,72,72,72,72,72,72,72,72,72,72,72,72,72,72,72,72,72,72,72,72,72,72,72,72],"relic_stats":{"Regal Pillow":28,"Torii":24,"Happy Flower":[19],"counters":[24,93],"Bronze Scales":[107],"Pandora\u0027s Box":["LessonLearned","Worship","Perseverance","Scrawl"],"Bag of Preparation":[26],"Juzu Bracelet":1,"Letter Opener":[126],"obtain_stats":[{"Girya":27,"Regal Pillow":26,"NeowsBlessing":0,"Torii":9,"Happy Flower":20,"Damaru":30,"Bag of Preparation":22,"Juzu Bracelet":47,"Letter Opener":8,"SlaversCollar":17,"Bronze Scales":24,"Pandora\u0027s Box":34,"Bag of Marbles":37,"Red Mask":48,"PureWater":0,"Toxic Egg 2":43,"StrikeDummy":6,"Meat on the Bone":14},{"Girya":13,"Regal Pillow":12,"NeowsBlessing":0,"Torii":4,"Happy Flower":10,"Damaru":13,"Bag of Preparation":11,"Juzu Bracelet":23,"Letter Opener":4,"SlaversCollar":8,"Bronze Scales":12,"Pandora\u0027s Box":15,"Bag of Marbles":17,"Red Mask":23,"PureWater":0,"Toxic Egg 2":20,"StrikeDummy":3,"Meat on the Bone":7},{"Girya":46,"Regal Pillow":42,"NeowsBlessing":0,"Torii":8,"Happy Flower":34,"Damaru":46,"Bag of Preparation":38,"Juzu Bracelet":87,"Letter Opener":8,"SlaversCollar":26,"Bronze Scales":42,"Pandora\u0027s Box":57,"Bag of Marbles":63,"Red Mask":87,"PureWater":0,"Toxic Egg 2":77,"StrikeDummy":3,"Meat on the Bone":18}],"Meat on the Bone":144},"card_choices":[{"not_picked":["BattleHymn","ThirdEye"],"picked":"FlurryOfBlows","floor":1.0},{"not_picked":["Consecrate","PathToVictory"],"picked":"BowlingBash","floor":4.0},{"not_picked":["EmptyFist","Evaluate"],"picked":"CutThroughFate","floor":6.0},{"not_picked":["FlyingSleeves","Establishment"],"picked":"Consecrate","floor":8.0},{"not_picked":["ClearTheMind","Fasting2","JustLucky"],"picked":"SKIP","floor":10.0},{"not_picked":["CarveReality","FlyingSleeves"],"picked":"Swivel","floor":13.0},{"not_picked":["Protect","Wireheading"],"picked":"Tantrum","floor":14.0},{"not_picked":["FollowUp+1","FlurryOfBlows"],"picked":"EmptyFist","floor":18.0},{"not_picked":["Weave","SashWhip","FlurryOfBlows"],"picked":"SKIP","floor":19.0},{"not_picked":["Weave","FlurryOfBlows"],"picked":"SashWhip","floor":19.0},{"not_picked":["JustLucky","SashWhip+1"],"picked":"ThirdEye","floor":21.0},{"not_picked":["CutThroughFate","DevaForm","Weave+1"],"picked":"SKIP","floor":24.0},{"not_picked":["ClearTheMind","Evaluate","Wallop"],"picked":"SKIP","floor":27.0},{"not_picked":["CutThroughFate","Protect"],"picked":"EmptyMind+1","floor":31.0},{"not_picked":["FlurryOfBlows","Worship+1"],"picked":"MentalFortress+1","floor":35.0},{"not_picked":["FearNoEvil+1","ThirdEye+1"],"picked":"Prostrate+1","floor":36.0},{"not_picked":["Evaluate","SignatureMove+1","ThirdEye"],"picked":"SKIP","floor":38.0},{"not_picked":["DeceiveReality","EmptyFist","SignatureMove+1"],"picked":"SKIP","floor":39.0},{"not_picked":["Protect","Sanctity+1","Wireheading+1"],"picked":"SKIP","floor":41.0},{"not_picked":["Vault+1","FollowUp+1"],"picked":"Halt+1","floor":45},{"not_picked":["EmptyBody+1","Protect+1","SandsOfTime+1"],"picked":"SKIP","floor":46},{"not_picked":["Halt+1","Evaluate+1","ThirdEye+1"],"picked":"SKIP","floor":47}],"player_experience":312883,"relics_obtained":[{"floor":6.0,"key":"StrikeDummy"},{"floor":8.0,"key":"Letter Opener"},{"floor":9.0,"key":"Torii"},{"floor":14.0,"key":"Meat on the Bone"},{"floor":22.0,"key":"Bag of Preparation"},{"floor":24.0,"key":"Bronze Scales"},{"floor":26.0,"key":"Regal Pillow"},{"floor":27.0,"key":"Girya"},{"floor":43.0,"key":"Toxic Egg 2"},{"floor":47,"key":"Juzu Bracelet"}],"event_choices":[{"damage_healed":0.0,"max_hp_gain":0.0,"max_hp_loss":0.0,"gold_gain":0.0,"event_name":"The Woman in Blue","player_choice":"Bought 0 Potions","floor":2.0,"gold_loss":0.0,"damage_taken":0.0},{"damage_healed":0.0,"max_hp_gain":0.0,"max_hp_loss":0.0,"gold_gain":0.0,"cards_transformed":["Strike_P"],"event_name":"Transmorgrifier","player_choice":"Transformed","floor":7.0,"gold_loss":0.0,"damage_taken":0.0,"cards_obtained":["SignatureMove"]},{"damage_healed":0.0,"max_hp_gain":0.0,"max_hp_loss":0.0,"gold_gain":0.0,"event_name":"Lab","player_choice":"Got Potions","floor":11.0,"gold_loss":0.0,"damage_taken":0.0},{"damage_healed":0.0,"max_hp_gain":0.0,"max_hp_loss":0.0,"gold_gain":0.0,"event_name":"The Mausoleum","player_choice":"Opened","floor":20.0,"gold_loss":0.0,"damage_taken":0.0,"relics_obtained":["Happy Flower"],"cards_obtained":["Writhe"]},{"damage_healed":0.0,"max_hp_gain":0.0,"max_hp_loss":0.0,"gold_gain":0.0,"cards_transformed":["Strike_P","Strike_P"],"event_name":"Drug Dealer","player_choice":"Became Test Subject","floor":28.0,"gold_loss":0.0,"damage_taken":0.0,"cards_obtained":["Brilliance","Fasting2"]},{"damage_healed":0.0,"max_hp_gain":0.0,"max_hp_loss":0.0,"gold_gain":0.0,"event_name":"Match and Keep!","player_choice":"0 cards matched","floor":29.0,"gold_loss":0.0,"damage_taken":0.0,"cards_obtained":[]},{"damage_healed":0,"gold_gain":0,"player_choice":"Paid","damage_taken":0,"relics_obtained":["Red Mask"],"max_hp_gain":0,"max_hp_loss":0,"event_name":"Tomb of Lord Red Mask","floor":48,"gold_loss":115}],"is_beta":false,"boss_relics":[{"not_picked":["VioletLotus","SacredBark"],"picked":"SlaversCollar"},{"not_picked":["Snecko Eye","Runic Pyramid"],"picked":"Pandora\u0027s Box"}],"items_purged_floors":[30],"is_endless":false,"potions_floor_spawned":[1,4,6,13,16,19,24,31,33,35,38,45],"ascension_level":9}}