{"host":"jbmvtpvel2a8rbg6","time":1613069012,"event":{"mods":["Aspiration","BaseMod","Better Match","Better Sensory Stone","Better Skull","Conspire","Downfall","Energized Spire","GungeonMod","Hubris","Infinite Spire","Minty Spire (QoL Compilation)","RRrroohrrRGHHhhh!!","Reliquary","Replay The Spire","StSLib","Wandering Minibosses"],"gold_per_floor":[110,110,209,42,58,83,83,112,112,112,112,112,181,198,198,302,302,313,324,340,340,352,378,378,378,405,424,482,482,509,528,528,667,667,720,720,786,786,786,905,1023,1134,1134,1228,1324,1422,862,943,943,943,943],"floor_reached":50,"language":"ENG","playtime":3394,"items_purged":["DemoMod:Ejector","downfall:Bewildered","rorgmod:Ache"],"score":992,"play_id":"13249640-82a3-47f3-8b48-8652ad223d3a","local_time":"20210211104332","is_ascension_mode":false,"campfire_choices":[{"data":"DemoMod:ProbeStrike","floor":7,"key":"SMITH"},{"data":"Jack Of All Trades","floor":10,"key":"SMITH"},{"data":"DemoMod:HuntsMan","floor":15,"key":"SMITH"},{"data":"DemoMod:PotionOfGunFriendShip","floor":24,"key":"SMITH"},{"data":"DemoMod:FortunesFavor","floor":32,"key":"SMITH"},{"data":"DemoMod:GunslingerForm","floor":49,"key":"SMITH"}],"circlet_count":0,"master_deck":["DemoMod:Strike_Huntress","DemoMod:Defend_Huntress","DemoMod:Defend_Huntress","DemoMod:ManualReload","DemoMod:RustySidearm","DemoMod:CrossBow","Jack Of All Trades+1","DemoMod:ProbeStrike+1","DemoMod:HuntsMan+1","DemoMod:Polaris","DemoMod:BSG+1","DemoMod:AWP","DemoMod:ShadowBullets+1","DemoMod:TripleGun+1","DemoMod:Eureka","DemoMod:FortunesFavor+1","DemoMod:SuppressiveFire","DemoMod:CombinedRifle+1","DemoMod:MegaHand+1","DemoMod:FinishedGun","DemoMod:SniperShot+1","DemoMod:GunslingerForm+1"],"relics":["DemoMod:Dog","NeowsBlessing","aspiration:ChemicalBlood","TungstenRod","Replay:PocketPolymizer","aspiration:StickyExplosives_weak","Vajra","energizedSpire:DeadBattery","Orichalcum","infinitespire:Lucky Rock","sneckomod:BabySnecko","hubris:PeanutButter","infinitespire:EvilPickle","Cursed Key","Replay:Wax Seal","Gremlin Food","hubris:TenFootPole","hubris:Metronome","BargainBundle","Ice Cream","Blue Doll"],"acts_visited":["Exordium","TheCity","TheBeyond"],"potions_floor_usage":[16,16,16,22,23,27,31,33,33,33,40,42,45,50,50,50,50,50,50,50,50,50],"damage_taken":[{"damage":0,"enemies":"Cultist","floor":1,"turns":1},{"damage":0,"enemies":"Jaw Worm","floor":5,"turns":1},{"damage":0,"enemies":"3 Sentries","floor":6,"turns":1},{"damage":4,"enemies":"Gremlin Nob","floor":8,"turns":3},{"damage":4,"enemies":"Lagavulin","floor":13,"turns":7},{"damage":0,"enemies":"Small Slimes","floor":14,"turns":2},{"damage":11,"enemies":"Hexaghost","floor":16,"turns":9},{"damage":0,"enemies":"Chosen","floor":18,"turns":2},{"damage":8,"enemies":"2 Thieves","floor":19,"turns":2},{"damage":7,"enemies":"Cultist and Chosen","floor":20,"turns":2},{"damage":14,"enemies":"Snake Plant","floor":22,"turns":4},{"damage":0,"enemies":"Slavers","floor":23,"turns":3},{"damage":0,"enemies":"Snecko","floor":27,"turns":2},{"damage":0,"enemies":"Centurion and Healer","floor":28,"turns":2},{"damage":25,"enemies":"Gremlin Leader","floor":30,"turns":3},{"damage":4,"enemies":"Snake Plant","floor":31,"turns":3},{"damage":0,"enemies":"Pondfish","floor":33,"turns":6},{"damage":0,"enemies":"3 Darklings","floor":35,"turns":2},{"damage":0,"enemies":"3 Shapes","floor":37,"turns":3},{"damage":3,"enemies":"Reptomancer","floor":40,"turns":4},{"damage":6,"enemies":"Spire Growth","floor":41,"turns":3},{"damage":0,"enemies":"R_Hoarder","floor":42,"turns":4},{"damage":0,"enemies":"Transient","floor":44,"turns":5},{"damage":0,"enemies":"Jaw Worm Horde","floor":45,"turns":2},{"damage":0,"enemies":"3 Darklings","floor":46,"turns":2},{"damage":0,"enemies":"Giant Head","floor":48,"turns":4},{"damage":140,"enemies":"conspire:OrnateMirror","floor":50,"turns":4}],"seed_played":"-8634837395333927654","potions_obtained":[{"floor":5,"key":"Doom Potion"},{"floor":6,"key":"Block Potion"},{"floor":13,"key":"Strength Potion"},{"floor":14,"key":"SteroidPotion"},{"floor":16,"key":"sneckomod:MuddlingPotion"},{"floor":19,"key":"LiquidMemories"},{"floor":23,"key":"SkillPotion"},{"floor":30,"key":"Strength Potion"},{"floor":31,"key":"hexamod:SoulburnPotion"},{"floor":35,"key":"AttackPotion"},{"floor":36,"key":"EntropicBrew"},{"floor":36,"key":"Energy Potion"},{"floor":45,"key":"Weak Potion"},{"floor":46,"key":"Toxic Potion"},{"floor":50,"key":"LifebloodPotion"}],"is_trial":false,"path_per_floor":["M","?","?","$","M","E","R","E","T","R","?","T","E","M","R","B",null,"M","M","M","?","M","E","R","?","T","M","M","?","E","M","R","B",null,"M","?","M","AVR","?","E","M","E","T","M","M","M","$","E","R","B"],"character_chosen":"HUNTRESS","items_purchased":["Jack Of All Trades","BargainBundle","Ice Cream","DemoMod:FinishedGun"],"campfire_rested":0,"item_purchase_floors":[4,47,47,47],"current_hp_per_floor":[70,70,53,53,53,53,53,49,49,49,43,43,39,39,39,28,70,70,62,55,55,41,41,41,48,48,48,48,48,23,19,19,19,70,70,70,70,70,70,67,61,61,61,61,61,61,61,61,61,0,0],"gold":943,"neow_bonus":"THREE_ENEMY_KILL","is_daily":false,"chose_seed":false,"campfire_upgraded":6,"win_rate":0.0,"timestamp":1613069012,"path_taken":["M","?","?","$","?","E","R","E","T","R","?","?","E","M","R","BOSS","M","?","?","?","M","E","R","?","T","?","M","?","E","M","R","BOSS","M","?","?","AVR","?","E","M","E","T","M","M","M","$","E","R","BOSS"],"items_purchased_type":["Card","Relic","Relic","Card"],"build_version":"2020-12-22","purchased_purges":3,"victory":false,"max_hp_per_floor":[70,70,70,70,70,70,70,70,70,70,70,70,70,70,70,70,70,70,70,70,70,70,70,70,70,70,70,70,70,70,70,70,70,70,70,70,70,70,70,70,70,70,70,70,70,70,70,70,70,70,70],"card_choices":[{"not_picked":["DemoMod:FortunesFavor","DemoMod:GunstockTap","DemoMod:SpreadAmmo"],"picked":"SKIP","floor":1},{"not_picked":["DemoMod:TeaPot","DemoMod:SpreadAmmo"],"picked":"DemoMod:Purify","floor":3},{"not_picked":["DemoMod:AbyssalTentacle","DemoMod:Unmoved","DemoMod:DirectionalPad"],"picked":"SKIP","floor":5},{"not_picked":["DemoMod:ShadowBullets","DemoMod:FortunesFavor"],"picked":"DemoMod:ProbeStrike","floor":6},{"not_picked":["DemoMod:HighKaliber","DemoMod:Unmoved","DemoMod:CursedBullets"],"picked":"SKIP","floor":6},{"not_picked":["DemoMod:FastSwitch","DemoMod:FullFirepower","DemoMod:Polaris"],"picked":"SKIP","floor":8},{"not_picked":["DemoMod:StickyCrossBow","DemoMod:JK47","DemoMod:Eureka"],"picked":"SKIP","floor":13},{"not_picked":["DemoMod:PotionOfGunFriendShip","DemoMod:BoxingGlove"],"picked":"DemoMod:HuntsMan","floor":14},{"not_picked":["DemoMod:Behold!","DemoMod:Elimentaler"],"picked":"DemoMod:BSG","floor":16},{"not_picked":["DemoMod:PotionOfGunFriendShip","DemoMod:HardPowerCard+1"],"picked":"DemoMod:TableSutra","floor":18},{"not_picked":["DemoMod:PotionOfGunFriendShip+1","DemoMod:Behold!"],"picked":"DemoMod:AWP","floor":18},{"not_picked":["DemoMod:GunstockTap","DemoMod:DoubleSwitch+1"],"picked":"DemoMod:ShadowBullets+1","floor":19},{"not_picked":["DemoMod:Unity","DemoMod:EasyReloadBullets"],"picked":"DemoMod:TripleGun+1","floor":20},{"not_picked":["DemoMod:FastSwitch+1","DemoMod:TripleGun","DemoMod:ChanceBullets"],"picked":"SKIP","floor":20},{"not_picked":["DemoMod:FastSwitch+1","DemoMod:TripleGun","DemoMod:ChanceBullets"],"picked":"SKIP","floor":20},{"not_picked":["DemoMod:MachoBrace","DemoMod:FeignSurrender"],"picked":"DemoMod:Eureka","floor":22},{"not_picked":["DemoMod:TripleGun","DemoMod:SpreadAmmo"],"picked":"DemoMod:PotionOfGunFriendShip","floor":23},{"not_picked":["DemoMod:SAA+1","DemoMod:HighKaliber","DemoMod:JK47"],"picked":"SKIP","floor":27},{"not_picked":["DemoMod:CombinedRifle","DemoMod:TripleGun+1","DemoMod:AC15"],"picked":"SKIP","floor":28},{"not_picked":["DemoMod:MachoBrace","DemoMod:HardPowerCard","DemoMod:DirectionalPad"],"picked":"SKIP","floor":30},{"not_picked":["DemoMod:TableSutra","DemoMod:PracticeMakesPerfect","DemoMod:SAA"],"picked":"SKIP","floor":31},{"not_picked":["DemoMod:PotionOfGunFriendShip+1","DemoMod:GunstockTap","DemoMod:HuntsMan"],"picked":"SKIP","floor":35},{"not_picked":["DemoMod:Ejector+1","DemoMod:Unmoved+1","DemoMod:HardPowerCard+1"],"picked":"SKIP","floor":37},{"not_picked":["DemoMod:Purify+1","DemoMod:LifeOrb+1"],"picked":"DemoMod:SuppressiveFire","floor":40},{"not_picked":["DemoMod:HardPowerCard+1","DemoMod:PracticeMakesPerfect+1","DemoMod:Unmoved+1"],"picked":"SKIP","floor":41},{"not_picked":["DemoMod:DirectionalPad+1","DemoMod:HighKaliber"],"picked":"DemoMod:CombinedRifle+1","floor":42},{"not_picked":["DemoMod:ChanceBullets","DemoMod:JK47"],"picked":"DemoMod:MegaHand+1","floor":44},{"not_picked":["DemoMod:ConditionalReflex","DemoMod:DoubleVision","DemoMod:Unmoved"],"picked":"SKIP","floor":45},{"not_picked":["DemoMod:FortunesFavor+1","DemoMod:AC15","DemoMod:Rummage"],"picked":"SKIP","floor":46},{"not_picked":["DemoMod:TripleGun","DemoMod:ChanceBullets+1"],"picked":"DemoMod:SniperShot+1","floor":48}],"player_experience":870550,"relics_obtained":[{"floor":6,"key":"aspiration:ChemicalBlood"},{"floor":8,"key":"TungstenRod"},{"floor":9,"key":"Replay:PocketPolymizer"},{"floor":12,"key":"aspiration:StickyExplosives_weak"},{"floor":13,"key":"Vajra"},{"floor":23,"key":"Orichalcum"},{"floor":26,"key":"infinitespire:Lucky Rock"},{"floor":30,"key":"hubris:PeanutButter"},{"floor":40,"key":"Gremlin Food"},{"floor":42,"key":"hubris:TenFootPole"},{"floor":43,"key":"hubris:Metronome"},{"floor":48,"key":"Blue Doll"}],"event_choices":[{"damage_healed":0,"gold_gain":0,"cards_transformed":["DemoMod:Strike_Huntress"],"player_choice":"Change","damage_taken":0,"max_hp_gain":0,"max_hp_loss":0,"event_name":"Living Wall","floor":2,"gold_loss":0,"cards_obtained":["DemoMod:Ejector"]},{"cards_removed":["DemoMod:Strike_Huntress"],"damage_healed":0,"gold_gain":0,"player_choice":"Card Removal","damage_taken":7,"max_hp_gain":0,"max_hp_loss":0,"event_name":"Golden Wing","floor":11,"gold_loss":0},{"damage_healed":0,"gold_gain":0,"player_choice":"Got Potions","damage_taken":0,"max_hp_gain":0,"max_hp_loss":0,"event_name":"Lab","floor":36,"gold_loss":0},{"cards_removed":["DemoMod:Roll"],"damage_healed":0,"gold_gain":0,"player_choice":"Removed Skill","damage_taken":0,"max_hp_gain":0,"max_hp_loss":0,"event_name":"Falling","floor":39,"gold_loss":0}],"is_beta":false,"boss_relics":[{"not_picked":["Ectoplasm","Kintsugi"],"picked":"energizedSpire:DeadBattery"},{"not_picked":["energizedSpire:MagnifyingGlass","SacredBark"],"picked":"Cursed Key"}],"items_purged_floors":[4,38,47],"is_endless":false,"potions_floor_spawned":[5,6,13,14,19,22,23,30,31,35,44,45,46,46],"killed_by":"conspire:OrnateMirror","ascension_level":0}}