{"host":"vhw5fdvi8l2afono","time":1613033012,"event":{"mods":["ATMod(∞¢Ë™Mod)","Act Like it!","BaseMod","Energized Spire","Gensokyo","Minty Spire (QoL Compilation)","Reimu£®≤©¿ˆ¡È√Œ£©","Shop Mod","StSLib","Waifu the Spire"],"gold_per_floor":[118,136,136,136,154,154,79,79,79,99,131,131,161,171,171,248,248,264,283,294,308,320,320,320],"floor_reached":23,"language":"ZHS","playtime":1676,"items_purged":["Strike_R"],"score":532,"play_id":"7008d4ab-bc51-4658-8f59-7d23cfe62e90","local_time":"20210211164332","is_ascension_mode":true,"campfire_choices":[{"data":"True Grit","floor":6.0,"key":"SMITH"},{"data":"Heavy Blade","floor":8.0,"key":"SMITH"},{"data":"Armaments","floor":15.0,"key":"SMITH"}],"circlet_count":0,"master_deck":["AscendersBane","Strike_R","Strike_R","Strike_R","Defend_R","Defend_R","Defend_R","Defend_R","Bash","AT_FamilyPortrait+1","Entrench","Heavy Blade+1","True Grit+1","AT_ShrugMaster","Pommel Strike","Armaments+1","Reaper","Intimidate+1","AT_ManFootWork","Burning Pact"],"relics":["AT_ATBox","energizedSpire:SpiderWeb","Akabeko","AT_TimeSand","Ancient Tea Set","Coffee Dripper"],"acts_visited":["Exordium","TheCity"],"potions_floor_usage":[23,23],"damage_taken":[{"damage":14.0,"enemies":"Jaw Worm","floor":1.0,"turns":6.0},{"damage":1.0,"enemies":"2 Louse","floor":2.0,"turns":5.0},{"damage":5.0,"enemies":"Small Slimes","floor":5.0,"turns":4.0},{"damage":9.0,"enemies":"2 Fungi Beasts","floor":10.0,"turns":5.0},{"damage":6.0,"enemies":"3 Sentries","floor":11.0,"turns":5.0},{"damage":0.0,"enemies":"Lagavulin","floor":13.0,"turns":4.0},{"damage":13.0,"enemies":"Exordium Thugs","floor":14.0,"turns":4.0},{"damage":0.0,"enemies":"Slime Boss","floor":16.0,"turns":8.0},{"damage":4.0,"enemies":"3 Byrds","floor":18.0,"turns":6.0},{"damage":3.0,"enemies":"Shell Parasite","floor":19.0,"turns":4.0},{"damage":62,"enemies":"Cultist and Chosen","floor":20,"turns":9},{"damage":1,"enemies":"Snecko","floor":21,"turns":8},{"damage":0,"enemies":"Snake Plant","floor":22,"turns":6},{"damage":54,"enemies":"Gremlin Leader","floor":23,"turns":4}],"seed_played":"3396952851937354426","potions_obtained":[{"floor":1.0,"key":"Energy Potion"},{"floor":2.0,"key":"ColorlessPotion"},{"floor":13.0,"key":"SpeedPotion"},{"floor":14.0,"key":"SkillPotion"},{"floor":20,"key":"Energy Potion"},{"floor":21,"key":"ColorlessPotion"}],"is_trial":false,"path_per_floor":["M","M","?","?","M","R","$","R","T","M","E","?","E","M","R","B",null,"M","M","M","M","M","E"],"character_chosen":"IRONCLAD","items_purchased":[],"campfire_rested":0,"item_purchase_floors":[],"current_hp_per_floor":[61,60,53,53,48,48,48,48,48,39,33,33,33,20,20,20,61,65,74,17,28,37,0,0],"gold":320,"neow_bonus":"BOSS_RELIC","is_daily":false,"chose_seed":false,"campfire_upgraded":3,"win_rate":0.0,"timestamp":1613033012,"path_taken":["M","M","?","?","M","R","?","R","T","M","E","?","E","?","R","BOSS","M","M","M","M","M","E"],"items_purchased_type":[],"build_version":"2020-12-22","purchased_purges":1,"victory":false,"max_hp_per_floor":[75,75,75,75,75,75,75,75,75,75,75,75,75,75,75,75,75,75,75,75,75,75,75,75],"card_choices":[{"not_picked":["Clash","Warcry"],"picked":"Entrench","floor":1.0},{"not_picked":["Thunderclap","Headbutt"],"picked":"Heavy Blade","floor":2.0},{"not_picked":["Fire Breathing","Thunderclap"],"picked":"True Grit","floor":5.0},{"not_picked":["AT_DiedThrough","Bludgeon","Clash"],"picked":"SKIP","floor":10.0},{"not_picked":["Flex","Sword Boomerang"],"picked":"AT_ShrugMaster","floor":11.0},{"not_picked":["Dual Wield","Entrench"],"picked":"Pommel Strike","floor":13.0},{"not_picked":["Combust","Uppercut"],"picked":"Armaments","floor":14.0},{"not_picked":["Feed","Exhume"],"picked":"Reaper","floor":16.0},{"not_picked":["Thunderclap+1","Sword Boomerang"],"picked":"Intimidate+1","floor":18.0},{"not_picked":["Cleave","Iron Wave"],"picked":"AT_ManFootWork","floor":19.0},{"not_picked":["AT_IchimonjiDouble","Clash"],"picked":"Burning Pact","floor":20},{"not_picked":["Armaments+1","Headbutt","Whirlwind"],"picked":"SKIP","floor":21},{"not_picked":["Infernal Blade","Clothesline","Clash"],"picked":"SKIP","floor":22}],"player_experience":275200,"relics_obtained":[{"floor":9.0,"key":"Akabeko"},{"floor":11.0,"key":"AT_TimeSand"},{"floor":13.0,"key":"Ancient Tea Set"}],"event_choices":[{"cards_removed":["Strike_R"],"damage_healed":0.0,"max_hp_gain":0.0,"max_hp_loss":0.0,"gold_gain":0.0,"event_name":"Golden Wing","player_choice":"Card Removal","floor":3.0,"gold_loss":0.0,"damage_taken":7.0},{"damage_healed":0.0,"max_hp_gain":0.0,"max_hp_loss":0.0,"gold_gain":0.0,"event_name":"Living Wall","player_choice":"Grow","floor":4.0,"gold_loss":0.0,"damage_taken":0.0,"cards_upgraded":["AT_FamilyPortrait"]},{"damage_healed":0.0,"max_hp_gain":0.0,"max_hp_loss":0.0,"gold_gain":0.0,"event_name":"Dead Adventurer","player_choice":"Searched \u00270\u0027 times","floor":12.0,"gold_loss":0.0,"damage_taken":0.0}],"is_beta":false,"boss_relics":[{"not_picked":["Cursed Key","SacredBark"],"picked":"Coffee Dripper"}],"items_purged_floors":[7],"is_endless":false,"potions_floor_spawned":[1,2,13,14,18,20,21],"killed_by":"Gremlin Leader","ascension_level":18}}