{"host":"udzsrhbqdxqtlypj","time":1613072810,"event":{"mods":["BaseMod","Minty Spire (QoL Compilation)","Relic Stats"],"gold_per_floor":[119,119,136,136,153,153,183,133,183,217,232,232,261,261,261,364,364,381,401,401,415,465,465,497,497,497,497,515,57,89,107,107,207,207,227,227,243,255,270,299,299,332,401,401,431,431,14,30,30,30,30,30,30,59,59],"floor_reached":56,"language":"ENG","playtime":10106,"items_purged":["Strike_R","Strike_R"],"score":1969,"play_id":"048a49d9-78b0-455c-9ee4-1aa633e3893d","local_time":"20210211134650","is_ascension_mode":true,"campfire_choices":[{"data":"Carnage","floor":6,"key":"SMITH"},{"data":"Sword Boomerang","floor":12,"key":"SMITH"},{"floor":15,"key":"REST"},{"data":"Armaments","floor":23,"key":"SMITH"},{"data":"Intimidate","floor":25,"key":"SMITH"},{"data":"Intimidate","floor":27,"key":"SMITH"},{"data":"Metallicize","floor":32,"key":"SMITH"},{"floor":41,"key":"RECALL"},{"data":"Demon Form","floor":44,"key":"SMITH"},{"data":"True Grit","floor":46,"key":"SMITH"},{"data":"Berserk","floor":49,"key":"SMITH"},{"data":"Offering","floor":52,"key":"SMITH"}],"circlet_count":0,"master_deck":["AscendersBane","Strike_R","Strike_R+1","Strike_R","Defend_R","Defend_R","Defend_R","Defend_R","Bash","Whirlwind+1","Carnage+1","Headbutt","Demon Form+1","Sword Boomerang+1","Thunderclap","Offering+1","Feed","Armaments+1","Intimidate+1","Intimidate+1","Shockwave","Shrug It Off","Flame Barrier","Metallicize+1","Rage","Infernal Blade","True Grit+1","Sentinel","Dual Wield","Berserk+1","Shrug It Off"],"relics":["Burning Blood","Turnip","Potion Belt","Akabeko","Charon\u0027s Ashes","Red Skull","InkBottle","Runic Pyramid","MutagenicStrength","Bag of Marbles","Lantern","HornCleat","Mummified Hand","Pear","SlaversCollar","Omamori","Centennial Puzzle","Bottled Flame","Anchor","Bag of Preparation"],"acts_visited":["Exordium","TheCity","TheBeyond","TheEnding"],"potions_floor_usage":[5,19,28,33,33,38,40,50,55,55,55],"damage_taken":[{"damage":6,"enemies":"2 Louse","floor":1,"turns":3},{"damage":7,"enemies":"Small Slimes","floor":3,"turns":5},{"damage":2,"enemies":"Jaw Worm","floor":5,"turns":3},{"damage":30,"enemies":"3 Sentries","floor":7,"turns":6},{"damage":20,"enemies":"Lagavulin","floor":10,"turns":6},{"damage":0,"enemies":"Blue Slaver","floor":11,"turns":1},{"damage":20,"enemies":"3 Sentries","floor":13,"turns":4},{"damage":0,"enemies":"Slime Boss","floor":16,"turns":4},{"damage":12,"enemies":"2 Thieves","floor":18,"turns":2},{"damage":16,"enemies":"3 Byrds","floor":19,"turns":3},{"damage":26,"enemies":"Centurion and Healer","floor":21,"turns":8},{"damage":38,"enemies":"Gremlin Leader","floor":24,"turns":4},{"damage":9,"enemies":"Cultist and Chosen","floor":28,"turns":3},{"damage":0,"enemies":"Slavers","floor":30,"turns":5},{"damage":0,"enemies":"Shelled Parasite and Fungi","floor":31,"turns":2},{"damage":16,"enemies":"Champ","floor":33,"turns":11},{"damage":12,"enemies":"3 Shapes","floor":35,"turns":4},{"damage":10,"enemies":"3 Darklings","floor":37,"turns":5},{"damage":6,"enemies":"Spire Growth","floor":38,"turns":4},{"damage":16,"enemies":"Maw","floor":39,"turns":8},{"damage":22,"enemies":"Giant Head","floor":40,"turns":7},{"damage":34,"enemies":"Nemesis","floor":42,"turns":5},{"damage":22,"enemies":"Reptomancer","floor":45,"turns":8},{"damage":0,"enemies":"3 Darklings","floor":48,"turns":1},{"damage":35,"enemies":"Donu and Deca","floor":50,"turns":5},{"damage":36,"enemies":"Shield and Spear","floor":54,"turns":6},{"damage":97,"enemies":"The Heart","floor":55,"turns":8}],"seed_played":"-75417351001322815","potions_obtained":[{"floor":1,"key":"BlessingOfTheForge"},{"floor":7,"key":"Ancient Potion"},{"floor":11,"key":"LiquidBronze"},{"floor":13,"key":"Ancient Potion"},{"floor":21,"key":"Energy Potion"},{"floor":24,"key":"Fruit Juice"},{"floor":28,"key":"SpeedPotion"},{"floor":35,"key":"SkillPotion"},{"floor":37,"key":"SkillPotion"},{"floor":39,"key":"BloodPotion"},{"floor":42,"key":"Regen Potion"},{"floor":45,"key":"Strength Potion"}],"is_trial":false,"path_per_floor":["M","?","M","?","M","R","E","?","T","E","M","R","E","?","R","B",null,"M","M","?","M","T","R","E","R","T","R","M","$","E","M","R","B",null,"M","?","M","M","M","E","R","E","T","R","E","R","$","M","R","B",null,"R","$","E","B",null],"character_chosen":"IRONCLAD","items_purchased":["Shrug It Off","Mummified Hand","Flame Barrier","Anchor","Berserk","Shrug It Off"],"campfire_rested":1,"item_purchase_floors":[29,29,29,47,47,47],"current_hp_per_floor":[72,77,76,59,63,63,39,39,39,25,31,31,17,14,39,45,75,72,66,66,50,50,50,22,22,22,22,28,28,47,57,57,51,110,108,144,144,147,141,129,129,105,105,105,93,93,93,99,99,74,147,147,147,121,65],"gold":59,"neow_bonus":"ONE_RARE_RELIC","is_daily":false,"chose_seed":false,"campfire_upgraded":10,"win_rate":0.0,"timestamp":1613072810,"path_taken":["M","?","M","?","M","R","E","?","T","E","M","R","E","?","R","BOSS","M","M","?","M","?","R","E","R","T","R","M","$","E","M","R","BOSS","M","?","M","M","?","E","R","E","T","R","E","R","$","M","R","BOSS","R","$","E","BOSS"],"items_purchased_type":["Card","Relic","Card","Relic","Card","Card"],"build_version":"2020-12-22","purchased_purges":2,"victory":true,"max_hp_per_floor":[80,85,85,85,85,85,85,85,85,85,85,85,85,85,85,85,85,88,92,92,96,96,96,100,100,100,100,109,109,122,126,126,130,130,134,144,148,151,155,159,159,163,163,163,167,167,167,167,167,171,171,171,171,175,175],"relic_stats":{"Centennial Puzzle":[11],"counters":[27,131],"Mummified Hand":[28],"Turnip":[15],"Charon\u0027s Ashes":[388],"Bag of Preparation":[2],"obtain_stats":[{"Potion Belt":7,"Lantern":24,"Pear":30,"Charon\u0027s Ashes":10,"Omamori":40,"Bag of Preparation":54,"Burning Blood":0,"Akabeko":9,"SlaversCollar":34,"Centennial Puzzle":42,"Bottled Flame":45,"Anchor":47,"HornCleat":26,"Mummified Hand":29,"MutagenicStrength":20,"Turnip":0,"Bag of Marbles":22,"Red Skull":13,"InkBottle":14,"Runic Pyramid":17},{"Potion Belt":4,"Lantern":12,"Pear":14,"Charon\u0027s Ashes":5,"Omamori":21,"Bag of Preparation":26,"Burning Blood":0,"Akabeko":4,"SlaversCollar":16,"Centennial Puzzle":22,"Bottled Flame":23,"Anchor":23,"HornCleat":12,"Mummified Hand":13,"MutagenicStrength":10,"Turnip":0,"Bag of Marbles":11,"Red Skull":7,"InkBottle":7,"Runic Pyramid":8},{"Potion Belt":17,"Lantern":49,"Pear":57,"Charon\u0027s Ashes":23,"Omamori":98,"Bag of Preparation":123,"Burning Blood":0,"Akabeko":17,"SlaversCollar":70,"Centennial Puzzle":103,"Bottled Flame":111,"Anchor":111,"HornCleat":49,"Mummified Hand":52,"MutagenicStrength":37,"Turnip":0,"Bag of Marbles":45,"Red Skull":28,"InkBottle":28,"Runic Pyramid":32}],"Burning Blood":162,"InkBottle":[36]},"card_choices":[{"not_picked":["Dark Embrace","Pommel Strike"],"picked":"Whirlwind","floor":1},{"not_picked":["Body Slam","Sever Soul"],"picked":"Carnage","floor":3},{"not_picked":["Havoc","Flex"],"picked":"Headbutt","floor":5},{"not_picked":["Warcry","Perfected Strike"],"picked":"Demon Form","floor":7},{"not_picked":["Warcry","Body Slam"],"picked":"Sword Boomerang","floor":10},{"not_picked":["Sword Boomerang","Anger"],"picked":"Thunderclap","floor":11},{"not_picked":["Flame Barrier","Dropkick"],"picked":"Offering","floor":13},{"not_picked":["Demon Form","Reaper"],"picked":"Feed","floor":16},{"not_picked":["Sentinel","Flame Barrier"],"picked":"Armaments","floor":18},{"not_picked":["Cleave","Headbutt","Rupture"],"picked":"SKIP","floor":19},{"not_picked":["Evolve","Warcry"],"picked":"Intimidate","floor":21},{"not_picked":["Pummel","Metallicize"],"picked":"Intimidate","floor":24},{"not_picked":["Dual Wield","Barricade"],"picked":"Shockwave","floor":28},{"not_picked":["Bloodletting","Cleave"],"picked":"Metallicize","floor":30},{"not_picked":["Armaments","Havoc"],"picked":"Rage","floor":31},{"not_picked":["Fiend Fire","Reaper"],"picked":"Brutality","floor":33},{"not_picked":["Power Through","Armaments","Hemokinesis"],"picked":"SKIP","floor":35},{"not_picked":["Iron Wave","Power Through+1"],"picked":"Infernal Blade","floor":37},{"not_picked":["Sever Soul","Whirlwind"],"picked":"True Grit","floor":38},{"not_picked":["Perfected Strike","Burning Pact"],"picked":"Sentinel","floor":39},{"not_picked":["Combust+1","Twin Strike","Perfected Strike"],"picked":"SKIP","floor":40},{"not_picked":["Sword Boomerang","Searing Blow"],"picked":"Dual Wield","floor":42},{"not_picked":["Rage+1","Twin Strike+1","Dual Wield"],"picked":"SKIP","floor":45},{"not_picked":["Seeing Red","Carnage","Perfected Strike"],"picked":"SKIP","floor":48},{"not_picked":["Cleave","Thunderclap","Reckless Charge"],"picked":"SKIP","floor":54}],"player_experience":2865905,"relics_obtained":[{"floor":7,"key":"Potion Belt"},{"floor":9,"key":"Akabeko"},{"floor":10,"key":"Charon\u0027s Ashes"},{"floor":13,"key":"Red Skull"},{"floor":22,"key":"Bag of Marbles"},{"floor":24,"key":"Lantern"},{"floor":26,"key":"HornCleat"},{"floor":30,"key":"Pear"},{"floor":40,"key":"Omamori"},{"floor":42,"key":"Centennial Puzzle"},{"floor":45,"key":"Bottled Flame"},{"floor":54,"key":"Bag of Preparation"}],"event_choices":[{"damage_healed":0,"gold_gain":0,"player_choice":"Donut","damage_taken":0,"max_hp_gain":5,"max_hp_loss":0,"event_name":"Big Fish","floor":2,"gold_loss":0},{"damage_healed":0,"gold_gain":0,"player_choice":"Entered Light","damage_taken":17,"max_hp_gain":0,"max_hp_loss":0,"event_name":"Shining Light","floor":4,"gold_loss":0,"cards_upgraded":["Strike_R","Whirlwind"]},{"cards_removed":["Normality"],"damage_healed":0,"gold_gain":0,"player_choice":"Card Removal","damage_taken":0,"max_hp_gain":0,"max_hp_loss":0,"event_name":"The Cleric","floor":8,"gold_loss":50},{"damage_healed":0,"gold_gain":0,"player_choice":"Success","damage_taken":3,"relics_obtained":["InkBottle"],"max_hp_gain":0,"max_hp_loss":0,"event_name":"Scrap Ooze","floor":14,"gold_loss":0},{"damage_healed":0,"gold_gain":0,"player_choice":"Inject Mutagens","damage_taken":0,"relics_obtained":["MutagenicStrength"],"max_hp_gain":0,"max_hp_loss":0,"event_name":"Drug Dealer","floor":20,"gold_loss":0},{"cards_removed":["Brutality"],"damage_healed":26,"gold_gain":0,"player_choice":"Offered Rare","damage_taken":0,"max_hp_gain":10,"max_hp_loss":0,"event_name":"Bonfire Elementals","floor":36,"gold_loss":0}],"is_beta":false,"boss_relics":[{"not_picked":["Busted Crown","Cursed Key"],"picked":"Runic Pyramid"},{"not_picked":["Pandora\u0027s Box","Sozu"],"picked":"SlaversCollar"}],"items_purged_floors":[29,47],"is_endless":false,"potions_floor_spawned":[1,7,11,13,21,24,28,31,35,37,39,42,45],"ascension_level":12}}