{"host":"yn1175etg9ni8l0q","time":1613057118,"event":{"mods":["AchievementEnabler","BaseMod","Colored Map","Colored Powertips","DeckTracker","Minty Spire (QoL Compilation)","Rare Cards Sparkle","Relic Stats","SuperFastMode","everything is the same but u backflip on backflip"],"gold_per_floor":[111,61,61,61,74,74,88,88,88,43,60,49,59,69,69,167,167,156,175,23,36,48,48,48],"floor_reached":23,"language":"KOR","playtime":520,"items_purged":["Strike_B"],"score":187,"play_id":"f47d60b2-fd35-4bc4-a65c-be60b0bb9f78","local_time":"20210212002518","is_ascension_mode":false,"campfire_choices":[{"data":"Zap","floor":6,"key":"SMITH"},{"data":"Capacitor","floor":8,"key":"SMITH"},{"data":"Blizzard","floor":15,"key":"SMITH"}],"circlet_count":0,"master_deck":["Strike_B","Strike_B","Defend_B","Defend_B","Zap+1","Dualcast","Echo Form","FTL","Blizzard+1","Defend_P","Capacitor+1","Coolheaded","Cold Snap","Sunder","Undo","Barrage","Self Repair","Melter"],"relics":["Cracked Core","Blood Vial","Black Star"],"acts_visited":["Exordium","TheCity"],"potions_floor_usage":[22,23,23],"damage_taken":[{"damage":5,"enemies":"Small Slimes","floor":1,"turns":4},{"damage":0,"enemies":"2 Louse","floor":5,"turns":1},{"damage":6,"enemies":"Cultist","floor":7,"turns":3},{"damage":12,"enemies":"Lots of Slimes","floor":11,"turns":4},{"damage":8,"enemies":"Exordium Thugs","floor":12,"turns":4},{"damage":2,"enemies":"Gremlin Gang","floor":13,"turns":4},{"damage":6,"enemies":"Red Slaver","floor":14,"turns":4},{"damage":10,"enemies":"Slime Boss","floor":16,"turns":8},{"damage":25,"enemies":"2 Thieves","floor":18,"turns":5},{"damage":28,"enemies":"Spheric Guardian","floor":19,"turns":6},{"damage":2,"enemies":"Centurion and Healer","floor":21,"turns":8},{"damage":25,"enemies":"Snake Plant","floor":22,"turns":6},{"damage":20,"enemies":"Slavers","floor":23,"turns":1}],"seed_played":"1102361953491435081","potions_obtained":[{"floor":5,"key":"FocusPotion"},{"floor":12,"key":"SkillPotion"},{"floor":13,"key":"Weak Potion"},{"floor":16,"key":"Strength Potion"},{"floor":22,"key":"Fruit Juice"}],"is_trial":false,"path_per_floor":["M","?","?","?","M","R","M","R","T","$","M","M","M","M","R","B",null,"M","M","$","M","M","E"],"character_chosen":"DEFECT","items_purchased":["Coolheaded","Self Repair"],"campfire_rested":0,"item_purchase_floors":[10,20],"current_hp_per_floor":[63,63,63,63,63,63,57,57,57,57,47,41,41,37,37,29,68,43,17,17,24,13,0,0],"gold":48,"neow_bonus":"THREE_RARE_CARDS","is_daily":false,"chose_seed":false,"campfire_upgraded":3,"win_rate":0.0,"timestamp":1613057118,"path_taken":["M","?","?","?","?","R","M","R","T","$","M","M","M","M","R","BOSS","M","M","?","M","M","E"],"items_purchased_type":["Card","Card"],"build_version":"2020-12-22","purchased_purges":1,"victory":false,"max_hp_per_floor":[68,68,68,68,68,68,68,68,68,68,68,68,68,68,68,68,68,68,68,68,68,73,73,73],"relic_stats":{"Blood Vial":18,"counters":[13,58],"Black Star":0,"obtain_stats":[{"Blood Vial":9,"Black Star":17,"Cracked Core":0},{"Blood Vial":3,"Black Star":8,"Cracked Core":0},{"Blood Vial":8,"Black Star":32,"Cracked Core":0}]},"card_choices":[{"not_picked":["Buffer","Machine Learning"],"picked":"Echo Form","floor":0},{"not_picked":["Gash","Beam Cell"],"picked":"FTL","floor":1},{"not_picked":["Force Field","Double Energy","Scrape"],"picked":"SKIP","floor":5},{"not_picked":["Force Field","Rip and Tear"],"picked":"Capacitor","floor":7},{"not_picked":["Steam","Stack"],"picked":"Cold Snap","floor":11},{"not_picked":["Hologram","Barrage"],"picked":"Sunder","floor":12},{"not_picked":["Lockon","Recycle"],"picked":"Undo","floor":13},{"not_picked":["Chaos","Go for the Eyes","Barrage"],"picked":"SKIP","floor":14},{"not_picked":["Chaos","Go for the Eyes"],"picked":"Barrage","floor":14},{"not_picked":["Streamline","Compile Driver+1","Gash+1"],"picked":"SKIP","floor":18},{"not_picked":["Rebound","Genetic Algorithm","Go for the Eyes"],"picked":"SKIP","floor":19},{"not_picked":["Rebound","Recycle","Streamline"],"picked":"SKIP","floor":21},{"not_picked":["Beam Cell+1","Tempest"],"picked":"Melter","floor":22}],"player_experience":375452,"relics_obtained":[{"floor":9,"key":"Blood Vial"}],"event_choices":[{"cards_removed":["Strike_B"],"damage_healed":0,"gold_gain":0,"player_choice":"Card Removal","damage_taken":0,"max_hp_gain":0,"max_hp_loss":0,"event_name":"The Cleric","floor":2,"gold_loss":50},{"damage_healed":0,"gold_gain":0,"cards_transformed":["Defend_B"],"player_choice":"Change","damage_taken":0,"max_hp_gain":0,"max_hp_loss":0,"event_name":"Living Wall","floor":3,"gold_loss":0,"cards_obtained":["Blizzard"]},{"cards_removed":["Defend_B"],"damage_healed":0,"gold_gain":0,"player_choice":"Took Card","damage_taken":0,"max_hp_gain":0,"max_hp_loss":0,"event_name":"NoteForYourself","floor":4,"gold_loss":0,"cards_obtained":["Defend_P"]}],"is_beta":false,"boss_relics":[{"not_picked":["SlaversCollar","Sozu"],"picked":"Black Star"}],"items_purged_floors":[20],"is_endless":false,"potions_floor_spawned":[5,12,13,16,18,22],"killed_by":"Slavers","ascension_level":0}}