{"host":"sygfylmorsvdndbx","time":1613012767,"event":{"mods":["AchievementEnabler","BaseMod","Bestiary","Highlight Path","Minty Spire (QoL Compilation)","Permanent Neow","Quick Restart","Relic Stats"],"gold_per_floor":[12,27,27,40,53,53,83,101,101,115,115,133,165,184,184,280,280,260,273,48,48,29,55,75,75,75,14,14,29,29,60,60,165,165,178,188,239,199,216,216,216,230,253,253,253],"floor_reached":44,"language":"ENG","playtime":3687,"items_purged":["Strike_B"],"score":706,"play_id":"4e83edec-3dab-4a62-9f7a-82c116e90c56","local_time":"20210210220607","is_ascension_mode":true,"campfire_choices":[{"data":"Zap","floor":6.0,"key":"SMITH"},{"floor":11.0,"key":"REST"},{"data":"Loop","floor":15.0,"key":"SMITH"},{"data":"Defragment","floor":25.0,"key":"SMITH"},{"floor":28.0,"key":"REST"},{"data":"Aggregate","floor":30.0,"key":"SMITH"},{"data":"Biased Cognition","floor":32.0,"key":"SMITH"},{"data":"Self Repair","floor":40.0,"key":"SMITH"}],"circlet_count":0,"master_deck":["Strike_B+1","Strike_B+1","Defend_B","Defend_B","Defend_B","Defend_B+1","Zap+1","Dualcast","Aggregate+1","Go for the Eyes+1","Cold Snap","Loop+1","Chaos+1","BootSequence+1","Capacitor","Biased Cognition+1","Glacier+1","Coolheaded+1","Compile Driver","Seek+1","Tempest+1","Defragment+1","Stack+1","Conserve Battery+1","Echo Form","Coolheaded+1","Reinforced Body+1","Self Repair+1","Glacier+1"],"relics":["Cracked Core","Calipers","Toxic Egg 2","Whetstone","Bronze Scales","Inserter","Membership Card","Pantograph","Vajra","Regal Pillow","Kunai","Coffee Dripper","StoneCalendar"],"acts_visited":["Exordium","TheCity","TheBeyond"],"potions_floor_usage":[],"damage_taken":[{"damage":0.0,"enemies":"2 Louse","floor":1.0,"turns":2.0},{"damage":1.0,"enemies":"Cultist","floor":2.0,"turns":4.0},{"damage":6.0,"enemies":"Small Slimes","floor":4.0,"turns":5.0},{"damage":13.0,"enemies":"Exordium Thugs","floor":5.0,"turns":6.0},{"damage":18.0,"enemies":"Lagavulin","floor":7.0,"turns":8.0},{"damage":9.0,"enemies":"Large Slime","floor":8.0,"turns":6.0},{"damage":0.0,"enemies":"Looter","floor":10.0,"turns":3.0},{"damage":0.0,"enemies":"Exordium Thugs","floor":12.0,"turns":4.0},{"damage":21.0,"enemies":"3 Sentries","floor":13.0,"turns":10.0},{"damage":3.0,"enemies":"Large Slime","floor":14.0,"turns":4.0},{"damage":11.0,"enemies":"The Guardian","floor":16.0,"turns":7.0},{"damage":7.0,"enemies":"2 Thieves","floor":18.0,"turns":4.0},{"damage":13.0,"enemies":"Spheric Guardian","floor":19.0,"turns":7.0},{"damage":37.0,"enemies":"Gremlin Leader","floor":23.0,"turns":5.0},{"damage":0.0,"enemies":"Snake Plant","floor":24.0,"turns":4.0},{"damage":1.0,"enemies":"Centurion and Healer","floor":29.0,"turns":3.0},{"damage":0.0,"enemies":"Book of Stabbing","floor":31.0,"turns":4.0},{"damage":26.0,"enemies":"Automaton","floor":33.0,"turns":9.0},{"damage":0.0,"enemies":"Orb Walker","floor":35.0,"turns":3.0},{"damage":0.0,"enemies":"3 Darklings","floor":36.0,"turns":4.0},{"damage":55.0,"enemies":"2 Orb Walkers","floor":37.0,"turns":5.0},{"damage":0.0,"enemies":"Transient","floor":39.0,"turns":5.0},{"damage":0.0,"enemies":"Spire Growth","floor":42.0,"turns":8.0},{"damage":48,"enemies":"Reptomancer","floor":44,"turns":2}],"seed_played":"80383008869419378","potions_obtained":[{"floor":1.0,"key":"Block Potion"},{"floor":7.0,"key":"Fire Potion"},{"floor":10.0,"key":"FocusPotion"},{"floor":13.0,"key":"FearPotion"},{"floor":14.0,"key":"Block Potion"},{"floor":16.0,"key":"PotionOfCapacity"},{"floor":19.0,"key":"Energy Potion"},{"floor":31.0,"key":"Strength Potion"},{"floor":33.0,"key":"PotionOfCapacity"}],"is_trial":false,"path_per_floor":["M","M","?","M","M","R","E","M","T","M","R","M","E","M","R","B",null,"M","M","$","?","$","E","M","R","T","$","R","M","R","E","R","B",null,"M","M","?","?","M","R","?","M","T","E"],"character_chosen":"DEFECT","items_purchased":["Membership Card","Compile Driver","Seek+1","Tempest+1","Stack+1"],"campfire_rested":2,"item_purchase_floors":[20,20,20,22,27],"current_hp_per_floor":[68,67,67,61,48,48,30,21,21,21,43,43,22,19,19,8,58,51,38,38,38,38,1,1,1,1,1,38,37,37,37,37,36,65,65,65,10,10,10,10,10,30,30,0,0],"gold":253,"neow_bonus":"ONE_RARE_RELIC","is_daily":false,"chose_seed":false,"campfire_upgraded":6,"win_rate":0.0,"timestamp":1613012767,"path_taken":["M","M","?","M","M","R","E","M","T","M","R","M","E","M","R","BOSS","M","?","$","?","?","E","M","R","T","$","R","M","R","E","R","BOSS","M","M","?","?","?","R","?","M","T","E"],"items_purchased_type":["Relic","Card","Card","Card","Card"],"build_version":"2020-12-22","purchased_purges":1,"victory":false,"max_hp_per_floor":[75,75,75,75,75,75,75,75,75,75,75,75,75,75,75,75,75,75,75,75,75,75,75,75,75,75,75,75,75,75,75,75,75,75,75,75,75,75,75,75,75,75,75,75,75],"relic_stats":{"Regal Pillow":15,"Inserter":[31],"counters":[24,121],"Bronze Scales":[212],"Pantograph":25,"StoneCalendar":[52],"Whetstone":["Go for the Eyes","Strike_B"],"Kunai":[3],"obtain_stats":[{"Regal Pillow":26,"Calipers":0,"Inserter":17,"Vajra":23,"StoneCalendar":37,"Whetstone":9,"Bronze Scales":13,"Pantograph":21,"Coffee Dripper":34,"Membership Card":20,"Kunai":31,"Toxic Egg 2":7,"Cracked Core":0},{"Regal Pillow":15,"Calipers":0,"Inserter":11,"Vajra":14,"StoneCalendar":21,"Whetstone":6,"Bronze Scales":9,"Pantograph":13,"Coffee Dripper":18,"Membership Card":13,"Kunai":17,"Toxic Egg 2":5,"Cracked Core":0},{"Regal Pillow":78,"Calipers":0,"Inserter":58,"Vajra":74,"StoneCalendar":106,"Whetstone":31,"Bronze Scales":47,"Pantograph":69,"Coffee Dripper":94,"Membership Card":69,"Kunai":85,"Toxic Egg 2":25,"Cracked Core":0}]},"card_choices":[{"not_picked":["Capacitor","Sweeping Beam"],"picked":"Aggregate","floor":1.0},{"not_picked":["Turbo","Leap","Barrage"],"picked":"SKIP","floor":2.0},{"not_picked":["Chaos","Melter"],"picked":"Go for the Eyes","floor":4.0},{"not_picked":["Turbo","Auto Shields"],"picked":"Cold Snap","floor":5.0},{"not_picked":["Turbo+1","Heatsinks"],"picked":"Loop","floor":7.0},{"not_picked":["Cold Snap","Hello World"],"picked":"Auto Shields+1","floor":8.0},{"not_picked":["Darkness+1","Barrage"],"picked":"Chaos+1","floor":10.0},{"not_picked":["Go for the Eyes","Beam Cell","Sunder"],"picked":"SKIP","floor":12.0},{"not_picked":["Go for the Eyes","Beam Cell","Sunder"],"picked":"SKIP","floor":12.0},{"not_picked":["Sweeping Beam","Stack+1"],"picked":"BootSequence+1","floor":13.0},{"not_picked":["Ball Lightning","Turbo+1"],"picked":"Capacitor","floor":14.0},{"not_picked":["Reboot+1","Thunder Strike"],"picked":"Biased Cognition","floor":16.0},{"not_picked":["Gash","Barrage"],"picked":"Glacier+1","floor":18.0},{"not_picked":["Double Energy+1","BootSequence+1"],"picked":"Coolheaded+1","floor":19.0},{"not_picked":["Loop","FTL","Tempest+1"],"picked":"SKIP","floor":23.0},{"not_picked":["Cold Snap","Steam+1"],"picked":"Defragment","floor":24.0},{"not_picked":["White Noise+1","Leap+1"],"picked":"Conserve Battery+1","floor":29.0},{"not_picked":["Streamline","Tempest+1","Steam+1"],"picked":"SKIP","floor":31.0},{"not_picked":["Amplify+1","All For One"],"picked":"Echo Form","floor":33.0},{"not_picked":["Rebound","Aggregate+1"],"picked":"Coolheaded+1","floor":35.0},{"not_picked":["Ball Lightning","Sweeping Beam","Barrage"],"picked":"SKIP","floor":36.0},{"not_picked":["Static Discharge","Gash+1"],"picked":"Reinforced Body+1","floor":37.0},{"not_picked":["Coolheaded+1","Go for the Eyes+1"],"picked":"Self Repair","floor":39.0},{"not_picked":["Ball Lightning+1","Leap+1"],"picked":"Glacier+1","floor":42.0}],"player_experience":473843,"relics_obtained":[{"floor":7.0,"key":"Toxic Egg 2"},{"floor":9.0,"key":"Whetstone"},{"floor":13.0,"key":"Bronze Scales"},{"floor":23.0,"key":"Vajra"},{"floor":26.0,"key":"Regal Pillow"},{"floor":31.0,"key":"Kunai"},{"floor":37.0,"key":"StoneCalendar"}],"event_choices":[{"cards_removed":["Strike_B"],"damage_healed":0.0,"max_hp_gain":0.0,"max_hp_loss":0.0,"gold_gain":0.0,"event_name":"Purifier","player_choice":"Purged","floor":3.0,"gold_loss":0.0,"damage_taken":0.0},{"cards_removed":["Auto Shields"],"damage_healed":0.0,"max_hp_gain":0.0,"max_hp_loss":0.0,"gold_gain":0.0,"event_name":"WeMeetAgain","player_choice":"Gave Card","floor":21.0,"gold_loss":0.0,"damage_taken":0.0,"relics_obtained":["Pantograph"]},{"damage_healed":0.0,"max_hp_gain":0.0,"max_hp_loss":0.0,"gold_gain":0.0,"event_name":"Mysterious Sphere","player_choice":"Fight","floor":37.0,"gold_loss":0.0,"damage_taken":0.0},{"damage_healed":0.0,"max_hp_gain":0.0,"max_hp_loss":0.0,"gold_gain":0.0,"event_name":"Designer","player_choice":"Upgraded Two","floor":38.0,"gold_loss":40.0,"damage_taken":0.0,"cards_upgraded":["Strike_B","Defend_B"]},{"damage_healed":0.0,"max_hp_gain":0.0,"max_hp_loss":0.0,"gold_gain":0.0,"event_name":"Tomb of Lord Red Mask","player_choice":"Ignored","floor":41.0,"gold_loss":0.0,"damage_taken":0.0}],"is_beta":false,"boss_relics":[{"not_picked":["Runic Dome","FrozenCore"],"picked":"Inserter"},{"not_picked":["Snecko Eye","Tiny House"],"picked":"Coffee Dripper"}],"items_purged_floors":[27],"is_endless":false,"potions_floor_spawned":[1,7,10,13,14,16,19,31,33,35,36,37],"killed_by":"Reptomancer","ascension_level":9}}