{"host":"adi","time":1613052506,"event":{"mods":["AchievementEnabler","BaseMod","Bestiary","Colored Powertips","Minty Spire (QoL Compilation)","StSLib"],"gold_per_floor":[109,109,109,125,125,156,156,156,187,187,214,214,226,226,240,251,251,266,266,362,362,362,362],"floor_reached":22,"language":"ENG","playtime":1238,"items_purged":[],"score":271,"play_id":"4fb5d70b-a353-46a5-b00e-0134f929cc5b","local_time":"20210211150826","is_ascension_mode":true,"campfire_choices":[{"data":"CutThroughFate","floor":8,"key":"SMITH"},{"data":"ThirdEye","floor":12,"key":"SMITH"},{"data":"CrushJoints","floor":17,"key":"SMITH"},{"data":"MentalFortress","floor":19,"key":"SMITH"}],"circlet_count":0,"master_deck":["Strike_P","Strike_P","Defend_P","Defend_P","Eruption","Vigilance","Protect","CutThroughFate+1","JustLucky","Impatience","InnerPeace","ThirdEye+1","CrushJoints+1","EmptyBody","MentalFortress+1","Evaluate","Ragnarok","Blasphemy+1","ConjureBlade+1","Protect+1"],"relics":["PureWater","NeowsBlessing","GoldenEye","Strawberry","Toy Ornithopter","Peace Pipe","Bag of Preparation","Astrolabe"],"acts_visited":["Exordium","TheCity"],"potions_floor_usage":[15,16,22],"damage_taken":[{"damage":0,"enemies":"2 Louse","floor":1,"turns":1},{"damage":0,"enemies":"Cultist","floor":4,"turns":1},{"damage":0,"enemies":"Gremlin Nob","floor":6,"turns":1},{"damage":24,"enemies":"Lagavulin","floor":9,"turns":8},{"damage":0,"enemies":"Small Slimes","floor":13,"turns":2},{"damage":0,"enemies":"Looter","floor":15,"turns":2},{"damage":8,"enemies":"Exordium Thugs","floor":16,"turns":5},{"damage":6,"enemies":"Large Slime","floor":18,"turns":3},{"damage":37,"enemies":"The Guardian","floor":20,"turns":15},{"damage":100021,"enemies":"3 Byrds","floor":22,"turns":2}],"seed_played":"-7783647661992939722","potions_obtained":[{"floor":6,"key":"StancePotion"},{"floor":13,"key":"BlessingOfTheForge"},{"floor":15,"key":"ColorlessPotion"}],"is_trial":false,"path_per_floor":["M","?","?","M","?","E","?","R","E","T","T","R","M","$","M","M","R","M","R","B",null,"M"],"character_chosen":"WATCHER","items_purchased":[],"campfire_rested":0,"item_purchase_floors":[],"current_hp_per_floor":[72,72,72,72,65,72,72,72,48,48,48,48,48,48,53,50,50,44,44,7,61,0,0],"gold":362,"neow_bonus":"THREE_ENEMY_KILL","is_daily":false,"chose_seed":false,"campfire_upgraded":4,"win_rate":0.0,"timestamp":1613052506,"path_taken":["M","?","?","?","?","E","?","R","E","T","T","R","M","$","M","?","R","M","R","BOSS","M"],"items_purchased_type":[],"build_version":"2020-12-18","purchased_purges":0,"victory":false,"max_hp_per_floor":[72,72,72,72,72,79,79,79,79,79,79,79,79,79,79,79,79,79,79,79,79,79,79],"card_choices":[{"not_picked":["EmptyMind","Evaluate"],"picked":"Protect","floor":1},{"not_picked":["Wireheading","FollowUp"],"picked":"CutThroughFate","floor":4},{"not_picked":["Alpha","FlurryOfBlows"],"picked":"JustLucky","floor":6},{"not_picked":["Adaptation","WheelKick"],"picked":"ThirdEye","floor":9},{"not_picked":["WreathOfFlame","ThirdEye"],"picked":"CrushJoints","floor":13},{"not_picked":["CutThroughFate","PathToVictory"],"picked":"EmptyBody","floor":15},{"not_picked":["CutThroughFate","Pray"],"picked":"MentalFortress","floor":16},{"not_picked":["ThirdEye","FlurryOfBlows"],"picked":"Evaluate","floor":18},{"not_picked":["LessonLearned","Blasphemy"],"picked":"Ragnarok","floor":20}],"player_experience":403117,"relics_obtained":[{"floor":6,"key":"Strawberry"},{"floor":9,"key":"Toy Ornithopter"},{"floor":10,"key":"Peace Pipe"},{"floor":11,"key":"Bag of Preparation"}],"event_choices":[{"damage_healed":0,"gold_gain":0,"player_choice":"Ignored","damage_taken":0,"max_hp_gain":0,"max_hp_loss":0,"event_name":"Liars Game","floor":2,"gold_loss":0},{"cards_removed":["Strike_P"],"damage_healed":0,"gold_gain":0,"player_choice":"Offered Basic","damage_taken":0,"max_hp_gain":0,"max_hp_loss":0,"event_name":"Bonfire Elementals","floor":3,"gold_loss":0},{"damage_healed":0,"gold_gain":0,"player_choice":"Success","damage_taken":7,"relics_obtained":["GoldenEye"],"max_hp_gain":0,"max_hp_loss":0,"event_name":"Scrap Ooze","floor":5,"gold_loss":0},{"damage_healed":0,"gold_gain":0,"player_choice":"2 cards matched","damage_taken":0,"max_hp_gain":0,"max_hp_loss":0,"event_name":"Match and Keep!","floor":7,"gold_loss":0,"cards_obtained":["Impatience","InnerPeace"]}],"is_beta":true,"boss_relics":[{"not_picked":["HolyWater","SacredBark"],"picked":"Astrolabe"}],"items_purged_floors":[],"is_endless":false,"potions_floor_spawned":[6,13,15],"killed_by":"3 Byrds","ascension_level":5}}