{"host":"6xsbn6ynqlzwllfm","time":1613086246,"event":{"mods":["2.2 Compatiblity","BaseMod","Bestiary","Colored Map","Colored Powertips","Curses Come First","Downfall","Highlight Path","Keyboard Shortcuts","Minty Spire (QoL Compilation)","Relic Stats","Slay the Relics Exporter","StSLib","SuperFastMode"],"gold_per_floor":[0,18,29,14,34,34,34,52,70,70,32,58,58,90,107,208,208,8,26,46,31,42,42,42,72,72,72,57,89,104,133,151,255,255,255,272,322,338,171,201,201,101,126,145,162,189,189,489,505,505,505,535,41,41,41,41],"floor_reached":57,"language":"ENG","playtime":4161,"items_purged":["bronze:Defend","Injury"],"score":1550,"play_id":"af832ccf-f74a-444f-b844-a2726e96a974","local_time":"20210211183046","is_ascension_mode":true,"campfire_choices":[{"floor":1,"key":"RECALL"},{"data":"bronze:Flail","floor":13,"key":"SMITH"},{"data":"bronze:Flail","floor":18,"key":"SMITH"},{"floor":26,"key":"REST"},{"data":"bronze:Iterate","floor":35,"key":"SMITH"},{"floor":42,"key":"REST"},{"floor":47,"key":"REST"},{"data":"bronze:Boost","floor":54,"key":"SMITH"}],"circlet_count":0,"master_deck":["bronze:Defend+1","bronze:Replicate","bronze:Goto","bronze:Flail+1","bronze:FollowUp","bronze:Flail+1","bronze:WhirlingStrike","bronze:DelayedGuard","bronze:Constructor","bronze:Library","bronze:WhirlingStrike","bronze:Frontload","bronze:Boost+1","bronze:Terminator","bronze:Boost+1","bronze:BitShift+1","bronze:Shell+1","bronze:Iterate+1","bronze:Safeguard+1","bronze:BugBarrage+1","bronze:Constructor+1","bronze:Frontload","bronze:FunctionCard","bronze:Philosophize","bronze:Boost+1"],"relics":["bronze:BronzeCore","Ginger","Pantograph","Slimebound:PreparedRelic","Toy Ornithopter","Bird Faced Urn","Cursed Key","downfall:HeartBlessingRed","downfall:HeartBlessingGreen","Pear","StrikeDummy","Kunai","Astrolabe","Pocketwatch","TungstenRod","Shuriken","downfall:HeartBlessingBlue","Orichalcum","Art of War","Bronze Scales","Akabeko","Guardian:BottledAnomaly"],"acts_visited":["Exordium","TheCity","TheBeyond","TheEnding"],"potions_floor_usage":[14,22,25,25,37,40,44,50,52,56,56],"damage_taken":[{"damage":1,"enemies":"Cultist","floor":2,"turns":4},{"damage":0,"enemies":"Jaw Worm","floor":3,"turns":3},{"damage":10,"enemies":"downfall:FleeingMerchant","floor":4,"turns":4},{"damage":0,"enemies":"Small Slimes","floor":5,"turns":2},{"damage":0,"enemies":"3 Louse","floor":8,"turns":1},{"damage":6,"enemies":"Exordium Thugs","floor":9,"turns":2},{"damage":4,"enemies":"downfall:FleeingMerchant","floor":11,"turns":4},{"damage":0,"enemies":"Lagavulin","floor":12,"turns":8},{"damage":20,"enemies":"Gremlin Nob","floor":14,"turns":6},{"damage":0,"enemies":"Exordium Wildlife","floor":15,"turns":2},{"damage":9,"enemies":"SI_SHIV_ARCHETYPE","floor":16,"turns":9},{"damage":0,"enemies":"Chosen","floor":19,"turns":3},{"damage":5,"enemies":"Spheric Guardian","floor":20,"turns":4},{"damage":0,"enemies":"downfall:FleeingMerchant","floor":21,"turns":4},{"damage":31,"enemies":"Centurion and Healer","floor":22,"turns":6},{"damage":24,"enemies":"Book of Stabbing","floor":25,"turns":6},{"damage":0,"enemies":"downfall:FleeingMerchant","floor":28,"turns":4},{"damage":23,"enemies":"Slavers","floor":29,"turns":5},{"damage":0,"enemies":"Chosen and Byrds","floor":30,"turns":5},{"damage":4,"enemies":"Gremlin Leader","floor":31,"turns":6},{"damage":0,"enemies":"Cultist and Chosen","floor":32,"turns":6},{"damage":1,"enemies":"WA_ARCHETYPE_CALM","floor":33,"turns":8},{"damage":0,"enemies":"3 Darklings","floor":36,"turns":2},{"damage":60,"enemies":"2 Orb Walkers","floor":37,"turns":5},{"damage":0,"enemies":"3 Shapes","floor":38,"turns":4},{"damage":0,"enemies":"downfall:FleeingMerchant","floor":39,"turns":1},{"damage":60,"enemies":"Nemesis","floor":40,"turns":13},{"damage":12,"enemies":"Giant Head","floor":43,"turns":6},{"damage":3,"enemies":"Transient","floor":44,"turns":5},{"damage":16,"enemies":"Spire Growth","floor":45,"turns":5},{"damage":0,"enemies":"Reptomancer","floor":46,"turns":4},{"damage":0,"enemies":"Sphere and 2 Shapes","floor":49,"turns":4},{"damage":0,"enemies":"DF_ARCHETYPE_ORBS","floor":50,"turns":9},{"damage":7,"enemies":"downfall:CharBossMerchant","floor":52,"turns":5},{"damage":0,"enemies":"downfall:NeowBoss","floor":55,"turns":9},{"damage":97,"enemies":"downfall:NeowBossFinal","floor":56,"turns":6}],"seed_played":"5627824635052314364","potions_obtained":[{"floor":2,"key":"BlessingOfTheForge"},{"floor":3,"key":"SmokeBomb"},{"floor":12,"key":"PowerPotion"},{"floor":15,"key":"bronze:CleanCodePotion"},{"floor":20,"key":"SpeedPotion"},{"floor":22,"key":"ColorlessPotion"},{"floor":25,"key":"bronze:FreeFunctionsPotion"},{"floor":30,"key":"Swift Potion"},{"floor":38,"key":"Swift Potion"},{"floor":40,"key":"Energy Potion"},{"floor":45,"key":"GamblersBrew"}],"is_trial":false,"path_per_floor":["R","M","M","$","M","?","T","M","M","T","$","E","R","E","M","B",null,"R","M","M","$","M","?","T","E","R","?","$","E","M","E","M","B",null,"R","M","?","M","$","E","T","R","E","M","M","E","R","?","M","B",null,"E","$","R","B","B",null],"character_chosen":"THE_AUTOMATON","items_purchased":["bronze:Frontload","FairyPotion","bronze:Frontload","TungstenRod","Akabeko","Guardian:BottledAnomaly","BlessingOfTheForge","Dexterity Potion"],"campfire_rested":3,"item_purchase_floors":[11,39,39,39,53,53,53,53],"current_hp_per_floor":[70,69,69,59,59,59,59,59,53,53,49,49,49,34,34,52,70,70,70,65,67,41,41,41,41,65,57,57,34,34,30,30,56,80,80,80,25,25,25,18,18,55,43,45,29,29,56,56,56,86,90,83,83,83,90,5],"gold":41,"neow_bonus":"ONE_RARE_RELIC","is_daily":false,"chose_seed":false,"campfire_upgraded":4,"win_rate":0.0,"timestamp":1613086246,"path_taken":["R","M","?","$","M","?","T","?","M","?","?","E","R","E","M","BOSS","R","M","M","$","M","?","T","E","R","?","$","E","?","E","M","BOSS","R","M","?","M","$","E","T","R","E","M","M","E","R","?","M","BOSS","E","$","R","BOSS","BOSS"],"items_purchased_type":["Card","Potion","Card","Relic","Relic","Relic","Potion","Potion"],"build_version":"2020-12-22","purchased_purges":2,"victory":true,"max_hp_per_floor":[70,70,70,70,70,70,70,70,70,70,70,70,70,70,70,70,70,70,70,70,70,70,70,70,80,80,80,80,80,80,80,80,80,80,80,80,80,80,80,80,80,90,90,90,90,90,90,90,90,90,90,90,90,90,90,90],"relic_stats":{"counters":[36,180],"Astrolabe":["bronze:Safeguard","bronze:BugBarrage","bronze:Constructor"],"Ginger":[42],"Orichalcum":[24],"Cursed Key":1,"Shuriken":[23],"Pantograph":82,"Bird Faced Urn":[14],"Bronze Scales":[30],"Art of War":[8],"Kunai":[35],"obtain_stats":[{"bronze:BronzeCore":0,"Pear":25,"downfall:HeartBlessingRed":18,"Astrolabe":34,"downfall:HeartBlessingGreen":18,"Ginger":0,"Orichalcum":43,"Cursed Key":17,"Akabeko":53,"Shuriken":40,"downfall:HeartBlessingBlue":42,"Pantograph":7,"Bird Faced Urn":14,"Bronze Scales":52,"Slimebound:PreparedRelic":10,"Art of War":46,"Kunai":31,"Guardian:BottledAnomaly":53,"StrikeDummy":29,"Toy Ornithopter":12,"TungstenRod":39,"Pocketwatch":37},{"bronze:BronzeCore":0,"Pear":16,"downfall:HeartBlessingRed":11,"Astrolabe":22,"downfall:HeartBlessingGreen":11,"Ginger":0,"Orichalcum":28,"Cursed Key":11,"Akabeko":34,"Shuriken":27,"downfall:HeartBlessingBlue":27,"Pantograph":4,"Bird Faced Urn":9,"Bronze Scales":34,"Slimebound:PreparedRelic":6,"Art of War":31,"Kunai":20,"Guardian:BottledAnomaly":34,"StrikeDummy":18,"Toy Ornithopter":8,"TungstenRod":26,"Pocketwatch":24},{"bronze:BronzeCore":0,"Pear":68,"downfall:HeartBlessingRed":45,"Astrolabe":102,"downfall:HeartBlessingGreen":45,"Ginger":0,"Orichalcum":133,"Cursed Key":45,"Akabeko":165,"Shuriken":127,"downfall:HeartBlessingBlue":127,"Pantograph":13,"Bird Faced Urn":34,"Bronze Scales":165,"Slimebound:PreparedRelic":16,"Art of War":147,"Kunai":88,"Guardian:BottledAnomaly":165,"StrikeDummy":77,"Toy Ornithopter":28,"TungstenRod":114,"Pocketwatch":109}],"Toy Ornithopter":50,"TungstenRod":17,"Pocketwatch":[71]},"card_choices":[{"not_picked":["bronze:DigitalCarnage","bronze:BuggyMess"],"picked":"bronze:Flail","floor":2},{"not_picked":["bronze:BuggyMess","bronze:Separator"],"picked":"bronze:FollowUp","floor":3},{"not_picked":["bronze:Iterate","bronze:Deprecate"],"picked":"bronze:Flail","floor":4},{"not_picked":["bronze:Constructor","bronze:Shield"],"picked":"bronze:Library","floor":8},{"not_picked":["bronze:InfiniteBeams","bronze:DelayedSlice"],"picked":"bronze:WhirlingStrike","floor":9},{"not_picked":["bronze:HardenedForm","bronze:OilSpill","bronze:Shield"],"picked":"SKIP","floor":11},{"not_picked":["bronze:Overload","bronze:BuggyMess","bronze:Invalidate"],"picked":"SKIP","floor":12},{"not_picked":["bronze:DelayedSlice","bronze:Branch"],"picked":"bronze:Boost","floor":14},{"not_picked":["bronze:BugBarrage","bronze:FineTuning"],"picked":"bronze:Terminator","floor":15},{"not_picked":["bronze:ThunderWave","bronze:Library"],"picked":"bronze:Hardcode","floor":16},{"not_picked":["bronze:Iterate","bronze:BuggyMess+1"],"picked":"bronze:Boost+1","floor":19},{"not_picked":["bronze:MaxOutput","bronze:Invalidate+1"],"picked":"bronze:BitShift+1","floor":20},{"not_picked":["bronze:BuggyMess","bronze:Deprecate","bronze:CutThrough+1"],"picked":"SKIP","floor":21},{"not_picked":["bronze:Deprecate","bronze:CloningBeam+1"],"picked":"bronze:Iterate+1","floor":22},{"not_picked":["bronze:Repair","bronze:Invalidate","bronze:BuggyMess"],"picked":"SKIP","floor":25},{"not_picked":["bronze:WildBeam","bronze:MaxOutput","bronze:ForLoop"],"picked":"SKIP","floor":28},{"not_picked":["bronze:Repulsor","bronze:Branch"],"picked":"bronze:Shell+1","floor":30},{"not_picked":["bronze:Separator","bronze:Overheat"],"picked":"bronze:Iterate","floor":31},{"not_picked":["bronze:ChildClass","bronze:Turbo"],"picked":"bronze:Terminator+1","floor":32},{"not_picked":["bronze:OilSpill","bronze:WhirlingStrike","bronze:Overheat"],"picked":"SKIP","floor":36},{"not_picked":["bronze:InfiniteBeams","bronze:Repair","bronze:Deprecate"],"picked":"SKIP","floor":38},{"not_picked":["bronze:DelayedSlice","bronze:InfiniteBeams","bronze:CutThrough+1"],"picked":"SKIP","floor":39},{"not_picked":["bronze:Separator","bronze:Break","bronze:BurnOut"],"picked":"SKIP","floor":40},{"not_picked":["bronze:BitShift+1","bronze:NullPointer","bronze:BugBarrage+1"],"picked":"SKIP","floor":45},{"not_picked":["bronze:Safeguard","bronze:ThunderWave"],"picked":"bronze:Philosophize","floor":46},{"not_picked":["bronze:BitShift+1","bronze:Separator"],"picked":"bronze:Boost+1","floor":52}],"player_experience":1726391,"relics_obtained":[{"floor":7,"key":"Pantograph"},{"floor":10,"key":"Slimebound:PreparedRelic"},{"floor":12,"key":"Toy Ornithopter"},{"floor":14,"key":"Bird Faced Urn"},{"floor":25,"key":"Pear"},{"floor":29,"key":"StrikeDummy"},{"floor":31,"key":"Kunai"},{"floor":37,"key":"Pocketwatch"},{"floor":40,"key":"Shuriken"},{"floor":43,"key":"Orichalcum"},{"floor":46,"key":"Art of War"},{"floor":52,"key":"Bronze Scales"}],"event_choices":[{"damage_healed":0,"gold_gain":0,"player_choice":"Ignored","damage_taken":0,"max_hp_gain":0,"max_hp_loss":0,"event_name":"Vampires","floor":23,"gold_loss":0},{"damage_healed":0,"gold_gain":0,"player_choice":"Fight","damage_taken":0,"max_hp_gain":0,"max_hp_loss":0,"event_name":"Mysterious Sphere","floor":37,"gold_loss":0},{"damage_healed":0,"gold_gain":300,"player_choice":"Gold","damage_taken":0,"max_hp_gain":0,"max_hp_loss":0,"event_name":"Wheel of Change","floor":48,"gold_loss":0}],"is_beta":false,"boss_relics":[{"not_picked":["Black Star","Pandora\u0027s Box"],"picked":"Cursed Key"},{"not_picked":["Calling Bell","Velvet Choker"],"picked":"Astrolabe"}],"items_purged_floors":[39,53],"is_endless":false,"potions_floor_spawned":[2,3,12,15,16,20,22,25,30,32,36,38,40,45],"ascension_level":3}}