{"host":"2l3i55whvwk76mom","time":1613011765,"event":{"mods":["BaseMod","Googly Eyes","Hermit","Hubris","Minty Spire (QoL Compilation)","Replay The Spire","StSLib","The Cursed","The Disciple","The Hierophant","The Jungle"],"gold_per_floor":[111,111,130,147,147,182,182,215,215,215,25,45,56,76,76,76,76],"floor_reached":16,"language":"ENG","playtime":729,"items_purged":[],"score":162,"play_id":"cb3dff06-7c69-4dfe-b286-1ac584f44589","local_time":"20210210184925","is_ascension_mode":true,"campfire_choices":[{"data":"Bash","floor":7,"key":"SMITH"},{"floor":10,"key":"REST"},{"floor":15,"key":"REST"}],"circlet_count":0,"master_deck":["Strike_R","Strike_R","Strike_R","Strike_R","Strike_R","Defend_R","Defend_R","Defend_R","Defend_R","Bash+1","Twin Strike","Rampage","Bludgeon","hubris:SharpeningStone","Feel No Pain+1","True Grit+1","Shrug It Off","Cleave","hubris:StunningStrike+1"],"relics":["hubris:ScarierMask","Frozen Egg 2","Replay:Bottled Flurry","Golden Egg","Chameleon Ring","Red Skull"],"acts_visited":["Exordium"],"potions_floor_usage":[8,14],"damage_taken":[{"damage":1,"enemies":"Cultist","floor":1,"turns":3},{"damage":8,"enemies":"Small Slimes","floor":3,"turns":2},{"damage":0,"enemies":"2 Louse","floor":4,"turns":2},{"damage":15,"enemies":"3 Sentries","floor":6,"turns":5},{"damage":30,"enemies":"Lagavulin","floor":8,"turns":7},{"damage":4,"enemies":"Red Slaver","floor":12,"turns":3},{"damage":13,"enemies":"Large Slime","floor":13,"turns":3},{"damage":0,"enemies":"Blue Slaver","floor":14,"turns":3},{"damage":52,"enemies":"Hexaghost","floor":16,"turns":10}],"seed_played":"-9064626747548993411","potions_obtained":[{"floor":6,"key":"HeartOfIron"},{"floor":12,"key":"SteroidPotion"},{"floor":13,"key":"Elixir"}],"is_trial":false,"path_per_floor":["M","T","M","M","?","E","R","E","T","R","$","M","M","M","R","B"],"character_chosen":"IRONCLAD","items_purchased":["True Grit","Red Skull"],"campfire_rested":2,"item_purchase_floors":[11,11],"current_hp_per_floor":[71,71,63,63,63,48,48,18,18,42,42,38,25,25,49,0,0],"gold":76,"neow_bonus":"BOSS_RELIC","is_daily":false,"chose_seed":false,"campfire_upgraded":1,"win_rate":0.0,"timestamp":1613011765,"path_taken":["M","?","?","M","?","E","R","E","T","R","$","?","M","M","R","BOSS"],"items_purchased_type":["Card","Relic"],"build_version":"2020-12-22","purchased_purges":0,"victory":false,"max_hp_per_floor":[80,80,80,80,80,80,80,80,80,80,80,80,80,80,80,80,80],"card_choices":[{"not_picked":["Clothesline","Thunderclap"],"picked":"Twin Strike","floor":1},{"not_picked":["Warcry","Bloodletting"],"picked":"Rampage","floor":3},{"not_picked":["ReplayReversal","Defy Death"],"picked":"Flex","floor":4},{"not_picked":["Dropkick","ReplayTheSpireMod:Strike From Hell"],"picked":"hubris:SharpeningStone","floor":6},{"not_picked":["Body Slam","Exhume"],"picked":"Feel No Pain+1","floor":8},{"not_picked":["Defy Death","Armaments"],"picked":"Shrug It Off","floor":12},{"not_picked":["Seeing Red","ReplayTheSpireMod:Strike From Hell"],"picked":"Cleave","floor":13},{"not_picked":["Combust+1","Clash"],"picked":"hubris:StunningStrike","floor":14}],"player_experience":367615,"relics_obtained":[{"floor":2,"key":"Frozen Egg 2"},{"floor":6,"key":"Replay:Bottled Flurry"},{"floor":8,"key":"Golden Egg"},{"floor":9,"key":"Chameleon Ring"}],"event_choices":[{"damage_healed":0,"gold_gain":0,"cards_transformed":["Flex"],"player_choice":"Transformed","damage_taken":0,"max_hp_gain":0,"max_hp_loss":0,"event_name":"Transmorgrifier","floor":5,"gold_loss":0,"cards_obtained":["Bludgeon"]}],"is_beta":false,"boss_relics":[],"items_purged_floors":[],"is_endless":false,"potions_floor_spawned":[6,12,13],"killed_by":"Hexaghost","ascension_level":9}}