{"host":"vex7walpoxzv48nx","time":1613075936,"event":{"mods":["AchievementEnabler","BaseMod","Highlight Path","Minty Spire (QoL Compilation)","Permanent Neow","Quick Restart","StSLib","UnlockEverythingMod"],"gold_per_floor":[116,116,4,14,14,40,56,56,56],"floor_reached":8,"language":"ENG","playtime":633,"items_purged":[],"score":112,"play_id":"7f778213-c830-499c-9e5c-6870d1570c2b","local_time":"20210211213856","is_ascension_mode":true,"campfire_choices":[],"circlet_count":0,"master_deck":["AscendersBane","Strike_G","Strike_G","Strike_G","Strike_G","Strike_G","Defend_G","Defend_G","Defend_G","Defend_G","Defend_G","Survivor","Neutralize","Endless Agony","Crippling Poison","Quick Slash","Poisoned Stab","Deadly Poison","Finisher","Backstab","Dagger Spray"],"relics":["Ring of the Snake","Prayer Wheel","Art of War"],"acts_visited":["Exordium"],"potions_floor_usage":[8],"damage_taken":[{"damage":1.0,"enemies":"2 Louse","floor":1.0,"turns":5.0},{"damage":4.0,"enemies":"Jaw Worm","floor":4.0,"turns":2.0},{"damage":35.0,"enemies":"3 Sentries","floor":6.0,"turns":11.0},{"damage":0.0,"enemies":"Cultist","floor":7.0,"turns":3.0},{"damage":15,"enemies":"Lagavulin","floor":8,"turns":4}],"seed_played":"-4007269694304073663","potions_obtained":[{"floor":1.0,"key":"AttackPotion"},{"floor":7.0,"key":"FearPotion"}],"is_trial":false,"path_per_floor":["M","?","$","M","?","E","M","E"],"character_chosen":"THE_SILENT","items_purchased":["Crippling Poison","Quick Slash"],"campfire_rested":0,"item_purchase_floors":[3,3],"current_hp_per_floor":[58,51,51,47,52,17,17,2,2],"gold":56,"neow_bonus":"ONE_RARE_RELIC","is_daily":false,"chose_seed":false,"campfire_upgraded":0,"win_rate":0.0,"timestamp":1613075936,"path_taken":["M","?","$","M","?","E","M","E"],"items_purchased_type":["Card","Card"],"build_version":"2020-12-22","purchased_purges":0,"victory":false,"max_hp_per_floor":[66,66,66,66,71,71,71,71,71],"card_choices":[{"not_picked":["Cloak And Dagger","Infinite Blades"],"picked":"Endless Agony","floor":1.0},{"not_picked":["Bane","Prepared","Concentrate"],"picked":"SKIP","floor":1.0},{"not_picked":["Terror","Quick Slash"],"picked":"Poisoned Stab","floor":4.0},{"not_picked":["Outmaneuver","Dodge and Roll"],"picked":"Deadly Poison","floor":4.0},{"not_picked":["Acrobatics","Flechettes"],"picked":"Finisher","floor":6.0},{"not_picked":["Footwork","Blade Dance"],"picked":"Backstab","floor":7.0},{"not_picked":["Dagger Throw","Outmaneuver"],"picked":"Dagger Spray","floor":7.0}],"player_experience":296590,"relics_obtained":[{"floor":6.0,"key":"Art of War"}],"event_choices":[{"cards_removed":["Doubt"],"damage_healed":0.0,"max_hp_gain":0.0,"max_hp_loss":0.0,"gold_gain":0.0,"event_name":"Golden Wing","player_choice":"Card Removal","floor":2.0,"gold_loss":0.0,"damage_taken":7.0},{"damage_healed":0.0,"max_hp_gain":5.0,"max_hp_loss":0.0,"gold_gain":0.0,"event_name":"Big Fish","player_choice":"Donut","floor":5.0,"gold_loss":0.0,"damage_taken":0.0}],"is_beta":false,"boss_relics":[],"items_purged_floors":[],"is_endless":false,"potions_floor_spawned":[1,7],"killed_by":"Lagavulin","ascension_level":20}}