{"host":"kfd0jpqqxt101ydt","time":1613083430,"event":{"mods":["BaseMod","Downfall","Googly Eyes","Highlight Path","Minty Spire (QoL Compilation)","StSLib"],"gold_per_floor":[99,115,135,135,135,169,181,208,220,244,356,56,72,104,120,120,120,120],"floor_reached":16,"language":"ENG","playtime":422,"items_purged":[],"score":129,"play_id":"756e6236-92bb-464e-9281-e61eb6547c27","local_time":"20210212004350","is_ascension_mode":true,"campfire_choices":[{"data":"Slimebound:Split","floor":1,"key":"SMITH"},{"data":"Slimebound:SplitAcid","floor":9,"key":"SMITH"}],"circlet_count":0,"master_deck":["Slimebound:Strike_Slimebound","Slimebound:Strike_Slimebound","Slimebound:Strike_Slimebound","Slimebound:Tackle","Slimebound:Defend_Slimebound","Slimebound:Defend_Slimebound","Slimebound:Defend_Slimebound","Slimebound:Defend_Slimebound","Slimebound:Split+1","Slimebound:CorrosiveSpit","Decay","Slimebound:RallyTheTroops","Slimebound:SplitLeeching","Slimebound:SplitLeeching","Slimebound:Equalize","Slimebound:SplitAcid+1","Slimebound:MegaLick","Slimebound:PressTheAttack+1","Slimebound:SamplingLick"],"relics":["Slimebound:AbsorbEndCombat","Kunai","Centennial Puzzle","MawBank","Molten Egg 2","Strawberry","Toolbox","MealTicket"],"acts_visited":["Exordium"],"potions_floor_usage":[],"damage_taken":[{"damage":14,"enemies":"2 Louse","floor":2,"turns":3},{"damage":3,"enemies":"Jaw Worm","floor":3,"turns":3},{"damage":23,"enemies":"3 Sentries","floor":6,"turns":6},{"damage":1,"enemies":"Cultist","floor":8,"turns":4},{"damage":8,"enemies":"Red Slaver","floor":10,"turns":3},{"damage":9,"enemies":"downfall:FleeingMerchant","floor":12,"turns":4},{"damage":10,"enemies":"2 Fungi Beasts","floor":13,"turns":3},{"damage":29,"enemies":"Gremlin Nob","floor":14,"turns":4},{"damage":1,"enemies":"3 Louse","floor":15,"turns":2},{"damage":35,"enemies":"WA_ARCHETYPE_RETAIN","floor":16,"turns":4}],"seed_played":"-1318325905165065441","potions_obtained":[{"floor":10,"key":"Energy Potion"},{"floor":14,"key":"Swift Potion"},{"floor":15,"key":"Slimebound:ThreeZeroPotion"}],"is_trial":false,"path_per_floor":["R","M","M","?","?","E","T","M","R","M","?","$","M","E","M","B"],"character_chosen":"SLIMEBOUND","items_purchased":["Strawberry","Toolbox"],"campfire_rested":0,"item_purchase_floors":[12,12],"current_hp_per_floor":[65,51,52,45,45,26,26,33,33,27,27,37,37,20,19,0,0,0],"gold":120,"neow_bonus":"THREE_RARE_CARDS","is_daily":false,"chose_seed":false,"campfire_upgraded":2,"win_rate":0.0,"timestamp":1613083430,"path_taken":["R","M","M","?","?","E","T","M","R","M","?","$","M","E","M","BOSS"],"items_purchased_type":["Relic","Relic"],"build_version":"2020-12-22","purchased_purges":0,"victory":false,"max_hp_per_floor":[65,65,65,65,65,65,65,65,65,65,65,72,72,72,72,72,72,72],"card_choices":[{"not_picked":["Slimebound:DouseInSlime","Slimebound:SelfFormingGoo"],"picked":"Slimebound:RallyTheTroops","floor":0},{"not_picked":["Slimebound:Prepare","Slimebound:PressTheAttack"],"picked":"Slimebound:SplitLeeching","floor":2},{"not_picked":["Slimebound:RollThrough","Slimebound:LeechingTouch"],"picked":"Slimebound:SplitLeeching","floor":3},{"not_picked":["Slimebound:Recollect","Slimebound:RollThrough"],"picked":"Slimebound:Equalize","floor":6},{"not_picked":["Slimebound:LivingWall","Slimebound:Chomp+1"],"picked":"Slimebound:SplitAcid","floor":8},{"not_picked":["Slimebound:HungryTackle+1","Slimebound:PrepareCrush","Slimebound:ViciousTackle+1"],"picked":"SKIP","floor":10},{"not_picked":["Slimebound:RollThrough+1","Slimebound:SlimeBrawl"],"picked":"Slimebound:MegaLick","floor":12},{"not_picked":["Slimebound:SpikyOuterGoop","Slimebound:SplitAcid","Slimebound:FinishingTackle+1"],"picked":"SKIP","floor":13},{"not_picked":["Slimebound:SplitBruiser","Slimebound:SpikyOuterGoop"],"picked":"Slimebound:PressTheAttack+1","floor":14},{"not_picked":["Slimebound:DivideAndConquer+1","Slimebound:Repurpose"],"picked":"Slimebound:SamplingLick","floor":15}],"player_experience":34204,"relics_obtained":[{"floor":6,"key":"MawBank"},{"floor":7,"key":"Molten Egg 2"},{"floor":14,"key":"MealTicket"}],"event_choices":[{"damage_healed":0,"gold_gain":0,"player_choice":"Success","damage_taken":7,"relics_obtained":["Kunai"],"max_hp_gain":0,"max_hp_loss":0,"event_name":"Scrap Ooze","floor":4,"gold_loss":0}],"is_beta":false,"boss_relics":[],"items_purged_floors":[],"is_endless":false,"potions_floor_spawned":[10,14,15],"killed_by":"WA_ARCHETYPE_RETAIN","ascension_level":3}}