{"host":"vc42n08di9czm3e7","time":1613081981,"event":{"mods":["AchievementEnabler","Act Like it!","BaseMod","Colored Powertips","Downfall","Friendly Minions","GifTheSpireLib","Minty Spire (QoL Compilation)","Rare Cards Sparkle","StSLib"],"gold_per_floor":[99,99,99,99,99,113,186,201,218,233,233,251,286,306,324,324,324,324],"floor_reached":16,"language":"ENG","playtime":757,"items_purged":[],"score":104,"play_id":"d9289045-7360-43dc-a35a-30f1094e6b70","local_time":"20210211171941","is_ascension_mode":false,"campfire_choices":[{"data":"hexamod:Float","floor":1,"key":"SMITH"},{"floor":11,"key":"RECALL"}],"circlet_count":0,"master_deck":["hexamod:Strike","hexamod:Strike","hexamod:Strike","hexamod:Strike","hexamod:Defend","hexamod:Defend","hexamod:Defend","hexamod:Sear","hexamod:Float+1","hexamod:FastForward","hexamod:ShieldOfDarkness","hexamod:GhostflameInferno","hexamod:SpectralSpark","hexamod:InspiringFlames","hexamod:PowerFromBeyond","hexamod:NightmareGuise","hexamod:AdvancingGuard","hexamod:SecondSeal","hexamod:RainOfEmbers","hexamod:DynamicBlow","hexamod:FlameSwitch"],"relics":["hexamod:SpiritBrand","downfall:HeartsMalice","Mercury Hourglass","Eternal Feather"],"acts_visited":["Exordium"],"potions_floor_usage":[13,13,16,16,16],"damage_taken":[{"damage":0,"enemies":"Cultist","floor":2,"turns":1},{"damage":0,"enemies":"2 Louse","floor":3,"turns":1},{"damage":0,"enemies":"Jaw Worm","floor":5,"turns":1},{"damage":15,"enemies":"Exordium Wildlife","floor":6,"turns":5},{"damage":0,"enemies":"Large Slime","floor":8,"turns":3},{"damage":8,"enemies":"2 Fungi Beasts","floor":9,"turns":3},{"damage":2,"enemies":"Blue Slaver","floor":10,"turns":3},{"damage":3,"enemies":"Lots of Slimes","floor":12,"turns":4},{"damage":20,"enemies":"Gremlin Nob","floor":13,"turns":4},{"damage":0,"enemies":"Red Slaver","floor":14,"turns":3},{"damage":0,"enemies":"3 Louse","floor":15,"turns":2},{"damage":24,"enemies":"DF_ARCHETYPE_STREAMLINE","floor":16,"turns":5}],"seed_played":"2723998091344590213","potions_obtained":[{"floor":6,"key":"hexamod:EctoCoolerPotion"},{"floor":8,"key":"hexamod:DoubleChargePotion"},{"floor":12,"key":"DuplicationPotion"},{"floor":13,"key":"ColorlessPotion"},{"floor":14,"key":"FearPotion"}],"is_trial":false,"path_per_floor":["R","M","M","?","M","M","T","M","M","M","R","M","E","M","M","B"],"character_chosen":"THE_SPIRIT","items_purchased":[],"campfire_rested":0,"item_purchase_floors":[],"current_hp_per_floor":[70,70,70,70,70,55,55,55,47,45,45,42,22,22,22,0,0,0],"gold":324,"neow_bonus":"THREE_ENEMY_KILL","is_daily":false,"chose_seed":false,"campfire_upgraded":1,"win_rate":0.0,"timestamp":1613081981,"path_taken":["R","M","?","?","M","?","T","M","M","M","R","M","E","M","M","BOSS"],"items_purchased_type":[],"build_version":"2020-12-22","purchased_purges":0,"victory":false,"max_hp_per_floor":[70,70,70,70,70,70,70,70,70,70,70,70,70,70,70,70,70,70],"card_choices":[{"not_picked":["hexamod:ChargedBarrage","hexamod:ExtraCrispy"],"picked":"hexamod:FastForward","floor":2},{"not_picked":["hexamod:GhostShield","hexamod:FastForward"],"picked":"hexamod:ShieldOfDarkness","floor":3},{"not_picked":["hexamod:ThermalTransfer","hexamod:HeatShield"],"picked":"hexamod:SpectralSpark","floor":5},{"not_picked":["hexamod:Incineration","hexamod:BacktrackSmack"],"picked":"hexamod:InspiringFlames","floor":6},{"not_picked":["hexamod:BacktrackSmack","hexamod:ThermalTransfer"],"picked":"hexamod:PowerFromBeyond","floor":8},{"not_picked":["hexamod:Firestarter","hexamod:BacktrackSmack"],"picked":"hexamod:NightmareGuise","floor":9},{"not_picked":["hexamod:NightmareGuise","hexamod:SkipABeat"],"picked":"hexamod:AdvancingGuard","floor":10},{"not_picked":["hexamod:ThermalTransfer","hexamod:SwordOfDarkness"],"picked":"hexamod:SecondSeal","floor":12},{"not_picked":["hexamod:AdvancingGuard","hexamod:SwordOfDarkness"],"picked":"hexamod:RainOfEmbers","floor":13},{"not_picked":["hexamod:HeatShield","hexamod:NightmareGuise"],"picked":"hexamod:DynamicBlow","floor":14},{"not_picked":["hexamod:NightmareGuise","hexamod:ThirdSeal"],"picked":"hexamod:FlameSwitch","floor":15}],"player_experience":310370,"relics_obtained":[{"floor":7,"key":"Mercury Hourglass"},{"floor":13,"key":"Eternal Feather"}],"event_choices":[],"is_beta":false,"boss_relics":[],"items_purged_floors":[],"is_endless":false,"potions_floor_spawned":[6,8,12,13,14],"killed_by":"DF_ARCHETYPE_STREAMLINE","ascension_level":0}}