{"host":"u6v0z43xi4vbzvq3","time":1613083111,"event":{"mods":["AchievementEnabler","BaseMod","BetterRewards","Colored Map","Conspire","Downfall","Googly Eyes","Hermit","Hubris","Infinite Spire","Minty Spire (QoL Compilation)","Quick Restart","Rare Cards Sparkle","Replay The Spire","Shop Mod","StSLib","SuperFastMode","The Construct"],"gold_per_floor":[116,116,135,31,31,31,63,63,63,81,55,67,80,96,96,201,201,217,241,253,268,268,268,281,298,298,302,302],"floor_reached":27,"language":"ENG","playtime":941,"items_purged":[],"score":242,"play_id":"a8980aa9-5cb4-4d80-a95b-96637ac89425","local_time":"20210212093831","is_ascension_mode":false,"campfire_choices":[{"floor":23,"key":"REST"}],"circlet_count":0,"master_deck":["Strike_G+1","Strike_G+1","Strike_G+1","Strike_G+1","Strike_G+1","Defend_G+1","Defend_G+1","Defend_G+1","Defend_G+1","Defend_G+1","Survivor","Neutralize","hubris:SlightOfHand","Flying Knee+1","Poisoned Stab","Catalyst","Cloak And Dagger","hubris:TrickCloak","Blade Dance","Footwork","Dodge and Roll","Deadly Poison","A Thousand Cuts","Backflip","Noxious Fumes","Blade Dance","Cloak And Dagger+1","Sucker Punch"],"relics":["Ring of the Snake","NeowsBlessing","Chameleon Ring","hubris:TinFlute","Tiny Chest","hubris:ScarierMask","Whetstone","conspire:DeflatedDodgeball"],"acts_visited":["Exordium","TheCity"],"potions_floor_usage":[12,13,16,16,16,20,25],"damage_taken":[{"damage":0,"enemies":"Small Slimes","floor":1,"turns":1},{"damage":0,"enemies":"Cultist","floor":3,"turns":1},{"damage":0,"enemies":"Gremlin Nob","floor":7,"turns":1},{"damage":0,"enemies":"2 Louse","floor":10,"turns":3},{"damage":10,"enemies":"Looter","floor":12,"turns":1},{"damage":0,"enemies":"3 Louse","floor":13,"turns":1},{"damage":3,"enemies":"Exordium Wildlife","floor":14,"turns":5},{"damage":15,"enemies":"Hexaghost","floor":16,"turns":9},{"damage":0,"enemies":"3 Byrds","floor":18,"turns":5},{"damage":24,"enemies":"Shell Parasite","floor":20,"turns":9},{"damage":5,"enemies":"Centurion and Healer","floor":21,"turns":6},{"damage":29,"enemies":"Snake Plant","floor":24,"turns":6},{"damage":3,"enemies":"Chosen and Byrds","floor":25,"turns":6},{"damage":39,"enemies":"conspire:MimicChest","floor":27,"turns":7}],"seed_played":"-3163409137860230900","potions_obtained":[{"floor":1,"key":"bronze:BurnAndBuffPotion"},{"floor":6,"key":"BlessingOfTheForge"},{"floor":6,"key":"Death Potion"},{"floor":12,"key":"Explosive Potion"},{"floor":15,"key":"hexamod:SoulburnPotion"},{"floor":15,"key":"GamblersBrew"},{"floor":16,"key":"GhostInAJar"},{"floor":24,"key":"Dexterity Potion"}],"is_trial":false,"path_per_floor":["M","?","M","$","T","R","E","?","T","M","$","M","M","M","R","B",null,"M","T","M","M","?","R","M","M","T","?"],"character_chosen":"THE_SILENT","items_purchased":["Poisoned Stab","Catalyst","Blade Dance"],"campfire_rested":1,"item_purchase_floors":[4,4,11],"current_hp_per_floor":[70,70,70,70,70,70,70,70,70,70,70,60,60,57,57,42,70,70,70,46,41,41,62,33,30,30,0,0],"gold":302,"neow_bonus":"THREE_ENEMY_KILL","is_daily":false,"chose_seed":false,"campfire_upgraded":0,"win_rate":0.0,"timestamp":1613083111,"path_taken":["M","?","M","$","?","R","E","?","T","M","?","?","M","M","R","BOSS","M","?","M","M","?","R","M","M","T","?"],"items_purchased_type":["Card","Card","Card"],"build_version":"2020-12-22","purchased_purges":0,"victory":false,"max_hp_per_floor":[70,70,70,70,70,70,70,70,70,70,70,70,70,70,70,70,70,70,70,70,70,70,70,70,70,70,70,70],"card_choices":[{"not_picked":["ReplayTheSpireMod:Tripwire","PiercingWail"],"picked":"hubris:SlightOfHand","floor":1},{"not_picked":["Eviscerate","PiercingWail"],"picked":"Flying Knee","floor":3},{"not_picked":["Hidden Blade","Heel Hook"],"picked":"Cloak And Dagger","floor":7},{"not_picked":["Flying Knee","Reflex"],"picked":"hubris:TrickCloak","floor":10},{"not_picked":["Tactician","Escape Plan"],"picked":"Footwork","floor":12},{"not_picked":["Wraith Form v2","Bane"],"picked":"Dodge and Roll","floor":13},{"not_picked":["Crippling Poison","Outmaneuver"],"picked":"Deadly Poison","floor":14},{"not_picked":["Tools of the Trade","Phantasmal Killer"],"picked":"A Thousand Cuts","floor":16},{"not_picked":["hubris:SlightOfHand","Dodge and Roll"],"picked":"Backflip","floor":18},{"not_picked":["Blade Dance+1","Flying Knee+1"],"picked":"Noxious Fumes","floor":20},{"not_picked":["Toxin Wave+1","Riddle With Holes"],"picked":"Blade Dance","floor":21},{"not_picked":["Quick Slash","Heel Hook"],"picked":"Cloak And Dagger+1","floor":24},{"not_picked":["Concentrate+1","Prepared"],"picked":"Sucker Punch","floor":25}],"player_experience":147637,"relics_obtained":[{"floor":5,"key":"hubris:TinFlute"},{"floor":7,"key":"Tiny Chest"},{"floor":19,"key":"Whetstone"},{"floor":26,"key":"conspire:DeflatedDodgeball"}],"event_choices":[{"damage_healed":0,"gold_gain":0,"player_choice":"Gave Potion","damage_taken":0,"relics_obtained":["Chameleon Ring"],"max_hp_gain":0,"max_hp_loss":0,"event_name":"WeMeetAgain","floor":2,"gold_loss":0},{"damage_healed":0,"gold_gain":0,"player_choice":"Disagree","damage_taken":0,"max_hp_gain":0,"max_hp_loss":0,"event_name":"conspire:LoneGhost","floor":8,"gold_loss":0},{"damage_healed":0,"gold_gain":0,"player_choice":"Simplicity","damage_taken":0,"max_hp_gain":0,"max_hp_loss":0,"event_name":"Back to Basics","floor":22,"gold_loss":0,"cards_upgraded":["Strike_G","Strike_G","Strike_G","Strike_G","Defend_G","Defend_G","Defend_G","Defend_G","Defend_G"]}],"is_beta":false,"boss_relics":[{"not_picked":["Ectoplasm","Astrolabe"],"picked":"hubris:ScarierMask"}],"items_purged_floors":[],"is_endless":false,"potions_floor_spawned":[1,12,16,24],"killed_by":"conspire:MimicChest","ascension_level":0}}