{"host":"tq99ucv8ezzqzioe","time":1613074908,"event":{"mods":["BaseMod","Colored Map","Downfall","Highlight Path","Minty Spire (QoL Compilation)","StSLib"],"gold_per_floor":[99,110,110,110,210,220,220,250,10,22,122,35,35,45,55,159,159,59,74,90,90,90,90],"floor_reached":21,"language":"ENG","playtime":1396,"items_purged":[],"score":197,"play_id":"35b51637-2637-4198-944b-0071f4405118","local_time":"20210211152148","is_ascension_mode":true,"campfire_choices":[{"floor":1,"key":"RECALL"},{"data":"expansioncontent:DashGenerateEvil","floor":13,"key":"SMITH"},{"data":"Slimebound:MassRepurpose","floor":18,"key":"SMITH"}],"circlet_count":0,"master_deck":["Slimebound:Tackle+1","Slimebound:Split+1","Slimebound:CorrosiveSpit","Slimebound:ForwardTackle","downfall:Malfunctioning","Slimebound:ComboTackle","Slimebound:PressTheAttack","Slimebound:PressTheAttack","expansioncontent:DashGenerateEvil+1","Slimebound:RainOfGoop","Slimebound:SlimeSpikes","Slimebound:DuplicatedForm+1","Slimebound:Grow+1","Slimebound:ForwardTackle","Slimebound:LeadByExample+1","Slimebound:ProtectTheBoss+1","Slimebound:MassRepurpose+1","Slimebound:SlimeBrawl","Slimebound:SlimeTap","Slimebound:PrepareCrush","Slimebound:LeechLife","Slimebound:ComboTackle","Slimebound:Nibble","Slimebound:FirmFortitude","Slimebound:SplitLeeching","Slimebound:Schlurp"],"relics":["Coffee Dripper","Frozen Egg 2","White Beast Statue","Pandora\u0027s Box","downfall:HeartBlessingGreen"],"acts_visited":["Exordium","TheCity"],"potions_floor_usage":[11,11,11,14,15,15,16],"damage_taken":[{"damage":10,"enemies":"Jaw Worm","floor":2,"turns":3},{"damage":0,"enemies":"Small Slimes","floor":6,"turns":3},{"damage":32,"enemies":"3 Sentries","floor":8,"turns":6},{"damage":4,"enemies":"downfall:FleeingMerchant","floor":9,"turns":4},{"damage":3,"enemies":"2 Louse","floor":10,"turns":2},{"damage":11,"enemies":"downfall:LadyInBlue","floor":11,"turns":9},{"damage":1,"enemies":"downfall:FleeingMerchant","floor":12,"turns":4},{"damage":0,"enemies":"Red Slaver","floor":14,"turns":3},{"damage":10,"enemies":"Gremlin Gang","floor":15,"turns":5},{"damage":8,"enemies":"IC_STATUS_ARCHETYPE","floor":16,"turns":7},{"damage":6,"enemies":"Chosen","floor":19,"turns":4},{"damage":34,"enemies":"Centurion and Healer","floor":20,"turns":3},{"damage":31,"enemies":"downfall:FleeingMerchant","floor":21,"turns":2}],"seed_played":"1014919456019446849","potions_obtained":[{"floor":2,"key":"LiquidBronze"},{"floor":8,"key":"EntropicBrew"},{"floor":10,"key":"Ancient Potion"},{"floor":11,"key":"Block Potion"},{"floor":11,"key":"FairyPotion"},{"floor":12,"key":"PowerPotion"},{"floor":14,"key":"ColorlessPotion"},{"floor":15,"key":"hexamod:SoulburnPotion"},{"floor":16,"key":"hexamod:SoulburnPotion"},{"floor":19,"key":"SmokeBomb"},{"floor":20,"key":"Block Potion"}],"is_trial":false,"path_per_floor":["R","M","?","?","?","M","T","E","$","M","?","$","R","M","M","B",null,"R","M","M","$"],"character_chosen":"SLIMEBOUND","items_purchased":["expansioncontent:DashGenerateEvil","Slimebound:RainOfGoop","Slimebound:ForwardTackle"],"campfire_rested":0,"item_purchase_floors":[9,9,12],"current_hp_per_floor":[65,55,55,55,55,55,55,23,19,16,5,4,4,4,19,11,65,65,62,30,0,0,0],"gold":90,"neow_bonus":"BOSS_RELIC","is_daily":false,"chose_seed":false,"campfire_upgraded":2,"win_rate":0.0,"timestamp":1613074908,"path_taken":["R","M","?","?","?","M","T","E","$","M","?","$","R","?","M","BOSS","R","M","M","$"],"items_purchased_type":["Card","Card","Card"],"build_version":"2020-12-22","purchased_purges":0,"victory":false,"max_hp_per_floor":[65,65,65,65,65,65,65,65,65,65,65,65,65,65,65,65,65,65,65,65,65,65,65],"card_choices":[{"not_picked":["Slimebound:LeadByExample","Slimebound:SplitBruiser"],"picked":"Slimebound:ForwardTackle","floor":2},{"not_picked":["Slimebound:FinishingTackle","Slimebound:SplitMire"],"picked":"Slimebound:ComboTackle","floor":6},{"not_picked":["Slimebound:LevelUp+1","Slimebound:HauntingLick"],"picked":"Slimebound:PressTheAttack","floor":8},{"not_picked":["Slimebound:Schlurp","Slimebound:LivingWall"],"picked":"Slimebound:PressTheAttack","floor":9},{"not_picked":["Slimebound:SplitLeeching","Slimebound:HauntingLick"],"picked":"Slimebound:SlimeSpikes","floor":10},{"not_picked":["Slimebound:SamplingLick","Slimebound:LivingWall"],"picked":"Slimebound:DuplicatedForm+1","floor":11},{"not_picked":["Slimebound:SplitMire","Slimebound:ServeAndProtect"],"picked":"Slimebound:Grow+1","floor":12},{"not_picked":["Slimebound:ComboTackle","Slimebound:Recollect"],"picked":"Slimebound:LeadByExample+1","floor":14},{"not_picked":["Slimebound:ViciousTackle","Slimebound:SamplingLick"],"picked":"Slimebound:ProtectTheBoss+1","floor":15},{"not_picked":["Slimebound:OneTwoCombo","Slimebound:PrepareCrush"],"picked":"Slimebound:MassRepurpose","floor":16},{"not_picked":["Slimebound:HauntingLick","Slimebound:SamplingLick"],"picked":"Slimebound:SplitLeeching","floor":19},{"not_picked":["Slimebound:SplitBruiser","Slimebound:HungryTackle"],"picked":"Slimebound:Schlurp","floor":20}],"player_experience":981555,"relics_obtained":[{"floor":8,"key":"Frozen Egg 2"},{"floor":11,"key":"White Beast Statue"}],"event_choices":[],"is_beta":false,"boss_relics":[{"not_picked":["Fusion Hammer","Velvet Choker"],"picked":"Pandora\u0027s Box"}],"items_purged_floors":[],"is_endless":false,"potions_floor_spawned":[2,8,10,11,12,14,15,16,19,20],"killed_by":"downfall:FleeingMerchant","ascension_level":2}}