{"host":"yans4pr1zf0lm9bx","time":1613014218,"event":{"mods":["AchievementEnabler","BaseMod","Minty Spire (QoL Compilation)","Replay The Spire","StSLib","SuperFastMode","slay the spire mod where everything is the same but ironclad has a cowboy hat"],"gold_per_floor":[12,29,29,29,29,54,54,389,414,432,444,444,513,545,545,649,649,669,736,505,518,536,562,562,588,611,611,631,333,383,383,383],"floor_reached":31,"language":"ENG","playtime":1219,"items_purged":["Strike_R","Defend_R"],"score":354,"play_id":"126411cc-83e3-4341-87f8-359648f7ec58","local_time":"20210210223018","is_ascension_mode":true,"campfire_choices":[{"data":"Defend_R","floor":7,"key":"SMITH"},{"data":"Defend_R","floor":12,"key":"SMITH"},{"floor":24,"key":"RECALL"},{"floor":27,"key":"REST"}],"circlet_count":0,"master_deck":["Strike_R+1","Strike_R+1","Defend_R+1","Defend_R+1","Defend_R","Bash","Fire Breathing","Evolve+1","Wild Strike","Flex","Infernal Blade","Demon Form","Feed","Wild Strike","Pot Of Greed","Pot Of Greed","Berserk","Ghostly Armor","Eclipse","Reckless Charge+1","Fire Breathing","Good Instincts"],"relics":["Burning Blood","ReplayFunnel","SsserpentHead","Oddly Smooth Stone","Old Coin","Blue Doll","Mummified Hand","Mark of Pain","Grinning Jar","Molten Egg 2","Divine Protection"],"acts_visited":["Exordium","TheCity"],"potions_floor_usage":[8,18,28],"damage_taken":[{"damage":6,"enemies":"Cultist","floor":1,"turns":3},{"damage":1,"enemies":"Small Slimes","floor":2,"turns":6},{"damage":23,"enemies":"3 Sentries","floor":6,"turns":4},{"damage":36,"enemies":"Lagavulin","floor":8,"turns":10},{"damage":0,"enemies":"2 Louse","floor":10,"turns":3},{"damage":0,"enemies":"Large Slime","floor":11,"turns":6},{"damage":0,"enemies":"3 Louse","floor":13,"turns":4},{"damage":17,"enemies":"Gremlin Nob","floor":14,"turns":4},{"damage":11,"enemies":"Fading Forest","floor":16,"turns":11},{"damage":7,"enemies":"2 Thieves","floor":18,"turns":4},{"damage":12,"enemies":"Chosen","floor":19,"turns":3},{"damage":35,"enemies":"Shelled Parasite and Fungi","floor":21,"turns":5},{"damage":0,"enemies":"3 Cultists","floor":22,"turns":3},{"damage":35,"enemies":"Book of Stabbing","floor":23,"turns":6},{"damage":22,"enemies":"Slavers","floor":25,"turns":5},{"damage":30,"enemies":"Snake Plant","floor":28,"turns":4},{"damage":18,"enemies":"Book of Stabbing","floor":31,"turns":4}],"seed_played":"1464619894549515147","potions_obtained":[{"floor":1,"key":"FairyPotion"},{"floor":6,"key":"SpeedPotion"},{"floor":10,"key":"SpeedPotion"},{"floor":13,"key":"CultistPotion"},{"floor":14,"key":"DuplicationPotion"},{"floor":21,"key":"BlessingOfTheForge"}],"is_trial":false,"path_per_floor":["M","M","?","?","?","E","R","E","T","M","M","R","M","E","R","B",null,"M","M","$","M","M","E","R","E","T","R","M","$","?","E"],"character_chosen":"IRONCLAD","items_purchased":["Grinning Jar","Reckless Charge+1","Fire Breathing","Good Instincts"],"campfire_rested":1,"item_purchase_floors":[20,29,29,29],"current_hp_per_floor":[80,80,64,46,46,29,29,30,30,36,42,42,48,37,61,64,80,82,79,79,50,59,30,30,14,14,40,16,16,16,0,0],"gold":383,"neow_bonus":"REMOVE_TWO","is_daily":false,"chose_seed":false,"campfire_upgraded":2,"win_rate":0.0,"timestamp":1613014218,"path_taken":["M","?","?","?","?","E","R","E","T","M","M","R","?","E","R","BOSS","M","?","$","M","M","E","R","E","T","R","M","$","?","E"],"items_purchased_type":["Relic","Card","Card","Card"],"build_version":"2020-12-22","purchased_purges":2,"victory":false,"max_hp_per_floor":[80,80,80,80,80,80,80,80,80,80,80,80,80,80,80,80,80,83,86,86,86,89,89,89,89,89,89,89,89,89,89,89],"card_choices":[{"not_picked":["Havoc","Anger"],"picked":"Fire Breathing","floor":1},{"not_picked":["Body Slam","ReplayTheSpireMod:LeadingStrike"],"picked":"Evolve","floor":2},{"not_picked":["Rupture","Body Slam","ReplayTheSpireMod:Strike From Hell"],"picked":"SKIP","floor":6},{"not_picked":["Thunderclap","Twin Strike"],"picked":"Wild Strike","floor":8},{"not_picked":["Heavy Blade","ReplayTheSpireMod:Limb From Limb","Flex"],"picked":"SKIP","floor":10},{"not_picked":["Heavy Blade","ReplayTheSpireMod:Limb From Limb"],"picked":"Flex","floor":10},{"not_picked":["ReplayTheSpireMod:Limb From Limb","Twin Strike"],"picked":"Infernal Blade","floor":11},{"not_picked":["Inflame","Shockwave"],"picked":"Demon Form","floor":13},{"not_picked":["True Grit","Warcry","Feel No Pain"],"picked":"SKIP","floor":14},{"not_picked":["Demon Form","Reaper"],"picked":"Feed","floor":16},{"not_picked":["Run Through+1","Sword Boomerang","True Grit"],"picked":"SKIP","floor":18},{"not_picked":["Dropkick","Iron Wave+1"],"picked":"Wild Strike","floor":19},{"not_picked":["Replay:Undeath\u0027s Touch","Shrug It Off"],"picked":"Berserk","floor":21},{"not_picked":["ReplayTheSpireMod:Muscle Training","Searing Blow","Flex"],"picked":"SKIP","floor":22},{"not_picked":["Cleave+1","Warcry+1"],"picked":"Ghostly Armor","floor":23},{"not_picked":["Entrench+1","Hemokinesis+1"],"picked":"Eclipse","floor":25},{"not_picked":["Life Link","Body Slam+1","Twin Strike+1"],"picked":"SKIP","floor":28}],"player_experience":273771,"relics_obtained":[{"floor":6,"key":"Oddly Smooth Stone"},{"floor":8,"key":"Old Coin"},{"floor":9,"key":"Blue Doll"},{"floor":14,"key":"Mummified Hand"},{"floor":23,"key":"Molten Egg 2"},{"floor":25,"key":"Divine Protection"}],"event_choices":[{"damage_healed":0,"gold_gain":0,"player_choice":"Entered Light","damage_taken":16,"max_hp_gain":0,"max_hp_loss":0,"event_name":"Shining Light","floor":3,"gold_loss":0,"cards_upgraded":["Strike_R","Strike_R"]},{"damage_healed":0,"gold_gain":0,"player_choice":"Success","damage_taken":18,"relics_obtained":["ReplayFunnel"],"max_hp_gain":0,"max_hp_loss":0,"event_name":"Scrap Ooze","floor":4,"gold_loss":0},{"damage_healed":0,"gold_gain":0,"player_choice":"Trade","damage_taken":0,"relics_obtained":["SsserpentHead"],"max_hp_gain":0,"max_hp_loss":0,"event_name":"FaceTrader","floor":5,"gold_loss":0}],"is_beta":false,"boss_relics":[{"not_picked":["Abe\u0027s Treasure","Honey Jar"],"picked":"Mark of Pain"}],"items_purged_floors":[20,29],"is_endless":false,"potions_floor_spawned":[1,6,10,13,14,21,22],"killed_by":"Book of Stabbing","ascension_level":4}}