{"host":"xwgrz7y3g1a3iikb","time":1613076472,"event":{"mods":["BaseMod","Bestiary","Minty Spire (QoL Compilation)","Permanent Neow","Quick Restart","Relic Stats","StSLib","ojb\u0027s Info Mod"],"gold_per_floor":[18,18,38,53,63,88,88,106,160,160,189,189,189,216,216,290,290,302,302,275,325,325,325,325,343,412,412,412],"floor_reached":27,"language":"ENG","playtime":841,"items_purged":[],"score":462,"play_id":"0fb3f4b0-12fc-43c7-a582-7eb15402a384","local_time":"20210211124752","is_ascension_mode":true,"campfire_choices":[{"data":"Strike_R","floor":7,"key":"PURGE"},{"data":"Strike_R","floor":10,"key":"PURGE"},{"data":"Defend_R","floor":13,"key":"PURGE"},{"data":"Feel No Pain","floor":15,"key":"SMITH"},{"data":"Fire Breathing","floor":23,"key":"SMITH"}],"circlet_count":0,"master_deck":["AscendersBane","Defend_R+1","Defend_R","Bash+1","Headbutt","Reckless Charge+1","Anger","Evolve","Ghostly Armor+1","Cleave","Fire Breathing+1","Flame Barrier","Feel No Pain+1","Immolate","Dark Embrace","Seeing Red","Second Wind"],"relics":["Burning Blood","Peace Pipe","Whetstone","Bottled Tornado","War Paint","SlaversCollar","Enchiridion","Paper Frog"],"acts_visited":["Exordium","TheCity"],"potions_floor_usage":[11,14,20,25,25],"damage_taken":[{"damage":6,"enemies":"Jaw Worm","floor":1,"turns":4},{"damage":0,"enemies":"Cultist","floor":3,"turns":3},{"damage":7,"enemies":"Small Slimes","floor":4,"turns":3},{"damage":0,"enemies":"2 Fungi Beasts","floor":5,"turns":3},{"damage":20,"enemies":"3 Sentries","floor":6,"turns":8},{"damage":2,"enemies":"Looter","floor":8,"turns":4},{"damage":10,"enemies":"Lagavulin","floor":11,"turns":5},{"damage":8,"enemies":"Gremlin Nob","floor":14,"turns":3},{"damage":18,"enemies":"Hexaghost","floor":16,"turns":9},{"damage":0,"enemies":"Chosen","floor":18,"turns":5},{"damage":20,"enemies":"2 Thieves","floor":20,"turns":4},{"damage":17,"enemies":"Centurion and Healer","floor":25,"turns":7},{"damage":42,"enemies":"3 Cultists","floor":27,"turns":4}],"seed_played":"-547913305711282227","potions_obtained":[{"floor":1,"key":"GamblersBrew"},{"floor":6,"key":"Block Potion"},{"floor":8,"key":"DuplicationPotion"},{"floor":11,"key":"DistilledChaos"},{"floor":18,"key":"ColorlessPotion"},{"floor":20,"key":"Weak Potion"}],"is_trial":false,"path_per_floor":["M","?","M","M","M","E","R","M","T","R","E","?","R","E","R","B",null,"M","?","M","?","?","R","?","M","T","M"],"character_chosen":"IRONCLAD","items_purchased":[],"campfire_rested":0,"item_purchase_floors":[],"current_hp_per_floor":[68,75,75,74,75,61,61,65,65,65,61,66,66,64,64,52,73,79,58,44,44,44,44,44,33,33,0,0],"gold":412,"neow_bonus":"TRANSFORM_TWO_CARDS","is_daily":false,"chose_seed":false,"campfire_upgraded":2,"win_rate":0.0,"timestamp":1613076472,"path_taken":["M","?","M","?","M","E","R","M","T","R","E","?","R","E","R","BOSS","M","?","M","?","?","R","?","?","T","M"],"items_purchased_type":[],"build_version":"2020-12-22","purchased_purges":0,"victory":false,"max_hp_per_floor":[75,75,75,75,75,75,75,75,75,75,75,80,80,80,80,80,80,80,80,80,80,80,80,80,80,80,80,80],"relic_stats":{"Peace Pipe":3,"counters":[13,62],"Whetstone":["Bash","Reckless Charge"],"War Paint":["Ghostly Armor","Defend_R"],"obtain_stats":[{"Peace Pipe":6,"SlaversCollar":17,"Enchiridion":19,"Whetstone":9,"Bottled Tornado":11,"War Paint":14,"Burning Blood":0,"Paper Frog":26},{"Peace Pipe":5,"SlaversCollar":9,"Enchiridion":10,"Whetstone":6,"Bottled Tornado":7,"War Paint":8,"Burning Blood":0,"Paper Frog":12},{"Peace Pipe":21,"SlaversCollar":42,"Enchiridion":47,"Whetstone":25,"Bottled Tornado":30,"War Paint":33,"Burning Blood":0,"Paper Frog":58}],"Burning Blood":61},"card_choices":[{"not_picked":["Rage","Flex"],"picked":"Anger","floor":1},{"not_picked":["Pommel Strike","Shrug It Off"],"picked":"Evolve","floor":3},{"not_picked":["Sever Soul","Armaments"],"picked":"Ghostly Armor","floor":4},{"not_picked":["Seeing Red","Blood for Blood"],"picked":"Cleave","floor":5},{"not_picked":["Rampage","Thunderclap"],"picked":"Fire Breathing","floor":6},{"not_picked":["Sentinel","Clash","Perfected Strike"],"picked":"SKIP","floor":8},{"not_picked":["Perfected Strike","Armaments"],"picked":"Flame Barrier","floor":11},{"not_picked":["Dark Embrace","Warcry"],"picked":"Feel No Pain","floor":14},{"not_picked":["Exhume","Double Tap"],"picked":"Immolate","floor":16},{"not_picked":["Clash+1","Entrench","Heavy Blade"],"picked":"SKIP","floor":18},{"not_picked":["Rupture","Perfected Strike","Blood for Blood"],"picked":"SKIP","floor":20},{"not_picked":["Shockwave","Pommel Strike","Twin Strike"],"picked":"SKIP","floor":25}],"player_experience":333054,"relics_obtained":[{"floor":6,"key":"Peace Pipe"},{"floor":9,"key":"Whetstone"},{"floor":11,"key":"Bottled Tornado"},{"floor":14,"key":"War Paint"},{"floor":19,"key":"Enchiridion"},{"floor":26,"key":"Paper Frog"}],"event_choices":[{"damage_healed":7,"gold_gain":0,"player_choice":"Full Heal","damage_taken":0,"max_hp_gain":0,"max_hp_loss":0,"event_name":"Wheel of Change","floor":2,"gold_loss":0},{"damage_healed":0,"gold_gain":0,"player_choice":"Donut","damage_taken":0,"max_hp_gain":5,"max_hp_loss":0,"event_name":"Big Fish","floor":12,"gold_loss":0},{"damage_healed":0,"gold_gain":0,"player_choice":"Obtained Book","damage_taken":21,"max_hp_gain":0,"max_hp_loss":0,"event_name":"Cursed Tome","floor":19,"gold_loss":0},{"damage_healed":0,"gold_gain":50,"player_choice":"Stole From Cult","damage_taken":0,"max_hp_gain":0,"max_hp_loss":0,"event_name":"Nest","floor":21,"gold_loss":0},{"damage_healed":0,"gold_gain":0,"cards_transformed":["Defend_R","Strike_R"],"player_choice":"Became Test Subject","damage_taken":0,"max_hp_gain":0,"max_hp_loss":0,"event_name":"Drug Dealer","floor":22,"gold_loss":0,"cards_obtained":["Dark Embrace","Seeing Red"]},{"damage_healed":0,"gold_gain":0,"player_choice":"Read","damage_taken":0,"max_hp_gain":0,"max_hp_loss":0,"event_name":"The Library","floor":24,"gold_loss":0,"cards_obtained":["Second Wind"]}],"is_beta":false,"boss_relics":[{"not_picked":["Runic Cube","Ectoplasm"],"picked":"SlaversCollar"}],"items_purged_floors":[],"is_endless":false,"potions_floor_spawned":[1,6,8,11,18,20],"killed_by":"3 Cultists","ascension_level":20}}