{"host":"5rycm1ajjg5acc5q","time":1613026603,"event":{"mods":["BaseMod","Better Third Choice","Downfall","Highlight Path","Minty Spire (QoL Compilation)","Replay The Spire","StSLib"],"gold_per_floor":[212,212,212,223,70,70,95,95,95,128,140,140,215,244,244,345,345,364,380,393,405,405,436,436,462,488,488,488,503,503,148,148,247,247,267,267,294,208,60,60,91,91,115,239,271,271,271,376,376,376],"floor_reached":51,"language":"ENG","playtime":4443,"items_purged":["Strike_G","ReplayTheSpireMod:Restless Dread"],"score":810,"play_id":"539d3ae8-152f-495d-bc55-5edc2f7d563e","local_time":"20210211005643","is_ascension_mode":true,"campfire_choices":[{"data":"Neutralize","floor":6.0,"key":"SMITH"},{"data":"Noxious Fumes","floor":8.0,"key":"SMITH"},{"data":"Poison Darts","floor":12.0,"key":"SMITH"},{"data":"Toxin Wave","floor":24,"key":"SMITH"},{"data":"Catalyst","floor":27,"key":"SMITH"},{"data":"Envenom","floor":30,"key":"SMITH"},{"data":"Doppelganger","floor":32,"key":"SMITH"},{"data":"1","floor":40,"key":"LIFT"},{"data":"2","floor":42,"key":"LIFT"},{"data":"3","floor":47,"key":"LIFT"},{"data":"ReplayTheSpireMod:Faulty Equipment","floor":49,"key":"SMITH"},{"data":"Pot Of Greed","floor":49,"key":"SMITH"}],"circlet_count":0,"master_deck":["Strike_G+1","Strike_G+1","Strike_G+2","Defend_G+1","Defend_G+1","Defend_G+1","Defend_G+1","Defend_G+2","Survivor+1","Neutralize+1","Replay:Bag of Tricks+1","Backflip+1","Noxious Fumes+1","Pot Of Greed+1","Pot Of Greed+1","ReplayTheSpireMod:Speed Training+1","Poison Darts+1","Backflip+1","Toxin Wave+1","Envenom+1","Catalyst+1","Cloak And Dagger+1","Dagger Spray+1","Dagger Spray+1","Backflip+1","Pot Of Greed+1","Languid","Well Laid Plans+1","Crippling Poison+1","ReplayTheSpireMod:Scrap Shanks+1","Doppelganger+1","Sucker Punch+1","Bane+1","Quick Slash+1","Riddle With Holes+1","Burst+1","Catalyst+1","Pot Of Greed+1","Acrobatics","A Thousand Cuts+1","ReplayTheSpireMod:Faulty Equipment+1","downfall:Malfunctioning","Panache+1","Flechettes+1","Amnesia","downfall:Aged","Accuracy+1","Terror+1","Flechettes+1"],"relics":["Ring of the Snake","Grinning Jar","Tiny Chest","Girya","Replay:Rubber Ducky","Cursed Key","Toy Ornithopter","ReplayTheSpireMod:Lightbulb","Frozen Egg 2","Orrery","HoveringKite","Mark of the Bloom","Regal Pillow","Blue Doll","Tough Bandages","Juzu Bracelet","Mercury Hourglass","Replay:Arrowhead","Simple Rune"],"acts_visited":["Exordium","TheCity","TheBeyond"],"potions_floor_usage":[20,45,50],"damage_taken":[{"damage":0.0,"enemies":"2 Louse","floor":1.0,"turns":3.0},{"damage":0.0,"enemies":"Jaw Worm","floor":4.0,"turns":3.0},{"damage":1.0,"enemies":"Lagavulin","floor":7.0,"turns":8.0},{"damage":11.0,"enemies":"3 Sentries","floor":10.0,"turns":7.0},{"damage":0.0,"enemies":"Cultist","floor":11.0,"turns":2.0},{"damage":6.0,"enemies":"Lagavulin","floor":14.0,"turns":6.0},{"damage":14.0,"enemies":"The Guardian","floor":16.0,"turns":8.0},{"damage":1,"enemies":"Chosen","floor":18,"turns":4},{"damage":0,"enemies":"Shell Parasite","floor":19,"turns":4},{"damage":0,"enemies":"Cultist and Chosen","floor":20,"turns":4},{"damage":8,"enemies":"Shelled Parasite and Fungi","floor":21,"turns":5},{"damage":7,"enemies":"Gremlin Leader","floor":23,"turns":5},{"damage":1,"enemies":"Book of Stabbing","floor":25,"turns":5},{"damage":0,"enemies":"3 Cultists","floor":29,"turns":4},{"damage":23,"enemies":"Collector","floor":33,"turns":6},{"damage":1,"enemies":"Orb Walker","floor":35,"turns":5},{"damage":0,"enemies":"3 Shapes","floor":38,"turns":2},{"damage":0,"enemies":"Nemesis","floor":41,"turns":3},{"damage":9,"enemies":"Reptomancer","floor":45,"turns":4},{"damage":7,"enemies":"Replay:Hell Engine","floor":50,"turns":9}],"seed_played":"346226665594703924","potions_obtained":[{"floor":1.0,"key":"PowerPotion"},{"floor":7.0,"key":"Milkshake"},{"floor":10.0,"key":"Poison Potion"},{"floor":14.0,"key":"SneckoOil"},{"floor":20,"key":"Elixir"},{"floor":25,"key":"hexamod:SoulburnPotion"},{"floor":33,"key":"Fire Potion"},{"floor":44,"key":"FairyPotion"}],"is_trial":false,"path_per_floor":["M","?","?","M","$","R","E","R","T","E","M","R","?","E","R","B",null,"M","M","M","M","?","E","R","E","T","R","T","M","R","$","R","B",null,"M","?","T","M","$","R","E","R","T","?","E","T","R","?","R","B",null],"character_chosen":"THE_SILENT","items_purchased":["Noxious Fumes","Crippling Poison","ReplayTheSpireMod:Scrap Shanks+1","Orrery","Blue Doll"],"campfire_rested":0,"item_purchase_floors":[5,31,31,31,39],"current_hp_per_floor":[70,63,63,63,63,63,62,62,62,51,51,51,44,38,59,45,70,69,69,69,61,61,54,54,53,53,53,53,53,53,53,53,30,70,69,69,69,69,69,69,69,69,69,69,60,60,60,60,60,53],"gold":376,"neow_bonus":"HUNDRED_GOLD","is_daily":false,"chose_seed":false,"campfire_upgraded":9,"win_rate":0.0,"timestamp":1613026603,"path_taken":["M","?","?","M","$","R","E","R","T","E","M","R","?","E","R","BOSS","M","M","?","M","?","E","R","E","T","R","?","M","R","$","R","BOSS","M","?","?","M","$","R","E","R","T","?","E","?","R","?","R","BOSS"],"items_purchased_type":["Card","Card","Card","Relic","Relic"],"build_version":"2020-12-22","purchased_purges":2,"victory":true,"max_hp_per_floor":[70,70,70,70,70,70,70,70,70,70,70,70,70,70,70,70,70,70,70,70,70,70,70,70,70,70,70,70,70,70,70,70,70,70,70,70,70,70,70,70,70,70,70,70,70,70,70,70,70,70],"card_choices":[{"not_picked":["Heel Hook","Underhanded Strike"],"picked":"Draining Mist","floor":1.0},{"not_picked":["Bane","Outmaneuver"],"picked":"Backflip","floor":4.0},{"not_picked":["Tactician","Quick Slash"],"picked":"ReplayTheSpireMod:Speed Training","floor":7.0},{"not_picked":["Flying Knee","Outmaneuver"],"picked":"Poison Darts","floor":10.0},{"not_picked":["Poisoned Stab","Blade Dance"],"picked":"Backflip","floor":11.0},{"not_picked":["Deflect","A Thousand Cuts"],"picked":"Toxin Wave","floor":14.0},{"not_picked":["Die Die Die","ReplayTheSpireMod:From All Sides"],"picked":"Envenom","floor":16.0},{"not_picked":["Quick Slash","Bane"],"picked":"Catalyst","floor":18},{"not_picked":["Bane","Blade Dance"],"picked":"Cloak And Dagger+1","floor":19},{"not_picked":["Prepared","PiercingWail+1","Blade Dance"],"picked":"SKIP","floor":20},{"not_picked":["Tactician+1","Predator"],"picked":"Dagger Spray","floor":21},{"not_picked":["Deflect","ReplayTheSpireMod:Exploit Weakness+1"],"picked":"Dagger Spray","floor":23},{"not_picked":["Infinite Blades","Poisoned Stab"],"picked":"Backflip","floor":25},{"not_picked":["Predator+1","Sucker Punch"],"picked":"Well Laid Plans+1","floor":29},{"not_picked":["Die Die Die","Dagger Throw+1"],"picked":"Doppelganger","floor":31},{"not_picked":["PiercingWail","Dagger Throw"],"picked":"Sucker Punch+1","floor":31},{"not_picked":["ReplayTheSpireMod:Scrap Shanks+1","Poisoned Stab"],"picked":"Bane","floor":31},{"not_picked":["Well Laid Plans+1","Replay:Bag of Tricks"],"picked":"Quick Slash","floor":31},{"not_picked":["Underhanded Strike","Reflex"],"picked":"Riddle With Holes","floor":31},{"not_picked":["Replay:Bag of Tricks","Atom Bomb"],"picked":"Burst","floor":33},{"not_picked":["Dagger Spray","Bane"],"picked":"Catalyst+1","floor":35},{"not_picked":["Backflip","Reflex+1"],"picked":"Acrobatics","floor":38},{"not_picked":["Outmaneuver","Flechettes+1"],"picked":"A Thousand Cuts+1","floor":41},{"not_picked":["Blind","Poisoned Strike"],"picked":"Panache+1","floor":44},{"not_picked":["Underhanded Strike","Poisoned Stab"],"picked":"Flechettes+1","floor":45},{"not_picked":["Slice+1","Caltrops+1"],"picked":"Accuracy+1","floor":48},{"not_picked":["Backflip","Sucker Punch+1"],"picked":"Terror+1","floor":48},{"not_picked":["Flying Knee","Doppelganger"],"picked":"Flechettes+1","floor":48}],"player_experience":482189,"relics_obtained":[{"floor":7.0,"key":"Grinning Jar"},{"floor":9.0,"key":"Tiny Chest"},{"floor":10.0,"key":"Girya"},{"floor":14.0,"key":"Replay:Rubber Ducky"},{"floor":23,"key":"Toy Ornithopter"},{"floor":25,"key":"ReplayTheSpireMod:Lightbulb"},{"floor":28,"key":"Frozen Egg 2"},{"floor":37,"key":"Regal Pillow"},{"floor":41,"key":"Tough Bandages"},{"floor":43,"key":"Juzu Bracelet"},{"floor":44,"key":"Mercury Hourglass"},{"floor":45,"key":"Replay:Arrowhead"},{"floor":46,"key":"Simple Rune"}],"event_choices":[{"cards_removed":["Strike_G"],"damage_healed":0.0,"max_hp_gain":0.0,"max_hp_loss":0.0,"gold_gain":0.0,"event_name":"Golden Wing","player_choice":"Card Removal","floor":2.0,"gold_loss":0.0,"damage_taken":7.0},{"damage_healed":0.0,"max_hp_gain":0.0,"max_hp_loss":0.0,"gold_gain":75.0,"event_name":"FaceTrader","player_choice":"Touch","floor":13.0,"gold_loss":0.0,"damage_taken":7.0},{"damage_healed":0,"gold_gain":0,"player_choice":"Upgrade","damage_taken":0,"relics_obtained":["Mark of the Bloom"],"max_hp_gain":0,"max_hp_loss":0,"event_name":"MindBloom","floor":36,"gold_loss":0,"cards_upgraded":["Strike_G","Strike_G","Strike_G","Defend_G","Defend_G","Defend_G","Defend_G","Defend_G","Survivor","Backflip","Pot Of Greed","Pot Of Greed","Backflip","Dagger Spray","Dagger Spray","Backflip","Pot Of Greed","Crippling Poison","Bane","Quick Slash","Riddle With Holes","Burst"]},{"damage_healed":0,"gold_gain":0,"player_choice":"Random: Red","damage_taken":0,"max_hp_gain":0,"max_hp_loss":0,"event_name":"betterThird:BetterPortal","floor":44,"gold_loss":0}],"is_beta":false,"boss_relics":[{"not_picked":["Replay:Grab Bag","Abe\u0027s Treasure"],"picked":"Cursed Key"},{"not_picked":["Replay:Bronze Core","Calling Bell"],"picked":"HoveringKite"}],"items_purged_floors":[5,31],"is_endless":false,"potions_floor_spawned":[1,7,10,14,20,25,33],"ascension_level":1}}