{"host":"lxu17chzujqn8whl","time":1613081044,"event":{"mods":["BaseMod","Minty Spire (QoL Compilation)","Relic Stats","StSLib"],"gold_per_floor":[110,185,197,57,57,57,57,57],"floor_reached":7,"language":"ENG","playtime":129,"items_purged":[],"score":39,"play_id":"2143b7e1-41fd-48b2-b8f5-7b8485622e42","local_time":"20210211140404","is_ascension_mode":false,"campfire_choices":[{"data":"Turbo","floor":6.0,"key":"SMITH"}],"circlet_count":0,"master_deck":["Strike_B","Strike_B","Strike_B","Strike_B","Defend_B","Defend_B","Defend_B","Defend_B","Zap","Dualcast","Cold Snap","Turbo+1","FTL","Hologram","Beam Cell","Injury"],"relics":["Cracked Core","Golden Idol"],"acts_visited":["Exordium"],"potions_floor_usage":[],"damage_taken":[{"damage":0.0,"enemies":"2 Louse","floor":1.0,"turns":2.0},{"damage":9.0,"enemies":"Jaw Worm","floor":3.0,"turns":3.0},{"damage":0,"enemies":"Lagavulin","floor":7,"turns":2}],"seed_played":"814676204305415779","potions_obtained":[],"is_trial":false,"path_per_floor":["M","?","M","$","?","R","E"],"character_chosen":"DEFECT","items_purchased":["FTL","Hologram","Beam Cell"],"campfire_rested":0,"item_purchase_floors":[4,4,4],"current_hp_per_floor":[82,71,62,62,62,62,62,62],"gold":57,"neow_bonus":"TEN_PERCENT_HP_BONUS","is_daily":false,"chose_seed":false,"campfire_upgraded":1,"win_rate":0.0,"timestamp":1613081044,"path_taken":["M","?","M","$","?","R","E"],"items_purchased_type":["Card","Card","Card"],"build_version":"2020-12-22","purchased_purges":0,"victory":false,"max_hp_per_floor":[82,82,82,82,82,82,82,82],"relic_stats":{"counters":[3,7],"Golden Idol":0,"obtain_stats":[{"Golden Idol":5,"Cracked Core":0},{"Golden Idol":2,"Cracked Core":0},{"Golden Idol":5,"Cracked Core":0}]},"card_choices":[{"not_picked":["Go for the Eyes","Steam"],"picked":"Cold Snap","floor":1.0},{"not_picked":["Force Field","Reinforced Body"],"picked":"Turbo","floor":3.0}],"player_experience":665181,"relics_obtained":[],"event_choices":[{"damage_healed":0.0,"max_hp_gain":0.0,"max_hp_loss":0.0,"gold_gain":75.0,"event_name":"World of Goop","player_choice":"Gather Gold","floor":2.0,"gold_loss":0.0,"damage_taken":11.0},{"damage_healed":0.0,"max_hp_gain":0.0,"max_hp_loss":0.0,"gold_gain":0.0,"event_name":"Golden Idol","player_choice":"Take Wound","floor":5.0,"gold_loss":0.0,"damage_taken":0.0,"relics_obtained":["Golden Idol"],"cards_obtained":["Injury"]}],"is_beta":false,"boss_relics":[],"items_purged_floors":[],"is_endless":false,"potions_floor_spawned":[],"killed_by":"Lagavulin","ascension_level":0}}