{"host":"vex7walpoxzv48nx","time":1613083641,"event":{"mods":["AchievementEnabler","BaseMod","Highlight Path","Minty Spire (QoL Compilation)","Permanent Neow","Quick Restart","StSLib","UnlockEverythingMod"],"gold_per_floor":[114,129,54,54,1,31,51,51,51,61,86,118,133,145,145,220,220,233,233,233,250,260,260,8,35,61,61,73,73,73,73],"floor_reached":30,"language":"ENG","playtime":1831,"items_purged":[],"score":520,"play_id":"7befaefc-c45f-4cb6-97af-d1fd754d39bc","local_time":"20210211234721","is_ascension_mode":true,"campfire_choices":[{"data":"Uppercut","floor":8.0,"key":"SMITH"},{"data":"Flame Barrier","floor":15.0,"key":"SMITH"},{"data":"Feel No Pain","floor":23.0,"key":"SMITH"},{"data":"True Grit","floor":27.0,"key":"SMITH"},{"data":"Shockwave","floor":29.0,"key":"SMITH"}],"circlet_count":0,"master_deck":["AscendersBane","Strike_R","Strike_R","Strike_R","Strike_R","Defend_R","Defend_R+1","Defend_R","Defend_R","Bash","Blood for Blood+1","Uppercut+1","Flame Barrier+1","Uppercut","Cleave+1","True Grit+1","Bloodletting+1","Burning Pact","Corruption","Shockwave+1","Flame Barrier","Feel No Pain+1","Sentinel+1","Dual Wield"],"relics":["Burning Blood","Tiny Chest","Meat on the Bone","Paper Frog","Red Skull","Shovel","Philosopher\u0027s Stone","OrangePellets","Nunchaku","War Paint"],"acts_visited":["Exordium","TheCity"],"potions_floor_usage":[],"damage_taken":[{"damage":8.0,"enemies":"2 Louse","floor":1.0,"turns":4.0},{"damage":7.0,"enemies":"Jaw Worm","floor":2.0,"turns":2.0},{"damage":32.0,"enemies":"Gremlin Nob","floor":6.0,"turns":4.0},{"damage":5.0,"enemies":"Small Slimes","floor":7.0,"turns":4.0},{"damage":1.0,"enemies":"3 Louse","floor":10.0,"turns":3.0},{"damage":20.0,"enemies":"3 Sentries","floor":12.0,"turns":4.0},{"damage":11.0,"enemies":"Red Slaver","floor":13.0,"turns":5.0},{"damage":14.0,"enemies":"Blue Slaver","floor":14.0,"turns":5.0},{"damage":23.0,"enemies":"Hexaghost","floor":16.0,"turns":8.0},{"damage":15.0,"enemies":"3 Byrds","floor":18.0,"turns":2.0},{"damage":10.0,"enemies":"Shell Parasite","floor":21.0,"turns":4.0},{"damage":20.0,"enemies":"Snake Plant","floor":22.0,"turns":4.0},{"damage":43.0,"enemies":"Book of Stabbing","floor":25.0,"turns":5.0},{"damage":14.0,"enemies":"Centurion and Healer","floor":28.0,"turns":7.0},{"damage":34,"enemies":"Gremlin Leader","floor":30,"turns":6}],"seed_played":"-4550114260329954620","potions_obtained":[{"floor":1.0,"key":"SteroidPotion"},{"floor":7.0,"key":"Fire Potion"},{"floor":13.0,"key":"BloodPotion"},{"floor":14.0,"key":"Energy Potion"},{"floor":21.0,"key":"Ancient Potion"},{"floor":25.0,"key":"BloodPotion"}],"is_trial":false,"path_per_floor":["M","M","?","?","$","E","M","R","T","M","T","E","M","M","R","B",null,"M","?","?","M","M","R","$","E","T","R","M","R","E"],"character_chosen":"IRONCLAD","items_purchased":["Strength Potion","OrangePellets","Sentinel"],"campfire_rested":0,"item_purchase_floors":[5,24,24],"current_hp_per_floor":[66,65,65,42,42,16,29,29,29,46,46,44,51,55,55,50,69,60,60,60,56,54,54,54,44,44,44,51,51,17,17],"gold":73,"neow_bonus":"RANDOM_COMMON_RELIC","is_daily":false,"chose_seed":false,"campfire_upgraded":5,"win_rate":0.0,"timestamp":1613083641,"path_taken":["M","M","?","?","?","E","M","R","T","M","?","E","M","M","R","BOSS","M","?","?","M","?","R","$","E","T","R","M","R","E"],"items_purchased_type":["Potion","Relic","Card"],"build_version":"2020-12-22","purchased_purges":0,"victory":false,"max_hp_per_floor":[75,75,75,75,75,75,75,75,75,75,75,75,75,75,75,75,75,75,75,75,75,75,75,75,75,75,75,75,75,75,75],"card_choices":[{"not_picked":["Headbutt","Thunderclap"],"picked":"Blood for Blood","floor":1.0},{"not_picked":["True Grit","Seeing Red"],"picked":"Uppercut","floor":2.0},{"not_picked":["Heavy Blade","Armaments"],"picked":"Flame Barrier","floor":6.0},{"not_picked":["Dark Embrace","Fire Breathing"],"picked":"Uppercut","floor":7.0},{"not_picked":["Body Slam","Dark Embrace"],"picked":"Cleave","floor":10.0},{"not_picked":["Iron Wave","Perfected Strike"],"picked":"True Grit","floor":12.0},{"not_picked":["Sword Boomerang","Headbutt"],"picked":"Bloodletting","floor":13.0},{"not_picked":["Shrug It Off","Flex"],"picked":"Burning Pact","floor":14.0},{"not_picked":["Limit Break","Feed"],"picked":"Corruption","floor":16.0},{"not_picked":["Thunderclap","Wild Strike"],"picked":"Shockwave","floor":18.0},{"not_picked":["Searing Blow","Pommel Strike"],"picked":"Flame Barrier","floor":21.0},{"not_picked":["Perfected Strike","Sever Soul"],"picked":"Feel No Pain","floor":22.0},{"not_picked":["Hemokinesis","Wild Strike","Sword Boomerang"],"picked":"SKIP","floor":25.0},{"not_picked":["Intimidate","Armaments"],"picked":"Dual Wield","floor":28.0}],"player_experience":307271,"relics_obtained":[{"floor":6.0,"key":"Meat on the Bone"},{"floor":9.0,"key":"Paper Frog"},{"floor":11.0,"key":"Red Skull"},{"floor":12.0,"key":"Shovel"},{"floor":25.0,"key":"Nunchaku"},{"floor":26.0,"key":"War Paint"}],"event_choices":[{"cards_removed":["Strike_R"],"damage_healed":0.0,"max_hp_gain":0.0,"max_hp_loss":0.0,"gold_gain":0.0,"event_name":"The Cleric","player_choice":"Card Removal","floor":3.0,"gold_loss":75.0,"damage_taken":0.0},{"damage_healed":0.0,"max_hp_gain":0.0,"max_hp_loss":0.0,"gold_gain":0.0,"event_name":"Shining Light","player_choice":"Entered Light","floor":4.0,"gold_loss":0.0,"damage_taken":23.0,"cards_upgraded":["Defend_R","Blood for Blood"]},{"damage_healed":0.0,"max_hp_gain":0.0,"max_hp_loss":0.0,"gold_gain":0.0,"event_name":"Vampires","player_choice":"Ignored","floor":19.0,"gold_loss":0.0,"damage_taken":0.0},{"damage_healed":0.0,"max_hp_gain":0.0,"max_hp_loss":0.0,"gold_gain":0.0,"event_name":"Accursed Blacksmith","player_choice":"Forge","floor":20.0,"gold_loss":0.0,"damage_taken":0.0,"cards_upgraded":["Cleave"]}],"is_beta":false,"boss_relics":[{"not_picked":["Cursed Key","SacredBark"],"picked":"Philosopher\u0027s Stone"}],"items_purged_floors":[],"is_endless":false,"potions_floor_spawned":[1,7,13,14,21,25],"killed_by":"Gremlin Leader","ascension_level":20}}