{"host":"Jinnai","time":1613012167,"event":{"mods":["BaseMod","Bestiary","Block Reminder","Colored Map","Colored Powertips","Curses Come First","Highlight Path","Minty Spire (QoL Compilation)","Permanent Neow","Potion Indicator Mod","Quick Restart","Relic Stats","StSLib","ojb\u0027s Info Mod"],"gold_per_floor":[117,36,51,51,64,93,106,106,129,129,129,24,34,45,45,124,124,139,139,150,150,166,166,184,184,184,198,42,52,52,86,86,86,86],"floor_reached":33,"language":"ENG","playtime":2477,"items_purged":["Defend_G"],"score":563,"play_id":"532c5a0c-8d82-4851-8148-1c8cae2a5cb4","local_time":"20210210215607","is_ascension_mode":true,"campfire_choices":[{"floor":8,"key":"REST"},{"data":"Envenom","floor":10,"key":"SMITH"},{"floor":15,"key":"REST"},{"floor":23,"key":"REST"},{"floor":25,"key":"REST"},{"floor":32,"key":"REST"}],"circlet_count":0,"master_deck":["AscendersBane","Defend_G","Defend_G","Defend_G","Defend_G","Survivor","Neutralize","Envenom+1","Acrobatics","Dagger Spray","Slice","Flying Knee","Leg Sweep","Backflip","PiercingWail","After Image","CurseOfTheBell","Underhanded Strike","Noxious Fumes+1","Bite","Bite","Bite","Bite","Bite","Calculated Gamble","Bane+1","Catalyst","Predator"],"relics":["Ring of the Snake","Bronze Scales","Orichalcum","Calling Bell","Bag of Preparation","Sundial","Torii","Pocketwatch"],"acts_visited":["Exordium","TheCity"],"potions_floor_usage":[5,6,13,18,29],"damage_taken":[{"damage":12,"enemies":"Cultist","floor":1,"turns":5},{"damage":14,"enemies":"Small Slimes","floor":3,"turns":5},{"damage":4,"enemies":"Jaw Worm","floor":5,"turns":5},{"damage":37,"enemies":"3 Sentries","floor":6,"turns":13},{"damage":2,"enemies":"2 Fungi Beasts","floor":7,"turns":3},{"damage":0,"enemies":"Lots of Slimes","floor":13,"turns":3},{"damage":2,"enemies":"Looter","floor":14,"turns":4},{"damage":21,"enemies":"The Guardian","floor":16,"turns":19},{"damage":7,"enemies":"3 Byrds","floor":18,"turns":5},{"damage":13,"enemies":"Shell Parasite","floor":20,"turns":8},{"damage":38,"enemies":"Snecko","floor":22,"turns":6},{"damage":20,"enemies":"Cultist and Chosen","floor":24,"turns":7},{"damage":18,"enemies":"Chosen and Byrds","floor":27,"turns":5},{"damage":33,"enemies":"Shelled Parasite and Fungi","floor":29,"turns":4},{"damage":11,"enemies":"Book of Stabbing","floor":31,"turns":6},{"damage":65,"enemies":"Automaton","floor":33,"turns":6}],"seed_played":"-4397629281526219855","potions_obtained":[{"floor":1,"key":"Block Potion"},{"floor":16,"key":"LiquidMemories"},{"floor":19,"key":"Energy Potion"},{"floor":19,"key":"Ancient Potion"}],"is_trial":false,"path_per_floor":["M","$","M","?","M","E","M","R","T","R","?","$","M","M","R","B",null,"M","?","M","?","M","R","M","R","T","M","$","M","$","E","R","B"],"character_chosen":"THE_SILENT","items_purchased":["EssenceOfSteel","GhostInAJar","Catalyst"],"campfire_rested":5,"item_purchase_floors":[2,12,28],"current_hp_per_floor":[47,47,33,55,51,14,12,31,31,31,5,5,7,7,26,7,51,46,46,35,35,9,28,22,41,41,33,33,4,4,1,20,0,0],"gold":86,"neow_bonus":"ONE_RANDOM_RARE_CARD","is_daily":false,"chose_seed":false,"campfire_upgraded":1,"win_rate":0.0,"timestamp":1613012167,"path_taken":["M","?","M","?","M","E","M","R","T","R","?","$","M","M","R","BOSS","M","?","?","?","M","R","M","R","T","M","$","M","?","E","R","BOSS"],"items_purchased_type":["Potion","Potion","Card"],"build_version":"2020-12-18","purchased_purges":1,"victory":false,"max_hp_per_floor":[66,66,66,66,66,66,66,66,66,66,66,66,66,66,66,66,66,66,66,66,66,66,66,66,66,66,66,66,66,66,66,66,66,66],"relic_stats":{"Torii":62,"counters":[16,104],"Sundial":[6],"Bronze Scales":[289],"Bag of Preparation":[16],"Orichalcum":[204],"obtain_stats":[{"Blood Vial":9,"Calling Bell":17,"Torii":17,"Sundial":17,"Bronze Scales":6,"Bag of Preparation":17,"Orichalcum":11,"Ring of the Snake":0,"Pocketwatch":26},{"Blood Vial":5,"Calling Bell":8,"Torii":8,"Sundial":8,"Bronze Scales":4,"Bag of Preparation":8,"Orichalcum":5,"Ring of the Snake":0,"Pocketwatch":12},{"Blood Vial":31,"Calling Bell":57,"Torii":57,"Sundial":57,"Bronze Scales":28,"Bag of Preparation":57,"Orichalcum":31,"Ring of the Snake":0,"Pocketwatch":83}],"Ring of the Snake":[32],"Pocketwatch":[24]},"card_choices":[{"not_picked":["Dodge and Roll","Prepared"],"picked":"Acrobatics","floor":1},{"not_picked":["Cloak And Dagger","Escape Plan"],"picked":"Dagger Spray","floor":3},{"not_picked":["Dagger Throw","Cloak And Dagger"],"picked":"Slice","floor":5},{"not_picked":["Deadly Poison","Deflect"],"picked":"Flying Knee","floor":6},{"not_picked":["Well Laid Plans","Dodge and Roll"],"picked":"Leg Sweep","floor":7},{"not_picked":["Accuracy","Acrobatics"],"picked":"Backflip","floor":13},{"not_picked":["Dagger Spray","Flying Knee"],"picked":"PiercingWail","floor":14},{"not_picked":["Venomology","Glass Knife"],"picked":"After Image","floor":16},{"not_picked":["Bouncing Flask","Eviscerate"],"picked":"Underhanded Strike","floor":18},{"not_picked":["Cloak And Dagger","Tools of the Trade"],"picked":"Noxious Fumes+1","floor":20},{"not_picked":["Backstab","Prepared"],"picked":"Calculated Gamble","floor":22},{"not_picked":["Outmaneuver+1","Eviscerate"],"picked":"Bane+1","floor":24},{"not_picked":["Quick Slash","Sucker Punch","Deadly Poison+1"],"picked":"SKIP","floor":27},{"not_picked":["Underhanded Strike","Crippling Poison"],"picked":"Predator","floor":29},{"not_picked":["Bane","Slice","Masterful Stab"],"picked":"SKIP","floor":31}],"player_experience":1714131,"relics_obtained":[{"floor":6,"key":"Bronze Scales"},{"floor":9,"key":"Blood Vial"},{"floor":17,"key":"Bag of Preparation"},{"floor":17,"key":"Sundial"},{"floor":17,"key":"Torii"},{"floor":26,"key":"Pocketwatch"}],"event_choices":[{"damage_healed":22,"gold_gain":0,"player_choice":"Banana","damage_taken":0,"max_hp_gain":0,"max_hp_loss":0,"event_name":"Big Fish","floor":4,"gold_loss":0},{"damage_healed":0,"gold_gain":0,"player_choice":"Success","damage_taken":26,"relics_obtained":["Orichalcum"],"max_hp_gain":0,"max_hp_loss":0,"event_name":"Scrap Ooze","floor":11,"gold_loss":0},{"damage_healed":0,"gold_gain":0,"player_choice":"Got Potions","damage_taken":0,"max_hp_gain":0,"max_hp_loss":0,"event_name":"Lab","floor":19,"gold_loss":0},{"damage_healed":0,"gold_gain":0,"player_choice":"Became a vampire (Vial)","damage_taken":0,"max_hp_gain":0,"max_hp_loss":0,"event_name":"Vampires","floor":21,"relics_lost":["Blood Vial"],"gold_loss":0,"cards_obtained":["Bite","Bite","Bite","Bite","Bite"]}],"is_beta":true,"boss_relics":[{"not_picked":["HoveringKite","Coffee Dripper"],"picked":"Calling Bell"}],"items_purged_floors":[28],"is_endless":false,"potions_floor_spawned":[1,3,16,20,24,27],"killed_by":"Automaton","ascension_level":20}}