{"host":"yp2ga117svxnbcen","time":1613031786,"event":{"mods":["Act Like it!","Aspiration","BaseMod","BetterRewards","ChefMod","Colored Map","Conspire","Custom Start","Downfall","Elementarium","Gensokyo","GifTheSpireLib","Gold Saver","GungeonMod","Halation","Hallownest","Hermit","HornydragonMod","Hubris","Menagerie","Minty Spire (QoL Compilation)","Quick Restart","Remove Card Discount Mod","Replay The Spire","Shop Mod","Spicy Shops","StSLib","Stuff the Spire","The Blue Laboratory","The IronCluck","egg","slay the spire mod where everything is the same but ironclad has a cowboy hat","??????REMEMod"],"gold_per_floor":[117,129,129,129,129,129,160,160,160,160,160,160,190,190,190,267,267,278,278,278,278,288,318,329,329,329,346,380,394,426,446,446,521,521,534,534,32,46,46,73,73,107,407,407,407,440,440,454,454,454,454,454,454,754,754,754],"floor_reached":57,"language":"ENG","playtime":1170,"items_purged":["Parasite","Strike_R","Bash","Strike_R","Strike_R","Defend_R","Defend_R","Defend_R","Defend_R","Strike_R","Strike_R"],"score":3534,"play_id":"0721c29a-0ac6-4e8f-aa18-9f7824b497dd","local_time":"20210211002306","is_ascension_mode":true,"campfire_choices":[{"data":"Offering","floor":6,"key":"SMITH"},{"data":"Replay:Many Hands","floor":10,"key":"SMITH"},{"data":"Master of Strategy","floor":12,"key":"SMITH"},{"data":"Master of Strategy","floor":15,"key":"SMITH"},{"floor":25,"key":"RECALL"},{"floor":32,"key":"REST"},{"data":"Gensokyo:ManorOfTheDishes","floor":41,"key":"SMITH"},{"data":"Gensokyo:ManorOfTheDishes","floor":49,"key":"SMITH"},{"floor":53,"key":"REST"},{"floor":55,"key":"REST"}],"circlet_count":0,"master_deck":["AscendersBane","Heavy Blade+1","Pummel+1","Master of Strategy+1","Master of Strategy+1","Clash+1","Clash+1","Offering+1","Offering+1","Anger+1","Clash+1","Replay:Many Hands+1","Reaper+1","Thunderclap+1","Gensokyo:ManorOfTheDishes+1","Gensokyo:ManorOfTheDishes+1"],"relics":["Burning Blood","REME_ComplimentaryCards","halation:TrafficLight","Replay:Baseball","Molten Egg 2","halation:NonexistentMirror","Omamori","PreservedInsect","DemoMod:SevenLeafClover","ClockworkSouvenir","Sling","halation:LettersToHer","Whetstone","Pen Nib","Happy Flower","DemoMod:GlassGuonStoneRelic","hubris:CrystalStatue","halation:VictoryRuler","hubris:BottledRain","StuffTheSpire:BottledHeartBeat","DemoMod:SerJunkan","Runic Dome","Regal Pillow","Ancient Tea Set","DemoMod:Junk","halation:Prosthetics","ReplayTheSpireMod:CursedCoin","DemoMod:MeatBun","DollysMirror","halation:EternalFortune","Guardian:PocketSentry","StuffTheSpire:ForceGauntlet","Old Coin","hubris:SphereOfDissonance","hubris:Metronome","hubris:NiceRug","halation:Komachan"],"acts_visited":["Exordium","Gensokyo:Gensokyo","Gensokyo:Gensokyoer","TheEnding"],"potions_floor_usage":[56,56,56],"damage_taken":[{"damage":0,"enemies":"Gensokyo:2_Kodama","floor":1,"turns":1},{"damage":0,"enemies":"Gensokyo:Gryphon","floor":2,"turns":1},{"damage":6,"enemies":"Gensokyo:Cirno","floor":7,"turns":4},{"damage":0,"enemies":"Gensokyo:Mamizou","floor":13,"turns":1},{"damage":6,"enemies":"Gensokyo:Kokoro","floor":16,"turns":1},{"damage":0,"enemies":"Gensokyo:CosmicMonolith","floor":18,"turns":1},{"damage":0,"enemies":"Gensokyo:2_Gloops","floor":22,"turns":1},{"damage":6,"enemies":"Gensokyo:Reisen","floor":23,"turns":1},{"damage":9,"enemies":"Gensokyo:Wraith","floor":24,"turns":1},{"damage":0,"enemies":"Gensokyo:3_Gloops","floor":27,"turns":1},{"damage":0,"enemies":"Gensokyo:Koishi","floor":28,"turns":1},{"damage":0,"enemies":"Gensokyo:Chomper_and_Gloop","floor":29,"turns":1},{"damage":0,"enemies":"Gensokyo:Tenshi","floor":30,"turns":1},{"damage":0,"enemies":"Gensokyo:Monolith_and_Dog","floor":31,"turns":1},{"damage":0,"enemies":"Gensokyo:Eiki","floor":33,"turns":1},{"damage":0,"enemies":"Gensokyo:3_Bats","floor":35,"turns":1},{"damage":6,"enemies":"Gensokyo:3_Boulders","floor":38,"turns":1},{"damage":6,"enemies":"Gensokyo:Kasen","floor":40,"turns":1},{"damage":0,"enemies":"Gensokyo:Doremy","floor":42,"turns":1},{"damage":0,"enemies":"Gensokyo:Marisa","floor":46,"turns":1},{"damage":0,"enemies":"Gensokyo:Dusk_and_Dawn","floor":48,"turns":1},{"damage":6,"enemies":"Gensokyo:Scarlet_Devils","floor":50,"turns":2},{"damage":0,"enemies":"Gensokyo:Yuyuko","floor":51,"turns":1},{"damage":0,"enemies":"hubris:Merchant","floor":54,"turns":2},{"damage":32,"enemies":"The Heart","floor":56,"turns":4}],"seed_played":"6314494424211725195","potions_obtained":[{"floor":28,"key":"PowerPotion"},{"floor":54,"key":"Ancient Potion"},{"floor":54,"key":"ColorlessPotion"},{"floor":54,"key":"ColorlessPotion"}],"is_trial":false,"path_per_floor":["M","M","?","?","$","R","E","?","T","R","$","R","E","T","R","B",null,"M","COS","?","?","M","E","M","R","T","M","E","M","E","M","R","B",null,"M","?","COS","M","?","E","R","E","T","$","?","E","?","M","R","B","B",null,"R","$","R","B",null],"character_chosen":"IRONCLAD","items_purchased":["halation:TrafficLight","Heavy Blade","Replay:Baseball","Molten Egg 2","Pummel+1","halation:NonexistentMirror","Omamori","Master of Strategy","PreservedInsect","DemoMod:SevenLeafClover","Clash+1","ClockworkSouvenir","Sling","Offering","Pummel+1","halation:LettersToHer","Whetstone","Pen Nib","Happy Flower","hubris:Metronome"],"campfire_rested":3,"item_purchase_floors":[0,0,0,0,0,0,0,0,0,0,0,0,0,0,0,0,0,0,0,44],"current_hp_per_floor":[72,72,72,72,72,72,72,72,72,72,72,72,72,72,72,72,72,72,72,65,65,65,65,62,62,62,65,65,65,65,65,65,65,30,30,30,30,30,33,33,33,33,33,18,12,33,33,33,33,33,33,33,33,33,33,33],"gold":754,"neow_bonus":"","is_daily":false,"chose_seed":false,"campfire_upgraded":6,"win_rate":0.0,"timestamp":1613031786,"path_taken":["M","M","?","?","$","R","E","?","T","R","?","R","E","?","R","BOSS","M","COS","?","?","M","E","M","R","T","M","E","?","E","M","R","BOSS","M","?","COS","?","?","E","R","E","T","?","?","E","?","?","R","BOSS","BOSS","R","$","R","BOSS"],"items_purchased_type":["Relic","Card","Relic","Relic","Card","Relic","Relic","Card","Relic","Relic","Card","Relic","Relic","Card","Card","Relic","Relic","Relic","Relic","Relic"],"build_version":"2020-12-22","purchased_purges":11,"victory":true,"max_hp_per_floor":[72,72,72,72,72,72,72,72,72,72,72,72,72,72,72,72,72,72,72,65,65,65,65,65,65,65,65,65,65,65,65,65,65,30,30,30,30,30,33,33,33,33,33,33,33,33,33,33,33,33,33,33,33,33,33,33],"card_choices":[{"not_picked":["Metallicize","Flame Barrier"],"picked":"Anger+1","floor":1},{"not_picked":["conspire:Charge+1","Iron Wave+1","Uppercut+1"],"picked":"SKIP","floor":2},{"not_picked":["Body Slam+1","Intimidate","Clothesline+1"],"picked":"SKIP","floor":7},{"not_picked":["Juggernaut","REME_Fury"],"picked":"Replay:Many Hands","floor":9},{"not_picked":["Wild Strike+1","Rampage+1","StuffTheSpire:TitanForm"],"picked":"SKIP","floor":13},{"not_picked":["Hemogenesis","Fiend Fire"],"picked":"Reaper","floor":14},{"not_picked":["Warcry","Cleave+1","Iron Wave+1"],"picked":"SKIP","floor":18},{"not_picked":["StuffTheSpire:Resist","Body Slam+1","Dropkick+1"],"picked":"SKIP","floor":22},{"not_picked":["Havoc","StuffTheSpire:RagingBull+1"],"picked":"Thunderclap+1","floor":23},{"not_picked":["Sword Boomerang+1","Heavy Blade+1","StuffTheSpire:Incineration+1"],"picked":"SKIP","floor":24},{"not_picked":["Berserk","REME_Fury","Corruption"],"picked":"SKIP","floor":26},{"not_picked":["Cleave+1","StuffTheSpire:RagingBull+1","Sword Boomerang+1"],"picked":"SKIP","floor":27},{"not_picked":["Replay:Undeath\u0027s Touch+1","Burning Pact","Headbutt+1"],"picked":"SKIP","floor":28},{"not_picked":["REME_SingleHolding","StuffTheSpire:RockThrow+1","Uppercut+1"],"picked":"SKIP","floor":29},{"not_picked":["Run Through+1","Thunderclap+1","Cleave+1"],"picked":"SKIP","floor":30},{"not_picked":["Replay:Undeath\u0027s Touch+1","Perfected Strike+1","Twin Strike+1"],"picked":"SKIP","floor":31},{"not_picked":["DemoMod:WhiteBlade+1","hubris:ReadiedAction","Pommel Strike+1"],"picked":"SKIP","floor":35},{"not_picked":["Clothesline+1","Iron Wave+1","True Grit"],"picked":"SKIP","floor":38},{"not_picked":["Massacre+1","Anger+1","Body Slam+1"],"picked":"SKIP","floor":40},{"not_picked":["StuffTheSpire:Pyroclast+1","hubris:CleavingFinish+1","Replay:Undeath\u0027s Touch+1"],"picked":"SKIP","floor":42},{"not_picked":["Exhume","hubris:StunningStrike","conspire:HitWhereItHurts"],"picked":"SKIP","floor":43},{"not_picked":["conspire:HitWhereItHurts+1","Metallicize","Shockwave+1"],"picked":"SKIP","floor":46},{"not_picked":["Wild Strike+1","hubris:ReadiedAction","Replay:Undeath\u0027s Touch+1"],"picked":"SKIP","floor":48},{"not_picked":["StuffTheSpire:Pyroclast+1"],"picked":"SKIP","floor":54},{"not_picked":["Twin Strike+1"],"picked":"SKIP","floor":54},{"not_picked":["conspire:ExplosiveBarrier"],"picked":"SKIP","floor":54},{"not_picked":["Havoc"],"picked":"SKIP","floor":54},{"not_picked":["Combust"],"picked":"SKIP","floor":54},{"not_picked":["DemoMod:Spice"],"picked":"SKIP","floor":54},{"not_picked":["Panache"],"picked":"SKIP","floor":54}],"player_experience":1177428,"relics_obtained":[{"floor":7,"key":"hubris:CrystalStatue"},{"floor":9,"key":"halation:LettersToHer"},{"floor":9,"key":"halation:VictoryRuler"},{"floor":13,"key":"hubris:BottledRain"},{"floor":14,"key":"StuffTheSpire:BottledHeartBeat"},{"floor":14,"key":"halation:LettersToHer"},{"floor":14,"key":"DemoMod:SerJunkan"},{"floor":23,"key":"Ancient Tea Set"},{"floor":26,"key":"DemoMod:Junk"},{"floor":26,"key":"halation:LettersToHer"},{"floor":26,"key":"DemoMod:Junk"},{"floor":28,"key":"DemoMod:Junk"},{"floor":30,"key":"DemoMod:Junk"},{"floor":40,"key":"Guardian:PocketSentry"},{"floor":42,"key":"StuffTheSpire:ForceGauntlet"},{"floor":43,"key":"Old Coin"},{"floor":43,"key":"halation:LettersToHer"},{"floor":43,"key":"hubris:SphereOfDissonance"},{"floor":46,"key":"DemoMod:Junk"},{"floor":54,"key":"DemoMod:Junk"},{"floor":54,"key":"DemoMod:Junk"},{"floor":54,"key":"halation:Komachan"},{"floor":54,"key":"DemoMod:Junk"},{"floor":54,"key":"DemoMod:Junk"},{"floor":54,"key":"DemoMod:Junk"}],"event_choices":[],"is_beta":false,"boss_relics":[{"not_picked":["bronze:MakeshiftBattery","DemoMod:WaxWing"],"picked":"Runic Dome"},{"not_picked":["aspiration:DefectSkillbook","expansioncontent:StudyCardRelic"],"picked":"halation:Prosthetics"}],"items_purged_floors":[0,0,0,0,0,0,0,0,0,0,0],"is_endless":false,"potions_floor_spawned":[7,18,28,31,33,35,40],"ascension_level":20}}