{"host":"ozl61tfu5a3o8grk","time":1613018811,"event":{"mods":["AchievementEnabler","Ascension Reborn","BaseMod","Better Vampires","BetterRewards","Colored Powertips","Downfall","Hermit","Hubris","Minty Spire (QoL Compilation)","Replay The Spire","StSLib"],"gold_per_floor":[112,112,75,95,95,121,121,149,194,194,78,97,97,109,109,214,214,227,227,152,165,20,20,49,60,60,91,104,121,134,84,84,185,185,198,47,47,47,61,61,61,61,134,147,163,19,32,62,62,62,62,62],"floor_reached":50,"language":"ENG","playtime":2352,"items_purged":["Pain"],"score":570,"play_id":"6f848661-001c-42a1-9858-52288e6e6200","local_time":"20210211044651","daily_mods":["Heirloom","Time Dilation","Flight"],"is_ascension_mode":false,"campfire_choices":[{"data":"bronze:DigitalCarnage","floor":7,"key":"SMITH"},{"floor":10,"key":"REST"},{"data":"bronze:BronzeOrb","floor":15,"key":"SMITH"},{"data":"bronze:Verify","floor":23,"key":"SMITH"},{"floor":32,"key":"REST"},{"data":"bronze:Overheat","floor":40,"key":"SMITH"},{"data":"bronze:ChosenStrike","floor":41,"key":"SMITH"},{"data":"bronze:Branch","floor":42,"key":"SMITH"},{"floor":49,"key":"REST"}],"circlet_count":0,"master_deck":["bronze:Strike+1","bronze:Strike+1","bronze:Strike+1","bronze:Strike+1","bronze:Defend+1","bronze:Defend+1","bronze:Defend+1","bronze:Defend+1","bronze:Replicate+1","bronze:Goto+1","bronze:WhirlingStrike+1","bronze:Safeguard","bronze:DigitalCarnage+1","bronze:Frontload","bronze:Branch+1","bronze:Repair+1","bronze:WildBeam+1","bronze:DelayedGuard","bronze:BronzeOrb+1","bronze:Verify+1","bronze:DelayedSlice","bronze:MaxOutput","bronze:OilSpill","bronze:BronzeOrb","bronze:ChosenStrike+1","bronze:DelayedGuard","bronze:Overheat+1","bronze:HyperBeam+1","bronze:Assembly+1","bronze:DigitalCarnage+1","hubris:Insight","bronze:BronzeOrb+1","bronze:Frontload+1","bronze:Turbo","bronze:FineTuning","bronze:Overload"],"relics":["bronze:BronzeCore","Pondfish Scales","hubris:Icosahedron","hubris:Towel","hubris:OldNail","hubris:SlimyHat","Boot","hubris:TerracottaHorce","WarpedTongs","Bronze Scales","Bottled Tornado","hubris:Metronome","bronze:SilverBullet","Painkiller Herb","Guide Book","hubris:CrystalStatue","ReplayTheSpireMod:TigerMarble","Shuriken"],"acts_visited":["Exordium","TheCity","TheBeyond"],"potions_floor_usage":[29,33,33,48,50,50,50],"damage_taken":[{"damage":0,"enemies":"2 Louse","floor":1,"turns":3},{"damage":6,"enemies":"Small Slimes","floor":4,"turns":2},{"damage":14,"enemies":"Gremlin Nob","floor":6,"turns":3},{"damage":10,"enemies":"3 Sentries","floor":8,"turns":4},{"damage":3,"enemies":"Jaw Worm","floor":12,"turns":2},{"damage":13,"enemies":"Exordium Wildlife","floor":14,"turns":4},{"damage":14,"enemies":"Fading Forest","floor":16,"turns":11},{"damage":11,"enemies":"2 Thieves","floor":18,"turns":3},{"damage":0,"enemies":"Spheric Guardian","floor":21,"turns":1},{"damage":0,"enemies":"Book of Stabbing","floor":24,"turns":4},{"damage":16,"enemies":"Shelled Parasite and Fungi","floor":25,"turns":3},{"damage":35,"enemies":"Slavers","floor":27,"turns":6},{"damage":3,"enemies":"Snecko","floor":28,"turns":5},{"damage":8,"enemies":"Centurion and Healer","floor":29,"turns":3},{"damage":11,"enemies":"Sentry and Sphere","floor":30,"turns":4},{"damage":11,"enemies":"Collector","floor":33,"turns":8},{"damage":5,"enemies":"3 Shapes","floor":35,"turns":3},{"damage":0,"enemies":"3 Darklings","floor":39,"turns":2},{"damage":20,"enemies":"Spire Growth","floor":44,"turns":3},{"damage":5,"enemies":"4 Shapes","floor":45,"turns":3},{"damage":3,"enemies":"Transient","floor":47,"turns":5},{"damage":33,"enemies":"Nemesis","floor":48,"turns":3},{"damage":48,"enemies":"Donu and Deca","floor":50,"turns":4}],"seed_played":"-1882152498391673231","potions_obtained":[{"floor":4,"key":"Strength Potion"},{"floor":14,"key":"Explosive Potion"},{"floor":16,"key":"champ:CounterPotion"},{"floor":24,"key":"bronze:FreeFunctionsPotion"},{"floor":45,"key":"Guardian:BlockOnCardUsePotion"},{"floor":47,"key":"DuplicationPotion"},{"floor":48,"key":"FearPotion"}],"is_trial":true,"path_per_floor":["M","?","$","M","?","E","R","E","T","R","$","M","?","M","R","B",null,"M","?","$","M","$","R","E","M","T","E","M","M","M","$","R","B",null,"?","T","?","NS","?","T","T","T","T","?","?","T","?","E","T","B"],"character_chosen":"THE_AUTOMATON","items_purchased":["bronze:Safeguard","bronze:Repair","bronze:WildBeam+1","Bronze Scales","AttackPotion","Guide Book","ReplayTheSpireMod:TigerMarble"],"campfire_rested":3,"item_purchase_floors":[3,11,11,22,31,36,46],"current_hp_per_floor":[70,70,70,64,64,50,50,40,40,61,61,58,58,52,52,55,70,66,66,66,66,66,66,70,54,54,26,30,22,18,18,39,35,70,65,65,65,65,65,65,65,65,65,45,40,40,47,14,35,0,0,0],"gold":62,"neow_bonus":"","is_daily":false,"chose_seed":false,"campfire_upgraded":6,"win_rate":0.0,"timestamp":1613018811,"path_taken":["M","?","$","M","?","E","R","E","T","R","$","M","?","?","R","BOSS","M","?","$","M","$","R","E","?","T","E","M","?","M","$","R","BOSS","?","T","?","NS","?","T","T","T","T","?","?","T","?","E","T","BOSS"],"items_purchased_type":["Card","Card","Card","Relic","Potion","Relic","Relic"],"build_version":"2020-12-22","purchased_purges":1,"victory":false,"max_hp_per_floor":[70,70,70,70,70,70,70,70,70,70,70,70,70,70,70,70,70,70,70,70,70,70,70,70,70,70,70,70,70,70,70,70,70,70,70,70,70,70,70,70,70,70,70,70,70,70,70,70,70,70,70,70],"card_choices":[{"not_picked":["bronze:Invalidate","bronze:Iterate"],"picked":"bronze:WhirlingStrike","floor":1},{"not_picked":["bronze:DelayedGuard","bronze:Deprecate"],"picked":"bronze:DigitalCarnage","floor":4},{"not_picked":["bronze:BitShift","bronze:Turbo"],"picked":"bronze:Frontload","floor":6},{"not_picked":["bronze:Overload","bronze:BuggyMess"],"picked":"bronze:Branch","floor":8},{"not_picked":["bronze:BuggyMess","bronze:Invalidate"],"picked":"bronze:DelayedGuard","floor":12},{"not_picked":["bronze:Boost","bronze:OilSpill"],"picked":"bronze:BronzeOrb","floor":14},{"not_picked":["bronze:CleanCode","bronze:ThunderWave"],"picked":"bronze:Verify","floor":16},{"not_picked":["bronze:DelayedGuard","bronze:CutThrough"],"picked":"bronze:DelayedSlice","floor":18},{"not_picked":["bronze:Iterate","bronze:DelayedSlice+1"],"picked":"bronze:MaxOutput","floor":21},{"not_picked":["bronze:ChildClass","bronze:Frontload"],"picked":"bronze:OilSpill","floor":24},{"not_picked":["bronze:Deprecate","bronze:WildBeam"],"picked":"bronze:BronzeOrb","floor":25},{"not_picked":["bronze:BronzeArmor","bronze:Repulsor"],"picked":"bronze:ChosenStrike","floor":27},{"not_picked":["bronze:WildBeam+1","bronze:OilSpill"],"picked":"bronze:DelayedGuard","floor":28},{"not_picked":["bronze:Iterate","bronze:BronzeArmor"],"picked":"bronze:Overheat","floor":29},{"not_picked":["bronze:Philosophize","bronze:ClassDefault"],"picked":"bronze:HyperBeam","floor":30},{"not_picked":["bronze:CleanCode","bronze:ThunderWave"],"picked":"bronze:Assembly","floor":33},{"not_picked":["bronze:DelayedSlice","bronze:BuggyMess"],"picked":"bronze:DigitalCarnage+1","floor":35},{"not_picked":["Crow Ritual","Thinking Ahead"],"picked":"hubris:Insight","floor":37},{"not_picked":["bronze:Safeguard+1","bronze:Fortify"],"picked":"bronze:BronzeOrb+1","floor":39},{"not_picked":["bronze:CutThrough+1","bronze:Shield"],"picked":"bronze:Frontload+1","floor":44},{"not_picked":["bronze:Repulsor","bronze:Deprecate+1"],"picked":"bronze:Turbo","floor":45},{"not_picked":["bronze:OilSpill","bronze:Fortify"],"picked":"bronze:FineTuning","floor":47},{"not_picked":["bronze:Frontload+1","bronze:Turbo"],"picked":"bronze:Overload","floor":48}],"player_experience":225639,"relics_obtained":[{"floor":6,"key":"hubris:OldNail"},{"floor":8,"key":"hubris:SlimyHat"},{"floor":9,"key":"Boot"},{"floor":24,"key":"Bottled Tornado"},{"floor":26,"key":"hubris:Metronome"},{"floor":27,"key":"bronze:SilverBullet"},{"floor":43,"key":"hubris:CrystalStatue"},{"floor":48,"key":"Shuriken"}],"event_choices":[{"damage_healed":0,"gold_gain":0,"player_choice":"Memory 1","damage_taken":0,"max_hp_gain":0,"max_hp_loss":0,"event_name":"SensoryStone","floor":37,"gold_loss":0}],"is_beta":false,"boss_relics":[{"not_picked":["SacredBark","Tiny House"],"picked":"hubris:TerracottaHorce"},{"not_picked":["Replay:Wanted Poster","Abe\u0027s Treasure"],"picked":"Painkiller Herb"}],"items_purged_floors":[20],"is_endless":false,"potions_floor_spawned":[4,14,16,24,28,45,47,48],"killed_by":"Donu and Deca","ascension_level":0}}