{"host":"0cm5wy4nhuju7tij","time":1613082223,"event":{"mods":["100% Spire Juice","2.2 Compatiblity","AchievementEnabler","Aspiration","BaseMod","Better Third Choice","BetterRewards","CCEM2","CapriCore","Colored Powertips","Curses Come First","Displayed Cursed Tome","Downfall","Energized Spire","Evolution","Filter the Spire","Highlight Path","Jess\u0027s Bottle","Minty Spire (QoL Compilation)","Permanent Neow","Poor People Problems","Relic Filter Mod","Relic Stats","Shop Mod","Spicy Shops","StSLib","The Cursed","TheSurvivalist","TheVacant","Weighted Paths"],"gold_per_floor":[118,138,151,165,340,340,372,372,440,490,490,519,529,104,104,204,204,221,36,51,101,113,143,143,172,172,191,256,289,289,301,301,398,398,410,510,521,535,585,617,69,86,86,114,126,189,202,229,229,229,229],"floor_reached":50,"language":"ENG","playtime":3623,"items_purged":["Hemokinesis"],"score":1286,"play_id":"f70b8a09-c082-40d7-913b-50288d74535a","local_time":"20210211172343","is_ascension_mode":true,"campfire_choices":[{"data":"TheCursedMod:LuckyCharm","floor":6.0,"key":"SMITH"},{"data":"TheCursedMod:HellfireBreathing","floor":8.0,"key":"SMITH"},{"data":"TheCursedMod:NeowsMight","floor":15.0,"key":"SMITH"},{"floor":24.0,"key":"REST"},{"data":"TheCursedMod:HellfireBreathing","floor":30.0,"key":"SMITH"},{"floor":32.0,"key":"REST"},{"floor":49,"key":"RECALL"}],"circlet_count":0,"master_deck":["TheCursedMod:CleanUpWorkshop","TheCursedMod:CursedAmulet","TheCursedMod:HellfireBreathing+1","TheCursedMod:HellfireBreathing+1","TheCursedMod:SpitefulPlan","TheCursedMod:LuckyCharm+1","TheCursedMod:CursedSpellbook","TheCursedMod:NeowsMight+1","TheCursedMod:ParallelWorld","TheCursedMod:CircleOfAmplification","TheCursedMod:SurpriseAttack","TheCursedMod:CursedBlade","TheCursedMod:CircleOfWindfury","TheCursedMod:FleshFromBone","Doubt","TheCursedMod:SpitefulStrike","TheCursedMod:CircleOfCorruption","TheCursedMod:CircleOfFlame","TheCursedMod:CircleOfFlame","TheCursedMod:SurpriseAttack","TheCursedMod:Hemoplague","TheCursedMod:DarkBarrier","TheCursedMod:CursedAmulet","TheCursedMod:Hemoplague","TheCursedMod:SurpriseAttack","TheCursedMod:BlessingInDisguise","TheCursedMod:TroublousMinions","TheCursedMod:CursedShiv","TheCursedMod:CursedShiv","TheCursedMod:CircleOfWindfury","TheCursedMod:CursedAmulet","TheCursedMod:CursedBlade+1","TheCursedMod:AntiAging","TheCursedMod:CircleOfCorruption+1","TheCursedMod:Grudge","TheCursedMod:SpitefulStrike","Body Slam+1","Fire Breathing","TheCursedMod:CircleOfCorruption+1","TheCursedMod:ParallelWorld+1","TheCursedMod:SpitefulPray+1","Metallicize","TheCursedMod:FleshFromBone+1"],"relics":["TheCursedMod:BlackMagicAdvanced","EVO:Axolotl","aspiration:Nostalgia","TheCursedMod:BlackMagic101","Smiling Mask","Gremlin Horn","SsserpentHead","CCEMRelics:WarHorn","Strawberry","Runic Pyramid","OrangePellets","CCEMRelics:Sandal","Darkstone Periapt","aspiration:StickyExplosives_weak","CCEMRelics:PowerPill","Sundial","aspiration:IroncladSkillbook","Ice Cream","Lizard Tail","Sling","Toxic Egg 2","Singing Bowl","Bag of Marbles"],"acts_visited":["Exordium","TheCity","TheBeyond"],"potions_floor_usage":[],"damage_taken":[{"damage":1.0,"enemies":"Jaw Worm","floor":1.0,"turns":3.0},{"damage":4.0,"enemies":"2 Louse","floor":2.0,"turns":2.0},{"damage":0.0,"enemies":"Small Slimes","floor":3.0,"turns":2.0},{"damage":0.0,"enemies":"Red Slaver","floor":4.0,"turns":3.0},{"damage":2.0,"enemies":"Gremlin Nob","floor":7.0,"turns":2.0},{"damage":2.0,"enemies":"Lagavulin","floor":12.0,"turns":3.0},{"damage":0.0,"enemies":"Lots of Slimes","floor":13.0,"turns":1.0},{"damage":0.0,"enemies":"The Guardian","floor":16.0,"turns":4.0},{"damage":0.0,"enemies":"Spheric Guardian","floor":18.0,"turns":3.0},{"damage":6.0,"enemies":"3 Byrds","floor":20.0,"turns":2.0},{"damage":6.0,"enemies":"Centurion and Healer","floor":22.0,"turns":4.0},{"damage":31.0,"enemies":"Slavers","floor":23.0,"turns":2.0},{"damage":2.0,"enemies":"Gremlin Leader","floor":25.0,"turns":7.0},{"damage":0.0,"enemies":"Snake Plant","floor":27.0,"turns":4.0},{"damage":0.0,"enemies":"Cultist and Chosen","floor":28.0,"turns":3.0},{"damage":10.0,"enemies":"Slavers","floor":29.0,"turns":3.0},{"damage":59.0,"enemies":"Chosen and Byrds","floor":31.0,"turns":8.0},{"damage":18.0,"enemies":"Collector","floor":33.0,"turns":7.0},{"damage":0.0,"enemies":"3 Shapes","floor":35.0,"turns":1.0},{"damage":0.0,"enemies":"Mind Bloom Boss Battle","floor":36.0,"turns":6.0},{"damage":0.0,"enemies":"3 Darklings","floor":37.0,"turns":2.0},{"damage":6.0,"enemies":"Maw","floor":38.0,"turns":6.0},{"damage":39.0,"enemies":"Reptomancer","floor":40.0,"turns":5.0},{"damage":0,"enemies":"Jaw Worm Horde","floor":42,"turns":2},{"damage":20,"enemies":"Nemesis","floor":44,"turns":5},{"damage":42,"enemies":"Transient","floor":45,"turns":5},{"damage":0,"enemies":"Sphere and 2 Shapes","floor":46,"turns":2},{"damage":3,"enemies":"Spire Growth","floor":47,"turns":3},{"damage":0,"enemies":"Reptomancer","floor":48,"turns":5},{"damage":109,"enemies":"Time Eater","floor":50,"turns":8}],"seed_played":"1259605100293389065","potions_obtained":[{"floor":1.0,"key":"CultistPotion"},{"floor":33.0,"key":"Guardian:BlockOnCardUsePotion"}],"is_trial":false,"path_per_floor":["M","M","M","M","?","R","E","R","T","?","?","E","M","$","R","B",null,"M","$","M","T","M","E","R","E","T","M","M","E","R","M","R","B",null,"M","?","M","M","?","E","$","M","T","E","M","M","M","E","R","B"],"character_chosen":"THE_CURSED","items_purchased":["TheCursedMod:CircleOfFlame","TheCursedMod:SurpriseAttack","FairyPotion","Strawberry","TheCursedMod:Hemoplague","OrangePellets","TheCursedMod:Hemoplague","Fire Breathing","Sling","Toxic Egg 2","TheCursedMod:CircleOfCorruption+1"],"campfire_rested":2,"item_purchase_floors":[14,14,14,14,14,19,19,41,41,41,41],"current_hp_per_floor":[67,63,63,63,63,63,61,61,61,61,61,59,59,66,66,66,78,78,78,72,72,66,35,59,57,57,57,57,47,47,24,48,30,69,73,79,83,83,83,50,50,54,54,42,6,12,17,21,21,0,0],"gold":229,"neow_bonus":"NOSTALGIA","is_daily":false,"chose_seed":false,"campfire_upgraded":4,"win_rate":0.0,"timestamp":1613082223,"path_taken":["M","M","M","M","?","R","E","R","T","?","?","E","M","$","R","BOSS","M","$","M","?","M","E","R","E","T","M","?","E","R","M","R","BOSS","M","?","M","M","?","E","$","M","T","E","M","?","M","E","R","BOSS"],"items_purchased_type":["Card","Card","Potion","Relic","Card","Relic","Card","Card","Relic","Relic","Card"],"build_version":"2020-12-22","purchased_purges":1,"victory":false,"max_hp_per_floor":[75,75,75,75,75,75,75,75,75,75,75,75,75,82,82,82,82,82,82,82,82,82,82,82,82,82,82,82,82,82,82,82,82,82,82,84,84,86,86,88,88,88,88,92,94,96,100,100,100,102,102],"relic_stats":{"Darkstone Periapt":0,"SsserpentHead":250,"OrangePellets":[7],"Lizard Tail":51,"Gremlin Horn":[20,37],"Singing Bowl":4,"counters":[30,111],"Sundial":[0],"Smiling Mask":25,"obtain_stats":[{"Darkstone Periapt":23,"Ice Cream":36,"TheCursedMod:BlackMagic101":0,"TheCursedMod:BlackMagicAdvanced":0,"Gremlin Horn":9,"Singing Bowl":44,"aspiration:Nostalgia":0,"EVO:Axolotl":0,"Smiling Mask":7,"Sling":41,"aspiration:IroncladSkillbook":34,"aspiration:StickyExplosives_weak":25,"SsserpentHead":11,"OrangePellets":19,"Lizard Tail":40,"CCEMRelics:PowerPill":26,"Sundial":29,"Strawberry":14,"CCEMRelics:Sandal":21,"Bag of Marbles":48,"Toxic Egg 2":41,"CCEMRelics:WarHorn":12,"Runic Pyramid":17},{"Darkstone Periapt":12,"Ice Cream":20,"TheCursedMod:BlackMagic101":0,"TheCursedMod:BlackMagicAdvanced":0,"Gremlin Horn":5,"Singing Bowl":25,"aspiration:Nostalgia":0,"EVO:Axolotl":0,"Smiling Mask":5,"Sling":23,"aspiration:IroncladSkillbook":18,"aspiration:StickyExplosives_weak":13,"SsserpentHead":5,"OrangePellets":9,"Lizard Tail":23,"CCEMRelics:PowerPill":13,"Sundial":16,"Strawberry":7,"CCEMRelics:Sandal":10,"Bag of Marbles":29,"Toxic Egg 2":23,"CCEMRelics:WarHorn":6,"Runic Pyramid":8},{"Darkstone Periapt":30,"Ice Cream":68,"TheCursedMod:BlackMagic101":0,"TheCursedMod:BlackMagicAdvanced":0,"Gremlin Horn":12,"Singing Bowl":88,"aspiration:Nostalgia":0,"EVO:Axolotl":0,"Smiling Mask":12,"Sling":81,"aspiration:IroncladSkillbook":61,"aspiration:StickyExplosives_weak":37,"SsserpentHead":12,"OrangePellets":22,"Lizard Tail":81,"CCEMRelics:PowerPill":37,"Sundial":46,"Strawberry":15,"CCEMRelics:Sandal":24,"Bag of Marbles":103,"Toxic Egg 2":81,"CCEMRelics:WarHorn":14,"Runic Pyramid":19}]},"card_choices":[{"not_picked":["TheCursedMod:Stigma","TheCursedMod:RavingStaff"],"picked":"TheCursedMod:SurpriseAttack","floor":1.0},{"not_picked":["TheCursedMod:RavingStaff","TheCursedMod:CursedArmor"],"picked":"TheCursedMod:CursedBlade","floor":2.0},{"not_picked":["TheCursedMod:CursedMace","TheCursedMod:WearCloak"],"picked":"TheCursedMod:CircleOfWindfury","floor":3.0},{"not_picked":["TheCursedMod:CursedMace","TheCursedMod:StunningStrike"],"picked":"TheCursedMod:FleshFromBone","floor":4.0},{"not_picked":["TheCursedMod:AshesToAshes","TheCursedMod:Grudge"],"picked":"TheCursedMod:SpitefulStrike","floor":7.0},{"not_picked":["TheCursedMod:RapidMovement","TheCursedMod:Torture"],"picked":"TheCursedMod:CircleOfCorruption","floor":12.0},{"not_picked":["TheCursedMod:CursedMace","TheCursedMod:RapidMovement"],"picked":"TheCursedMod:CircleOfFlame","floor":13.0},{"not_picked":["TheCursedMod:UltimatePain","TheCursedMod:StunningStrike"],"picked":"TheCursedMod:DarkBarrier","floor":16.0},{"not_picked":["TheCursedMod:CircleOfFocus","TheCursedMod:Wield+1"],"picked":"TheCursedMod:CursedAmulet","floor":18.0},{"not_picked":["TheCursedMod:ReleasedStrength","TheCursedMod:CircleOfFlame"],"picked":"TheCursedMod:SurpriseAttack","floor":20.0},{"not_picked":["TheCursedMod:VitalStrike+1","TheCursedMod:RavingStaff"],"picked":"TheCursedMod:BlessingInDisguise","floor":22.0},{"not_picked":["TheCursedMod:CursedShiv","TheCursedMod:Hemoplague"],"picked":"TheCursedMod:TroublousMinions","floor":23.0},{"not_picked":["TheCursedMod:Stretching","TheCursedMod:ForbiddenAlchemy"],"picked":"TheCursedMod:CursedShiv","floor":25.0},{"not_picked":["TheCursedMod:DoubleShield","TheCursedMod:Obscuration"],"picked":"TheCursedMod:CursedShiv","floor":27.0},{"not_picked":["TheCursedMod:Evocation","TheCursedMod:WearCloak"],"picked":"TheCursedMod:CircleOfWindfury","floor":28.0},{"not_picked":["TheCursedMod:SaltUponWound","TheCursedMod:SoulCrush"],"picked":"TheCursedMod:CursedAmulet","floor":29.0},{"not_picked":["TheCursedMod:Stigma+1","TheCursedMod:CircleOfBlood"],"picked":"TheCursedMod:CursedBlade+1","floor":31.0},{"not_picked":["TheCursedMod:CircleOfAbyss","TheCursedMod:ForbiddenAlchemy"],"picked":"TheCursedMod:AntiAging","floor":33.0},{"not_picked":["Wild Strike+1","TheCursedMod:ReleasedStrength","TheCursedMod:WearCloak+1"],"picked":"TheCursedMod:CircleOfCorruption+1","floor":35.0},{"not_picked":["Thunderclap","Sentinel","TheCursedMod:TacticalStrike","Heavy Blade"],"picked":"SKIP","floor":37.0},{"not_picked":["TheCursedMod:BloodBarrier+1","TheCursedMod:Stigma","Perfected Strike+1"],"picked":"TheCursedMod:Grudge","floor":38.0},{"not_picked":["Heavy Blade","Uppercut+1","Dropkick+1"],"picked":"Body Slam+1","floor":40.0},{"not_picked":["Sword Boomerang","TheCursedMod:Obscuration+1","TheCursedMod:Torture+1"],"picked":"TheCursedMod:ParallelWorld+1","floor":42},{"not_picked":["TheCursedMod:SoulCrush","TheCursedMod:ReleasedKnowledge+1","TheCursedMod:ParallelWorld+1","Battle Trance+1"],"picked":"Singing Bowl","floor":44},{"not_picked":["TheCursedMod:SpitefulStrike","TheCursedMod:RavingStaff+1","TheCursedMod:CursedShiv"],"picked":"TheCursedMod:SpitefulPray+1","floor":45},{"not_picked":["Pummel","TheCursedMod:Wield","Clash"],"picked":"Metallicize","floor":46},{"not_picked":["True Grit+1","TheCursedMod:TacticalStrike+1","Clash","TheCursedMod:WearCloak+1"],"picked":"Singing Bowl","floor":47},{"not_picked":["TheCursedMod:CursedBlade","Brutality","TheCursedMod:WearCloak+1"],"picked":"TheCursedMod:FleshFromBone+1","floor":48}],"player_experience":324211,"relics_obtained":[{"floor":7.0,"key":"Smiling Mask"},{"floor":9.0,"key":"Gremlin Horn"},{"floor":12.0,"key":"CCEMRelics:WarHorn"},{"floor":21.0,"key":"CCEMRelics:Sandal"},{"floor":23.0,"key":"Darkstone Periapt"},{"floor":25.0,"key":"aspiration:StickyExplosives_weak"},{"floor":26.0,"key":"CCEMRelics:PowerPill"},{"floor":29.0,"key":"Sundial"},{"floor":36.0,"key":"Ice Cream"},{"floor":40.0,"key":"Lizard Tail"},{"floor":44,"key":"Singing Bowl"},{"floor":48,"key":"Bag of Marbles"}],"event_choices":[{"damage_healed":0.0,"max_hp_gain":0.0,"max_hp_loss":0.0,"gold_gain":175.0,"event_name":"betterThird:BetterSerpent","player_choice":"AGREE","floor":5.0,"gold_loss":0.0,"damage_taken":165.0},{"damage_healed":0.0,"max_hp_gain":0.0,"max_hp_loss":0.0,"gold_gain":50.0,"event_name":"Golden Wing","player_choice":"Gained Gold","floor":10.0,"gold_loss":0.0,"damage_taken":0.0},{"damage_healed":0.0,"max_hp_gain":0.0,"max_hp_loss":0.0,"gold_gain":0.0,"event_name":"FaceTrader","player_choice":"Trade","floor":11.0,"gold_loss":0.0,"damage_taken":0.0,"relics_obtained":["SsserpentHead"]},{"damage_healed":0.0,"max_hp_gain":0.0,"max_hp_loss":0.0,"gold_gain":0.0,"event_name":"MindBloom","player_choice":"Fight","floor":36.0,"gold_loss":0.0,"damage_taken":0.0},{"damage_healed":0.0,"max_hp_gain":0.0,"max_hp_loss":0.0,"gold_gain":0.0,"event_name":"Match and Keep!","player_choice":"2 cards matched","floor":39.0,"gold_loss":0.0,"damage_taken":0.0,"cards_obtained":["Hemokinesis","TheCursedMod:SpitefulStrike"]}],"is_beta":false,"boss_relics":[{"not_picked":["aspiration:PoetsPen_weak","aspiration:RitualDagger"],"picked":"Runic Pyramid"},{"not_picked":["Velvet Choker","Astrolabe"],"picked":"aspiration:IroncladSkillbook"}],"items_purged_floors":[41],"is_endless":false,"potions_floor_spawned":[1,2,16,23,25,27,29,33,37,42,44,46,48],"killed_by":"Time Eater","ascension_level":11}}