{"host":"4pckc3u5mqcilakq","time":1613076949,"event":{"mods":["AchievementEnabler","BaseMod","Bestiary","Colored Map","Colored Powertips","Highlight Path","Minty Spire (QoL Compilation)","Quick Restart","Relic Stats"],"gold_per_floor":[99,99,99,99,23,23,23,23,23,23,23,23,23,23,23,23,23,23,23,23,23,23,23],"floor_reached":22,"language":"ENG","playtime":882,"items_purged":[],"score":378,"play_id":"dc102d3d-6d16-46a2-8f56-d95d06c5ece7","local_time":"20210211235549","is_ascension_mode":true,"campfire_choices":[{"data":"Sunder","floor":12,"key":"SMITH"},{"floor":15,"key":"REST"}],"circlet_count":0,"master_deck":["Zap","Dualcast","Genetic Algorithm","Sunder+1","Multi-Cast","Rebound","Storm","Static Discharge","Sweeping Beam","Creative AI","Steam Power","Stack","Aggregate","Consume","Redo","Hello World","Reinforced Body","Undo"],"relics":["Ectoplasm","Boot","Ancient Tea Set","Pantograph","Strawberry","Omamori","Pandora\u0027s Box","NlothsMask"],"acts_visited":["TheCity"],"potions_floor_usage":[8,10],"damage_taken":[{"damage":0.0,"enemies":"2 Louse","floor":1.0,"turns":2.0},{"damage":2,"enemies":"Jaw Worm","floor":4,"turns":3},{"damage":40,"enemies":"Gremlin Nob","floor":6,"turns":5},{"damage":0,"enemies":"Small Slimes","floor":7,"turns":3},{"damage":11,"enemies":"Lagavulin","floor":8,"turns":7},{"damage":0,"enemies":"Exordium Wildlife","floor":10,"turns":2},{"damage":16,"enemies":"3 Sentries","floor":13,"turns":6},{"damage":42,"enemies":"Hexaghost","floor":16,"turns":8},{"damage":23,"enemies":"Chosen","floor":18,"turns":5},{"damage":29,"enemies":"3 Byrds","floor":19,"turns":4},{"damage":14,"enemies":"Centurion and Healer","floor":22,"turns":1}],"seed_played":"8942652166356215394","potions_obtained":[{"floor":6,"key":"SkillPotion"},{"floor":8,"key":"BlessingOfTheForge"},{"floor":16,"key":"Strength Potion"}],"is_trial":false,"path_per_floor":["M","?","?","M","$","E","M","E","T","M","?","R","E","T","R","B",null,"M","M","?","?","M"],"character_chosen":"DEFECT","items_purchased":["Sunder"],"campfire_rested":1,"item_purchase_floors":[5],"current_hp_per_floor":[75,75,72,70,70,30,30,19,26,26,19,19,3,3,27,10,64,41,12,12,12,0,0],"gold":23,"neow_bonus":"BOSS_RELIC","is_daily":false,"chose_seed":false,"campfire_upgraded":1,"win_rate":0.0,"timestamp":1613076949,"path_taken":["M","?","?","M","?","E","M","E","T","?","?","R","E","?","R","BOSS","M","M","?","?","?"],"items_purchased_type":["Card"],"build_version":"2020-12-22","purchased_purges":0,"victory":false,"max_hp_per_floor":[75,75,75,75,75,75,75,75,82,82,82,82,82,82,82,82,82,82,82,82,82,82,82],"relic_stats":{"counters":[11,46],"Pantograph":25,"Pandora\u0027s Box":["Steam Power","Stack","Aggregate","Consume","Redo","Hello World","Reinforced Body"],"Ectoplasm":421,"Boot":[9],"obtain_stats":[{"Pantograph":8,"Strawberry":9,"Pandora\u0027s Box":17,"Ectoplasm":0,"Omamori":13,"Boot":3,"Ancient Tea Set":6,"NlothsMask":21},{"Pantograph":5,"Strawberry":5,"Pandora\u0027s Box":8,"Ectoplasm":0,"Omamori":7,"Boot":1,"Ancient Tea Set":3,"NlothsMask":10},{"Pantograph":20,"Strawberry":20,"Pandora\u0027s Box":36,"Ectoplasm":0,"Omamori":28,"Boot":2,"Ancient Tea Set":10,"NlothsMask":45}]},"card_choices":[{"not_picked":["Stack","Go for the Eyes","Steam"],"picked":"SKIP","floor":1.0},{"not_picked":["Steam","Fusion"],"picked":"Genetic Algorithm","floor":4},{"not_picked":["Stack","Scrape"],"picked":"Multi-Cast","floor":6},{"not_picked":["Cold Snap","Steam"],"picked":"Rebound","floor":7},{"not_picked":["Coolheaded","Genetic Algorithm"],"picked":"Storm","floor":8},{"not_picked":["Turbo","Coolheaded"],"picked":"Static Discharge","floor":10},{"not_picked":["Gash","Chaos"],"picked":"Sweeping Beam","floor":13},{"not_picked":["Rainbow","Hyperbeam"],"picked":"Creative AI","floor":16},{"not_picked":["Consume","Compile Driver"],"picked":"Undo","floor":18},{"not_picked":["Barrage","Chill","Turbo+1"],"picked":"SKIP","floor":19}],"player_experience":260051,"relics_obtained":[{"floor":6,"key":"Ancient Tea Set"},{"floor":8,"key":"Pantograph"},{"floor":9,"key":"Strawberry"},{"floor":13,"key":"Omamori"}],"event_choices":[{"damage_healed":0,"gold_gain":0,"player_choice":"Ignored","damage_taken":0,"max_hp_gain":0,"max_hp_loss":0,"event_name":"Golden Idol","floor":2,"gold_loss":0},{"damage_healed":0,"gold_gain":0,"player_choice":"Success","damage_taken":3,"relics_obtained":["Boot"],"max_hp_gain":0,"max_hp_loss":0,"event_name":"Scrap Ooze","floor":3,"gold_loss":0},{"cards_removed":["Strike_B"],"damage_healed":0,"gold_gain":0,"player_choice":"Card Removal","damage_taken":7,"max_hp_gain":0,"max_hp_loss":0,"event_name":"Golden Wing","floor":11,"gold_loss":0},{"damage_healed":0,"gold_gain":99,"player_choice":"Stole From Cult","damage_taken":0,"max_hp_gain":0,"max_hp_loss":0,"event_name":"Nest","floor":20,"gold_loss":0},{"damage_healed":0,"gold_gain":0,"player_choice":"Trade","damage_taken":0,"relics_obtained":["NlothsMask"],"max_hp_gain":0,"max_hp_loss":0,"event_name":"FaceTrader","floor":21,"gold_loss":0}],"is_beta":false,"boss_relics":[{"not_picked":["SacredBark","Coffee Dripper"],"picked":"Pandora\u0027s Box"}],"items_purged_floors":[],"is_endless":false,"potions_floor_spawned":[6,8,16],"killed_by":"Centurion and Healer","ascension_level":5}}