{"host":"hk3n60c9tb8azi3z","time":1613022523,"event":{"mods":["AchievementEnabler","BaseMod","Minty Spire (QoL Compilation)","Relic Sorter","Relic Stats"],"gold_per_floor":[114,189,204,219,234,234,264,39,39,54,54,84,99,129,129,229,229,244,22,22,37,64,106,118,145,207,234,246,288,315,427,439,551,563,590,617,669,682,1693,1735,873,888,897,897,937,41,68,83,83,83],"floor_reached":51,"language":"ENG","playtime":2662,"items_purged":["Strike_P","Normality"],"score":1016,"play_id":"60de7d2c-ef1e-48ef-81c5-2cfe3fbc6b78","local_time":"20210211064843","daily_mods":["Allstar","Vintage","Binary"],"is_ascension_mode":false,"campfire_choices":[{"data":"Master of Strategy","floor":6,"key":"SMITH"},{"data":"Tantrum","floor":15,"key":"SMITH"},{"data":"Tantrum","floor":24,"key":"SMITH"},{"data":"Panacea","floor":28,"key":"SMITH"},{"data":"CutThroughFate","floor":32,"key":"SMITH"},{"data":"1","floor":49,"key":"LIFT"}],"circlet_count":0,"master_deck":["Strike_P","Strike_P+1","Strike_P","Defend_P","Defend_P","Defend_P","Eruption","Vigilance","Swift Strike+1","Dark Shackles","Sadistic Nature","Master of Strategy+1","Panacea+1","SandsOfTime","Tantrum+1","Tantrum+1","Vault","Wallop+1","FlyingSleeves+1","Writhe","Tantrum","CutThroughFate+1","Wish","Normality","EmptyFist+1","Adaptation+1","Secret Technique","Clumsy","Fasting2+1","EmptyMind","Dark Shackles","Apotheosis","Panache+1"],"relics":["PureWater","Frozen Egg 2","Anchor","Art of War","Toy Ornithopter","Boot","Lantern","Matryoshka","Akabeko","Kunai","Oddly Smooth Stone","Prayer Wheel","Cursed Key","Meat on the Bone","Bag of Preparation","MawBank","TeardropLocket","Question Card","PreservedInsect","InkBottle","Regal Pillow","Bronze Scales","Torii","Ornamental Fan","CloakClasp","Pear","Coffee Dripper","Yang","Happy Flower","Damaru","Girya","Nunchaku","ClockworkSouvenir","Dead Branch","CeramicFish","Bottled Flame","Whetstone","Mummified Hand","Ginger","Incense Burner","HandDrill","Molten Egg 2","Blood Vial"],"acts_visited":["Exordium","TheCity","TheBeyond"],"potions_floor_usage":[7,16,22,27,29,42,50,50],"damage_taken":[{"damage":1,"enemies":"2 Louse","floor":1,"turns":4},{"damage":0,"enemies":"Jaw Worm","floor":3,"turns":2},{"damage":1,"enemies":"Cultist","floor":4,"turns":4},{"damage":6,"enemies":"Exordium Wildlife","floor":5,"turns":5},{"damage":5,"enemies":"3 Sentries","floor":7,"turns":8},{"damage":5,"enemies":"Looter","floor":10,"turns":3},{"damage":0,"enemies":"Lagavulin","floor":12,"turns":3},{"damage":0,"enemies":"Large Slime","floor":13,"turns":1},{"damage":3,"enemies":"3 Sentries","floor":14,"turns":5},{"damage":6,"enemies":"Hexaghost","floor":16,"turns":4},{"damage":0,"enemies":"2 Thieves","floor":18,"turns":2},{"damage":0,"enemies":"Spheric Guardian","floor":21,"turns":1},{"damage":0,"enemies":"Centurion and Healer","floor":22,"turns":2},{"damage":0,"enemies":"Gremlin Leader","floor":23,"turns":2},{"damage":0,"enemies":"Cultist and Chosen","floor":25,"turns":2},{"damage":0,"enemies":"Shelled Parasite and Fungi","floor":27,"turns":3},{"damage":0,"enemies":"Book of Stabbing","floor":29,"turns":3},{"damage":0,"enemies":"Snake Plant","floor":30,"turns":2},{"damage":0,"enemies":"Colosseum Slavers","floor":31,"turns":1},{"damage":0,"enemies":"Colosseum Nobs","floor":31,"turns":2},{"damage":32,"enemies":"Collector","floor":33,"turns":5},{"damage":0,"enemies":"3 Shapes","floor":35,"turns":2},{"damage":0,"enemies":"3 Darklings","floor":36,"turns":3},{"damage":0,"enemies":"Sphere and 2 Shapes","floor":37,"turns":3},{"damage":0,"enemies":"2 Orb Walkers","floor":38,"turns":2},{"damage":0,"enemies":"Reptomancer","floor":40,"turns":2},{"damage":0,"enemies":"Spire Growth","floor":42,"turns":3},{"damage":0,"enemies":"3 Darklings","floor":45,"turns":3},{"damage":0,"enemies":"Writhing Mass","floor":48,"turns":2},{"damage":0,"enemies":"Awakened One","floor":50,"turns":5}],"seed_played":"-587577638262706789","potions_obtained":[{"floor":1,"key":"Fruit Juice"},{"floor":3,"key":"Weak Potion"},{"floor":4,"key":"Block Potion"},{"floor":12,"key":"Energy Potion"},{"floor":16,"key":"FearPotion"},{"floor":21,"key":"PowerPotion"},{"floor":22,"key":"Explosive Potion"},{"floor":25,"key":"Ambrosia"},{"floor":29,"key":"DuplicationPotion"},{"floor":38,"key":"LiquidMemories"}],"is_trial":false,"path_per_floor":["M","?","M","M","M","R","E","$","T","M","?","E","M","E","R","B",null,"M","$","?","M","M","E","R","M","T","M","R","E","M","?","R","B",null,"M","M","M","?","?","E","$","M","T","?","M","$","?","M","R","B",null],"character_chosen":"WATCHER","items_purchased":["Lantern","Bag of Preparation","Wallop","Adaptation+1","ClockworkSouvenir","Dead Branch","Secret Technique","CeramicFish","Fasting2+1","Incense Burner","HandDrill","Molten Egg 2","EmptyMind"],"campfire_rested":0,"item_purchase_floors":[8,19,19,41,41,41,41,41,46,46,46,46,46],"current_hp_per_floor":[71,60,60,59,53,53,53,53,53,48,34,34,34,31,31,30,72,72,72,72,72,72,72,72,72,72,77,77,77,77,87,87,55,87,87,87,87,87,87,87,87,87,87,87,87,87,77,77,77,87],"gold":83,"neow_bonus":"","is_daily":true,"chose_seed":false,"campfire_upgraded":5,"win_rate":0.0,"timestamp":1613022523,"path_taken":["M","?","M","M","M","R","E","$","T","M","?","E","M","E","R","BOSS","M","$","?","M","M","E","R","M","T","M","R","E","?","?","R","BOSS","M","M","M","?","?","E","$","M","T","?","M","$","?","M","R","BOSS"],"items_purchased_type":["Relic","Relic","Card","Card","Relic","Relic","Card","Relic","Card","Relic","Relic","Relic","Card"],"build_version":"2020-12-22","purchased_purges":2,"victory":true,"max_hp_per_floor":[72,72,72,72,72,72,72,72,72,72,72,72,72,72,72,72,72,72,72,72,72,72,72,72,72,72,77,77,77,77,87,87,87,87,87,87,87,87,87,87,87,87,87,87,87,87,87,87,87,87],"relic_stats":{"Regal Pillow":0,"Torii":4,"CeramicFish":54,"Yang":[58],"Bag of Preparation":[38],"CloakClasp":[85],"Whetstone":["Wallop","FlyingSleeves"],"Ginger":[0],"Boot":[55],"Cursed Key":2,"Blood Vial":2,"Nunchaku":[3],"Mummified Hand":[8],"Prayer Wheel":0,"HandDrill":[10],"Kunai":[32],"InkBottle":[14],"Happy Flower":[6],"counters":[30,89],"Dead Branch":[22],"PreservedInsect":134,"MawBank":240,"Question Card":8,"Ornamental Fan":[76],"Bronze Scales":[58],"Art of War":[14],"obtain_stats":[{"Lantern":8,"Regal Pillow":26,"Torii":29,"CeramicFish":41,"Yang":35,"Bag of Preparation":19,"CloakClasp":31,"Incense Burner":46,"TeardropLocket":22,"Whetstone":43,"Ginger":45,"Boot":7,"Cursed Key":17,"ClockworkSouvenir":41,"Blood Vial":48,"Nunchaku":40,"Matryoshka":9,"Mummified Hand":43,"Prayer Wheel":14,"HandDrill":46,"Kunai":12,"InkBottle":26,"Girya":38,"Pear":31,"Happy Flower":36,"Dead Branch":41,"Oddly Smooth Stone":13,"Damaru":37,"PreservedInsect":25,"Frozen Egg 2":1,"MawBank":21,"Question Card":23,"Akabeko":10,"Anchor":3,"Bottled Flame":42,"Ornamental Fan":30,"Bronze Scales":27,"Molten Egg 2":46,"Art of War":4,"Coffee Dripper":34,"PureWater":0,"Toy Ornithopter":5,"Meat on the Bone":18},{"Lantern":5,"Regal Pillow":15,"Torii":17,"CeramicFish":26,"Yang":22,"Bag of Preparation":11,"CloakClasp":20,"Incense Burner":28,"TeardropLocket":13,"Whetstone":27,"Ginger":28,"Boot":5,"Cursed Key":10,"ClockworkSouvenir":26,"Blood Vial":29,"Nunchaku":26,"Matryoshka":5,"Mummified Hand":27,"Prayer Wheel":9,"HandDrill":28,"Kunai":7,"InkBottle":15,"Girya":25,"Pear":20,"Happy Flower":23,"Dead Branch":26,"Oddly Smooth Stone":8,"Damaru":24,"PreservedInsect":15,"Frozen Egg 2":1,"MawBank":12,"Question Card":14,"Akabeko":6,"Anchor":2,"Bottled Flame":27,"Ornamental Fan":18,"Bronze Scales":16,"Molten Egg 2":28,"Art of War":3,"Coffee Dripper":21,"PureWater":0,"Toy Ornithopter":4,"Meat on the Bone":11},{"Lantern":23,"Regal Pillow":48,"Torii":54,"CeramicFish":76,"Yang":66,"Bag of Preparation":41,"CloakClasp":59,"Incense Burner":82,"TeardropLocket":44,"Whetstone":79,"Ginger":82,"Boot":23,"Cursed Key":39,"ClockworkSouvenir":76,"Blood Vial":84,"Nunchaku":76,"Matryoshka":23,"Mummified Hand":79,"Prayer Wheel":35,"HandDrill":82,"Kunai":29,"InkBottle":48,"Girya":74,"Pear":59,"Happy Flower":69,"Dead Branch":76,"Oddly Smooth Stone":30,"Damaru":72,"PreservedInsect":48,"Frozen Egg 2":4,"MawBank":42,"Question Card":46,"Akabeko":26,"Anchor":6,"Bottled Flame":79,"Ornamental Fan":56,"Bronze Scales":51,"Molten Egg 2":82,"Art of War":10,"Coffee Dripper":64,"PureWater":0,"Toy Ornithopter":15,"Meat on the Bone":41}],"Toy Ornithopter":18,"Meat on the Bone":0},"card_choices":[{"not_picked":["Consecrate"],"picked":"SandsOfTime","floor":7},{"not_picked":["Worship"],"picked":"Tantrum","floor":12},{"not_picked":["ThirdEye"],"picked":"Tantrum","floor":14},{"not_picked":["Brilliance"],"picked":"Vault","floor":16},{"not_picked":["JustLucky"],"picked":"FlyingSleeves","floor":23},{"not_picked":["ClearTheMind","Evaluate"],"picked":"Tantrum","floor":29},{"not_picked":["Consecrate","Evaluate"],"picked":"CutThroughFate","floor":31},{"not_picked":["Alpha","Ragnarok"],"picked":"Wish","floor":33},{"not_picked":["Consecrate","WindmillStrike"],"picked":"EmptyFist+1","floor":40},{"not_picked":["Enlightenment","Metamorphosis"],"picked":"Dark Shackles","floor":47},{"not_picked":["Panacea","Mind Blast+1"],"picked":"Apotheosis","floor":47},{"not_picked":["Bandage Up","Deep Breath"],"picked":"Panache+1","floor":47}],"player_experience":1667312,"relics_obtained":[{"floor":1,"key":"Frozen Egg 2"},{"floor":3,"key":"Anchor"},{"floor":4,"key":"Art of War"},{"floor":5,"key":"Toy Ornithopter"},{"floor":7,"key":"Boot"},{"floor":9,"key":"Matryoshka"},{"floor":10,"key":"Akabeko"},{"floor":12,"key":"Kunai"},{"floor":13,"key":"Oddly Smooth Stone"},{"floor":14,"key":"Prayer Wheel"},{"floor":18,"key":"Meat on the Bone"},{"floor":21,"key":"MawBank"},{"floor":22,"key":"TeardropLocket"},{"floor":23,"key":"Question Card"},{"floor":25,"key":"PreservedInsect"},{"floor":26,"key":"InkBottle"},{"floor":26,"key":"Regal Pillow"},{"floor":27,"key":"Bronze Scales"},{"floor":29,"key":"Torii"},{"floor":30,"key":"Ornamental Fan"},{"floor":31,"key":"CloakClasp"},{"floor":31,"key":"Pear"},{"floor":35,"key":"Yang"},{"floor":36,"key":"Happy Flower"},{"floor":37,"key":"Damaru"},{"floor":38,"key":"Girya"},{"floor":40,"key":"Nunchaku"},{"floor":42,"key":"Bottled Flame"},{"floor":43,"key":"Whetstone"},{"floor":43,"key":"Mummified Hand"},{"floor":45,"key":"Ginger"},{"floor":48,"key":"Blood Vial"}],"event_choices":[{"damage_healed":0,"gold_gain":75,"player_choice":"Gather Gold","damage_taken":11,"max_hp_gain":0,"max_hp_loss":0,"event_name":"World of Goop","floor":2,"gold_loss":0},{"damage_healed":0,"gold_gain":0,"player_choice":"Entered Light","damage_taken":14,"max_hp_gain":0,"max_hp_loss":0,"event_name":"Shining Light","floor":11,"gold_loss":0,"cards_upgraded":["Swift Strike","Strike_P"]},{"cards_removed":["Defend_P"],"damage_healed":0,"gold_gain":0,"player_choice":"Offered Basic","damage_taken":0,"max_hp_gain":0,"max_hp_loss":0,"event_name":"Bonfire Elementals","floor":20,"gold_loss":0},{"damage_healed":0,"gold_gain":0,"player_choice":"Fight","damage_taken":0,"max_hp_gain":0,"max_hp_loss":0,"event_name":"Colosseum","floor":31,"gold_loss":0},{"damage_healed":0,"gold_gain":0,"player_choice":"Fought Nobs","damage_taken":0,"max_hp_gain":0,"max_hp_loss":0,"event_name":"Colosseum","floor":31,"gold_loss":0},{"damage_healed":0,"gold_gain":0,"player_choice":"Fight","damage_taken":0,"max_hp_gain":0,"max_hp_loss":0,"event_name":"Mysterious Sphere","floor":38,"gold_loss":0},{"damage_healed":0,"gold_gain":999,"player_choice":"Gold","damage_taken":0,"max_hp_gain":0,"max_hp_loss":0,"event_name":"MindBloom","floor":39,"gold_loss":0,"cards_obtained":["Normality","Normality"]},{"damage_healed":0,"gold_gain":0,"player_choice":"Ignored","damage_taken":0,"max_hp_gain":0,"max_hp_loss":0,"event_name":"Tomb of Lord Red Mask","floor":44,"gold_loss":0},{"damage_healed":0,"gold_gain":0,"player_choice":"Memory 3","damage_taken":10,"max_hp_gain":0,"max_hp_loss":0,"event_name":"SensoryStone","floor":47,"gold_loss":0}],"is_beta":false,"boss_relics":[{"not_picked":["SlaversCollar","SacredBark"],"picked":"Cursed Key"},{"not_picked":["Busted Crown","Runic Dome"],"picked":"Coffee Dripper"}],"items_purged_floors":[8,46],"is_endless":false,"potions_floor_spawned":[1,3,4,12,16,21,22,25,27,29,31,38,40],"ascension_level":0}}