{"host":"uyrebrj0204enqpc","time":1613009423,"event":{"mods":["Act Like it!","Bard","BaseMod","Block Reminder","Challenge The Spire","Colored Map","Colored Powertips","DeckTracker","Downfall","GifTheSpireLib","HexUI Lib","Highlight Path","Hubris","Minty Spire (QoL Compilation)","Pale of the Ancients","Quick Restart","Random Character Button","Relic Sorter","Relic Stats","Shop Mod","StSLib","The Blue Laboratory","The Bug Knight","The Cursed","The Jungle","The Marked","Wandering Minibosses"],"gold_per_floor":[118,118,136,61,61,89,89,118,171,171,187,180,198,198,198,318,318,338,338,238,247,247,247,162,300,300,300,321,334,334,347,347,465,465,484,484,122,175,508,532,532,557,557,575,575,582,608,618,618,608,493,493,493],"floor_reached":52,"language":"ENG","playtime":2650,"items_purged":["theMarked:Defend","theMarked:Defend","theMarked:EmpowerWeapon+1"],"score":1165,"play_id":"340dc62f-7d37-4813-b2bc-254ed39029a6","local_time":"20210210211023","is_ascension_mode":true,"campfire_choices":[{"floor":7.0,"key":"REST"},{"floor":15.0,"key":"REST"},{"data":"theMarked:Defy","floor":23.0,"key":"SMITH"},{"floor":27.0,"key":"REST"},{"floor":30.0,"key":"REST"},{"data":"theMarked:TwofoldDefense","floor":32.0,"key":"SMITH"},{"data":"theMarked:Defend","floor":41.0,"key":"SMITH"},{"data":"theMarked:Defend","floor":45.0,"key":"SMITH"},{"floor":49,"key":"REST"}],"circlet_count":0,"master_deck":["theMarked:Strike","theMarked:Strike","theMarked:Defend+1","theMarked:Defend+1","theMarked:Defy+1","theMarked:TwofoldDefense+1","theMarked:UnarmedFury+1","theMarked:FavorableWinds+1","theMarked:MysticalArsenal+1","theMarked:Pokerface+1","theMarked:Improvise+1","theMarked:FavorableWinds+1","theMarked:UnarmedFury+1","Finesse+1","theMarked:SuspiciousRaven+1","theMarked:ComboAttacks+1"],"relics":["theMarked:ArtifactOfAir","hubris:Icosahedron","hubris:DeckOfHolding","Toxic Egg 2","Blood Vial","Oddly Smooth Stone","Frozen Egg 2","Astrolabe","Kunai","Anchor","theMarked:Eyepatch","DollysMirror","HollowMod:QueensCombRelic","Regal Pillow","hubris:ToyBattleship","Ornamental Fan","paleoftheancients:Timepiece","paleoftheancients:KeyRelic"],"acts_visited":["Exordium","TheCity","TheBeyond","TheBeyond"],"potions_floor_usage":[51],"damage_taken":[{"damage":8.0,"enemies":"Jaw Worm","floor":1.0,"turns":4.0},{"damage":0.0,"enemies":"Small Slimes","floor":3.0,"turns":1.0},{"damage":16.0,"enemies":"Lagavulin","floor":6.0,"turns":6.0},{"damage":25.0,"enemies":"3 Sentries","floor":8.0,"turns":6.0},{"damage":0.0,"enemies":"2 Louse","floor":11.0,"turns":2.0},{"damage":1.0,"enemies":"Exordium Thugs","floor":12.0,"turns":6.0},{"damage":0.0,"enemies":"Looter","floor":13.0,"turns":3.0},{"damage":0.0,"enemies":"Slime Boss","floor":16.0,"turns":6.0},{"damage":6.0,"enemies":"Spheric Guardian","floor":18.0,"turns":4.0},{"damage":33.0,"enemies":"Shell Parasite","floor":21.0,"turns":4.0},{"damage":18.0,"enemies":"Gremlin Leader","floor":25.0,"turns":4.0},{"damage":9.0,"enemies":"Centurion and Healer","floor":28.0,"turns":4.0},{"damage":0.0,"enemies":"Chosen and Byrds","floor":29.0,"turns":5.0},{"damage":0.0,"enemies":"3 Cultists","floor":31.0,"turns":3.0},{"damage":39.0,"enemies":"hubris:MusketHawk","floor":33.0,"turns":9.0},{"damage":23.0,"enemies":"3 Darklings","floor":35.0,"turns":3.0},{"damage":1.0,"enemies":"Mind Bloom Boss Battle","floor":38.0,"turns":8.0},{"damage":0.0,"enemies":"Nemesis","floor":40.0,"turns":7.0},{"damage":24.0,"enemies":"HollowMod:StalkingDevout","floor":42.0,"turns":8.0},{"damage":0.0,"enemies":"3 Shapes","floor":44.0,"turns":2.0},{"damage":14.0,"enemies":"Transient","floor":46.0,"turns":5.0},{"damage":29,"enemies":"Spire Growth","floor":48,"turns":6},{"damage":0,"enemies":"Donu and Deca","floor":50,"turns":8},{"damage":61,"enemies":"Donu and Deca","floor":51,"turns":7},{"damage":48,"enemies":"Donu and Deca","floor":52,"turns":5}],"seed_played":"240287990984779894","potions_obtained":[{"floor":3.0,"key":"GamblersBrew"},{"floor":8.0,"key":"SteroidPotion"},{"floor":11.0,"key":"DuplicationPotion"},{"floor":13.0,"key":"AttackPotion"},{"floor":16.0,"key":"Fire Potion"},{"floor":21.0,"key":"blueLaboratory:EnragingPotion"},{"floor":29.0,"key":"sneckomod:MuddlingPotion"},{"floor":38.0,"key":"Explosive Potion"},{"floor":42.0,"key":"Energy Potion"},{"floor":44.0,"key":"AttackPotion"},{"floor":48,"key":"blueLaboratory:BubblePotion"}],"is_trial":false,"path_per_floor":["M","?","M","$","?","E","R","E","T","?","M","M","M","?","R","B",null,"M","?","$","M","?","R","?","E","T","R","M","M","R","M","R","B",null,"M","?","$","?","?","E","R","E","T","M","R","M","T","M","R","B","M","M"],"character_chosen":"THE_DEFAULT","items_purchased":["DollysMirror","Finesse+1"],"campfire_rested":5,"item_purchase_floors":[37,37],"current_hp_per_floor":[37,30,30,30,30,14,35,10,10,3,5,6,8,8,27,29,56,52,52,52,21,21,21,21,5,5,24,17,19,38,40,40,3,50,29,29,29,30,30,42,42,18,18,28,28,24,24,13,40,48,48,0,0],"gold":493,"neow_bonus":"THREE_RARE_CARDS","is_daily":false,"chose_seed":false,"campfire_upgraded":4,"win_rate":0.0,"timestamp":1613009423,"path_taken":["M","?","M","$","?","E","R","E","T","?","M","M","?","?","R","BOSS","M","?","$","M","?","R","?","E","T","R","M","?","R","M","R","BOSS","M","?","$","?","?","E","R","E","T","M","R","M","?","?","R","BOSS","M","M"],"items_purchased_type":["Relic","Card"],"build_version":"2020-12-22","purchased_purges":3,"victory":false,"max_hp_per_floor":[70,70,70,70,70,70,70,70,70,70,70,70,70,65,65,65,65,65,65,65,65,65,65,65,65,65,65,65,65,65,65,65,65,65,65,65,65,42,42,42,42,42,42,42,42,42,42,42,42,48,48,48,48],"relic_stats":{"Blood Vial":36,"Regal Pillow":15,"counters":[25,126],"Ornamental Fan":[88],"Astrolabe":["theMarked:EmpowerWeapon","theMarked:FavorableWinds","theMarked:MysticalArsenal"],"Kunai":[39],"obtain_stats":[{"HollowMod:QueensCombRelic":38,"Regal Pillow":40,"paleoftheancients:KeyRelic":50,"Golden Idol":14,"Astrolabe":17,"Oddly Smooth Stone":9,"Frozen Egg 2":10,"Blood Vial":8,"paleoftheancients:Timepiece":50,"theMarked:ArtifactOfAir":0,"Anchor":25,"hubris:Icosahedron":22,"DollysMirror":37,"Ornamental Fan":43,"hubris:DeckOfHolding":26,"hubris:ToyBattleship":42,"Kunai":24,"Toxic Egg 2":6,"theMarked:Eyepatch":34},{"HollowMod:QueensCombRelic":17,"Regal Pillow":18,"paleoftheancients:KeyRelic":23,"Golden Idol":7,"Astrolabe":8,"Oddly Smooth Stone":4,"Frozen Egg 2":4,"Blood Vial":4,"paleoftheancients:Timepiece":23,"theMarked:ArtifactOfAir":0,"Anchor":11,"hubris:Icosahedron":10,"DollysMirror":16,"Ornamental Fan":19,"hubris:DeckOfHolding":11,"hubris:ToyBattleship":19,"Kunai":10,"Toxic Egg 2":3,"theMarked:Eyepatch":15},{"HollowMod:QueensCombRelic":78,"Regal Pillow":85,"paleoftheancients:KeyRelic":114,"Golden Idol":28,"Astrolabe":34,"Oddly Smooth Stone":17,"Frozen Egg 2":17,"Blood Vial":17,"paleoftheancients:Timepiece":114,"theMarked:ArtifactOfAir":0,"Anchor":46,"hubris:Icosahedron":42,"DollysMirror":70,"Ornamental Fan":93,"hubris:DeckOfHolding":46,"hubris:ToyBattleship":93,"Kunai":42,"Toxic Egg 2":11,"theMarked:Eyepatch":67}]},"card_choices":[{"not_picked":["theMarked:Challenge","theMarked:Snap"],"picked":"theMarked:Defy","floor":0.0},{"not_picked":["theMarked:WardOff","theMarked:ResourceFulStrike","theMarked:SwordAndMagic"],"picked":"SKIP","floor":1.0},{"not_picked":["theMarked:ResourceFulStrike","theMarked:HeightenedSenses"],"picked":"theMarked:TwofoldDefense","floor":3.0},{"not_picked":["theMarked:MysticalArsenal","theMarked:Frustration"],"picked":"theMarked:UnarmedFury","floor":6.0},{"not_picked":["theMarked:ShockingTouch","theMarked:Reabsorb+1","theMarked:Memento+1"],"picked":"SKIP","floor":8.0},{"not_picked":["theMarked:Static+1","theMarked:EmpowerWeapon+1","theMarked:Frustration"],"picked":"SKIP","floor":11.0},{"not_picked":["theMarked:ParalyzingBlade+1","theMarked:BanishingStrike","theMarked:ResourceFulStrike"],"picked":"SKIP","floor":12.0},{"not_picked":["theMarked:BanishingStrike","theMarked:Parkour","theMarked:ComboAttacks+1"],"picked":"SKIP","floor":13.0},{"not_picked":["theMarked:Aftermath+1","theMarked:Convert+1","theMarked:WastefulAttack"],"picked":"SKIP","floor":18.0},{"not_picked":["theMarked:EmpowerWeapon+1","theMarked:BanishingStrike+1","theMarked:WastefulAttack+1"],"picked":"SKIP","floor":21.0},{"not_picked":["theMarked:SelfDefenseTraining","theMarked:ContemptForTheProud"],"picked":"theMarked:Pokerface+1","floor":25.0},{"not_picked":["theMarked:WastefulAttack+1","theMarked:Heritage+1","theMarked:Parkour"],"picked":"SKIP","floor":28.0},{"not_picked":["theMarked:Parry+1","theMarked:WastefulAttack","theMarked:ChannelForce+1"],"picked":"SKIP","floor":29.0},{"not_picked":["theMarked:Parkour","theMarked:TwofoldDefense+1"],"picked":"theMarked:Improvise+1","floor":31.0},{"not_picked":["theMarked:MagusForm+1","theMarked:ThrowWeapon"],"picked":"theMarked:FavorableWinds+1","floor":33.0},{"not_picked":["theMarked:Seal+1","theMarked:BanishingStrike+1","theMarked:Improvise+1"],"picked":"SKIP","floor":35.0},{"not_picked":["theMarked:Indomitable+1","theMarked:HeightenedSenses+1"],"picked":"theMarked:SuspiciousRaven+1","floor":40.0},{"not_picked":["theMarked:ResourceFulStrike+1","theMarked:Panic+1","theMarked:HeightenedSenses+1"],"picked":"SKIP","floor":42.0},{"not_picked":["theMarked:TakeCover+1","theMarked:SwordAndMagic","theMarked:StartUp+1"],"picked":"SKIP","floor":44.0},{"not_picked":["theMarked:Memento+1","theMarked:Improvise+1"],"picked":"theMarked:ComboAttacks+1","floor":46.0},{"not_picked":["theMarked:Panic+1","theMarked:BanishingStrike","theMarked:EmpowerWeapon+1"],"picked":"SKIP","floor":48}],"player_experience":1108272,"relics_obtained":[{"floor":6.0,"key":"Toxic Egg 2"},{"floor":8.0,"key":"Blood Vial"},{"floor":9.0,"key":"Oddly Smooth Stone"},{"floor":25.0,"key":"Anchor"},{"floor":26.0,"key":"hubris:DeckOfHolding"},{"floor":38.0,"key":"HollowMod:QueensCombRelic"},{"floor":40.0,"key":"Regal Pillow"},{"floor":42.0,"key":"hubris:ToyBattleship"},{"floor":43.0,"key":"Ornamental Fan"}],"event_choices":[{"cards_removed":["theMarked:Strike"],"damage_healed":0.0,"max_hp_gain":0.0,"max_hp_loss":0.0,"gold_gain":0.0,"event_name":"Golden Wing","player_choice":"Card Removal","floor":2.0,"gold_loss":0.0,"damage_taken":7.0},{"damage_healed":0.0,"max_hp_gain":0.0,"max_hp_loss":0.0,"gold_gain":0.0,"event_name":"Liars Game","player_choice":"Ignored","floor":5.0,"gold_loss":0.0,"damage_taken":0.0},{"damage_healed":0.0,"max_hp_gain":0.0,"max_hp_loss":0.0,"gold_gain":0.0,"event_name":"Scrap Ooze","player_choice":"Success","floor":10.0,"gold_loss":0.0,"damage_taken":7.0,"relics_obtained":["Frozen Egg 2"]},{"damage_healed":0.0,"max_hp_gain":0.0,"max_hp_loss":5.0,"gold_gain":0.0,"event_name":"Golden Idol","player_choice":"Lose Max HP","floor":14.0,"gold_loss":0.0,"damage_taken":0.0,"relics_obtained":["Golden Idol"]},{"damage_healed":0.0,"max_hp_gain":0.0,"max_hp_loss":0.0,"gold_gain":0.0,"event_name":"Addict","player_choice":"Obtained Relic","floor":24.0,"gold_loss":85.0,"damage_taken":0.0,"relics_obtained":["Kunai"]},{"damage_healed":0.0,"max_hp_gain":0.0,"max_hp_loss":0.0,"gold_gain":0.0,"event_name":"Mysterious Sphere","player_choice":"Ignored","floor":36.0,"gold_loss":0.0,"damage_taken":0.0},{"damage_healed":0.0,"max_hp_gain":0.0,"max_hp_loss":0.0,"gold_gain":0.0,"event_name":"MindBloom","player_choice":"Fight","floor":38.0,"gold_loss":0.0,"damage_taken":0.0},{"damage_healed":0.0,"max_hp_gain":0.0,"max_hp_loss":0.0,"gold_gain":333.0,"event_name":"The Moai Head","player_choice":"Gave Idol","floor":39.0,"relics_lost":["Golden Idol"],"gold_loss":0.0,"damage_taken":0.0}],"is_beta":false,"boss_relics":[{"not_picked":["Tiny House","hubris:VirtuousBlindfold"],"picked":"Astrolabe"},{"not_picked":["Runic Dome","Snecko Eye"],"picked":"theMarked:Eyepatch"}],"items_purged_floors":[4,20,37],"is_endless":false,"potions_floor_spawned":[3,8,11,13,16,21,29,38,42,44,48,51],"killed_by":"Donu and Deca","ascension_level":7}}