{"host":"smn2tb46ysgs1sad","time":1613081979,"event":{"mods":["AchievementEnabler","Aspiration","BaseMod","Colored Powertips","Downfall","Hermit","Minty Spire (QoL Compilation)","Replay The Spire","StSLib","The Cursed","The Disciple","The Hierophant"],"gold_per_floor":[112,112,31,43,57,90,90,106,106,134,134,59,69,96,96,196,196,213,213,231,84,96,96,96,96,150,163,163,163,189,204,204,304,304,314,69,80,80,80,113,113,123,173,173,190,0,25,37,37,37],"floor_reached":51,"language":"ENG","playtime":2336,"items_purged":["Reflex","TheCursedMod:Strike_TheCursed"],"score":770,"play_id":"788f8a77-06bd-46f5-abf3-0e6e8bf378c9","local_time":"20210211141939","is_ascension_mode":false,"campfire_choices":[{"floor":7.0,"key":"REST"},{"floor":11.0,"key":"REST"},{"floor":15.0,"key":"REST"},{"floor":25,"key":"REST"},{"floor":32,"key":"REST"}],"circlet_count":0,"master_deck":["TheCursedMod:Strike_TheCursed","TheCursedMod:Defend_TheCursed","TheCursedMod:Defend_TheCursed","TheCursedMod:Defend_TheCursed","TheCursedMod:CursedWand","TheCursedMod:CleanUpWorkshop","TheCursedMod:Dregs","TheCursedMod:WearCloak","Sucker Punch","TheCursedMod:LuckyCharm","TheCursedMod:SaltUponWound","TheCursedMod:Torture","TheCursedMod:Mangle","TheCursedMod:Torture","TheCursedMod:Hemoplague","TheCursedMod:VoidForm+1","TheCursedMod:CursedBlade+1","TheCursedMod:Hemoplague","TheCursedMod:DemonSword+1","TheCursedMod:StingEye","TheCursedMod:Hemoplague+1","TheCursedMod:UltimatePain","CommonCold","TheCursedMod:CircleOfAmplification+1"],"relics":["Snecko Eye","PreservedInsect","aspiration:HummingbirdHeart","Lizard Tail","aspiration:ArtOfWarUpgrade","TheCursedMod:FourLeafCloverCharm","Guide Book","Blood Vial","Oddly Smooth Stone","Busted Crown","Lee\u0027s Waffle","Pantograph","Toy Ornithopter","Ring of Fury","ReplayTheSpireMod:Ring of Exchange","Red Mask","Replay:Rubber Ducky"],"acts_visited":["Exordium","TheCity","TheBeyond"],"potions_floor_usage":[30,30,30,30,30,45,47,50],"damage_taken":[{"damage":0.0,"enemies":"Small Slimes","floor":1.0,"turns":3.0},{"damage":4.0,"enemies":"Cultist","floor":4.0,"turns":5.0},{"damage":0.0,"enemies":"Jaw Worm","floor":5.0,"turns":4.0},{"damage":30.0,"enemies":"Lagavulin","floor":6.0,"turns":6.0},{"damage":15.0,"enemies":"Exordium Thugs","floor":8.0,"turns":5.0},{"damage":18.0,"enemies":"Gremlin Nob","floor":10.0,"turns":4.0},{"damage":3.0,"enemies":"2 Fungi Beasts","floor":13.0,"turns":5.0},{"damage":35.0,"enemies":"3 Sentries","floor":14.0,"turns":9.0},{"damage":35.0,"enemies":"Slime Boss","floor":16.0,"turns":12.0},{"damage":0,"enemies":"3 Byrds","floor":18,"turns":4},{"damage":27,"enemies":"2 Thieves","floor":20,"turns":5},{"damage":18,"enemies":"Cultist and Chosen","floor":22,"turns":4},{"damage":0,"enemies":"Chosen and Byrds","floor":27,"turns":4},{"damage":13,"enemies":"Slavers","floor":30,"turns":3},{"damage":36,"enemies":"Sentry and Sphere","floor":31,"turns":7},{"damage":46,"enemies":"Champ","floor":33,"turns":12},{"damage":0,"enemies":"Orb Walker","floor":35,"turns":3},{"damage":21,"enemies":"3 Darklings","floor":37,"turns":5},{"damage":0,"enemies":"R_Hoarder","floor":40,"turns":4},{"damage":10,"enemies":"Sphere and 2 Shapes","floor":42,"turns":4},{"damage":19,"enemies":"Maw","floor":45,"turns":7},{"damage":26,"enemies":"Nemesis","floor":47,"turns":5},{"damage":1,"enemies":"Transient","floor":48,"turns":5},{"damage":34,"enemies":"Time Eater","floor":50,"turns":8}],"seed_played":"-5160669614789580069","potions_obtained":[{"floor":5.0,"key":"Guardian:BlockOnCardUsePotion"},{"floor":6.0,"key":"Flashbang"},{"floor":8.0,"key":"sneckomod:MuddlingPotion"},{"floor":18,"key":"Elixir"},{"floor":20,"key":"EntropicBrew"},{"floor":35,"key":"SkillPotion"},{"floor":45,"key":"SkillPotion"},{"floor":48,"key":"AttackPotion"},{"floor":49,"key":"Flashbang"},{"floor":49,"key":"Guardian:BlockOnCardUsePotion"}],"is_trial":false,"path_per_floor":["M","?","$","M","M","E","R","M","T","E","R","$","M","E","R","B",null,"M","?","M","$","M","R","$","R","T","M","?","?","E","M","R","B",null,"M","$","M","?","?","E","R","M","T","?","M","?","E","M","R","B",null],"character_chosen":"THE_CURSED","items_purchased":["TheCursedMod:LuckyCharm","Guide Book","Lee\u0027s Waffle"],"campfire_rested":5,"item_purchase_floors":[3,21,36],"current_hp_per_floor":[75,75,75,71,71,41,63,48,48,30,52,52,49,14,36,1,75,75,75,48,48,30,30,30,52,52,54,54,54,43,9,31,31,75,75,82,61,61,61,63,63,55,55,55,43,43,24,25,25,23],"gold":37,"neow_bonus":"BOSS_RELIC","is_daily":false,"chose_seed":false,"campfire_upgraded":0,"win_rate":0.0,"timestamp":1613081979,"path_taken":["M","?","$","M","M","E","R","M","T","E","R","$","?","E","R","BOSS","M","?","M","$","M","R","?","R","T","M","?","?","E","?","R","BOSS","M","$","M","?","?","E","R","M","T","?","M","?","E","M","R","BOSS"],"items_purchased_type":["Card","Relic","Relic"],"build_version":"2020-12-22","purchased_purges":2,"victory":true,"max_hp_per_floor":[75,75,75,75,75,75,75,75,75,75,75,75,75,75,75,75,75,75,75,75,75,75,75,75,75,75,75,75,75,75,75,75,75,75,75,82,82,82,82,82,82,82,82,82,82,82,82,82,82,82],"card_choices":[{"not_picked":["TheCursedMod:Stigma","TheCursedMod:CursedShiv"],"picked":"TheCursedMod:WearCloak","floor":1.0},{"not_picked":["TheCursedMod:CursedSpellbook","TheCursedMod:ReleasedKnowledge"],"picked":"TheCursedMod:SaltUponWound","floor":4.0},{"not_picked":["TheCursedMod:CursedAmulet","TheCursedMod:FuryStrike"],"picked":"TheCursedMod:Torture","floor":5.0},{"not_picked":["TheCursedMod:DarkBarrier","TheCursedMod:CursedArmor","TheCursedMod:LuckyCharm"],"picked":"SKIP","floor":6.0},{"not_picked":["TheCursedMod:CursedAmulet","TheCursedMod:RapidMovement"],"picked":"TheCursedMod:Mangle","floor":8.0},{"not_picked":["TheCursedMod:AshesToAshes","TheCursedMod:EmpowerCircles"],"picked":"TheCursedMod:Torture","floor":10.0},{"not_picked":["TheCursedMod:TroublousMinions","TheCursedMod:PrepareRite","TheCursedMod:CursedSpellbook"],"picked":"SKIP","floor":13.0},{"not_picked":["TheCursedMod:FleshFromBone","TheCursedMod:CircleOfFocus"],"picked":"TheCursedMod:Hemoplague","floor":14.0},{"not_picked":["TheCursedMod:Neurasthenia","TheCursedMod:AntiAging"],"picked":"TheCursedMod:VoidForm","floor":16.0},{"not_picked":["TheCursedMod:AshesToAshes","TheCursedMod:EmpowerCircles"],"picked":"TheCursedMod:CursedBlade+1","floor":18},{"not_picked":["TheCursedMod:CursedShiv+1","TheCursedMod:CircleOfCorruption"],"picked":"TheCursedMod:DemonSword","floor":20},{"not_picked":["TheCursedMod:CursedMace","TheCursedMod:RavingStaff+1","TheCursedMod:SpitefulStrike"],"picked":"SKIP","floor":22},{"not_picked":["TheCursedMod:CursedAmulet","TheCursedMod:Stretching","TheCursedMod:TacticalStrike"],"picked":"SKIP","floor":27},{"not_picked":["TheCursedMod:LuckyCharm","TheCursedMod:SoulCrush"],"picked":"TheCursedMod:StingEye","floor":30},{"not_picked":["TheCursedMod:HellfireBreathing","TheCursedMod:CircleOfFlame+1"],"picked":"TheCursedMod:Hemoplague+1","floor":31},{"not_picked":["TheCursedMod:Neurasthenia","TheCursedMod:ManaCirculation"],"picked":"TheCursedMod:UltimatePain","floor":33},{"not_picked":["TheCursedMod:LuckyCharm+1"],"picked":"SKIP","floor":35},{"not_picked":["TheCursedMod:Obscuration"],"picked":"SKIP","floor":37},{"not_picked":["TheCursedMod:CursedBlade+1"],"picked":"SKIP","floor":40},{"not_picked":["TheCursedMod:Obscuration"],"picked":"SKIP","floor":42},{"not_picked":[],"picked":"TheCursedMod:CircleOfAmplification+1","floor":45},{"not_picked":["TheCursedMod:Obscuration"],"picked":"SKIP","floor":47},{"not_picked":["TheCursedMod:CursedBlade+1"],"picked":"SKIP","floor":48}],"player_experience":181413,"relics_obtained":[{"floor":6.0,"key":"PreservedInsect"},{"floor":9.0,"key":"aspiration:HummingbirdHeart"},{"floor":10.0,"key":"Lizard Tail"},{"floor":14.0,"key":"Art of War"},{"floor":26,"key":"Blood Vial"},{"floor":30,"key":"Oddly Smooth Stone"},{"floor":40,"key":"Pantograph"},{"floor":43,"key":"Toy Ornithopter"},{"floor":44,"key":"Ring of Fury"},{"floor":44,"key":"ReplayTheSpireMod:Ring of Exchange"},{"floor":47,"key":"Replay:Rubber Ducky"}],"event_choices":[{"damage_healed":0,"gold_gain":0,"player_choice":"Copied","damage_taken":0,"max_hp_gain":0,"max_hp_loss":0,"event_name":"Duplicator","floor":19,"gold_loss":0,"cards_obtained":["TheCursedMod:Hemoplague"]},{"damage_healed":0,"gold_gain":0,"player_choice":"Ignored","damage_taken":0,"max_hp_gain":0,"max_hp_loss":0,"event_name":"Ghosts","floor":28,"gold_loss":0},{"cards_removed":["Bane"],"damage_healed":0,"gold_gain":0,"player_choice":"Took Card","damage_taken":0,"max_hp_gain":0,"max_hp_loss":0,"event_name":"NoteForYourself","floor":29,"gold_loss":0,"cards_obtained":["Iron Wave"]},{"cards_removed":["Iron Wave"],"damage_healed":0,"gold_gain":0,"player_choice":"Removed Attack","damage_taken":0,"max_hp_gain":0,"max_hp_loss":0,"event_name":"Falling","floor":38,"gold_loss":0},{"damage_healed":0,"gold_gain":0,"player_choice":"Memory 1","damage_taken":0,"max_hp_gain":0,"max_hp_loss":0,"event_name":"SensoryStone","floor":39,"gold_loss":0},{"damage_healed":0,"gold_gain":0,"player_choice":"Paid","damage_taken":0,"relics_obtained":["Red Mask"],"max_hp_gain":0,"max_hp_loss":0,"event_name":"Tomb of Lord Red Mask","floor":46,"gold_loss":190}],"is_beta":false,"boss_relics":[{"not_picked":["aspiration:SecretTechniqueScroll","Replay:Grab Bag"],"picked":"TheCursedMod:FourLeafCloverCharm"},{"not_picked":["Tiny House","Replay:Drink Me"],"picked":"Busted Crown"}],"items_purged_floors":[12,36],"is_endless":false,"potions_floor_spawned":[5,6,8,10,14,18,20,35,45,48],"ascension_level":0}}