{"host":"guk5h31bsklpp7e4","time":1613006157,"event":{"mods":["AchievementEnabler","BaseMod","Colored Map","Colored Powertips","Highlight Path","Minty Spire (QoL Compilation)","Quick Restart"],"gold_per_floor":[114,134,84,84,84,99,99,139,139,153,173,193,118,158,158,284,284,299,299,299,313,338,338,338,338],"floor_reached":24,"language":"ENG","playtime":1096,"items_purged":["Strike_R"],"score":258,"play_id":"4f4ade48-eb62-4081-90ab-7593de904527","local_time":"20210210201557","is_ascension_mode":true,"campfire_choices":[{"data":"Disarm","floor":7,"key":"SMITH"},{"floor":15,"key":"REST"},{"data":"Double Tap","floor":23,"key":"SMITH"}],"circlet_count":0,"master_deck":["Strike_R","Strike_R","Strike_R","Defend_R","Defend_R","Defend_R","Defend_R","Bash+1","Disarm+1","Rampage+1","Headbutt+1","Rampage+1","Spot Weakness","Flame Barrier","Double Tap+1","Inflame","RitualDagger","Rampage+1","Flex"],"relics":["Black Blood","Golden Idol","Bottled Flame","Pen Nib","Tiny Chest","Whetstone"],"acts_visited":["Exordium","TheCity"],"potions_floor_usage":[8,16,16],"damage_taken":[{"damage":7,"enemies":"2 Louse","floor":1,"turns":3},{"damage":0,"enemies":"Small Slimes","floor":2,"turns":3},{"damage":1,"enemies":"Cultist","floor":6,"turns":3},{"damage":19,"enemies":"Lagavulin","floor":8,"turns":4},{"damage":9,"enemies":"Looter","floor":10,"turns":3},{"damage":4,"enemies":"Large Slime","floor":11,"turns":4},{"damage":13,"enemies":"Exordium Thugs","floor":12,"turns":5},{"damage":29,"enemies":"Gremlin Nob","floor":14,"turns":4},{"damage":25,"enemies":"Slime Boss","floor":16,"turns":10},{"damage":12,"enemies":"3 Byrds","floor":18,"turns":5},{"damage":16,"enemies":"Spheric Guardian","floor":21,"turns":4},{"damage":38,"enemies":"Slavers","floor":24,"turns":3}],"seed_played":"2581177361672220582","potions_obtained":[{"floor":1,"key":"EssenceOfSteel"},{"floor":2,"key":"SneckoOil"},{"floor":10,"key":"SpeedPotion"},{"floor":14,"key":"SkillPotion"},{"floor":21,"key":"SpeedPotion"}],"is_trial":false,"path_per_floor":["M","M","?","?","?","M","R","E","T","M","M","M","$","E","R","B",null,"M","?","?","M","T","R","E"],"character_chosen":"IRONCLAD","items_purchased":[],"campfire_rested":1,"item_purchase_floors":[],"current_hp_per_floor":[79,80,80,60,60,65,65,52,52,49,51,44,44,21,45,26,67,67,61,61,57,57,57,19,19],"gold":338,"neow_bonus":"UPGRADE_CARD","is_daily":false,"chose_seed":false,"campfire_upgraded":2,"win_rate":0.0,"timestamp":1613006157,"path_taken":["M","M","?","?","?","M","R","E","T","M","?","M","$","E","R","BOSS","M","?","?","?","?","R","E"],"items_purchased_type":[],"build_version":"2020-12-22","purchased_purges":1,"victory":false,"max_hp_per_floor":[80,80,80,80,80,80,80,80,80,80,80,80,80,80,80,80,80,80,80,80,80,80,80,80,80],"card_choices":[{"not_picked":["Armaments","Havoc"],"picked":"Disarm","floor":1},{"not_picked":["Infernal Blade","Twin Strike"],"picked":"Rampage","floor":2},{"not_picked":["Searing Blow","Rupture","Anger"],"picked":"SKIP","floor":6},{"not_picked":["Infernal Blade","Second Wind"],"picked":"Headbutt","floor":8},{"not_picked":["Twin Strike","Armaments"],"picked":"Rampage","floor":10},{"not_picked":["Evolve","Whirlwind"],"picked":"Spot Weakness","floor":11},{"not_picked":["Havoc","Evolve","Brutality"],"picked":"SKIP","floor":12},{"not_picked":["Havoc","Reckless Charge"],"picked":"Flame Barrier","floor":14},{"not_picked":["Corruption","Reaper"],"picked":"Double Tap","floor":16},{"not_picked":["Pommel Strike","Heavy Blade+1"],"picked":"Inflame","floor":18},{"not_picked":["Twin Strike","Pummel"],"picked":"Flex","floor":21}],"player_experience":336684,"relics_obtained":[{"floor":8,"key":"Bottled Flame"},{"floor":9,"key":"Pen Nib"},{"floor":14,"key":"Tiny Chest"},{"floor":22,"key":"Whetstone"}],"event_choices":[{"cards_removed":["Strike_R"],"damage_healed":0,"gold_gain":0,"player_choice":"Card Removal","damage_taken":0,"max_hp_gain":0,"max_hp_loss":0,"event_name":"The Cleric","floor":3,"gold_loss":50},{"damage_healed":0,"gold_gain":0,"player_choice":"Take Damage","damage_taken":20,"relics_obtained":["Golden Idol"],"max_hp_gain":0,"max_hp_loss":0,"event_name":"Golden Idol","floor":4,"gold_loss":0},{"damage_healed":0,"gold_gain":0,"player_choice":"Forge","damage_taken":0,"max_hp_gain":0,"max_hp_loss":0,"event_name":"Accursed Blacksmith","floor":5,"gold_loss":0,"cards_upgraded":["Rampage"]},{"damage_healed":0,"gold_gain":0,"player_choice":"Joined the Cult","damage_taken":6,"max_hp_gain":0,"max_hp_loss":0,"event_name":"Nest","floor":19,"gold_loss":0,"cards_obtained":["RitualDagger"]},{"damage_healed":0,"gold_gain":0,"player_choice":"Copied","damage_taken":0,"max_hp_gain":0,"max_hp_loss":0,"event_name":"Duplicator","floor":20,"gold_loss":0,"cards_obtained":["Rampage"]}],"is_beta":false,"boss_relics":[{"not_picked":["Runic Cube","Pandora\u0027s Box"],"picked":"Black Blood"}],"items_purged_floors":[13],"is_endless":false,"potions_floor_spawned":[1,2,10,14,21],"killed_by":"Slavers","ascension_level":5}}