{"host":"3ovdp3kj1t94ivgi","time":1613051088,"event":{"mods":["BaseMod","Downfall","Luminous","Minty Spire (QoL Compilation)","Shade Mod","StSLib","The Necromancer"],"gold_per_floor":[113,213,229,3,278,303,322,337,337,337,349,349,366,423,423,525,525,535,4,0,0,10,40,40,56,83,83,98,47,47,60,60,163,163,181,197,197,210,85,85,110,128,128,128,138,153,180,180,180,180],"floor_reached":51,"language":"ENG","playtime":4048,"items_purged":["downfall:Malfunctioning","downfall:Haunted","downfall:Haunted"],"score":779,"play_id":"c7947fa2-2477-454a-a08d-e362d3ccd888","local_time":"20210211214448","is_ascension_mode":false,"campfire_choices":[{"data":"Death_March_Dance","floor":10,"key":"SMITH"},{"floor":15,"key":"REST"},{"data":"Summon_Vampire_Lady","floor":24,"key":"SMITH"},{"data":"Negative_Energy_Burst","floor":27,"key":"SMITH"},{"data":"Shade_Step","floor":30,"key":"SMITH"},{"floor":32,"key":"REST"},{"data":"Summon_Lich","floor":40,"key":"SMITH"},{"data":"Requiem","floor":44,"key":"SMITH"},{"floor":49,"key":"REST"}],"circlet_count":0,"master_deck":["Strike_W","Strike_W","Defend_W","Defend_W","Defend_W","Bone_Wall","Siphon_Strength","Reap_The_Weak","Decay","Doubt","Epidemic","Regret","Shade_Step+1","Death_March_Dance+1","Summon_Vampire_Lady+1","Negative_Energy_Burst","Siphon_Strength","Plague_Bolt","Life_Drain","Requiem+1","Toxic_Smoke_Screen","Negative_Energy_Burst+1","Summon_Undead_Army","Spectral_Armor","Deaths_Shadow+1","Bone_Armory+1","Negative_Energy_Shield+1","Death_March_Dance+1","Hellfire","Summon_Undead_Army+1","Hellfire+1","Blood_Wake+1","Summon_Lich+1","Whirlwind_of_Bones","Spectral_Walk+1","Bone_Armory+1","Blood_Is_Power+1","Bones_to_Steel+1","Writhe"],"relics":["Vampire_Amulet","NeowsBlessing","Du-Vu Doll","PreservedInsect","Thread and Needle","Mummified Hand","Kunai","Philosopher\u0027s Stone","Darkstone Periapt","Matryoshka","Juzu Bracelet","Vajra","Astrolabe","Oddly Smooth Stone","Molten Egg 2","Bottled Lightning","Frozen Egg 2"],"acts_visited":["Exordium","TheCity","TheBeyond"],"potions_floor_usage":[11,16,16,28,31,33,33,45,50,50],"damage_taken":[{"damage":0,"enemies":"Small Slimes","floor":1,"turns":2},{"damage":0,"enemies":"Jaw Worm","floor":3,"turns":1},{"damage":0,"enemies":"Gremlin Nob","floor":6,"turns":1},{"damage":6,"enemies":"Cultist","floor":7,"turns":4},{"damage":2,"enemies":"Looter","floor":8,"turns":2},{"damage":6,"enemies":"Gremlin Gang","floor":11,"turns":4},{"damage":17,"enemies":"Large Slime","floor":13,"turns":4},{"damage":59,"enemies":"Gremlin Nob","floor":14,"turns":6},{"damage":40,"enemies":"Slime Boss","floor":16,"turns":7},{"damage":10,"enemies":"Chosen","floor":18,"turns":3},{"damage":17,"enemies":"Spheric Guardian","floor":22,"turns":4},{"damage":15,"enemies":"Book of Stabbing","floor":23,"turns":4},{"damage":26,"enemies":"Centurion and Healer","floor":25,"turns":5},{"damage":15,"enemies":"Snake Plant","floor":28,"turns":2},{"damage":16,"enemies":"3 Cultists","floor":31,"turns":5},{"damage":50,"enemies":"Collector","floor":33,"turns":12},{"damage":10,"enemies":"Orb Walker","floor":35,"turns":2},{"damage":0,"enemies":"3 Shapes","floor":36,"turns":3},{"damage":3,"enemies":"Spire Growth","floor":38,"turns":4},{"damage":17,"enemies":"Reptomancer","floor":41,"turns":4},{"damage":31,"enemies":"Maw","floor":42,"turns":6},{"damage":6,"enemies":"Sphere and 2 Shapes","floor":45,"turns":4},{"damage":39,"enemies":"Jaw Worm Horde","floor":46,"turns":4},{"damage":16,"enemies":"Nemesis","floor":47,"turns":5},{"damage":67,"enemies":"Time Eater","floor":50,"turns":10}],"seed_played":"916859922202375624","potions_obtained":[{"floor":3,"key":"Fire Potion"},{"floor":6,"key":"bronze:BurnAndBuffPotion"},{"floor":7,"key":"Slimebound:ThreeZeroPotion"},{"floor":14,"key":"Swift Potion"},{"floor":23,"key":"EssenceOfSteel"},{"floor":25,"key":"Energy Potion"},{"floor":36,"key":"Fire Potion"},{"floor":45,"key":"sneckomod:MuddlingPotion"},{"floor":46,"key":"FearPotion"},{"floor":47,"key":"GamblersBrew"}],"is_trial":false,"path_per_floor":["M","?","M","$","?","E","M","M","T","R","M","?","M","?","R","B",null,"M","$","?","?","M","E","R","M","T","R","M","$","R","M","R","B",null,"M","M","?","M","$","R","E","M","T","R","M","M","E","?","R","B",null],"character_chosen":"NECROMANCER","items_purchased":["PreservedInsect","Negative_Energy_Burst","Summon_Undead_Army","Darkstone Periapt","Spectral_Armor","SkillPotion"],"campfire_rested":3,"item_purchase_floors":[4,19,19,19,19,29],"current_hp_per_floor":[75,80,80,80,80,80,76,76,76,76,80,80,73,25,49,39,80,72,72,72,72,75,68,68,58,58,58,51,51,51,47,71,67,80,75,80,80,80,80,80,69,46,46,46,58,31,29,55,80,36],"gold":180,"neow_bonus":"THREE_ENEMY_KILL","is_daily":false,"chose_seed":false,"campfire_upgraded":6,"win_rate":0.0,"timestamp":1613051088,"path_taken":["M","?","M","$","?","E","?","M","T","R","M","?","?","?","R","BOSS","M","$","?","?","M","E","R","M","T","R","M","?","R","M","R","BOSS","M","M","?","M","$","R","E","M","T","R","M","M","E","?","R","BOSS"],"items_purchased_type":["Relic","Card","Card","Relic","Card","Potion"],"build_version":"2020-12-13","purchased_purges":3,"victory":true,"max_hp_per_floor":[75,80,80,80,80,80,80,80,80,80,80,80,80,80,80,80,80,80,80,80,80,80,80,80,80,80,80,80,80,80,80,80,80,80,80,80,80,80,80,80,80,80,80,80,80,80,80,86,86,86],"card_choices":[{"not_picked":["Chill_Blood","Bone_Bullets"],"picked":"Siphon_Strength","floor":1},{"not_picked":["Bone_Spikes","Chill_Blood"],"picked":"Epidemic","floor":3},{"not_picked":["Summon_Undead_Army","Bone_Bullets"],"picked":"Shade_Step","floor":6},{"not_picked":["Bone_Shift","Negative_Energy_Mist"],"picked":"Death_March_Dance","floor":7},{"not_picked":["Bone_Spikes","Bone_Shift"],"picked":"Summon_Vampire_Lady","floor":8},{"not_picked":["Blood_Whip","Consume_Illness"],"picked":"Negative_Energy_Burst","floor":11},{"not_picked":["Negative_Energy_Mist","Bone_Bullets"],"picked":"Plague_Bolt","floor":13},{"not_picked":["Exploit","Death_Coil"],"picked":"Life_Drain","floor":14},{"not_picked":["Reap_The_Weak","Skeleton_Dragon"],"picked":"Requiem","floor":16},{"not_picked":["Blood_Curse","Shackles_Of_Pain+1"],"picked":"Toxic_Smoke_Screen","floor":18},{"not_picked":["Consume_Illness","Bones_to_Steel"],"picked":"Deaths_Shadow+1","floor":22},{"not_picked":["Bones_to_Steel+1","Bone_Spikes"],"picked":"Corrupt+1","floor":23},{"not_picked":["Bone_Shift","Requiem"],"picked":"Bone_Armory+1","floor":25},{"not_picked":["Negative_Energy_Sphere","Death_Coil"],"picked":"Negative_Energy_Shield+1","floor":28},{"not_picked":["Toxic_Smoke_Screen","Violent_Necrosis"],"picked":"Death_March_Dance+1","floor":31},{"not_picked":["Requiem","Summon_Death_Knight"],"picked":"Hellfire","floor":33},{"not_picked":["Death_March_Dance+1","Finger_Of_Death"],"picked":"Summon_Lich","floor":35},{"not_picked":["Blood_for_Blood","Finger_Of_Death"],"picked":"Whirlwind_of_Bones","floor":36},{"not_picked":["Scare","Corrupt+1"],"picked":"Spectral_Walk+1","floor":38},{"not_picked":["Negative_Energy_Mist+1","Detonate_Bones"],"picked":"Bone_Armory+1","floor":41},{"not_picked":["Negative_Energy_Mist+1","Bone_Spikes","Shackles_Of_Pain+1"],"picked":"SKIP","floor":42},{"not_picked":["Exploit+1","Bone_Armor+1","Blood_Whip+1"],"picked":"SKIP","floor":45},{"not_picked":["Plague_Bolt+1","Spectral_Walk+1"],"picked":"Blood_Is_Power+1","floor":46},{"not_picked":["Finger_Of_Death+1","Exploit+1"],"picked":"Bones_to_Steel+1","floor":47}],"player_experience":55125,"relics_obtained":[{"floor":6,"key":"Thread and Needle"},{"floor":9,"key":"Mummified Hand"},{"floor":14,"key":"Kunai"},{"floor":23,"key":"Matryoshka"},{"floor":26,"key":"Juzu Bracelet"},{"floor":26,"key":"Vajra"},{"floor":41,"key":"Oddly Smooth Stone"},{"floor":43,"key":"Molten Egg 2"},{"floor":43,"key":"Bottled Lightning"},{"floor":47,"key":"Frozen Egg 2"}],"event_choices":[{"damage_healed":0,"gold_gain":275,"player_choice":"Desecrate","damage_taken":0,"max_hp_gain":0,"max_hp_loss":0,"event_name":"Golden Shrine","floor":5,"gold_loss":0,"cards_obtained":["Regret"]},{"damage_healed":0,"gold_gain":0,"cards_transformed":["Negative_Energy_Arrows"],"player_choice":"Transformed","damage_taken":0,"max_hp_gain":0,"max_hp_loss":0,"event_name":"Transmorgrifier","floor":12,"gold_loss":0,"cards_obtained":["Siphon_Strength"]},{"damage_healed":0,"gold_gain":0,"player_choice":"Searched \u00271\u0027 times","damage_taken":0,"max_hp_gain":0,"max_hp_loss":0,"event_name":"Dead Adventurer","floor":14,"gold_loss":0},{"damage_healed":0,"gold_gain":0,"player_choice":"Paid Fearfully","damage_taken":0,"max_hp_gain":0,"max_hp_loss":0,"event_name":"Masked Bandits","floor":20,"gold_loss":4},{"damage_healed":0,"gold_gain":0,"player_choice":"Ignored","damage_taken":0,"max_hp_gain":0,"max_hp_loss":0,"event_name":"Ghosts","floor":21,"gold_loss":0},{"cards_removed":["Corrupt"],"damage_healed":0,"gold_gain":0,"player_choice":"Removed Skill","damage_taken":0,"max_hp_gain":0,"max_hp_loss":0,"event_name":"Falling","floor":37,"gold_loss":0},{"damage_healed":20,"gold_gain":0,"player_choice":"Writhe","damage_taken":0,"max_hp_gain":0,"max_hp_loss":0,"event_name":"Winding Halls","floor":48,"gold_loss":0,"cards_obtained":["Writhe"]}],"is_beta":false,"boss_relics":[{"not_picked":["Fusion Hammer","Coffee Dripper"],"picked":"Philosopher\u0027s Stone"},{"not_picked":["Busted Crown","Velvet Choker"],"picked":"Astrolabe"}],"items_purged_floors":[4,19,39],"is_endless":false,"potions_floor_spawned":[3,6,7,14,23,25,36,45,46,47],"ascension_level":0}}