{"host":"0cnf9zf1gia27zti","time":1613010342,"event":{"mods":["BaseMod","Better Third Choice","BetterRewards","Card Forge","ChefMod","Colored Map","Colored Powertips","Conspire","Downfall","Googly Eyes","Infinite Spire","Minty Spire (QoL Compilation)","Practice Mode","Quick Restart","Replay The Spire","Shade Mod","Spicy Shops","StSLib","The Marked"],"gold_per_floor":[112,112,112,112,112,112,132,152,152,177,177,197,226,29,29,105,155,175,186,186,49,49,81,92,92,92,105,105,37,37,66,66,144,144,158,158,172,190,190,190,218,229,276,276,288,299,41,61,61,61],"floor_reached":51,"language":"ENG","playtime":8681,"items_purged":["Strike_G","Defend_G"],"score":1976,"play_id":"edbf1f1f-cccf-41b0-98f3-ab4ce823d304","local_time":"20210211022542","is_ascension_mode":true,"campfire_choices":[{"floor":40,"key":"DIG"},{"data":"infinitespire:Collect","floor":44,"key":"SMITH"}],"circlet_count":0,"master_deck":["AscendersBane","Defend_G+1","Defend_G+1","Survivor","Neutralize+1","Footwork+1","Poison Darts+1","Blur+1","Noxious Fumes+1","Prepared+1","Mayhem+1","Footwork+1","Prepared+1","infinitespire:Collect+1","Poison Darts+1","Footwork+1","Catalyst+1","Catalyst+1","Footwork+1"],"relics":["Ring of the Snake","Hammer of Thor","Seething Fire","Anvil of the Gods","Replay:Wax Seal","sneckomod:BlankCard","Replay:Multitool","Matryoshka","Membership Card","Blue Doll","Juzu Bracelet","Odd Mushroom","conspire:TopHat","Quantum Egg","Art of War","WingedGreaves","Chemical X","Mummified Hand","Tiny House","MutagenicStrength","Pantograph","Happy Flower","Bottled Tornado","War Paint","Replay:Mystery Machine","Regal Pillow","Question Card","Gremlin Horn","Strawberry","infinitespire:Lucky Rock","Golden Egg","Guide Book"],"acts_visited":["Exordium","TheCity","TheBeyond"],"potions_floor_usage":[8,16,29,45,50],"damage_taken":[{"damage":0,"enemies":"Cultist","floor":1,"turns":4},{"damage":12,"enemies":"infinitespire:Voidling","floor":7,"turns":4},{"damage":1,"enemies":"The Mushroom Lair","floor":8,"turns":3},{"damage":8,"enemies":"Replay:BlueRogue","floor":10,"turns":4},{"damage":4,"enemies":"Jaw Worm","floor":12,"turns":2},{"damage":13,"enemies":"Gremlin Nob","floor":13,"turns":3},{"damage":0,"enemies":"Hexaghost","floor":16,"turns":7},{"damage":0,"enemies":"Shell Parasite","floor":18,"turns":3},{"damage":0,"enemies":"3 Byrds","floor":19,"turns":3},{"damage":0,"enemies":"conspire:SneckoGhost","floor":23,"turns":5},{"damage":0,"enemies":"3 Cultists","floor":24,"turns":4},{"damage":0,"enemies":"Snake Plant","floor":27,"turns":3},{"damage":0,"enemies":"Gremlin Leader","floor":29,"turns":4},{"damage":0,"enemies":"Slavers","floor":31,"turns":3},{"damage":1,"enemies":"Champ","floor":33,"turns":7},{"damage":0,"enemies":"3 Darklings","floor":35,"turns":3},{"damage":0,"enemies":"3 Shapes","floor":37,"turns":3},{"damage":0,"enemies":"Maw","floor":38,"turns":4},{"damage":0,"enemies":"R_Hoarder","floor":41,"turns":5},{"damage":0,"enemies":"3 Darklings","floor":42,"turns":3},{"damage":0,"enemies":"Transient","floor":45,"turns":5},{"damage":0,"enemies":"Sphere and 2 Shapes","floor":46,"turns":3},{"damage":11,"enemies":"Jaw Worm Horde","floor":48,"turns":3},{"damage":0,"enemies":"Time Eater","floor":50,"turns":7}],"seed_played":"-6478186446934659633","potions_obtained":[{"floor":1,"key":"Fire Potion"},{"floor":10,"key":"Guardian:BlockOnCardUsePotion"},{"floor":17,"key":"SteroidPotion"},{"floor":18,"key":"Venom Potion"},{"floor":24,"key":"PowerPotion"},{"floor":35,"key":"Strength Potion"},{"floor":42,"key":"ColorlessPotion"}],"is_trial":false,"path_per_floor":["M","?","?","?","$","R","M","?","T","E","?","M","E","$","R","B",null,"M","M","?","$","?","E","M","?","T","M","$","E","AVR","E","R_BF","B",null,"M","?","M","M","AVR","R","E","M","T","R","M","M","$","M","R","B",null],"character_chosen":"THE_SILENT","items_purchased":["Replay:Wax Seal","sneckomod:BlankCard","Footwork","Replay:Multitool","Matryoshka","Crippling Poison+1","Membership Card","Blue Doll","Bane+1","Juzu Bracelet","Poison Darts","Chemical X","Mummified Hand","Mayhem+1","Footwork","Catalyst","Footwork","Golden Egg","Guide Book"],"campfire_rested":0,"item_purchase_floors":[0,0,0,0,0,0,0,0,0,0,0,14,14,21,21,47,47,47,47],"current_hp_per_floor":[59,59,59,59,59,59,59,58,58,50,50,46,33,33,52,52,68,68,68,68,68,68,68,68,68,68,68,68,68,68,68,71,70,71,71,71,71,71,71,71,78,78,78,78,78,78,78,67,78,78],"gold":61,"neow_bonus":"","is_daily":false,"chose_seed":false,"campfire_upgraded":1,"win_rate":0.0,"timestamp":1613010342,"path_taken":["M","?","?","?","$","R","M","?","T","E","?","M","E","$","R","BOSS","M","M","?","$","?","E","M","?","T","M","$","E","AVR","E","R_BF","BOSS","M","?","M","M","AVR","R","E","M","T","R","M","M","$","M","R","BOSS"],"items_purchased_type":["Relic","Relic","Card","Relic","Relic","Card","Relic","Relic","Card","Relic","Card","Relic","Relic","Card","Card","Card","Card","Relic","Relic"],"build_version":"2020-12-22","purchased_purges":2,"victory":true,"max_hp_per_floor":[66,66,66,66,66,66,66,66,66,66,66,66,66,66,66,66,71,71,71,71,71,71,71,71,71,71,71,71,71,71,71,71,71,71,71,71,71,71,71,71,78,78,78,78,78,78,78,78,78,78],"card_choices":[{"not_picked":["Acrobatics","Underhanded Strike"],"picked":"Blur","floor":1},{"not_picked":["Acrobatics","ReplayTheSpireMod:Tripwire","Blade Dance"],"picked":"SKIP","floor":7},{"not_picked":["Outmaneuver","Infinite Blades","Draining Mist"],"picked":"SKIP","floor":10},{"not_picked":["Glass Knife","Accuracy","Sucker Punch"],"picked":"SKIP","floor":12},{"not_picked":["Slice","ReplayTheSpireMod:Tripwire","PiercingWail"],"picked":"SKIP","floor":13},{"not_picked":["Underhanded Strike","Well Laid Plans","Deadly Poison"],"picked":"SKIP","floor":18},{"not_picked":["Slice","Escape Plan"],"picked":"Prepared","floor":19},{"not_picked":["ReplayTheSpireMod:Exploit Weakness","Deadly Poison","Accuracy+1"],"picked":"SKIP","floor":23},{"not_picked":["Dodge and Roll+1","conspire:DoublingDagger","Outmaneuver"],"picked":"SKIP","floor":24},{"not_picked":["Hidden Blade","Dagger Throw+1"],"picked":"Prepared","floor":27},{"not_picked":["Sucker Punch","Tactician","Dash"],"picked":"SKIP","floor":29},{"not_picked":["After Image","Acrobatics"],"picked":"Skewer","floor":31},{"not_picked":["Masterful Stab+1","Deadly Poison","Distraction"],"picked":"SKIP","floor":35},{"not_picked":["Sucker Punch","Finisher+1"],"picked":"Footwork","floor":37},{"not_picked":["Flying Knee","Backstab","Dagger Spray"],"picked":"SKIP","floor":38},{"not_picked":["Atom Bomb","Dodge and Roll","Hidden Blade","Sucker Punch"],"picked":"SKIP","floor":41},{"not_picked":["PiercingWail+1","Predator+1","Deadly Poison","Hidden Blade"],"picked":"SKIP","floor":42},{"not_picked":["Tactician","Dagger Throw","Dash","Quick Slash+1"],"picked":"SKIP","floor":45},{"not_picked":["Dash","Bane+1","Blade Dance","Cloak And Dagger"],"picked":"SKIP","floor":46},{"not_picked":["Deadly Poison","Bane","Setup+1","Poisoned Stab"],"picked":"SKIP","floor":48}],"player_experience":3794446,"relics_obtained":[{"floor":8,"key":"Odd Mushroom"},{"floor":9,"key":"conspire:TopHat"},{"floor":9,"key":"Quantum Egg"},{"floor":10,"key":"Art of War"},{"floor":13,"key":"WingedGreaves"},{"floor":23,"key":"Pantograph"},{"floor":26,"key":"Happy Flower"},{"floor":26,"key":"Bottled Tornado"},{"floor":29,"key":"War Paint"},{"floor":31,"key":"Regal Pillow"},{"floor":40,"key":"Gremlin Horn"},{"floor":41,"key":"Strawberry"},{"floor":43,"key":"infinitespire:Lucky Rock"}],"event_choices":[{"damage_healed":0,"gold_gain":0,"player_choice":"Bought 0 Potions","damage_taken":0,"max_hp_gain":0,"max_hp_loss":0,"event_name":"The Woman in Blue","floor":2,"gold_loss":0},{"damage_healed":0,"gold_gain":0,"player_choice":"Upgraded","damage_taken":0,"max_hp_gain":0,"max_hp_loss":0,"event_name":"Upgrade Shrine","floor":4,"gold_loss":0,"cards_upgraded":["Neutralize"]},{"damage_healed":0,"gold_gain":0,"player_choice":"Fought Mushrooms","damage_taken":0,"max_hp_gain":0,"max_hp_loss":0,"event_name":"Mushrooms","floor":8,"gold_loss":0},{"damage_healed":0,"gold_gain":0,"player_choice":"Leave","damage_taken":0,"max_hp_gain":0,"max_hp_loss":0,"event_name":"conspire:Investor","floor":11,"gold_loss":0},{"damage_healed":0,"gold_gain":0,"player_choice":"Inject Mutagens","damage_taken":0,"relics_obtained":["MutagenicStrength"],"max_hp_gain":0,"max_hp_loss":0,"event_name":"Drug Dealer","floor":20,"gold_loss":0},{"damage_healed":0,"gold_gain":0,"player_choice":"Forge","damage_taken":0,"max_hp_gain":0,"max_hp_loss":0,"event_name":"Accursed Blacksmith","floor":25,"gold_loss":0,"cards_upgraded":["Poison Darts"]},{"damage_healed":0,"gold_gain":0,"player_choice":"Ignored","damage_taken":0,"max_hp_gain":0,"max_hp_loss":0,"event_name":"betterThird:BetterPortal","floor":36,"gold_loss":0}],"is_beta":false,"boss_relics":[{"not_picked":["Snecko Eye","Pandora\u0027s Box"],"picked":"Tiny House"},{"not_picked":["Painkiller Herb","Coffee Dripper","Honey Jar"]}],"items_purged_floors":[30,39],"is_endless":false,"potions_floor_spawned":[1,10,18,24,35,38,42],"ascension_level":14}}