{"host":"tq99ucv8ezzqzioe","time":1613055600,"event":{"mods":["BaseMod","Colored Map","Downfall","Highlight Path","Minty Spire (QoL Compilation)","StSLib"],"gold_per_floor":[114,132,26,41,41,41,60,90,170,170,170,187,217,217,217,320,320,332,332,247,282,300,300,300],"floor_reached":23,"language":"ENG","playtime":1169,"items_purged":[],"score":279,"play_id":"9fddc0d2-4506-46e0-832c-fc9ac826908a","local_time":"20210211100000","is_ascension_mode":true,"campfire_choices":[{"data":"Darkness","floor":6,"key":"SMITH"},{"data":"Zap","floor":11,"key":"SMITH"},{"data":"Discovery","floor":15,"key":"SMITH"}],"circlet_count":0,"master_deck":["Strike_B","Strike_B","Strike_B","Defend_B","Defend_B","Defend_B","Defend_B","Zap+1","Dualcast","Discovery+1","FTL","Darkness+1","Auto Shields","Sunder","Ball Lightning","Leap","Leap","Cold Snap","Genetic Algorithm","Thunder Strike","Conserve Battery+1","Cold Snap"],"relics":["Cracked Core","CaptainsWheel","Bag of Preparation","Runic Pyramid","Blue Candle","Incense Burner","Red Mask"],"acts_visited":["Exordium","TheCity"],"potions_floor_usage":[8,13,16,21,21,23],"damage_taken":[{"damage":1,"enemies":"Jaw Worm","floor":1,"turns":4},{"damage":0,"enemies":"Cultist","floor":2,"turns":2},{"damage":0,"enemies":"2 Louse","floor":4,"turns":1},{"damage":0,"enemies":"Red Slaver","floor":7,"turns":3},{"damage":25,"enemies":"3 Sentries","floor":8,"turns":7},{"damage":0,"enemies":"Blue Slaver","floor":12,"turns":4},{"damage":8,"enemies":"Gremlin Nob","floor":13,"turns":3},{"damage":9,"enemies":"The Guardian","floor":16,"turns":11},{"damage":10,"enemies":"Shell Parasite","floor":18,"turns":5},{"damage":0,"enemies":"Masked Bandits","floor":21,"turns":4},{"damage":29,"enemies":"Chosen","floor":22,"turns":5},{"damage":28,"enemies":"Slavers","floor":23,"turns":2}],"seed_played":"5683336965960494367","potions_obtained":[{"floor":1,"key":"Strength Potion"},{"floor":8,"key":"DistilledChaos"},{"floor":12,"key":"Block Potion"},{"floor":13,"key":"Strength Potion"},{"floor":14,"key":"PotionOfCapacity"},{"floor":14,"key":"AttackPotion"},{"floor":18,"key":"PotionOfCapacity"}],"is_trial":false,"path_per_floor":["M","M","$","M","?","R","M","E","T","?","R","M","E","?","R","B",null,"M","T","?","?","M","E"],"character_chosen":"DEFECT","items_purchased":["Auto Shields","Sunder"],"campfire_rested":0,"item_purchase_floors":[3,3],"current_hp_per_floor":[67,67,67,67,67,67,67,42,42,42,42,42,34,34,34,25,63,53,53,53,53,24,0,0],"gold":300,"neow_bonus":"RANDOM_COLORLESS","is_daily":false,"chose_seed":false,"campfire_upgraded":3,"win_rate":0.0,"timestamp":1613055600,"path_taken":["M","M","$","M","?","R","M","E","T","?","R","?","E","?","R","BOSS","M","?","?","?","M","E"],"items_purchased_type":["Card","Card"],"build_version":"2020-12-22","purchased_purges":0,"victory":false,"max_hp_per_floor":[75,75,75,75,75,75,75,75,75,75,75,75,75,75,75,75,75,75,75,75,75,75,75,75],"card_choices":[{"not_picked":["Panacea","Trip"],"picked":"Discovery","floor":0},{"not_picked":["Redo","Steam Power"],"picked":"FTL","floor":1},{"not_picked":["Recycle","Redo"],"picked":"Darkness","floor":2},{"not_picked":["Tempest","Capacitor"],"picked":"Ball Lightning","floor":4},{"not_picked":["Stack","Hello World"],"picked":"Leap","floor":7},{"not_picked":["Redo","Rip and Tear"],"picked":"Leap","floor":8},{"not_picked":["Gash","Undo"],"picked":"Cold Snap","floor":12},{"not_picked":["Compile Driver","Redo"],"picked":"Genetic Algorithm","floor":13},{"not_picked":["Reboot","Fission"],"picked":"Thunder Strike","floor":16},{"not_picked":["Rebound+1","Gash+1"],"picked":"Conserve Battery+1","floor":18},{"not_picked":["Go for the Eyes+1","Sweeping Beam"],"picked":"Cold Snap","floor":22}],"player_experience":962692,"relics_obtained":[{"floor":8,"key":"CaptainsWheel"},{"floor":13,"key":"Bag of Preparation"},{"floor":19,"key":"Blue Candle"},{"floor":21,"key":"Red Mask"}],"event_choices":[{"damage_healed":0,"gold_gain":0,"player_choice":"Ignored","damage_taken":0,"max_hp_gain":0,"max_hp_loss":0,"event_name":"Liars Game","floor":5,"gold_loss":0},{"cards_removed":["Strike_B"],"damage_healed":0,"gold_gain":0,"player_choice":"Purged","damage_taken":0,"max_hp_gain":0,"max_hp_loss":0,"event_name":"Purifier","floor":10,"gold_loss":0},{"damage_healed":0,"gold_gain":0,"player_choice":"Got Potions","damage_taken":0,"max_hp_gain":0,"max_hp_loss":0,"event_name":"Lab","floor":14,"gold_loss":0},{"damage_healed":0,"gold_gain":0,"player_choice":"Obtained Relic","damage_taken":0,"relics_obtained":["Incense Burner"],"max_hp_gain":0,"max_hp_loss":0,"event_name":"Addict","floor":20,"gold_loss":85},{"damage_healed":0,"gold_gain":0,"player_choice":"Fought Bandits","damage_taken":0,"max_hp_gain":0,"max_hp_loss":0,"event_name":"Masked Bandits","floor":21,"gold_loss":0}],"is_beta":false,"boss_relics":[{"not_picked":["Philosopher\u0027s Stone","Snecko Eye"],"picked":"Runic Pyramid"}],"items_purged_floors":[],"is_endless":false,"potions_floor_spawned":[1,8,12,13,18],"killed_by":"Slavers","ascension_level":8}}