{"host":"knk89g45d3vzr5fm","time":1613040698,"event":{"mods":["2.2 Compatiblity","BaseMod","Downfall","Minty Spire (QoL Compilation)","Relic Stats","Reliquary","Replay The Spire","StSLib","The Marked"],"gold_per_floor":[99,99,99,199,199,199,199,229,255,273,273,292,310,335,348,453,453,453,466,21,21,21,21,45,45,73,90,115,130,155,171,187,286,586,286,302,314,333,348,376,425,443,443,39,66,86,386,414,431,431,431,461,26,26,26,26],"floor_reached":57,"language":"FRA","playtime":4593,"items_purged":["Slimebound:Strike_Slimebound","Slimebound:Strike_Slimebound"],"score":1794,"play_id":"e2204120-e605-4cee-b3e5-bc622d830b73","local_time":"20210211115138","is_ascension_mode":true,"campfire_choices":[{"data":"Slimebound:OneTwoCombo","floor":6,"key":"SMITH"},{"data":"Slimebound:RainOfGoop","floor":11,"key":"SMITH"},{"data":"Slimebound:MassRepurpose","floor":18,"key":"SMITH"},{"data":"Slimebound:DouseInSlime","floor":23,"key":"SMITH"},{"floor":25,"key":"RECALL"},{"floor":54,"key":"REST"}],"circlet_count":0,"master_deck":["Slimebound:Defend_Slimebound","Slimebound:Defend_Slimebound","Slimebound:Defend_Slimebound","Slimebound:Defend_Slimebound","Slimebound:Split","Slimebound:OneTwoCombo+1","Slimebound:SplitLeeching+1","Slimebound:SplitMire","Slimebound:Prepare","Slimebound:RainOfGoop+1","Slimebound:LivingWall","Slimebound:MassRepurpose+1","Slimebound:SplitLeeching","Slimebound:DouseInSlime+1","Slimebound:SplitMire","Slimebound:OneTwoCombo+1","Slimebound:AcidTongue","Slimebound:MegaLick+1","Slimebound:ProtectTheBoss","Slimebound:SplitLeeching+1","Slimebound:SplitAcid","Slimebound:Prepare","Slimebound:Equalize","Slimebound:TagTeam","Amnesia","ReplayTheSpireMod:Splinters","ReplayTheSpireMod:Splinters","Slimebound:SlimeTap","Slimebound:SplitAcid","Slimebound:SplitLeeching+1","Slimebound:SplitMire+1","Slimebound:SplitBruiser+1","Slimebound:SplitBruiser+1","Slimebound:SplitMire+1","Slimebound:SlimeTap+1","Slimebound:ProtectTheBoss+1","expansioncontent:QuickStudy","expansioncontent:QuickStudy","Slimebound:SplitSpecialist","Survey Options","Sadistic Nature+1","Slimebound:SplitMire+1","Slimebound:Equalize+1","Slimebound:OozeBath","Slimebound:RejuvenatingLick+1"],"relics":["Slimebound:AbsorbEndCombat","downfall:HeartsMalice","Iron Hammer","Odd Mushroom","CaptainsWheel","Replay:Bottled Steam","Painkiller Herb","reliquary:TridentHead","Blue Doll","Pen Nib","Smiling Mask","Replay:Ancient Bell","Replay:Wax Seal","Frozen Egg 2","Old Coin","downfall:HeartBlessingRed","downfall:HeartBlessingBlue","downfall:HeartBlessingGreen","Simple Rune","Toy Ornithopter","FossilizedHelix","ReplayTheSpireMod:ShopPack","Blood Vial","reliquary:FeatherDuster","ReplayTheSpireMod:Ninjato","OrangePellets","War Paint","Bag of Preparation"],"acts_visited":["Exordium","TheCity","TheBeyond","TheEnding"],"potions_floor_usage":[9,26,28,32,35,48,56,56],"damage_taken":[{"damage":0,"enemies":"Small Slimes","floor":2,"turns":1},{"damage":0,"enemies":"2 Louse","floor":3,"turns":1},{"damage":0,"enemies":"Jaw Worm","floor":5,"turns":1},{"damage":10,"enemies":"The Mushroom Lair","floor":8,"turns":4},{"damage":27,"enemies":"Gremlin Nob","floor":9,"turns":4},{"damage":0,"enemies":"2 Fungi Beasts","floor":10,"turns":3},{"damage":0,"enemies":"3 Louse","floor":12,"turns":2},{"damage":9,"enemies":"Exordium Wildlife","floor":13,"turns":4},{"damage":10,"enemies":"Lagavulin","floor":14,"turns":5},{"damage":0,"enemies":"Lots of Slimes","floor":15,"turns":2},{"damage":52,"enemies":"WA_ARCHETYPE_RETAIN","floor":16,"turns":8},{"damage":0,"enemies":"Spheric Guardian","floor":19,"turns":4},{"damage":4,"enemies":"downfall:FleeingMerchant","floor":20,"turns":4},{"damage":0,"enemies":"Replay:Snechameleon","floor":26,"turns":2},{"damage":0,"enemies":"Chosen","floor":27,"turns":3},{"damage":21,"enemies":"Slavers","floor":28,"turns":4},{"damage":23,"enemies":"Snake Plant","floor":29,"turns":4},{"damage":16,"enemies":"Replay:Snechameleon","floor":30,"turns":6},{"damage":0,"enemies":"Sentry and Sphere","floor":31,"turns":4},{"damage":0,"enemies":"Snecko","floor":32,"turns":4},{"damage":31,"enemies":"DF_ARCHETYPE_CLAW","floor":33,"turns":6},{"damage":32,"enemies":"DF_ARCHETYPE_CLAW","floor":35,"turns":4},{"damage":0,"enemies":"Orb Walker","floor":36,"turns":3},{"damage":0,"enemies":"3 Darklings","floor":37,"turns":3},{"damage":0,"enemies":"Maw","floor":38,"turns":6},{"damage":0,"enemies":"4 Shapes","floor":39,"turns":3},{"damage":21,"enemies":"Nemesis","floor":40,"turns":5},{"damage":4,"enemies":"Spire Growth","floor":42,"turns":2},{"damage":3,"enemies":"downfall:FleeingMerchant","floor":44,"turns":4},{"damage":0,"enemies":"R_Hoarder","floor":45,"turns":6},{"damage":0,"enemies":"Maw","floor":46,"turns":5},{"damage":0,"enemies":"Giant Head","floor":48,"turns":6},{"damage":0,"enemies":"4 Shapes","floor":49,"turns":4},{"damage":0,"enemies":"IC_BLOCK_ARCHETYPE","floor":50,"turns":4},{"damage":37,"enemies":"downfall:CharBossMerchant","floor":52,"turns":7},{"damage":11,"enemies":"downfall:NeowBoss","floor":55,"turns":9},{"damage":7,"enemies":"downfall:NeowBossFinal","floor":56,"turns":5}],"seed_played":"2215279097174653038","potions_obtained":[{"floor":8,"key":"Weak Potion"},{"floor":9,"key":"Fire Potion"},{"floor":10,"key":"EssenceOfSteel"},{"floor":14,"key":"SpeedPotion"},{"floor":26,"key":"Elixir"},{"floor":30,"key":"DistilledChaos"},{"floor":33,"key":"SneckoOil"},{"floor":36,"key":"SkillPotion"},{"floor":48,"key":"Explosive Potion"}],"is_trial":false,"path_per_floor":["R","M","M","?","M","R","T","?","E","M","R","M","M","E","M","B",null,"T","?","T","?","?","T","T","T","E","?","E","?","E","?","?","B",null,"T","?","?","?","?","E","T","?","?","T","E","?","?","E","?","B",null,"E","T","T","B","B",null],"character_chosen":"SLIMEBOUND","items_purchased":["Slimebound:OneTwoCombo+1","reliquary:TridentHead","Slimebound:ProtectTheBoss+1","expansioncontent:QuickStudy","FossilizedHelix","Slimebound:SplitSpecialist","ReplayTheSpireMod:ShopPack","OrangePellets","War Paint","Bag of Preparation"],"campfire_rested":1,"item_purchase_floors":[20,20,44,44,44,44,44,53,53,53],"current_hp_per_floor":[65,65,65,65,65,65,65,61,40,44,44,50,49,47,55,11,65,65,65,65,65,65,65,65,65,65,65,52,35,25,33,37,22,65,51,67,75,75,75,58,58,66,66,71,75,75,75,75,75,75,75,38,38,60,74,75],"gold":26,"neow_bonus":"THREE_ENEMY_KILL","is_daily":false,"chose_seed":false,"campfire_upgraded":4,"win_rate":0.0,"timestamp":1613040698,"path_taken":["R","M","M","?","M","R","T","?","E","M","R","M","M","E","M","BOSS","T","?","T","?","?","T","T","T","E","?","E","?","E","?","?","BOSS","T","?","?","?","?","E","T","?","?","T","E","?","?","E","?","BOSS","E","T","T","BOSS","BOSS"],"items_purchased_type":["Card","Relic","Card","Card","Relic","Card","Relic","Relic","Relic","Relic"],"build_version":"2020-12-22","purchased_purges":2,"victory":true,"max_hp_per_floor":[65,65,65,65,65,65,65,65,65,65,65,65,65,65,65,65,65,65,65,65,65,65,65,65,65,65,65,65,65,65,65,65,65,65,75,75,75,75,75,75,75,75,75,75,75,75,75,75,75,75,75,75,75,75,75,75],"relic_stats":{"Blood Vial":3,"OrangePellets":[5],"counters":[37,148],"Pen Nib":[22],"Bag of Preparation":[4],"War Paint":["Slimebound:SplitLeeching","Slimebound:SplitLeeching"],"Smiling Mask":50,"obtain_stats":[{"reliquary:FeatherDuster":48,"Painkiller Herb":17,"Blue Doll":26,"downfall:HeartBlessingGreen":35,"Bag of Preparation":53,"Smiling Mask":30,"Old Coin":34,"Blood Vial":45,"reliquary:TridentHead":20,"downfall:HeartBlessingBlue":35,"Iron Hammer":7,"Replay:Wax Seal":34,"Replay:Bottled Steam":14,"ReplayTheSpireMod:Ninjato":52,"downfall:HeartBlessingRed":35,"downfall:HeartsMalice":0,"Pen Nib":28,"Replay:Ancient Bell":34,"Odd Mushroom":8,"Frozen Egg 2":34,"War Paint":53,"OrangePellets":53,"CaptainsWheel":9,"Simple Rune":40,"Slimebound:AbsorbEndCombat":0,"Toy Ornithopter":41,"FossilizedHelix":44,"ReplayTheSpireMod:ShopPack":44},{"reliquary:FeatherDuster":32,"Painkiller Herb":11,"Blue Doll":14,"downfall:HeartBlessingGreen":21,"Bag of Preparation":35,"Smiling Mask":18,"Old Coin":21,"Blood Vial":30,"reliquary:TridentHead":13,"downfall:HeartBlessingBlue":21,"Iron Hammer":3,"Replay:Wax Seal":21,"Replay:Bottled Steam":9,"ReplayTheSpireMod:Ninjato":35,"downfall:HeartBlessingRed":21,"downfall:HeartsMalice":0,"Pen Nib":16,"Replay:Ancient Bell":21,"Odd Mushroom":4,"Frozen Egg 2":21,"War Paint":35,"OrangePellets":35,"CaptainsWheel":5,"Simple Rune":27,"Slimebound:AbsorbEndCombat":0,"Toy Ornithopter":27,"FossilizedHelix":29,"ReplayTheSpireMod:ShopPack":29},{"reliquary:FeatherDuster":119,"Painkiller Herb":32,"Blue Doll":42,"downfall:HeartBlessingGreen":72,"Bag of Preparation":134,"Smiling Mask":58,"Old Coin":72,"Blood Vial":108,"reliquary:TridentHead":40,"downfall:HeartBlessingBlue":72,"Iron Hammer":0,"Replay:Wax Seal":72,"Replay:Bottled Steam":22,"ReplayTheSpireMod:Ninjato":134,"downfall:HeartBlessingRed":72,"downfall:HeartsMalice":0,"Pen Nib":48,"Replay:Ancient Bell":72,"Odd Mushroom":4,"Frozen Egg 2":72,"War Paint":134,"OrangePellets":134,"CaptainsWheel":8,"Simple Rune":96,"Slimebound:AbsorbEndCombat":0,"Toy Ornithopter":96,"FossilizedHelix":102,"ReplayTheSpireMod:ShopPack":102}],"Toy Ornithopter":0},"card_choices":[{"not_picked":["Slimebound:RainOfGoop","Slimebound:Gluttony"],"picked":"Slimebound:TongueLash","floor":2},{"not_picked":["Slimebound:SplitBruiser","Slimebound:PressTheAttack"],"picked":"Slimebound:SplitLeeching","floor":3},{"not_picked":["Slimebound:LivingWall","Slimebound:LeechEnergy"],"picked":"Slimebound:SplitMire","floor":5},{"not_picked":["Slimebound:GoopTackle","Slimebound:SamplingLick"],"picked":"Slimebound:MegaLick","floor":8},{"not_picked":["Slimebound:LeechEnergy","Slimebound:MassRepurpose"],"picked":"Slimebound:Prepare","floor":9},{"not_picked":["Slimebound:SlimeSpikes","Slimebound:Chomp"],"picked":"Slimebound:RainOfGoop","floor":10},{"not_picked":["Slimebound:Schlurp","Slimebound:LeechingTouch"],"picked":"Slimebound:LivingWall","floor":12},{"not_picked":["Slimebound:RollThrough","Slimebound:HauntingLick"],"picked":"Slimebound:MassRepurpose","floor":13},{"not_picked":["Slimebound:SamplingLick","Slimebound:ForwardTackle"],"picked":"Slimebound:SplitLeeching","floor":14},{"not_picked":["Slimebound:RejuvenatingLick","Slimebound:DisruptingSlam","Slimebound:SamplingLick"],"picked":"SKIP","floor":15},{"not_picked":["Slimebound:Recycling","Slimebound:MassRepurpose"],"picked":"Slimebound:DouseInSlime","floor":16},{"not_picked":["Slimebound:Replication","Slimebound:RainOfGoop"],"picked":"Slimebound:SplitMire","floor":19},{"not_picked":["Slimebound:FlameTackle","Slimebound:LeechingTouch","Slimebound:HungryTackle"],"picked":"SKIP","floor":20},{"not_picked":["Slimebound:GoopTackle","Slimebound:SlimeBarrage"],"picked":"Slimebound:MegaLick+1","floor":26},{"not_picked":["Slimebound:Gluttony","Slimebound:HauntingLick"],"picked":"Slimebound:ProtectTheBoss","floor":27},{"not_picked":["Slimebound:GoopSpray","Slimebound:TongueLash+1"],"picked":"Slimebound:SplitLeeching","floor":28},{"not_picked":["Slimebound:SlimeBrawl","Slimebound:LeechEnergy"],"picked":"Slimebound:SplitAcid","floor":29},{"not_picked":["Slimebound:GrowthPunch","Slimebound:SamplingLick+1"],"picked":"Slimebound:Prepare","floor":30},{"not_picked":["Slimebound:DivideAndConquer","Slimebound:ComboTackle","Slimebound:PressTheAttack"],"picked":"SKIP","floor":31},{"not_picked":["Slimebound:SplitBruiser","Slimebound:Teamwork"],"picked":"Slimebound:Equalize","floor":32},{"not_picked":["Slimebound:MinionMaster","Slimebound:Teamwork"],"picked":"Slimebound:TagTeam","floor":33},{"not_picked":["downfall:Malfunctioning","Doubt"],"picked":"Amnesia","floor":34},{"not_picked":["Regret","Overencumbered"],"picked":"ReplayTheSpireMod:Splinters","floor":34},{"not_picked":["Hallucinations","Pain"],"picked":"ReplayTheSpireMod:Splinters","floor":34},{"not_picked":["Slimebound:HauntingLick","Slimebound:MegaLick"],"picked":"Slimebound:SlimeTap","floor":35},{"not_picked":["Slimebound:Gluttony+1","Slimebound:GoopTackle"],"picked":"Slimebound:SplitAcid","floor":36},{"not_picked":["Slimebound:Chomp","Slimebound:SplitBruiser"],"picked":"Slimebound:SplitLeeching+1","floor":37},{"not_picked":["Slimebound:FinishingTackle+1","Slimebound:Gluttony+1"],"picked":"Slimebound:SplitMire+1","floor":38},{"not_picked":["Slimebound:Gluttony+1","Slimebound:BestDefense+1"],"picked":"Slimebound:SplitBruiser+1","floor":39},{"not_picked":["Slimebound:ViciousTackle+1","Slimebound:Replication"],"picked":"Slimebound:SplitBruiser+1","floor":40},{"not_picked":["Slimebound:MassFeed","Slimebound:Schlurp+1"],"picked":"Slimebound:SplitMire+1","floor":42},{"not_picked":["Slimebound:DisruptingSlam","Slimebound:SplitSpecialist+1"],"picked":"Slimebound:SlimeTap+1","floor":44},{"not_picked":["Discovery","Mayhem"],"picked":"Survey Options","floor":44},{"not_picked":["Secret Technique","Secret Weapon"],"picked":"Sadistic Nature","floor":44},{"not_picked":["Slimebound:Recollect","Slimebound:Dissolve"],"picked":"Slimebound:SplitMire+1","floor":45},{"not_picked":["Slimebound:PressTheAttack","Slimebound:GoopTackle"],"picked":"Slimebound:Equalize+1","floor":46},{"not_picked":["Slimebound:SlimeSpikes+1","Slimebound:PressTheAttack"],"picked":"Slimebound:OozeBath","floor":48},{"not_picked":["Slimebound:LeechingTouch+1","Slimebound:Schlurp"],"picked":"Slimebound:RejuvenatingLick+1","floor":49},{"not_picked":["Slimebound:GoopTackle","Slimebound:Schlurp+1","Slimebound:DisruptingSlam"],"picked":"SKIP","floor":52}],"player_experience":2109381,"relics_obtained":[{"floor":7,"key":"Iron Hammer"},{"floor":8,"key":"Odd Mushroom"},{"floor":9,"key":"CaptainsWheel"},{"floor":14,"key":"Replay:Bottled Steam"},{"floor":26,"key":"Blue Doll"},{"floor":28,"key":"Pen Nib"},{"floor":30,"key":"Smiling Mask"},{"floor":40,"key":"Simple Rune"},{"floor":41,"key":"Toy Ornithopter"},{"floor":45,"key":"Blood Vial"},{"floor":48,"key":"reliquary:FeatherDuster"},{"floor":52,"key":"ReplayTheSpireMod:Ninjato"}],"event_choices":[{"damage_healed":0,"gold_gain":0,"player_choice":"Fought Mushrooms","damage_taken":0,"max_hp_gain":0,"max_hp_loss":0,"event_name":"Mushrooms","floor":8,"gold_loss":0},{"damage_healed":0,"gold_gain":0,"player_choice":"Read","damage_taken":0,"max_hp_gain":0,"max_hp_loss":0,"event_name":"The Library","floor":21,"gold_loss":0,"cards_obtained":["Slimebound:AcidTongue"]},{"damage_healed":0,"gold_gain":0,"player_choice":"Ignored","damage_taken":0,"max_hp_gain":0,"max_hp_loss":0,"event_name":"Ghosts","floor":22,"gold_loss":0},{"damage_healed":0,"gold_gain":300,"player_choice":"Gold","damage_taken":0,"max_hp_gain":0,"max_hp_loss":0,"event_name":"Wheel of Change","floor":47,"gold_loss":0}],"is_beta":false,"boss_relics":[{"not_picked":["Busted Crown","Runic Dome"],"picked":"Painkiller Herb"},{"not_picked":["Replay:Wanted Poster","Velvet Choker"],"picked":"Replay:Ancient Bell"},{"not_picked":["Slimebound:AggressiveSlimeRelic","Pet Ghost"],"picked":"Replay:Wax Seal"},{"not_picked":["Singing Bowl","reliquary:BoilingFlask"],"picked":"Frozen Egg 2"},{"not_picked":["Lizard Tail","Replay:Multitool"],"picked":"Old Coin"}],"items_purged_floors":[20,44],"is_endless":false,"potions_floor_spawned":[8,9,10,14,26,27,30,33,36,37,40,46,48,49],"ascension_level":4}}