{"host":"61y0z9o9vf3ujftj","time":1613051552,"event":{"mods":["BaseMod","Colored Map","Colored Powertips","GifTheSpireLib","HexUI Lib","Highlight Path","Minty Spire (QoL Compilation)","Permanent Neow","Relic Stats","StSLib","ojb\u0027s Info Mod"],"gold_per_floor":[115,128,141,141,21,21,55,55,81,106,118,152,168,68,68,142,142,158,158,0,0,19,50,71,106,106,106,106],"floor_reached":27,"language":"ENG","playtime":1584,"items_purged":["Strike_R","Strike_R"],"score":610,"play_id":"27232525-94f1-4f7d-9df3-54f80c85cca4","local_time":"20210211075232","is_ascension_mode":true,"campfire_choices":[{"data":"Carnage","floor":6.0,"key":"SMITH"},{"data":"Disarm","floor":8.0,"key":"SMITH"},{"data":"Uppercut","floor":15.0,"key":"SMITH"}],"circlet_count":0,"master_deck":["AscendersBane","Strike_R","Strike_R","Defend_R","Defend_R","Defend_R","Bash","Carnage+1","Ghostly Armor","Disarm+1","Ghostly Armor","Uppercut+1","Anger","Offering","Clothesline","Impervious","Pummel","Flame Barrier+1"],"relics":["Burning Blood","Regal Pillow","Centennial Puzzle","Tiny Chest","Omamori","Potion Belt","PreservedInsect","Empty Cage","Enchiridion","Oddly Smooth Stone","CeramicFish","Dream Catcher","Magic Flower"],"acts_visited":["Exordium","TheCity"],"potions_floor_usage":[25,25,25],"damage_taken":[{"damage":2.0,"enemies":"Cultist","floor":1.0,"turns":4.0},{"damage":6.0,"enemies":"Jaw Worm","floor":2.0,"turns":4.0},{"damage":1.0,"enemies":"Small Slimes","floor":3.0,"turns":3.0},{"damage":26.0,"enemies":"Lagavulin","floor":7.0,"turns":7.0},{"damage":0.0,"enemies":"Gremlin Nob","floor":10.0,"turns":3.0},{"damage":0.0,"enemies":"2 Fungi Beasts","floor":11.0,"turns":4.0},{"damage":15.0,"enemies":"3 Sentries","floor":12.0,"turns":7.0},{"damage":0.0,"enemies":"3 Louse","floor":13.0,"turns":5.0},{"damage":23.0,"enemies":"Hexaghost","floor":16.0,"turns":10.0},{"damage":10.0,"enemies":"2 Thieves","floor":18.0,"turns":3.0},{"damage":23.0,"enemies":"Shell Parasite","floor":22.0,"turns":5.0},{"damage":12.0,"enemies":"Gremlin Leader","floor":23.0,"turns":7.0},{"damage":6.0,"enemies":"Chosen and Byrds","floor":24.0,"turns":7.0},{"damage":40,"enemies":"Slavers","floor":25,"turns":6},{"damage":16,"enemies":"Gremlin Leader","floor":27,"turns":3}],"seed_played":"-3975984396051146642","potions_obtained":[{"floor":1.0,"key":"FearPotion"},{"floor":2.0,"key":"BloodPotion"},{"floor":10.0,"key":"DuplicationPotion"},{"floor":13.0,"key":"BloodPotion"},{"floor":25,"key":"Strength Potion"}],"is_trial":false,"path_per_floor":["M","M","M","?","$","R","E","R","T","E","M","E","M","$","R","B",null,"M","?","$","?","M","E","M","E","T","E"],"character_chosen":"IRONCLAD","items_purchased":["Disarm","Oddly Smooth Stone"],"campfire_rested":0,"item_purchase_floors":[5,20],"current_hp_per_floor":[72,72,75,75,75,75,55,55,55,61,67,58,64,64,64,47,68,64,43,43,43,26,20,20,16,16,0,0],"gold":106,"neow_bonus":"RANDOM_COMMON_RELIC","is_daily":false,"chose_seed":false,"campfire_upgraded":3,"win_rate":0.0,"timestamp":1613051552,"path_taken":["M","M","M","?","?","R","E","R","T","E","?","E","M","$","R","BOSS","M","?","$","?","M","E","M","E","T","E"],"items_purchased_type":["Card","Relic"],"build_version":"2020-12-22","purchased_purges":2,"victory":false,"max_hp_per_floor":[75,75,75,75,75,75,75,75,75,75,75,75,75,75,75,75,75,75,75,75,75,75,75,75,75,75,75,75],"relic_stats":{"Regal Pillow":0,"Centennial Puzzle":[27],"Dream Catcher":0,"counters":[15,78],"CeramicFish":9,"Magic Flower":[0],"Tiny Chest":0,"PreservedInsect":137,"obtain_stats":[{"Potion Belt":10,"Regal Pillow":0,"CeramicFish":23,"Enchiridion":19,"Oddly Smooth Stone":20,"Magic Flower":26,"PreservedInsect":12,"Omamori":9,"Empty Cage":17,"Burning Blood":0,"Centennial Puzzle":4,"Dream Catcher":25,"Tiny Chest":7},{"Potion Belt":5,"Regal Pillow":0,"CeramicFish":12,"Enchiridion":10,"Oddly Smooth Stone":10,"Magic Flower":14,"PreservedInsect":7,"Omamori":4,"Empty Cage":9,"Burning Blood":0,"Centennial Puzzle":3,"Dream Catcher":14,"Tiny Chest":4},{"Potion Belt":21,"Regal Pillow":0,"CeramicFish":62,"Enchiridion":50,"Oddly Smooth Stone":50,"Magic Flower":75,"PreservedInsect":32,"Omamori":18,"Empty Cage":47,"Burning Blood":0,"Centennial Puzzle":11,"Dream Catcher":75,"Tiny Chest":18}],"Burning Blood":82},"card_choices":[{"not_picked":["Warcry","Second Wind"],"picked":"Intimidate","floor":1.0},{"not_picked":["Thunderclap","Shrug It Off"],"picked":"Carnage","floor":2.0},{"not_picked":["Power Through","Clash"],"picked":"Ghostly Armor","floor":3.0},{"not_picked":["Armaments","Perfected Strike"],"picked":"Ghostly Armor","floor":7.0},{"not_picked":["Battle Trance","Clothesline"],"picked":"Uppercut","floor":10.0},{"not_picked":["Wild Strike","Heavy Blade"],"picked":"Anger","floor":11.0},{"not_picked":["True Grit","Havoc"],"picked":"Offering","floor":12.0},{"not_picked":["Carnage","Pommel Strike"],"picked":"Clothesline","floor":13.0},{"not_picked":["Fiend Fire","Bludgeon"],"picked":"Impervious","floor":16.0},{"not_picked":["Thunderclap","Warcry","True Grit"],"picked":"SKIP","floor":18.0},{"not_picked":["Iron Wave","Clash"],"picked":"Pummel","floor":22.0},{"not_picked":["Clash","Body Slam","Sentinel"],"picked":"SKIP","floor":23.0},{"not_picked":["Twin Strike","Uppercut"],"picked":"Flame Barrier+1","floor":24.0},{"not_picked":["Limit Break","Anger","Wild Strike"],"picked":"SKIP","floor":25}],"player_experience":558502,"relics_obtained":[{"floor":7.0,"key":"Tiny Chest"},{"floor":9.0,"key":"Omamori"},{"floor":10.0,"key":"Potion Belt"},{"floor":12.0,"key":"PreservedInsect"},{"floor":19.0,"key":"Enchiridion"},{"floor":23.0,"key":"CeramicFish"},{"floor":25,"key":"Dream Catcher"},{"floor":26,"key":"Magic Flower"}],"event_choices":[{"cards_removed":["Intimidate"],"damage_healed":0.0,"max_hp_gain":0.0,"max_hp_loss":0.0,"gold_gain":0.0,"event_name":"WeMeetAgain","player_choice":"Gave Card","floor":4.0,"gold_loss":0.0,"damage_taken":0.0,"relics_obtained":["Centennial Puzzle"]},{"damage_healed":0.0,"max_hp_gain":0.0,"max_hp_loss":0.0,"gold_gain":0.0,"event_name":"Cursed Tome","player_choice":"Obtained Book","floor":19.0,"gold_loss":0.0,"damage_taken":21.0},{"damage_healed":0.0,"max_hp_gain":0.0,"max_hp_loss":0.0,"gold_gain":0.0,"event_name":"Vampires","player_choice":"Ignored","floor":21.0,"gold_loss":0.0,"damage_taken":0.0}],"is_beta":false,"boss_relics":[{"not_picked":["Sozu","Ectoplasm"],"picked":"Empty Cage"}],"items_purged_floors":[5,14],"is_endless":false,"potions_floor_spawned":[1,2,10,13,25],"killed_by":"Gremlin Leader","ascension_level":18}}