{"host":"52lujqhsyicpcskq","time":1613047544,"event":{"mods":["BaseMod","Colored Map","Minty Spire (QoL Compilation)","Permanent Neow","StSLib","SuperFastMode","everything is the same but u backflip on backflip"],"gold_per_floor":[117,129,144,155,174,205,205,230,230,246,265,275,275,295,295,400,400,417,417,417,417,140,140,170,183,208,227,242,273,273,299,299,396,396,414,414,414,430,440,440,458,458,458,513,513,316,0,18,18,18],"floor_reached":51,"language":"KOR","playtime":2646,"items_purged":["Writhe"],"score":1309,"play_id":"d23a8371-75b8-474d-88dc-611cccc14f27","local_time":"20210211214544","is_ascension_mode":true,"campfire_choices":[{"data":"Sunder","floor":7,"key":"SMITH"},{"floor":13,"key":"REST"},{"data":"Chaos","floor":15,"key":"SMITH"},{"data":"Coolheaded","floor":23,"key":"SMITH"},{"floor":30,"key":"REST"},{"floor":32,"key":"REST"},{"data":"Echo Form","floor":40,"key":"SMITH"},{"data":"Apotheosis","floor":42,"key":"SMITH"},{"data":"Defragment","floor":45,"key":"SMITH"},{"data":"Beam Cell","floor":49,"key":"SMITH"}],"circlet_count":0,"master_deck":["AscendersBane","Strike_B","Strike_B","Defend_B","Defend_B","Defend_B","Zap+1","Dualcast+1","Compile Driver","Coolheaded+1","Sunder+1","Cold Snap","Cold Snap","Chaos+1","Glacier","FTL","Defragment+1","Conserve Battery","Chill+1","Seek","Auto Shields+1","Core Surge","Meteor Strike","Ball Lightning","Genetic Algorithm+1","Defragment","Force Field","Redo","Echo Form+1","Rebound+1","Apotheosis+1","Go for the Eyes","Cold Snap","Ball Lightning","Beam Cell+1"],"relics":["Cracked Core","Vajra","Juzu Bracelet","Mercury Hourglass","Runic Pyramid","Mummified Hand","Bag of Preparation","MealTicket","StrikeDummy","War Paint","Potion Belt","White Beast Statue","Nuclear Battery","Ancient Tea Set","CaptainsWheel","DataDisk","Red Mask"],"acts_visited":["Exordium","TheCity","TheBeyond"],"potions_floor_usage":[6,8,16,24,33,50,50,50],"damage_taken":[{"damage":0,"enemies":"Cultist","floor":1,"turns":4},{"damage":6,"enemies":"Jaw Worm","floor":2,"turns":4},{"damage":0,"enemies":"Small Slimes","floor":3,"turns":3},{"damage":8,"enemies":"2 Fungi Beasts","floor":4,"turns":3},{"damage":5,"enemies":"3 Louse","floor":5,"turns":3},{"damage":15,"enemies":"Lagavulin","floor":6,"turns":8},{"damage":14,"enemies":"3 Sentries","floor":8,"turns":4},{"damage":2,"enemies":"Large Slime","floor":10,"turns":5},{"damage":3,"enemies":"Gremlin Gang","floor":11,"turns":2},{"damage":5,"enemies":"Red Slaver","floor":12,"turns":5},{"damage":0,"enemies":"Exordium Wildlife","floor":14,"turns":2},{"damage":0,"enemies":"The Guardian","floor":16,"turns":10},{"damage":2,"enemies":"Chosen","floor":18,"turns":4},{"damage":2,"enemies":"Gremlin Leader","floor":24,"turns":7},{"damage":6,"enemies":"3 Byrds","floor":25,"turns":3},{"damage":0,"enemies":"Centurion and Healer","floor":27,"turns":6},{"damage":6,"enemies":"Snake Plant","floor":28,"turns":4},{"damage":2,"enemies":"Slavers","floor":29,"turns":5},{"damage":22,"enemies":"Book of Stabbing","floor":31,"turns":7},{"damage":12,"enemies":"Champ","floor":33,"turns":11},{"damage":0,"enemies":"3 Darklings","floor":35,"turns":6},{"damage":2,"enemies":"Orb Walker","floor":38,"turns":3},{"damage":0,"enemies":"4 Shapes","floor":39,"turns":4},{"damage":0,"enemies":"Sphere and 2 Shapes","floor":41,"turns":5},{"damage":1,"enemies":"2 Orb Walkers","floor":44,"turns":5},{"damage":0,"enemies":"Jaw Worm Horde","floor":48,"turns":5},{"damage":0,"enemies":"Awakened One","floor":50,"turns":14}],"seed_played":"-8819635890127132078","potions_obtained":[{"floor":1,"key":"Explosive Potion"},{"floor":4,"key":"GamblersBrew"},{"floor":5,"key":"PowerPotion"},{"floor":8,"key":"PotionOfCapacity"},{"floor":10,"key":"FocusPotion"},{"floor":18,"key":"FocusPotion"},{"floor":29,"key":"FearPotion"},{"floor":31,"key":"ColorlessPotion"},{"floor":33,"key":"ColorlessPotion"},{"floor":35,"key":"FearPotion"},{"floor":38,"key":"DistilledChaos"},{"floor":39,"key":"Fire Potion"},{"floor":41,"key":"PotionOfCapacity"}],"is_trial":false,"path_per_floor":["M","M","M","M","M","E","R","E","T","M","M","M","R","M","R","B",null,"M","?","?","?","$","R","E","M","T","M","M","E","R","E","R","B",null,"M","?","?","M","M","R","M","R","T","?","R","$","?","M","R","B",null],"character_chosen":"DEFECT","items_purchased":["MealTicket","Ball Lightning","DataDisk","FocusPotion"],"campfire_rested":3,"item_purchase_floors":[22,22,46,46],"current_hp_per_floor":[68,62,62,54,49,34,34,20,20,18,15,10,32,32,32,32,64,62,62,62,62,62,62,60,54,54,54,48,46,68,46,68,56,70,70,70,70,68,68,68,68,68,68,67,67,75,75,75,75,75],"gold":18,"neow_bonus":"UPGRADE_CARD","is_daily":false,"chose_seed":false,"campfire_upgraded":7,"win_rate":0.0,"timestamp":1613047544,"path_taken":["M","M","M","M","M","E","R","E","T","M","M","M","R","M","R","BOSS","M","?","?","?","$","R","E","M","T","M","M","E","R","E","R","BOSS","M","?","?","M","M","R","M","R","T","?","R","$","?","M","R","BOSS"],"items_purchased_type":["Relic","Card","Relic","Potion"],"build_version":"2020-12-22","purchased_purges":1,"victory":true,"max_hp_per_floor":[75,75,75,75,75,75,75,75,75,75,75,75,75,75,75,75,75,75,75,75,75,75,75,75,75,75,75,75,75,75,75,75,75,75,75,75,75,75,75,75,75,75,75,75,75,75,75,75,75,75],"card_choices":[{"not_picked":["Blizzard","Stack"],"picked":"Compile Driver","floor":1},{"not_picked":["Hologram","Steam"],"picked":"Coolheaded","floor":2},{"not_picked":["Go for the Eyes","Beam Cell"],"picked":"Sunder","floor":3},{"not_picked":["Sweeping Beam","FTL"],"picked":"Cold Snap","floor":4},{"not_picked":["Barrage","Sweeping Beam"],"picked":"Cold Snap","floor":5},{"not_picked":["Force Field","Turbo"],"picked":"Chaos","floor":6},{"not_picked":["Steam Power","Reboot"],"picked":"Glacier","floor":8},{"not_picked":["Hologram","Go for the Eyes"],"picked":"FTL","floor":10},{"not_picked":["Storm","Hello World"],"picked":"Defragment","floor":11},{"not_picked":["Sweeping Beam","Heatsinks"],"picked":"Conserve Battery","floor":12},{"not_picked":["Steam Power","BootSequence"],"picked":"Chill","floor":14},{"not_picked":["Biased Cognition","Hyperbeam"],"picked":"Seek","floor":16},{"not_picked":["Sunder","Go for the Eyes"],"picked":"Auto Shields+1","floor":18},{"not_picked":["White Noise","Scrape","Stack"],"picked":"SKIP","floor":24},{"not_picked":["Leap","Melter"],"picked":"Genetic Algorithm+1","floor":25},{"not_picked":["Coolheaded","Rebound+1"],"picked":"Defragment","floor":27},{"not_picked":["Stack","Steam","Gash"],"picked":"SKIP","floor":28},{"not_picked":["Gash+1","Chill"],"picked":"Force Field","floor":29},{"not_picked":["Coolheaded","Leap"],"picked":"Redo","floor":31},{"not_picked":["Core Surge","Rainbow"],"picked":"Echo Form","floor":33},{"not_picked":["Chaos","Stack+1"],"picked":"Rebound+1","floor":35},{"not_picked":["Blind","Madness"],"picked":"Apotheosis","floor":37},{"not_picked":["Coolheaded","Barrage","White Noise"],"picked":"SKIP","floor":38},{"not_picked":["Consume","FTL"],"picked":"Go for the Eyes","floor":39},{"not_picked":["Rebound","Hologram"],"picked":"Cold Snap","floor":41},{"not_picked":["Stack","Rebound"],"picked":"Ball Lightning","floor":44},{"not_picked":["Conserve Battery","Sunder"],"picked":"Beam Cell","floor":48}],"player_experience":784147,"relics_obtained":[{"floor":6,"key":"Vajra"},{"floor":8,"key":"Juzu Bracelet"},{"floor":9,"key":"Mercury Hourglass"},{"floor":24,"key":"StrikeDummy"},{"floor":26,"key":"War Paint"},{"floor":29,"key":"Potion Belt"},{"floor":31,"key":"White Beast Statue"},{"floor":43,"key":"Ancient Tea Set"},{"floor":44,"key":"CaptainsWheel"}],"event_choices":[{"damage_healed":0,"gold_gain":0,"player_choice":"Gave Potion","damage_taken":0,"relics_obtained":["Mummified Hand"],"max_hp_gain":0,"max_hp_loss":0,"event_name":"WeMeetAgain","floor":19,"gold_loss":0},{"damage_healed":0,"gold_gain":0,"cards_transformed":["Defend_B","Strike_B"],"player_choice":"Became Test Subject","damage_taken":0,"max_hp_gain":0,"max_hp_loss":0,"event_name":"Drug Dealer","floor":20,"gold_loss":0,"cards_obtained":["Core Surge","Meteor Strike"]},{"damage_healed":0,"gold_gain":0,"player_choice":"Opened","damage_taken":0,"relics_obtained":["Bag of Preparation"],"max_hp_gain":0,"max_hp_loss":0,"event_name":"The Mausoleum","floor":21,"gold_loss":0,"cards_obtained":["Writhe"]},{"cards_removed":["Strike_B"],"damage_healed":0,"gold_gain":0,"player_choice":"Removed Attack","damage_taken":0,"max_hp_gain":0,"max_hp_loss":0,"event_name":"Falling","floor":36,"gold_loss":0},{"damage_healed":0,"gold_gain":0,"player_choice":"Memory 1","damage_taken":0,"max_hp_gain":0,"max_hp_loss":0,"event_name":"SensoryStone","floor":37,"gold_loss":0},{"damage_healed":0,"gold_gain":0,"player_choice":"Fight","damage_taken":0,"max_hp_gain":0,"max_hp_loss":0,"event_name":"Mysterious Sphere","floor":44,"gold_loss":0},{"damage_healed":0,"gold_gain":0,"player_choice":"Paid","damage_taken":0,"relics_obtained":["Red Mask"],"max_hp_gain":0,"max_hp_loss":0,"event_name":"Tomb of Lord Red Mask","floor":47,"gold_loss":316}],"is_beta":false,"boss_relics":[{"not_picked":["Philosopher\u0027s Stone","Tiny House"],"picked":"Runic Pyramid"},{"not_picked":["Black Star","SacredBark"],"picked":"Nuclear Battery"}],"items_purged_floors":[22],"is_endless":false,"potions_floor_spawned":[1,4,5,8,10,18,29,31,33,35,38,39,41,44,48],"ascension_level":12}}