{"host":"gk5m6v7zec9neb0j","time":1613003378,"event":{"mods":["AchievementEnabler","AlwaysNeverKeys","BaseMod","BetterRewards","Block Reminder","Minty Spire (QoL Compilation)","Rare Cards Sparkle","Relic Stats","StSLib"],"gold_per_floor":[110,110,126,10,25,62,81,81,106,120,120,136,162,34,34,143,143,125,144,144,155,165,165,165,165],"floor_reached":24,"language":"ENG","playtime":2363,"items_purged":["Strike_R"],"score":327,"play_id":"e5e43e1c-8c16-4b17-afaf-248b98b3646c","local_time":"20210210192938","is_ascension_mode":false,"campfire_choices":[{"data":"Bash","floor":15,"key":"SMITH"},{"data":"Limit Break","floor":23,"key":"SMITH"}],"circlet_count":0,"master_deck":["Strike_R","Strike_R","Defend_R","Defend_R","Defend_R","Defend_R","Bash+1","Shrug It Off","Headbutt","Pommel Strike","Metallicize","Feed","Dropkick","Limit Break+1","Metallicize","Demon Form","Cleave"],"relics":["Burning Blood","Membership Card","Chemical X","CeramicFish","Bronze Scales","ClockworkSouvenir","Busted Crown"],"acts_visited":["Exordium","TheCity"],"potions_floor_usage":[],"damage_taken":[{"damage":0,"enemies":"Small Slimes","floor":1,"turns":5},{"damage":10,"enemies":"Jaw Worm","floor":3,"turns":4},{"damage":0,"enemies":"2 Louse","floor":5,"turns":3},{"damage":24,"enemies":"3 Sentries","floor":6,"turns":11},{"damage":0,"enemies":"Blue Slaver","floor":7,"turns":5},{"damage":0,"enemies":"Exordium Wildlife","floor":10,"turns":4},{"damage":1,"enemies":"3 Louse","floor":12,"turns":4},{"damage":0,"enemies":"Blue Slaver","floor":13,"turns":5},{"damage":67,"enemies":"Hexaghost","floor":16,"turns":12},{"damage":15,"enemies":"2 Thieves","floor":18,"turns":4},{"damage":13,"enemies":"Chosen","floor":19,"turns":5},{"damage":4,"enemies":"Centurion and Healer","floor":21,"turns":9},{"damage":21,"enemies":"Snake Plant","floor":22,"turns":4},{"damage":34,"enemies":"Cultist and Chosen","floor":24,"turns":7}],"seed_played":"6887361791397179331","potions_obtained":[{"floor":3,"key":"SmokeBomb"},{"floor":5,"key":"EntropicBrew"},{"floor":7,"key":"LiquidBronze"}],"is_trial":false,"path_per_floor":["M","?","M","$","M","E","M","?","T","M","?","M","M","$","R","B",null,"M","M","?","M","M","R","M"],"character_chosen":"IRONCLAD","items_purchased":["Membership Card","Shrug It Off","Chemical X","Limit Break","ClockworkSouvenir","Metallicize"],"campfire_rested":0,"item_purchase_floors":[0,0,4,14,14,14],"current_hp_per_floor":[77,77,73,73,79,61,70,70,70,79,72,80,89,89,89,31,95,89,85,85,90,75,75,44,44],"gold":165,"neow_bonus":"","is_daily":false,"chose_seed":false,"campfire_upgraded":2,"win_rate":0.0,"timestamp":1613003378,"path_taken":["M","?","M","$","M","E","M","?","T","M","?","M","M","?","R","BOSS","M","M","?","M","M","R","M"],"items_purchased_type":["Relic","Card","Relic","Card","Relic","Card"],"build_version":"2020-12-22","purchased_purges":1,"victory":false,"max_hp_per_floor":[80,80,80,80,80,80,83,83,83,86,86,89,92,92,92,95,95,98,101,101,104,104,104,107,107],"relic_stats":{"Busted Crown":8,"counters":[165,895],"CeramicFish":54,"Bronze Scales":[180],"Chemical X":[1],"obtain_stats":[{"Calipers":24,"Gremlin Horn":13,"CeramicFish":6,"Vajra":0,"Whetstone":43,"Bottled Tornado":31,"Blood Vial":20,"Lizard Tail":0,"Centennial Puzzle":4,"Sundial":11,"DollysMirror":0,"Strawberry":44,"MealTicket":9,"Prayer Wheel":0,"Kunai":10,"Toxic Egg 2":43,"Runic Cube":34,"Happy Flower":0,"Oddly Smooth Stone":0,"Velvet Choker":17,"Pen Nib":9,"War Paint":6,"Question Card":26,"OrangePellets":12,"Shuriken":0,"Bronze Scales":9,"CultistMask":27,"Black Star":17,"Pocketwatch":17,"Darkstone Periapt":26,"Regal Pillow":41,"Singing Bowl":0,"SacredBark":34,"Black Blood":17,"Magic Flower":0,"StoneCalendar":22,"Juzu Bracelet":25,"Bag of Preparation":54,"PrismaticShard":19,"Empty Cage":34,"Ancient Tea Set":43,"Burning Blood":0,"ClockworkSouvenir":0,"Dream Catcher":17,"Nunchaku":23,"Shovel":0,"Mummified Hand":0,"Pantograph":9,"Toolbox":47,"Tiny Chest":24,"Red Mask":47,"Chemical X":4,"Paper Frog":0,"Potion Belt":14,"Golden Idol":7,"Frozen Egg 2":0,"Odd Mushroom":8,"Orichalcum":6,"MawBank":13,"White Beast Statue":22,"Mercury Hourglass":26,"Calling Bell":17,"Peace Pipe":7,"Busted Crown":17,"Ornamental Fan":17,"Orrery":0,"Turnip":14,"Bag of Marbles":12,"Champion Belt":0,"Bottled Lightning":26,"Membership Card":0,"Toy Ornithopter":30,"FossilizedHelix":0,"TungstenRod":23},{"Calipers":64,"Gremlin Horn":84,"CeramicFish":155,"Vajra":0,"Whetstone":20,"Bottled Tornado":15,"Blood Vial":145,"Lizard Tail":135,"Centennial Puzzle":137,"Sundial":45,"DollysMirror":77,"Strawberry":74,"MealTicket":3,"Prayer Wheel":39,"Kunai":45,"Toxic Egg 2":74,"Runic Cube":121,"Happy Flower":77,"Oddly Smooth Stone":0,"Velvet Choker":143,"Pen Nib":139,"War Paint":57,"Question Card":116,"OrangePellets":111,"Shuriken":128,"Bronze Scales":156,"CultistMask":65,"Black Star":47,"Pocketwatch":31,"Darkstone Periapt":65,"Regal Pillow":73,"Singing Bowl":0,"SacredBark":93,"Black Blood":7,"Magic Flower":77,"StoneCalendar":50,"Juzu Bracelet":35,"Bag of Preparation":104,"PrismaticShard":32,"Empty Cage":69,"Ancient Tea Set":125,"Burning Blood":0,"ClockworkSouvenir":0,"Dream Catcher":31,"Nunchaku":90,"Shovel":0,"Mummified Hand":105,"Pantograph":28,"Toolbox":126,"Tiny Chest":90,"Red Mask":101,"Chemical X":153,"Paper Frog":0,"Potion Belt":142,"Golden Idol":134,"Frozen Egg 2":0,"Odd Mushroom":45,"Orichalcum":82,"MawBank":111,"White Beast Statue":63,"Mercury Hourglass":13,"Calling Bell":31,"Peace Pipe":110,"Busted Crown":86,"Ornamental Fan":31,"Orrery":129,"Turnip":60,"Bag of Marbles":5,"Champion Belt":0,"Bottled Lightning":35,"Membership Card":128,"Toy Ornithopter":92,"FossilizedHelix":105,"TungstenRod":148},{"Calipers":355,"Gremlin Horn":481,"CeramicFish":837,"Vajra":0,"Whetstone":116,"Bottled Tornado":78,"Blood Vial":788,"Lizard Tail":745,"Centennial Puzzle":752,"Sundial":234,"DollysMirror":452,"Strawberry":424,"MealTicket":13,"Prayer Wheel":208,"Kunai":234,"Toxic Egg 2":424,"Runic Cube":681,"Happy Flower":452,"Oddly Smooth Stone":0,"Velvet Choker":779,"Pen Nib":759,"War Paint":318,"Question Card":651,"OrangePellets":617,"Shuriken":720,"Bronze Scales":842,"CultistMask":361,"Black Star":256,"Pocketwatch":170,"Darkstone Periapt":361,"Regal Pillow":419,"Singing Bowl":0,"SacredBark":524,"Black Blood":34,"Magic Flower":452,"StoneCalendar":278,"Juzu Bracelet":186,"Bag of Preparation":588,"PrismaticShard":173,"Empty Cage":387,"Ancient Tea Set":703,"Burning Blood":0,"ClockworkSouvenir":0,"Dream Catcher":170,"Nunchaku":508,"Shovel":0,"Mummified Hand":593,"Pantograph":155,"Toolbox":710,"Tiny Chest":508,"Red Mask":569,"Chemical X":823,"Paper Frog":0,"Potion Belt":771,"Golden Idol":744,"Frozen Egg 2":0,"Odd Mushroom":234,"Orichalcum":472,"MawBank":617,"White Beast Statue":347,"Mercury Hourglass":64,"Calling Bell":170,"Peace Pipe":614,"Busted Crown":491,"Ornamental Fan":170,"Orrery":721,"Turnip":328,"Bag of Marbles":23,"Champion Belt":0,"Bottled Lightning":186,"Membership Card":720,"Toy Ornithopter":516,"FossilizedHelix":593,"TungstenRod":799}],"Burning Blood":1101},"card_choices":[{"not_picked":["Seeing Red","Flex"],"picked":"Headbutt","floor":1},{"not_picked":["Dark Embrace","Headbutt"],"picked":"Pommel Strike","floor":3},{"not_picked":["Armaments","Clash"],"picked":"Metallicize","floor":5},{"not_picked":["Second Wind","Perfected Strike"],"picked":"Feed","floor":6},{"not_picked":["True Grit","Sword Boomerang","Reckless Charge"],"picked":"SKIP","floor":7},{"not_picked":["True Grit","Perfected Strike","Clothesline"],"picked":"SKIP","floor":10},{"not_picked":["Clothesline","Heavy Blade","Flex"],"picked":"SKIP","floor":12},{"not_picked":["Clothesline","Anger"],"picked":"Dropkick","floor":13},{"not_picked":["Bludgeon","Brutality"],"picked":"Demon Form","floor":16},{"not_picked":["Pommel Strike"],"picked":"SKIP","floor":18},{"not_picked":[],"picked":"Cleave","floor":19},{"not_picked":["Perfected Strike+1"],"picked":"SKIP","floor":21},{"not_picked":["Perfected Strike"],"picked":"SKIP","floor":22}],"player_experience":811701,"relics_obtained":[{"floor":6,"key":"CeramicFish"},{"floor":9,"key":"Bronze Scales"}],"event_choices":[{"cards_removed":["Strike_R"],"damage_healed":0,"gold_gain":0,"player_choice":"Forget","damage_taken":0,"max_hp_gain":0,"max_hp_loss":0,"event_name":"Living Wall","floor":2,"gold_loss":0},{"damage_healed":0,"gold_gain":0,"player_choice":"Ignored","damage_taken":0,"max_hp_gain":0,"max_hp_loss":0,"event_name":"Liars Game","floor":8,"gold_loss":0},{"cards_removed":["Strike_R"],"damage_healed":0,"gold_gain":0,"player_choice":"Card Removal","damage_taken":7,"max_hp_gain":0,"max_hp_loss":0,"event_name":"Golden Wing","floor":11,"gold_loss":0},{"damage_healed":0,"gold_gain":0,"player_choice":"Ignored","damage_taken":0,"max_hp_gain":0,"max_hp_loss":0,"event_name":"Ghosts","floor":20,"gold_loss":0}],"is_beta":false,"boss_relics":[{"not_picked":["Black Blood","SlaversCollar"],"picked":"Busted Crown"}],"items_purged_floors":[4],"is_endless":false,"potions_floor_spawned":[3,5,7,10,13,19,22],"killed_by":"Cultist and Chosen","ascension_level":0}}