{"host":"6xsbn6ynqlzwllfm","time":1613064667,"event":{"mods":["2.2 Compatiblity","BaseMod","Bestiary","Colored Map","Colored Powertips","Curses Come First","Highlight Path","Keyboard Shortcuts","Minty Spire (QoL Compilation)","Relic Stats","Slay the Relics Exporter","StSLib","SuperFastMode"],"gold_per_floor":[117,117,134,105,30,64,64,91,117,134,152,179,195,227,227,227,227],"floor_reached":16,"language":"ENG","playtime":476,"items_purged":["Pain"],"score":260,"play_id":"4ebbd699-9077-4864-b93e-84e897431135","local_time":"20210211123107","is_ascension_mode":true,"campfire_choices":[{"data":"Bash","floor":7,"key":"SMITH"},{"data":"Bludgeon","floor":15,"key":"SMITH"}],"circlet_count":0,"master_deck":["AscendersBane","Strike_R","Strike_R","Strike_R","Strike_R","Strike_R","Defend_R","Defend_R","Defend_R","Defend_R","Bash+1","Bludgeon+1","Second Wind","Heavy Blade","Pummel","Sword Boomerang","Pummel","Seeing Red","Twin Strike"],"relics":["Burning Blood","WarpedTongs","Vajra","Ginger","Nunchaku","Ice Cream","Boot"],"acts_visited":["Exordium"],"potions_floor_usage":[6,12,16],"damage_taken":[{"damage":0,"enemies":"Small Slimes","floor":1,"turns":3},{"damage":1,"enemies":"Cultist","floor":3,"turns":3},{"damage":40,"enemies":"3 Sentries","floor":6,"turns":8},{"damage":8,"enemies":"Gremlin Nob","floor":8,"turns":3},{"damage":0,"enemies":"Jaw Worm","floor":10,"turns":3},{"damage":0,"enemies":"Large Slime","floor":11,"turns":3},{"damage":20,"enemies":"Lagavulin","floor":12,"turns":5},{"damage":2,"enemies":"3 Louse","floor":13,"turns":2},{"damage":26,"enemies":"3 Sentries","floor":14,"turns":7},{"damage":25,"enemies":"Hexaghost","floor":16,"turns":5}],"seed_played":"1163712013564612979","potions_obtained":[{"floor":1,"key":"LiquidBronze"},{"floor":6,"key":"Energy Potion"},{"floor":14,"key":"DistilledChaos"}],"is_trial":false,"path_per_floor":["M","?","M","$","$","E","R","E","T","M","M","E","M","E","R","B"],"character_chosen":"IRONCLAD","items_purchased":["Heavy Blade"],"campfire_rested":0,"item_purchase_floors":[4],"current_hp_per_floor":[74,74,75,75,75,41,41,39,39,45,51,37,41,21,21,0,0],"gold":227,"neow_bonus":"ONE_RANDOM_RARE_CARD","is_daily":false,"chose_seed":false,"campfire_upgraded":2,"win_rate":0.0,"timestamp":1613064667,"path_taken":["M","?","?","?","$","E","R","E","T","?","M","E","M","E","R","BOSS"],"items_purchased_type":["Card"],"build_version":"2020-12-22","purchased_purges":1,"victory":false,"max_hp_per_floor":[75,75,75,75,75,75,75,75,75,75,75,75,75,75,75,75,75],"relic_stats":{"Nunchaku":[4],"counters":[10,42],"Ginger":[0],"Boot":[12],"obtain_stats":[{"Ice Cream":12,"Nunchaku":9,"Vajra":6,"Ginger":8,"Boot":14,"Burning Blood":0,"WarpedTongs":2},{"Ice Cream":7,"Nunchaku":4,"Vajra":3,"Ginger":4,"Boot":9,"Burning Blood":0,"WarpedTongs":1},{"Ice Cream":28,"Nunchaku":17,"Vajra":14,"Ginger":17,"Boot":37,"Burning Blood":0,"WarpedTongs":3}],"Burning Blood":50,"WarpedTongs":[38]},"card_choices":[{"not_picked":["Perfected Strike","Ghostly Armor"],"picked":"Second Wind","floor":1},{"not_picked":["Carnage","Ghostly Armor"],"picked":"Pummel","floor":6},{"not_picked":["Warcry","Evolve"],"picked":"Sword Boomerang","floor":8},{"not_picked":["Sentinel","Warcry"],"picked":"Pummel","floor":11},{"not_picked":["Shrug It Off","Exhume"],"picked":"Seeing Red","floor":12},{"not_picked":["Warcry","Clothesline"],"picked":"Twin Strike","floor":14}],"player_experience":1472141,"relics_obtained":[{"floor":6,"key":"Vajra"},{"floor":8,"key":"Ginger"},{"floor":9,"key":"Nunchaku"},{"floor":12,"key":"Ice Cream"},{"floor":14,"key":"Boot"}],"event_choices":[{"damage_healed":0,"gold_gain":0,"player_choice":"Rummage","damage_taken":0,"relics_obtained":["WarpedTongs"],"max_hp_gain":0,"max_hp_loss":0,"event_name":"Accursed Blacksmith","floor":2,"gold_loss":0,"cards_obtained":["Pain"]}],"is_beta":false,"boss_relics":[],"items_purged_floors":[5],"is_endless":false,"potions_floor_spawned":[1,6,14],"killed_by":"Hexaghost","ascension_level":20}}