{"host":"8zow35rkxv448q2r","time":1613079475,"event":{"mods":["AchievementEnabler","BaseMod","Colored Map","Colored Powertips","Minty Spire (QoL Compilation)","Relic Stats"],"gold_per_floor":[115,115,99081,99099,98309,98309,98320,98320,98320,98320,97607,97666,97681,97645,97645,97741,97741,97757,97856,97869,97072,97092,97092,97117,97117,97186,97205,97205,96608,96608,96608,96608,96710,96710,96720,96740,96759,96759,96759,96759,96791,96891,96915,96915,96948,96351,96351,95892,95892,95892],"floor_reached":51,"language":"ENG","playtime":3754,"items_purged":["Strike_G","Defend_G","Strike_G","Strike_G"],"score":1128,"play_id":"9c759733-b75c-4de9-92c3-7c238fdfa3ba","local_time":"20210211163755","is_ascension_mode":true,"campfire_choices":[{"floor":6,"key":"REST"},{"data":"Infinite Blades","floor":8,"key":"SMITH"},{"data":"Whirlwind","floor":15,"key":"SMITH"},{"floor":23,"key":"REST"},{"floor":28,"key":"REST"},{"floor":32,"key":"REST"},{"floor":44,"key":"REST"},{"floor":47,"key":"REST"},{"floor":49,"key":"DIG"}],"circlet_count":0,"master_deck":["Strike_G+1","Strike_G+1","Defend_G","Defend_G+1","Defend_G","Defend_G","Neutralize+1","Infinite Blades+1","Skewer","Venomology","Cloak And Dagger","Noxious Fumes","Blade Dance","Whirlwind+1","After Image","Inflame+1","DevaForm","Accuracy","Cloak And Dagger+1","DevaForm"],"relics":["SacredBark","Lizard Tail","Shovel","Strange Spoon","PrismaticShard","Ornamental Fan","Anchor","Question Card","Lee\u0027s Waffle","Omamori","Juzu Bracelet","Prayer Wheel","Black Star","Lantern","Torii","Sling","Kunai","Centennial Puzzle","Meat on the Bone","Whetstone","ClockworkSouvenir","Orichalcum","StoneCalendar","Fusion Hammer","Bronze Scales","Mango","Pen Nib","Regal Pillow","Ninja Scroll","OrangePellets","Art of War","Pantograph","Boot","Strawberry","DollysMirror","Sundial"],"acts_visited":["Exordium","TheCity","TheBeyond"],"potions_floor_usage":[7,12,12,13,13,18,20,22,24,24,27,27,33,33,35,35,37,37,39,41,41,45,50,50,50,50],"damage_taken":[{"damage":2,"enemies":"Jaw Worm","floor":1,"turns":6},{"damage":7,"enemies":"2 Louse","floor":4,"turns":3},{"damage":0,"enemies":"Small Slimes","floor":7,"turns":2},{"damage":0,"enemies":"3 Sentries","floor":12,"turns":5},{"damage":0,"enemies":"3 Louse","floor":13,"turns":1},{"damage":44,"enemies":"Slime Boss","floor":16,"turns":12},{"damage":0,"enemies":"Chosen","floor":18,"turns":5},{"damage":18,"enemies":"2 Thieves","floor":20,"turns":4},{"damage":0,"enemies":"3 Cultists","floor":22,"turns":2},{"damage":11,"enemies":"Gremlin Leader","floor":24,"turns":5},{"damage":30,"enemies":"Snake Plant","floor":27,"turns":5},{"damage":0,"enemies":"Champ","floor":33,"turns":5},{"damage":6,"enemies":"3 Darklings","floor":35,"turns":3},{"damage":20,"enemies":"3 Shapes","floor":36,"turns":4},{"damage":23,"enemies":"3 Darklings","floor":37,"turns":5},{"damage":0,"enemies":"Transient","floor":39,"turns":1},{"damage":39,"enemies":"Nemesis","floor":41,"turns":5},{"damage":46,"enemies":"Reptomancer","floor":45,"turns":4},{"damage":76,"enemies":"Awakened One","floor":50,"turns":8}],"seed_played":"-2306185553696914650","potions_obtained":[{"floor":1,"key":"Energy Potion"},{"floor":12,"key":"Explosive Potion"},{"floor":24,"key":"SteroidPotion"},{"floor":27,"key":"Fruit Juice"},{"floor":36,"key":"Weak Potion"},{"floor":37,"key":"Poison Potion"},{"floor":45,"key":"Weak Potion"}],"is_trial":false,"path_per_floor":["M","?","$","M","$","R","M","R","T","?","$","?","M","?","R","B",null,"M","?","M","$","M","R","E","?","T","M","R","$","?","?","R","B",null,"M","M","M","?","M","?","E","?","T","R","E","$","R","$","R","B",null],"character_chosen":"THE_SILENT","items_purchased":["FairyPotion","Lizard Tail","Shovel","Strange Spoon","Poison Potion","Skewer","PrismaticShard","Ornamental Fan","Anchor","Venomology","Lee\u0027s Waffle","Omamori","Juzu Bracelet","CunningPotion","Cloak And Dagger","Noxious Fumes","Lantern","Torii","Sling","SteroidPotion","Whetstone","ClockworkSouvenir","DistilledChaos","Orichalcum","Accuracy","OrangePellets","Art of War","Pantograph","AttackPotion","Boot","Strawberry","DollysMirror"],"campfire_rested":6,"item_purchase_floors":[3,3,3,3,3,3,5,5,5,5,11,11,11,11,11,11,21,21,21,21,29,29,29,29,29,46,46,46,46,48,48,48],"current_hp_per_floor":[61,47,47,40,40,61,61,61,61,61,77,77,77,77,77,33,66,66,66,48,48,48,71,60,54,54,46,72,72,72,55,82,82,90,84,64,53,43,55,55,42,42,42,73,39,39,85,92,92,49],"gold":95892,"neow_bonus":"BOSS_RELIC","is_daily":false,"chose_seed":false,"campfire_upgraded":2,"win_rate":0.0,"timestamp":1613079475,"path_taken":["M","?","$","M","$","R","M","R","T","?","?","?","M","?","R","BOSS","M","?","M","$","M","R","E","?","T","M","R","$","?","?","R","BOSS","M","M","M","?","M","?","E","?","T","R","E","$","R","$","R","BOSS"],"items_purchased_type":["Potion","Relic","Relic","Relic","Potion","Card","Relic","Relic","Relic","Card","Relic","Relic","Relic","Potion","Card","Card","Relic","Relic","Relic","Potion","Relic","Relic","Potion","Relic","Card","Relic","Relic","Relic","Potion","Relic","Relic","Relic"],"build_version":"2020-12-22","purchased_purges":4,"victory":true,"max_hp_per_floor":[70,70,70,70,70,70,70,70,70,70,77,77,77,77,77,77,77,77,77,77,77,77,77,77,77,77,87,87,87,87,92,92,92,92,92,92,92,92,92,92,106,106,106,106,106,106,106,113,113,113],"relic_stats":{"Regal Pillow":15,"Torii":13,"StoneCalendar":[52],"Juzu Bracelet":2,"Whetstone":["Neutralize","Strike_G"],"Boot":[1],"Lizard Tail":0,"Centennial Puzzle":[21],"Shovel":1,"Sundial":[0],"Pantograph":21,"Prayer Wheel":8,"Kunai":[26],"Lee\u0027s Waffle":16,"counters":[19,85],"Pen Nib":[5],"Orichalcum":[24],"Question Card":25,"Strange Spoon":[87],"OrangePellets":[0],"Ornamental Fan":[208],"Bronze Scales":[44],"Black Star":3,"Art of War":[1],"obtain_stats":[{"Lantern":21,"Regal Pillow":45,"Torii":21,"SacredBark":0,"StoneCalendar":30,"Mango":41,"Juzu Bracelet":11,"Whetstone":29,"PrismaticShard":5,"Sling":21,"Boot":48,"ClockworkSouvenir":29,"Lizard Tail":3,"Centennial Puzzle":24,"Shovel":3,"Ninja Scroll":45,"DollysMirror":48,"Sundial":49,"Pantograph":46,"Strawberry":48,"Prayer Wheel":12,"Fusion Hammer":34,"Kunai":24,"Ring of the Snake":0,"Lee\u0027s Waffle":11,"Pen Nib":43,"Omamori":11,"Orichalcum":29,"Question Card":9,"Strange Spoon":3,"OrangePellets":46,"Anchor":5,"Ornamental Fan":5,"Bronze Scales":41,"Black Star":17,"Art of War":46,"Meat on the Bone":26},{"Lantern":8,"Regal Pillow":18,"Torii":8,"SacredBark":0,"StoneCalendar":11,"Mango":17,"Juzu Bracelet":3,"Whetstone":11,"PrismaticShard":2,"Sling":8,"Boot":18,"ClockworkSouvenir":11,"Lizard Tail":1,"Centennial Puzzle":10,"Shovel":1,"Ninja Scroll":18,"DollysMirror":18,"Sundial":18,"Pantograph":18,"Strawberry":18,"Prayer Wheel":4,"Fusion Hammer":12,"Kunai":10,"Ring of the Snake":0,"Lee\u0027s Waffle":3,"Pen Nib":17,"Omamori":3,"Orichalcum":11,"Question Card":3,"Strange Spoon":1,"OrangePellets":18,"Anchor":2,"Ornamental Fan":2,"Bronze Scales":17,"Black Star":6,"Art of War":18,"Meat on the Bone":10},{"Lantern":38,"Regal Pillow":77,"Torii":38,"SacredBark":0,"StoneCalendar":50,"Mango":73,"Juzu Bracelet":11,"Whetstone":50,"PrismaticShard":9,"Sling":38,"Boot":77,"ClockworkSouvenir":50,"Lizard Tail":6,"Centennial Puzzle":45,"Shovel":6,"Ninja Scroll":77,"DollysMirror":77,"Sundial":77,"Pantograph":77,"Strawberry":77,"Prayer Wheel":16,"Fusion Hammer":55,"Kunai":45,"Ring of the Snake":0,"Lee\u0027s Waffle":11,"Pen Nib":73,"Omamori":11,"Orichalcum":50,"Question Card":11,"Strange Spoon":6,"OrangePellets":77,"Anchor":9,"Ornamental Fan":9,"Bronze Scales":73,"Black Star":29,"Art of War":77,"Meat on the Bone":45}],"Meat on the Bone":72},"card_choices":[{"not_picked":["Predator","Acrobatics"],"picked":"Infinite Blades","floor":1},{"not_picked":["Prepared","Sucker Punch","Flying Knee"],"picked":"SKIP","floor":4},{"not_picked":["Rupture","Acrobatics","ClearTheMind"],"picked":"SKIP","floor":7},{"not_picked":["Blur","Nirvana","Endless Agony"],"picked":"Blade Dance","floor":12},{"not_picked":["ThirdEye","Feed","Barrage"],"picked":"Whirlwind","floor":13},{"not_picked":["Flex","Stack","Deadly Poison","Warcry"],"picked":"SKIP","floor":13},{"not_picked":["HandOfGreed","Double Tap","Magnetism"],"picked":"After Image","floor":16},{"not_picked":["Hello World","Pray","Dash"],"picked":"Inflame+1","floor":18},{"not_picked":["Cloak And Dagger","Poisoned Stab","Capacitor+1","Melter+1"],"picked":"SKIP","floor":18},{"not_picked":["Inflame","Prostrate","BattleHymn","Escape Plan+1"],"picked":"SKIP","floor":20},{"not_picked":["Deflect","Tantrum","Sweeping Beam","Battle Trance"],"picked":"SKIP","floor":20},{"not_picked":["Conserve Battery+1","Blade Dance+1","Consume"],"picked":"DevaForm","floor":22},{"not_picked":["Tactician+1","Body Slam","Swift Strike","BootSequence"],"picked":"SKIP","floor":22},{"not_picked":["Acrobatics","Dark Embrace","CrushJoints","Prostrate"],"picked":"SKIP","floor":24},{"not_picked":["Uppercut","Compile Driver","Leap","PathToVictory"],"picked":"SKIP","floor":27},{"not_picked":["ClearTheMind+1","Escape Plan","Streamline","Recycle"],"picked":"SKIP","floor":27},{"not_picked":["Quick Slash+1","Reflex+1","EmptyFist+1"],"picked":"Cloak And Dagger+1","floor":35},{"not_picked":["Sweeping Beam","Blade Dance","Iron Wave+1","Riddle With Holes"],"picked":"SKIP","floor":35},{"not_picked":["Slice+1","Bane+1","WreathOfFlame+1","Armaments"],"picked":"SKIP","floor":36},{"not_picked":["Prostrate","ThirdEye","Dagger Spray+1","JustLucky"],"picked":"SKIP","floor":36},{"not_picked":["Choke","CarveReality","Outmaneuver","Cloak And Dagger"],"picked":"SKIP","floor":37},{"not_picked":["Conclude+1","Wild Strike+1","Evaluate+1","Prostrate+1"],"picked":"SKIP","floor":37},{"not_picked":["Twin Strike+1","Bane+1","Headbutt+1","InnerPeace+1"],"picked":"SKIP","floor":41},{"not_picked":["Bane+1","SignatureMove","Steam","Cloak And Dagger+1"],"picked":"SKIP","floor":45}],"player_experience":210962,"relics_obtained":[{"floor":9,"key":"Question Card"},{"floor":12,"key":"Prayer Wheel"},{"floor":24,"key":"Kunai"},{"floor":24,"key":"Centennial Puzzle"},{"floor":26,"key":"Meat on the Bone"},{"floor":41,"key":"Bronze Scales"},{"floor":41,"key":"Mango"},{"floor":43,"key":"Pen Nib"},{"floor":45,"key":"Regal Pillow"},{"floor":45,"key":"Ninja Scroll"},{"floor":49,"key":"Sundial"}],"event_choices":[{"damage_healed":0,"gold_gain":0,"player_choice":"Entered Light","damage_taken":14,"max_hp_gain":0,"max_hp_loss":0,"event_name":"Shining Light","floor":2,"gold_loss":0,"cards_upgraded":["Defend_G","Strike_G"]},{"damage_healed":0,"gold_gain":0,"player_choice":"Ignored","damage_taken":0,"max_hp_gain":0,"max_hp_loss":0,"event_name":"Liars Game","floor":10,"gold_loss":0},{"damage_healed":0,"gold_gain":0,"player_choice":"Searched \u00272\u0027 times","damage_taken":0,"max_hp_gain":0,"max_hp_loss":0,"event_name":"Dead Adventurer","floor":12,"gold_loss":0},{"damage_healed":0,"gold_gain":0,"player_choice":"Left Gold","damage_taken":0,"max_hp_gain":0,"max_hp_loss":0,"event_name":"World of Goop","floor":14,"gold_loss":36},{"damage_healed":0,"gold_gain":99,"player_choice":"Stole From Cult","damage_taken":0,"max_hp_gain":0,"max_hp_loss":0,"event_name":"Nest","floor":19,"gold_loss":0},{"damage_healed":0,"gold_gain":0,"player_choice":"","damage_taken":6,"max_hp_gain":0,"max_hp_loss":0,"event_name":"Knowing Skull","floor":25,"potions_obtained":[],"gold_loss":0,"cards_obtained":[]},{"damage_healed":0,"gold_gain":0,"player_choice":"Opened","damage_taken":0,"relics_obtained":["StoneCalendar"],"max_hp_gain":0,"max_hp_loss":0,"event_name":"The Mausoleum","floor":30,"gold_loss":0,"cards_obtained":["Writhe"]},{"damage_healed":0,"gold_gain":0,"player_choice":"Shed Blood","damage_taken":22,"max_hp_gain":5,"max_hp_loss":0,"event_name":"Forgotten Altar","floor":31,"gold_loss":0},{"damage_healed":0,"gold_gain":0,"player_choice":"Memory 3","damage_taken":10,"max_hp_gain":0,"max_hp_loss":0,"event_name":"SensoryStone","floor":38,"gold_loss":0},{"cards_removed":["Survivor"],"damage_healed":0,"gold_gain":0,"player_choice":"Removed Skill","damage_taken":0,"max_hp_gain":0,"max_hp_loss":0,"event_name":"Falling","floor":40,"gold_loss":0},{"damage_healed":0,"gold_gain":100,"player_choice":"Pray","damage_taken":0,"max_hp_gain":0,"max_hp_loss":0,"event_name":"Golden Shrine","floor":42,"gold_loss":0}],"is_beta":false,"boss_relics":[{"not_picked":["HoveringKite","SlaversCollar"],"picked":"Black Star"},{"not_picked":["Astrolabe","Snecko Eye"],"picked":"Fusion Hammer"}],"items_purged_floors":[3,5,11,21],"is_endless":false,"potions_floor_spawned":[1,12,24,27,36,37,45],"ascension_level":9}}