{"host":"qq27suot6m8koe0b","time":1613056317,"event":{"mods":["Act Like it!","BaseMod","CapriCore","Downfall","GifTheSpireLib","Minty Spire (QoL Compilation)","StSLib"],"gold_per_floor":[99,112,112,112,124,138,216,116,116,145,145,55,68,98,117,215,215,115,132,145,158,158,178,178,178,209,227,165,191,206,156,171,273,273,273,292,307,1,12,12,12,25,57,70,80,115,15,115,133,133,133,133,133,133],"floor_reached":52,"language":"ZHS","playtime":2306,"items_purged":["downfall:Malfunctioning","downfall:Bewildered"],"score":818,"play_id":"b3f3eb50-0fe9-4b3e-8a0e-6100a893264c","local_time":"20210211231157","is_ascension_mode":false,"campfire_choices":[{"floor":1,"key":"RECALL"},{"data":"bronze:DelayedSlice","floor":8,"key":"SMITH"},{"data":"bronze:AlphaBuild","floor":11,"key":"SMITH"},{"data":"bronze:Mutator","floor":18,"key":"SMITH"},{"data":"bronze:ShipIt","floor":25,"key":"SMITH"},{"data":"expansioncontent:QuickStudy","floor":35,"key":"SMITH"},{"floor":47,"key":"REST"}],"circlet_count":0,"master_deck":["bronze:Strike","bronze:Strike+1","bronze:Strike+1","bronze:Defend","bronze:Defend","bronze:Defend+1","bronze:Replicate+1","bronze:Goto","bronze:BronzeOrb+1","bronze:DelayedSlice+1","bronze:Branch","bronze:AlphaBuild+1","bronze:BugBarrage","bronze:ShipIt+1","bronze:Mutator+1","bronze:Iterate","bronze:RecursiveStrike","expansioncontent:QuickStudy+1","bronze:WhirlingStrike","bronze:ShipIt","bronze:DelayedGuard","bronze:Separator+1","bronze:Iterate+1","bronze:HardenedForm","bronze:Goto","bronze:BugBarrage","bronze:Overload","bronze:Mutator","Dark Shackles","Decay"],"relics":["bronze:BronzeCore","PreservedInsect","Mercury Hourglass","downfall:HeartBlessingRed","Whetstone","Smiling Mask","bronze:MakeshiftBattery","downfall:HeartBlessingGreen","sneckomod:BabySnecko","Ornamental Fan","Nunchaku","Boot","Oddly Smooth Stone","Empty Cage","Membership Card","Torii","Regal Pillow","Bottled Flame","downfall:HeartBlessingBlue","downfall:GremlinSack"],"acts_visited":["Exordium","TheCity","TheBeyond","TheEnding"],"potions_floor_usage":[28,43,46,46,50,50],"damage_taken":[{"damage":1,"enemies":"Jaw Worm","floor":2,"turns":5},{"damage":0,"enemies":"Small Slimes","floor":5,"turns":3},{"damage":0,"enemies":"2 Louse","floor":6,"turns":2},{"damage":18,"enemies":"Lagavulin","floor":10,"turns":3},{"damage":0,"enemies":"downfall:FleeingMerchant","floor":12,"turns":4},{"damage":0,"enemies":"Blue Slaver","floor":13,"turns":2},{"damage":0,"enemies":"3 Sentries","floor":14,"turns":3},{"damage":0,"enemies":"2 Fungi Beasts","floor":15,"turns":1},{"damage":24,"enemies":"WA_ARCHETYPE_RETAIN","floor":16,"turns":5},{"damage":0,"enemies":"3 Byrds","floor":19,"turns":4},{"damage":0,"enemies":"Shell Parasite","floor":20,"turns":2},{"damage":7,"enemies":"Snake Plant","floor":21,"turns":3},{"damage":18,"enemies":"Shelled Parasite and Fungi","floor":23,"turns":4},{"damage":8,"enemies":"Slavers","floor":26,"turns":3},{"damage":0,"enemies":"Centurion and Healer","floor":27,"turns":3},{"damage":2,"enemies":"downfall:FleeingMerchant","floor":28,"turns":4},{"damage":0,"enemies":"Gremlin Leader","floor":29,"turns":3},{"damage":0,"enemies":"3 Cultists","floor":30,"turns":1},{"damage":0,"enemies":"Shelled Parasite and Fungi","floor":32,"turns":2},{"damage":65,"enemies":"IC_MUSHROOM_ARCHETYPE","floor":33,"turns":6},{"damage":10,"enemies":"3 Darklings","floor":36,"turns":3},{"damage":0,"enemies":"Orb Walker","floor":37,"turns":1},{"damage":1,"enemies":"Spire Growth","floor":39,"turns":3},{"damage":17,"enemies":"Sphere and 2 Shapes","floor":42,"turns":3},{"damage":20,"enemies":"Giant Head","floor":43,"turns":6},{"damage":0,"enemies":"Transient","floor":44,"turns":5},{"damage":15,"enemies":"Writhing Mass","floor":45,"turns":4},{"damage":9,"enemies":"Reptomancer","floor":46,"turns":4},{"damage":0,"enemies":"Reptomancer","floor":48,"turns":1},{"damage":28,"enemies":"Maw","floor":49,"turns":6},{"damage":24,"enemies":"SI_POISON_ARCHETYPE","floor":50,"turns":12},{"damage":112,"enemies":"downfall:CharBossMerchant","floor":52,"turns":6}],"seed_played":"-463575334383701462","potions_obtained":[{"floor":2,"key":"Fire Potion"},{"floor":5,"key":"Strength Potion"},{"floor":13,"key":"Slimebound:ThreeZeroPotion"},{"floor":26,"key":"SpeedPotion"},{"floor":30,"key":"SteroidPotion"},{"floor":32,"key":"FearPotion"},{"floor":37,"key":"Energy Potion"},{"floor":42,"key":"Energy Potion"},{"floor":44,"key":"Explosive Potion"},{"floor":49,"key":"PowerPotion"}],"is_trial":false,"path_per_floor":["R","M","?","?","M","M","T","R","?","E","R","$","M","E","M","B",null,"R","M","M","M","?","M","T","R","E","M","$","E","M","?","M","B",null,"R","M","M","$","M","?","T","M","E","M","M","E","R","?","M","B",null,"E"],"character_chosen":"THE_AUTOMATON","items_purchased":["expansioncontent:QuickStudy","Boot","Membership Card","Torii"],"campfire_rested":1,"item_purchase_floors":[28,28,38,38],"current_hp_per_floor":[70,69,69,69,69,69,69,69,74,56,56,56,56,56,56,32,75,75,75,75,68,68,50,50,50,42,42,40,40,40,69,69,4,75,75,65,65,65,64,64,64,47,27,27,12,3,53,53,25,1,85,0,0,0],"gold":133,"neow_bonus":"RANDOM_COMMON_RELIC","is_daily":false,"chose_seed":false,"campfire_upgraded":5,"win_rate":0.0,"timestamp":1613056317,"path_taken":["R","M","?","?","M","M","T","R","?","E","R","$","?","E","M","BOSS","R","M","M","M","?","M","T","R","E","M","$","E","M","?","M","BOSS","R","M","M","$","M","?","T","M","E","M","M","E","R","?","M","BOSS","E"],"items_purchased_type":["Card","Relic","Relic","Relic"],"build_version":"2020-12-22","purchased_purges":2,"victory":false,"max_hp_per_floor":[70,70,70,70,70,70,70,70,75,75,75,75,75,75,75,75,75,75,75,75,75,75,75,75,75,75,75,75,75,75,75,75,75,75,75,75,75,75,75,75,75,75,75,75,75,75,85,85,85,85,85,85,85,85],"card_choices":[{"not_picked":["bronze:Refactor","bronze:MaxOutput"],"picked":"bronze:BronzeOrb","floor":2},{"not_picked":["bronze:BronzeOrb","bronze:OilSpill"],"picked":"bronze:DelayedSlice","floor":5},{"not_picked":["bronze:OilSpill","bronze:Shield"],"picked":"bronze:Branch","floor":6},{"not_picked":["bronze:Safeguard","bronze:Overheat"],"picked":"bronze:AlphaBuild","floor":10},{"not_picked":["bronze:BronzeOrb","bronze:Frontload"],"picked":"bronze:BugBarrage","floor":12},{"not_picked":["bronze:WildBeam","bronze:CutThrough","bronze:NullPointer"],"picked":"SKIP","floor":13},{"not_picked":["bronze:DelayedGuard","bronze:Frontload"],"picked":"bronze:ShipIt","floor":14},{"not_picked":["bronze:BitShift","bronze:CloningBeam","bronze:Shield"],"picked":"SKIP","floor":15},{"not_picked":["bronze:HyperBeam","bronze:Assembly"],"picked":"bronze:Mutator","floor":16},{"not_picked":["bronze:BuggyMess","bronze:DelayedGuard+1"],"picked":"bronze:Iterate","floor":19},{"not_picked":["bronze:WildBeam","bronze:ChildClass","bronze:BugBarrage+1"],"picked":"SKIP","floor":20},{"not_picked":["bronze:Invalidate","bronze:BronzeOrb","bronze:Overheat+1"],"picked":"SKIP","floor":21},{"not_picked":["bronze:Shield","bronze:Shell"],"picked":"bronze:RecursiveStrike","floor":23},{"not_picked":["bronze:InfiniteBeams","bronze:WildBeam+1","bronze:FineTuning"],"picked":"SKIP","floor":26},{"not_picked":["bronze:Overheat+1","bronze:Invalidate","bronze:Safeguard"],"picked":"SKIP","floor":27},{"not_picked":["bronze:BuggyMess","bronze:Safeguard","bronze:BronzeOrb+1"],"picked":"SKIP","floor":28},{"not_picked":["bronze:BronzeArmor","bronze:Branch+1","bronze:Overheat"],"picked":"SKIP","floor":29},{"not_picked":["bronze:DelayedGuard","bronze:Separator"],"picked":"bronze:WhirlingStrike","floor":30},{"not_picked":["bronze:BitShift","bronze:Branch+1","bronze:WildBeam"],"picked":"SKIP","floor":32},{"not_picked":["bronze:CleanCode","bronze:TinkerersToolbox"],"picked":"bronze:ShipIt","floor":33},{"not_picked":["bronze:Overheat+1","bronze:OilSpill+1"],"picked":"bronze:DelayedGuard","floor":36},{"not_picked":["bronze:DelayedGuard+1","bronze:Branch","bronze:Shield+1"],"picked":"SKIP","floor":37},{"not_picked":["bronze:Branch","bronze:Shell","bronze:Allocate+1"],"picked":"SKIP","floor":39},{"not_picked":["bronze:BugBarrage","bronze:FineTuning+1"],"picked":"bronze:Separator+1","floor":42},{"not_picked":["bronze:BronzeOrb+1","bronze:Separator","bronze:BitShift+1"],"picked":"SKIP","floor":43},{"not_picked":["bronze:Backtrace+1","bronze:CloningBeam+1"],"picked":"bronze:Iterate+1","floor":44},{"not_picked":["bronze:WhirlingStrike","bronze:GetLatest"],"picked":"bronze:HardenedForm","floor":45},{"not_picked":["bronze:BugBarrage+1","bronze:Branch","bronze:Separator"],"picked":"SKIP","floor":46},{"not_picked":["bronze:BugBarrage+1","bronze:Branch","bronze:Separator"],"picked":"SKIP","floor":46},{"not_picked":["bronze:Separator+1","bronze:Optimize","bronze:Turbo"],"picked":"SKIP","floor":49}],"player_experience":372499,"relics_obtained":[{"floor":7,"key":"Mercury Hourglass"},{"floor":10,"key":"Whetstone"},{"floor":14,"key":"Smiling Mask"},{"floor":24,"key":"Ornamental Fan"},{"floor":26,"key":"Nunchaku"},{"floor":29,"key":"Oddly Smooth Stone"},{"floor":43,"key":"Regal Pillow"},{"floor":46,"key":"Bottled Flame"},{"floor":48,"key":"downfall:GremlinSack"}],"event_choices":[{"damage_healed":0,"gold_gain":0,"player_choice":"Donut","damage_taken":0,"max_hp_gain":5,"max_hp_loss":0,"event_name":"Big Fish","floor":9,"gold_loss":0}],"is_beta":false,"boss_relics":[{"not_picked":["Snecko Eye","Tiny House"],"picked":"bronze:MakeshiftBattery"},{"not_picked":["Coffee Dripper","Astrolabe"],"picked":"Empty Cage"}],"items_purged_floors":[12,28],"is_endless":false,"potions_floor_spawned":[2,5,13,16,19,21,26,30,32,37,42,44,49],"killed_by":"downfall:CharBossMerchant","ascension_level":0}}