{"host":"d8cz15m779bv9isj","time":1613059607,"event":{"mods":["Aspiration","BaseMod","Colored Map","Colored Powertips","DeckTracker","Downfall","Hermit","Highlight Path","Hubris","Infinite Spire","Minty Spire (QoL Compilation)","Quick Restart","Random Character Button","Relic Sorter","Replay The Spire","StSLib","SuperFastMode","Synergy Search","The Cursed","The Disciple","The Jungle","The Runesmith"],"gold_per_floor":[118,118,393,405,420,445,445,458,458,487,507,507,526,538,538,643,643,631,631,651,680,253,253,253,299,323,323,323],"floor_reached":27,"language":"ENG","playtime":1618,"items_purged":["hermit:Strike_Hermit"],"score":390,"play_id":"c8513eee-8d95-437f-a483-b9d3412a7eba","local_time":"20210211170647","is_ascension_mode":false,"campfire_choices":[{"data":"hermit:Quickdraw","floor":7,"key":"SMITH"},{"floor":15,"key":"REST"},{"floor":24,"key":"REST"}],"circlet_count":0,"master_deck":["hermit:Strike_Hermit","hermit:Strike_Hermit+1","hermit:Strike_Hermit+1","hermit:Defend_Hermit+1","hermit:Defend_Hermit","hermit:Defend_Hermit+1","hermit:Defend_Hermit","hermit:Snapshot","hermit:Covet","hermit:Quickdraw+1","Regret","hermit:CalledShot","hermit:TrackingShot","hermit:EyeOfTheStorm","hermit:BigShot","hermit:Deadeye","hermit:TakeAim","hermit:HeroicBravado","ReplayTheSpireMod:IOU","hubris:Greed","Normality","hermit:TrackingShot","hubris:Greed","hermit:Quickdraw+1","hermit:GhostlyPresence","hubris:Greed","hubris:Greed","hermit:Malice"],"relics":["hermit:Momento","ReplayFunnel","hubris:SlimyHat","Art of War","Replay:Baseball","Replay:Ancient Bell","Anchor","Pear","Gambling Chip","MutagenicStrength","hubris:FunFungus","Whetstone","Ancient Tea Set"],"acts_visited":["Exordium","TheCity"],"potions_floor_usage":[10,23,27,27],"damage_taken":[{"damage":0,"enemies":"2 Louse","floor":1,"turns":3},{"damage":0,"enemies":"Jaw Worm","floor":4,"turns":4},{"damage":0,"enemies":"infinitespire:Voidling","floor":5,"turns":5},{"damage":15,"enemies":"3 Sentries","floor":6,"turns":19},{"damage":7,"enemies":"Looter","floor":8,"turns":3},{"damage":19,"enemies":"Lagavulin","floor":10,"turns":6},{"damage":0,"enemies":"Large Slime","floor":11,"turns":4},{"damage":1,"enemies":"Exordium Thugs","floor":13,"turns":5},{"damage":0,"enemies":"Looter","floor":14,"turns":4},{"damage":28,"enemies":"Fading Forest","floor":16,"turns":11},{"damage":13,"enemies":"2 Thieves","floor":18,"turns":5},{"damage":26,"enemies":"Chosen","floor":20,"turns":7},{"damage":33,"enemies":"Snecko","floor":21,"turns":9},{"damage":55,"enemies":"Nightmare","floor":23,"turns":23},{"damage":30,"enemies":"Replay:Snechameleon","floor":25,"turns":17},{"damage":42,"enemies":"Book of Stabbing","floor":27,"turns":7}],"seed_played":"-3069541059053244357","potions_obtained":[{"floor":1,"key":"Cursed Concoction"},{"floor":4,"key":"FearPotion"},{"floor":8,"key":"Fire Potion"},{"floor":11,"key":"hermit:Tonic"},{"floor":16,"key":"SmokeBomb"}],"is_trial":false,"path_per_floor":["M","?","?","M","M","E","R","M","T","E","M","R","M","M","R","B",null,"M","?","M","M","$","NM","R","E","T","E"],"character_chosen":"HERMIT","items_purchased":["hubris:FunFungus","hermit:GhostlyPresence"],"campfire_rested":2,"item_purchase_floors":[22,22],"current_hp_per_floor":[75,60,60,60,60,45,45,38,38,19,19,19,18,18,40,22,85,72,72,46,13,13,3,28,35,35,0,0],"gold":323,"neow_bonus":"RANDOM_COMMON_RELIC","is_daily":false,"chose_seed":false,"campfire_upgraded":1,"win_rate":0.0,"timestamp":1613059607,"path_taken":["M","?","?","M","M","E","R","M","T","E","M","R","M","?","R","BOSS","M","?","M","M","$","NM","R","E","T","E"],"items_purchased_type":["Relic","Card"],"build_version":"2020-12-22","purchased_purges":1,"victory":false,"max_hp_per_floor":[75,75,75,75,75,75,75,75,75,75,75,75,75,75,75,75,85,85,85,85,85,85,85,85,85,85,85,85],"card_choices":[{"not_picked":["hermit:Misfire","hermit:Roulette"],"picked":"hermit:Quickdraw","floor":1},{"not_picked":["hermit:Vantage","hermit:LoneWolf","hermit:Coalescence"],"picked":"SKIP","floor":4},{"not_picked":["hermit:TakeAim","hermit:Dive"],"picked":"hermit:CalledShot","floor":5},{"not_picked":["hermit:Dive","hermit:BodyArmor"],"picked":"hermit:TrackingShot","floor":6},{"not_picked":["hermit:ShadowCloak","hermit:FinalCanter"],"picked":"hermit:EyeOfTheStorm","floor":8},{"not_picked":["hermit:Feint","hermit:Grudge","hermit:Desperado"],"picked":"SKIP","floor":10},{"not_picked":["hermit:TrackingShot","hermit:BodyArmor"],"picked":"hermit:BigShot","floor":11},{"not_picked":["hermit:SprayPray","hermit:GoldenBullet"],"picked":"hermit:Deadeye","floor":13},{"not_picked":["hermit:HighCaliber","hermit:Quickdraw"],"picked":"hermit:TakeAim","floor":14},{"not_picked":["hermit:Reprieve","hermit:Purgatory"],"picked":"hermit:HeroicBravado","floor":16},{"not_picked":["Delirium","Doubt"],"picked":"ReplayTheSpireMod:IOU","floor":17},{"not_picked":["downfall:Bewildered","infinitespire:Pacifist"],"picked":"hubris:Greed","floor":17},{"not_picked":["infinitespire:Pacifist","hubris:Sloth"],"picked":"Normality","floor":17},{"not_picked":["hermit:TakeCover+1","hermit:Coalescence+1"],"picked":"hermit:TrackingShot","floor":18},{"not_picked":["hermit:Roulette","hermit:BodyArmor","hermit:Vantage+1"],"picked":"SKIP","floor":20},{"not_picked":["hermit:HoleUp+1","hermit:Coalescence"],"picked":"hermit:Quickdraw+1","floor":21},{"not_picked":["hermit:Coalescence","hermit:Manifest"],"picked":"hermit:Malice","floor":25}],"player_experience":245097,"relics_obtained":[{"floor":6,"key":"hubris:SlimyHat"},{"floor":9,"key":"Art of War"},{"floor":10,"key":"Replay:Baseball"},{"floor":25,"key":"Whetstone"},{"floor":26,"key":"Ancient Tea Set"}],"event_choices":[{"damage_healed":0,"gold_gain":0,"player_choice":"Entered Light","damage_taken":15,"max_hp_gain":0,"max_hp_loss":0,"event_name":"Shining Light","floor":2,"gold_loss":0,"cards_upgraded":["hermit:Defend_Hermit","hermit:Defend_Hermit"]},{"damage_healed":0,"gold_gain":275,"player_choice":"Desecrate","damage_taken":0,"max_hp_gain":0,"max_hp_loss":0,"event_name":"Golden Shrine","floor":3,"gold_loss":0,"cards_obtained":["Regret"]},{"damage_healed":0,"gold_gain":0,"player_choice":"Inject Mutagens","damage_taken":0,"relics_obtained":["MutagenicStrength"],"max_hp_gain":0,"max_hp_loss":0,"event_name":"Drug Dealer","floor":19,"gold_loss":0}],"is_beta":false,"boss_relics":[{"not_picked":["Tiny House","aspiration:RitualDagger"],"picked":"Replay:Ancient Bell"},{"not_picked":["Boot","infinitespire:Beetle Shell"],"picked":"Anchor"},{"not_picked":["HornCleat","Replay:WaspNest"],"picked":"Pear"},{"not_picked":["Pondfish Scales","Bird Faced Urn"],"picked":"Gambling Chip"}],"items_purged_floors":[22],"is_endless":false,"potions_floor_spawned":[1,4,8,11,16,20,21],"killed_by":"Book of Stabbing","ascension_level":0}}