{"host":"adi","time":1613063268,"event":{"mods":["AchievementEnabler","BaseMod","Bestiary","Colored Powertips","Minty Spire (QoL Compilation)","StSLib"],"gold_per_floor":[117,117,49,62,62,98,98,113,113,136,136,136,180,180,193,193,193,286,286,310,310,331,346,367,402,402,425,469,542,594,594,937,937,955,955,955,955,955],"floor_reached":37,"language":"ENG","playtime":2140,"items_purged":[],"score":570,"play_id":"0c79a861-3746-4802-935b-213b0f14c5aa","local_time":"20210211180748","is_ascension_mode":true,"campfire_choices":[{"data":"Footwork","floor":7,"key":"SMITH"},{"floor":9,"key":"REST"},{"data":"Blade Dance","floor":11,"key":"SMITH"},{"data":"Neutralize","floor":16,"key":"SMITH"},{"data":"Glass Knife","floor":17,"key":"SMITH"},{"floor":26,"key":"REST"},{"floor":33,"key":"REST"},{"floor":36,"key":"REST"}],"circlet_count":0,"master_deck":["AscendersBane","Strike_G","Strike_G","Strike_G","Defend_G+1","Defend_G","Defend_G","Defend_G","Defend_G","Survivor","Neutralize+1","Backstab","Footwork+1","Prepared","Blade Dance+1","Dodge and Roll","Terror","Glass Knife+1","Burst","Venomology","Deadly Poison+1","Choke","Backflip+1","Outmaneuver","Blade Dance","Unload","Footwork","Dodge and Roll"],"relics":["WristBlade","Golden Idol","Bronze Scales","Pear","Happy Flower","Orichalcum","Cursed Key","Akabeko","Question Card","Sundial","War Paint","Old Coin"],"acts_visited":["Exordium","TheCity"],"potions_floor_usage":[6,6,25,28,28,37,37],"damage_taken":[{"damage":6,"enemies":"Jaw Worm","floor":1,"turns":4},{"damage":0,"enemies":"2 Louse","floor":4,"turns":2},{"damage":30,"enemies":"Lagavulin","floor":6,"turns":8},{"damage":0,"enemies":"Small Slimes","floor":8,"turns":2},{"damage":16,"enemies":"Gremlin Nob","floor":13,"turns":4},{"damage":0,"enemies":"2 Fungi Beasts","floor":15,"turns":2},{"damage":4,"enemies":"Hexaghost","floor":18,"turns":6},{"damage":3,"enemies":"Chosen","floor":20,"turns":4},{"damage":4,"enemies":"Shell Parasite","floor":22,"turns":4},{"damage":9,"enemies":"Centurion and Healer","floor":23,"turns":5},{"damage":3,"enemies":"Chosen and Byrds","floor":24,"turns":2},{"damage":26,"enemies":"Gremlin Leader","floor":25,"turns":5},{"damage":2,"enemies":"Cultist and Chosen","floor":27,"turns":4},{"damage":33,"enemies":"Book of Stabbing","floor":28,"turns":4},{"damage":7,"enemies":"Slavers","floor":32,"turns":4},{"damage":0,"enemies":"Snecko","floor":34,"turns":2},{"damage":56,"enemies":"Collector","floor":37,"turns":7}],"seed_played":"-2650717633317116273","potions_obtained":[{"floor":1,"key":"LiquidMemories"},{"floor":4,"key":"Energy Potion"},{"floor":15,"key":"Ancient Potion"},{"floor":34,"key":"Weak Potion"}],"is_trial":false,"path_per_floor":["M","?","$","M","?","E","R","M","R","T","R","?","E","?","M","R","R","B",null,"M","$","M","M","M","E","R","M","E","T","T","?","E","R","M","?","R","B"],"character_chosen":"THE_SILENT","items_purchased":["Footwork"],"campfire_rested":4,"item_purchase_floors":[3],"current_hp_per_floor":[53,53,53,53,41,21,21,21,42,42,42,65,49,49,49,49,49,45,65,62,62,58,49,46,20,41,39,20,20,20,20,13,34,34,34,55,0,0],"gold":955,"neow_bonus":"BOSS_RELIC","is_daily":false,"chose_seed":false,"campfire_upgraded":4,"win_rate":0.0,"timestamp":1613063268,"path_taken":["M","?","$","M","?","E","R","M","R","T","R","?","E","?","M","R","R","BOSS","M","$","M","?","M","E","R","M","E","T","T","?","E","R","?","?","R","BOSS"],"items_purchased_type":["Card"],"build_version":"2020-12-18","purchased_purges":0,"victory":false,"max_hp_per_floor":[66,61,61,61,61,71,71,71,71,71,71,71,71,71,71,71,71,71,71,71,71,71,71,71,71,71,71,71,71,71,71,71,71,71,71,71,71,71],"card_choices":[{"not_picked":["Crippling Poison","Escape Plan"],"picked":"Backstab","floor":1},{"not_picked":["Dagger Throw","Masterful Stab"],"picked":"Prepared","floor":4},{"not_picked":["PiercingWail","Infinite Blades"],"picked":"Blade Dance","floor":6},{"not_picked":["Skewer","Flechettes"],"picked":"Dodge and Roll","floor":8},{"not_picked":["Distraction","Bouncing Flask"],"picked":"Terror","floor":13},{"not_picked":["Dagger Spray","Prepared"],"picked":"Burst","floor":15},{"not_picked":["Phantasmal Killer","Burst"],"picked":"Venomology","floor":18},{"not_picked":["Prepared","Caltrops"],"picked":"Deadly Poison+1","floor":20},{"not_picked":["Sucker Punch","Concentrate"],"picked":"Choke","floor":22},{"not_picked":["Catalyst","Underhanded Strike"],"picked":"Backflip","floor":23},{"not_picked":["Masterful Stab","Acrobatics","Distraction"],"picked":"SKIP","floor":24},{"not_picked":["Glass Knife","Acrobatics"],"picked":"Outmaneuver","floor":25},{"not_picked":["Reflex","Acrobatics","Dagger Spray"],"picked":"SKIP","floor":27},{"not_picked":["Distraction","Acrobatics"],"picked":"Blade Dance","floor":28},{"not_picked":["Setup","Bullet Time","Backflip"],"picked":"Footwork","floor":32},{"not_picked":["Flying Knee","Tactician+1","Quick Slash"],"picked":"Dodge and Roll","floor":34}],"player_experience":406321,"relics_obtained":[{"floor":6,"key":"Pear"},{"floor":10,"key":"Happy Flower"},{"floor":13,"key":"Orichalcum"},{"floor":25,"key":"Akabeko"},{"floor":28,"key":"Question Card"},{"floor":29,"key":"Sundial"},{"floor":30,"key":"War Paint"},{"floor":32,"key":"Old Coin"}],"event_choices":[{"damage_healed":0,"gold_gain":0,"player_choice":"Lose Max HP","damage_taken":0,"relics_obtained":["Golden Idol"],"max_hp_gain":0,"max_hp_loss":5,"event_name":"Golden Idol","floor":2,"gold_loss":0},{"damage_healed":0,"gold_gain":0,"player_choice":"Success","damage_taken":12,"relics_obtained":["Bronze Scales"],"max_hp_gain":0,"max_hp_loss":0,"event_name":"Scrap Ooze","floor":5,"gold_loss":0},{"damage_healed":23,"gold_gain":0,"player_choice":"Banana","damage_taken":0,"max_hp_gain":0,"max_hp_loss":0,"event_name":"Big Fish","floor":12,"gold_loss":0},{"damage_healed":0,"gold_gain":0,"cards_transformed":["Strike_G"],"player_choice":"Transformed","damage_taken":0,"max_hp_gain":0,"max_hp_loss":0,"event_name":"Transmorgrifier","floor":14,"gold_loss":0,"cards_obtained":["Glass Knife"]},{"damage_healed":0,"gold_gain":0,"cards_transformed":["Strike_G"],"player_choice":"Transformed","damage_taken":0,"max_hp_gain":0,"max_hp_loss":0,"event_name":"Transmorgrifier","floor":31,"gold_loss":0,"cards_obtained":["Unload"]},{"cards_removed":["Shame","Clumsy"],"damage_healed":0,"gold_gain":0,"player_choice":"Removed Curses","damage_taken":0,"max_hp_gain":0,"max_hp_loss":0,"event_name":"Fountain of Cleansing","floor":35,"gold_loss":0}],"is_beta":true,"boss_relics":[{"not_picked":["Ectoplasm","Runic Pyramid"],"picked":"Cursed Key"}],"items_purged_floors":[],"is_endless":false,"potions_floor_spawned":[1,4,15,23,24,25,34],"killed_by":"Collector","ascension_level":14}}