{"host":"ac6e1xz8pi3qqstb","time":1613031308,"event":{"mods":["BaseMod","Downfall","Minty Spire (QoL Compilation)","MostiFishMod","StSLib"],"gold_per_floor":[99,112,131,146,159,159,159,29,29,41,74,22,37,137,156,156,156,156],"floor_reached":16,"language":"ZHS","playtime":898,"items_purged":[],"score":104,"play_id":"3d1677a4-70a2-443b-9ac4-752388fc0cef","local_time":"20210211161508","is_ascension_mode":false,"campfire_choices":[{"data":"bronze:Goto","floor":1,"key":"SMITH"},{"data":"bronze:GetLatest","floor":6,"key":"SMITH"},{"data":"bronze:Backtrace","floor":9,"key":"SMITH"}],"circlet_count":0,"master_deck":["bronze:Strike","bronze:Strike","bronze:Strike","bronze:Strike","bronze:Defend","bronze:Defend","bronze:Defend","bronze:Defend","bronze:Replicate","bronze:Goto+1","bronze:GetLatest+1","bronze:ForLoop","bronze:Backtrace+1","bronze:Overheat","bronze:Flail","bronze:Turbo","bronze:FollowUp","bronze:WhirlingStrike","bronze:BitShift","bronze:FineTuning","bronze:Optimize","bronze:Turbo","bronze:GetLatest","bronze:Branch","bronze:ChosenStrike"],"relics":["bronze:BronzeCore","DaveBox","Turnip","Prayer Wheel"],"acts_visited":["Exordium"],"potions_floor_usage":[16,16],"damage_taken":[{"damage":1,"enemies":"Cultist","floor":2,"turns":4},{"damage":10,"enemies":"Jaw Worm","floor":3,"turns":4},{"damage":0,"enemies":"2 Louse","floor":4,"turns":1},{"damage":3,"enemies":"2 Fungi Beasts","floor":5,"turns":3},{"damage":0,"enemies":"downfall:FleeingMerchant","floor":8,"turns":4},{"damage":2,"enemies":"Blue Slaver","floor":10,"turns":2},{"damage":26,"enemies":"Lagavulin","floor":11,"turns":5},{"damage":15,"enemies":"downfall:FleeingMerchant","floor":12,"turns":4},{"damage":5,"enemies":"Exordium Thugs","floor":13,"turns":2},{"damage":0,"enemies":"3 Louse","floor":15,"turns":1},{"damage":8,"enemies":"WA_ARCHETYPE_RETAIN","floor":16,"turns":2}],"seed_played":"6539280946308344265","potions_obtained":[{"floor":0,"key":"FearPotion"},{"floor":0,"key":"PowerPotion"},{"floor":0,"key":"bronze:CleanCodePotion"}],"is_trial":false,"path_per_floor":["R","M","M","M","M","R","T","$","R","M","E","$","M","?","M","B"],"character_chosen":"THE_AUTOMATON","items_purchased":["bronze:Turbo","bronze:FollowUp","bronze:Optimize"],"campfire_rested":0,"item_purchase_floors":[8,8,12],"current_hp_per_floor":[70,69,59,59,56,56,56,56,56,54,28,13,8,8,8,0,0,0],"gold":156,"neow_bonus":"THREE_SMALL_POTIONS","is_daily":false,"chose_seed":false,"campfire_upgraded":3,"win_rate":0.0,"timestamp":1613031308,"path_taken":["R","M","M","M","?","R","T","$","R","M","E","?","M","?","M","BOSS"],"items_purchased_type":["Card","Card","Card"],"build_version":"2020-12-22","purchased_purges":0,"victory":false,"max_hp_per_floor":[70,70,70,70,70,70,70,70,70,70,70,70,70,70,70,70,70,70],"card_choices":[{"not_picked":["bronze:DigitalCarnage","bronze:BronzeOrb"],"picked":"bronze:GetLatest","floor":2},{"not_picked":["bronze:Return","bronze:BugBarrage"],"picked":"bronze:ForLoop","floor":3},{"not_picked":["bronze:Philosophize","bronze:Boost"],"picked":"bronze:Backtrace","floor":4},{"not_picked":["bronze:Allocate","bronze:ItsAFeature"],"picked":"bronze:Overheat","floor":5},{"not_picked":["bronze:BuggyMess","bronze:FineTuning"],"picked":"bronze:Flail","floor":8},{"not_picked":["bronze:Iterate","bronze:MaxOutput"],"picked":"bronze:WhirlingStrike","floor":10},{"not_picked":["bronze:Frontload","bronze:OilSpill"],"picked":"bronze:BitShift","floor":11},{"not_picked":["bronze:FindAndReplace","bronze:Overheat"],"picked":"bronze:FineTuning","floor":12},{"not_picked":["bronze:FineTuning","bronze:WhirlingStrike"],"picked":"bronze:Turbo","floor":13},{"not_picked":["bronze:BugBarrage","bronze:Invalidate"],"picked":"bronze:GetLatest","floor":13},{"not_picked":["bronze:BuggyMess","bronze:Safeguard"],"picked":"bronze:Branch","floor":15},{"not_picked":["bronze:Frontload","bronze:Invalidate"],"picked":"bronze:ChosenStrike","floor":15}],"player_experience":477853,"relics_obtained":[{"floor":7,"key":"Turnip"},{"floor":11,"key":"Prayer Wheel"}],"event_choices":[],"is_beta":false,"boss_relics":[],"items_purged_floors":[],"is_endless":false,"potions_floor_spawned":[10,11,13],"killed_by":"WA_ARCHETYPE_RETAIN","ascension_level":0}}