{"host":"6xghz2lkudss8si6","time":1613035159,"event":{"mods":["AchievementEnabler","BaseMod","Colored Map","DeckTracker","Minty Spire (QoL Compilation)","Quick Restart","StSLib","SuperFastMode"],"gold_per_floor":[115,115,131,131,145,145,145,145,145,163,192,207,207,207],"floor_reached":13,"language":"KOR","playtime":544,"items_purged":[],"score":166,"play_id":"0c7cd742-636c-471d-920f-99e72a6e078c","local_time":"20210211181919","is_ascension_mode":true,"campfire_choices":[{"data":"Quick Slash","floor":6,"key":"SMITH"},{"data":"Bane","floor":8,"key":"SMITH"}],"circlet_count":0,"master_deck":["AscendersBane","Strike_G","Strike_G","Strike_G","Defend_G","Defend_G","Defend_G","Defend_G","Defend_G","Survivor","Neutralize","Quick Slash+1","Flying Knee","Bane+1","Deadly Poison","Noxious Fumes","Deflect"],"relics":["Sozu","Paper Crane","Eternal Feather","Ornamental Fan"],"acts_visited":["Exordium"],"potions_floor_usage":[],"damage_taken":[{"damage":0,"enemies":"2 Louse","floor":1,"turns":4},{"damage":0,"enemies":"Jaw Worm","floor":3,"turns":6},{"damage":0,"enemies":"Cultist","floor":5,"turns":5},{"damage":12,"enemies":"Exordium Thugs","floor":10,"turns":5},{"damage":26,"enemies":"3 Sentries","floor":11,"turns":10},{"damage":12,"enemies":"Lots of Slimes","floor":12,"turns":4},{"damage":32,"enemies":"Gremlin Nob","floor":13,"turns":3}],"seed_played":"5971071645255421735","potions_obtained":[],"is_trial":false,"path_per_floor":["M","?","M","?","M","R","T","R","T","M","E","M","E"],"character_chosen":"THE_SILENT","items_purchased":[],"campfire_rested":0,"item_purchase_floors":[],"current_hp_per_floor":[59,59,59,59,59,59,59,59,59,47,21,9,0,0],"gold":207,"neow_bonus":"BOSS_RELIC","is_daily":false,"chose_seed":false,"campfire_upgraded":2,"win_rate":0.0,"timestamp":1613035159,"path_taken":["M","?","M","?","?","R","?","R","T","M","E","?","E"],"items_purchased_type":[],"build_version":"2020-12-22","purchased_purges":0,"victory":false,"max_hp_per_floor":[66,66,66,66,66,66,66,66,66,66,66,66,66,66],"card_choices":[{"not_picked":["Blade Dance","Prepared"],"picked":"Quick Slash","floor":1},{"not_picked":["Acrobatics","Blur"],"picked":"Flying Knee","floor":3},{"not_picked":["Reflex","Cloak And Dagger"],"picked":"Bane","floor":5},{"not_picked":["Malaise","Prepared"],"picked":"Deadly Poison","floor":10},{"not_picked":["Dash","Deflect"],"picked":"Noxious Fumes","floor":11},{"not_picked":["Reflex","Choke"],"picked":"Deflect","floor":12}],"player_experience":221222,"relics_obtained":[{"floor":7,"key":"Paper Crane"},{"floor":9,"key":"Eternal Feather"},{"floor":11,"key":"Ornamental Fan"}],"event_choices":[{"cards_removed":["Strike_G"],"damage_healed":0,"gold_gain":0,"player_choice":"Forget","damage_taken":0,"max_hp_gain":0,"max_hp_loss":0,"event_name":"Living Wall","floor":2,"gold_loss":0},{"cards_removed":["Strike_G"],"damage_healed":0,"gold_gain":0,"player_choice":"Purged","damage_taken":0,"max_hp_gain":0,"max_hp_loss":0,"event_name":"Purifier","floor":4,"gold_loss":0}],"is_beta":false,"boss_relics":[],"items_purged_floors":[],"is_endless":false,"potions_floor_spawned":[3,10,12],"killed_by":"Gremlin Nob","ascension_level":19}}