{"host":"cjhtzh7tp54jdfyv","time":1613078351,"event":{"mods":["AchievementEnabler","BaseMod","Colored Map","Colored Powertips","Curses Come First","DeckTracker","Minty Spire (QoL Compilation)","RNG Fix","Relic Sorter","Relic Stats","StSLib","UnlockEverythingMod","ojb\u0027s Better Paths Mod","ojb\u0027s Info Mod"],"gold_per_floor":[110,122,138,149,149,177,177,194,194,220,220,235,264,282,282,358,358,372,397,312,327,327,354,629,629,629,294,323,52,52,79,79,163,163,187,205,218,440,460,489,508,550,550,570,632,632,673,700,700,700,700,700,700,20,63,63],"floor_reached":57,"language":"ENG","playtime":4149,"items_purged":["Regret","Strike_G+1","Masterful Stab"],"score":3086,"play_id":"039fc3ba-f99a-42d9-88e2-c35523158197","local_time":"20210211161911","is_ascension_mode":true,"campfire_choices":[{"floor":7.0,"key":"REST"},{"floor":11.0,"key":"REST"},{"data":"Wraith Form v2","floor":15.0,"key":"SMITH"},{"data":"Burst","floor":25.0,"key":"SMITH"},{"data":"Deep Breath","floor":30.0,"key":"SMITH"},{"data":"Burst","floor":32.0,"key":"SMITH"},{"floor":46,"key":"RECALL"},{"data":"Malaise","floor":49,"key":"SMITH"},{"data":"After Image","floor":53,"key":"SMITH"}],"circlet_count":0,"master_deck":["AscendersBane","Strike_G+1","Strike_G+1","Strike_G+1","Strike_G+1","Defend_G+1","Defend_G+1","Defend_G+1","Defend_G+1","Defend_G+1","Survivor","Neutralize","Dash","Dagger Spray+1","Blade Dance+1","Finisher","Malaise+1","Endless Agony","Wraith Form v2+1","Burst+1","Burst+1","Deep Breath+1","Malaise+1","After Image+1","Prepared+1","Madness","Madness","Acrobatics+1","Concentrate+1","Blade Dance+1","Infinite Blades+1","PiercingWail","Trip","Finesse","Panache","Backflip","Backflip+1"],"relics":["Ring of the Snake","Happy Flower","Dream Catcher","Torii","Shuriken","Anchor","Whetstone","WristBlade","Red Mask","War Paint","Eternal Feather","TheAbacus","White Beast Statue","Bag of Preparation","CeramicFish","Coffee Dripper","StrikeDummy","Boot","Calipers","Du-Vu Doll","Kunai","Chemical X","Vajra"],"acts_visited":["Exordium","TheCity","TheBeyond","TheEnding"],"potions_floor_usage":[33,40,40,42,44,45,55,56],"damage_taken":[{"damage":10.0,"enemies":"Jaw Worm","floor":1.0,"turns":8.0},{"damage":1.0,"enemies":"Small Slimes","floor":2.0,"turns":5.0},{"damage":6.0,"enemies":"Cultist","floor":3.0,"turns":6.0},{"damage":20.0,"enemies":"Large Slime","floor":4.0,"turns":7.0},{"damage":17.0,"enemies":"Lagavulin","floor":6.0,"turns":9.0},{"damage":0.0,"enemies":"2 Fungi Beasts","floor":8.0,"turns":3.0},{"damage":2.0,"enemies":"3 Sentries","floor":10.0,"turns":4.0},{"damage":8.0,"enemies":"Exordium Thugs","floor":12.0,"turns":4.0},{"damage":19.0,"enemies":"Lagavulin","floor":13.0,"turns":8.0},{"damage":0.0,"enemies":"3 Louse","floor":14.0,"turns":2.0},{"damage":0.0,"enemies":"Slime Boss","floor":16.0,"turns":5.0},{"damage":0.0,"enemies":"3 Byrds","floor":18.0,"turns":3.0},{"damage":9.0,"enemies":"Masked Bandits","floor":19.0,"turns":4.0},{"damage":0.0,"enemies":"Chosen","floor":21.0,"turns":3.0},{"damage":1.0,"enemies":"Slavers","floor":23.0,"turns":5.0},{"damage":20.0,"enemies":"Book of Stabbing","floor":28.0,"turns":5.0},{"damage":1.0,"enemies":"Gremlin Leader","floor":31.0,"turns":4.0},{"damage":42,"enemies":"Collector","floor":33,"turns":10},{"damage":1,"enemies":"3 Darklings","floor":35,"turns":4},{"damage":0,"enemies":"3 Shapes","floor":37,"turns":7},{"damage":0,"enemies":"3 Darklings","floor":39,"turns":2},{"damage":0,"enemies":"Reptomancer","floor":40,"turns":3},{"damage":1,"enemies":"4 Shapes","floor":41,"turns":6},{"damage":22,"enemies":"Giant Head","floor":42,"turns":6},{"damage":0,"enemies":"Transient","floor":44,"turns":6},{"damage":0,"enemies":"2 Orb Walkers","floor":45,"turns":3},{"damage":0,"enemies":"Reptomancer","floor":47,"turns":4},{"damage":2,"enemies":"Donu and Deca","floor":50,"turns":6},{"damage":24,"enemies":"Awakened One","floor":51,"turns":12},{"damage":0,"enemies":"Shield and Spear","floor":55,"turns":6},{"damage":61,"enemies":"The Heart","floor":56,"turns":11}],"seed_played":"839973590234923139","potions_obtained":[{"floor":1.0,"key":"Poison Potion"},{"floor":2.0,"key":"AttackPotion"},{"floor":4.0,"key":"Fire Potion"},{"floor":8.0,"key":"Strength Potion"},{"floor":14.0,"key":"Block Potion"},{"floor":18.0,"key":"PowerPotion"},{"floor":21.0,"key":"Fruit Juice"},{"floor":31.0,"key":"LiquidMemories"},{"floor":33,"key":"EntropicBrew"},{"floor":39,"key":"Regen Potion"},{"floor":40,"key":"BlessingOfTheForge"},{"floor":41,"key":"CunningPotion"},{"floor":42,"key":"EntropicBrew"},{"floor":44,"key":"DistilledChaos"},{"floor":45,"key":"BlessingOfTheForge"},{"floor":55,"key":"ColorlessPotion"}],"is_trial":false,"path_per_floor":["M","M","M","M","?","E","R","M","T","E","R","M","E","M","R","B",null,"M","?","?","M","?","E","?","R","T","$","E","$","R","E","R","B",null,"M","?","M","?","M","E","M","E","T","M","?","R","E","?","R","B","B",null,"R","$","E","B",null],"character_chosen":"THE_SILENT","items_purchased":["Deep Breath","TheAbacus","Bag of Preparation","Kunai","Chemical X","Energy Potion","Backflip"],"campfire_rested":2,"item_purchase_floors":[27,27,29,54,54,54,54],"current_hp_per_floor":[49,48,42,22,22,5,24,24,24,22,41,33,14,14,14,14,53,53,44,44,44,44,43,43,43,43,43,23,23,35,39,51,9,56,55,42,42,42,42,51,50,28,28,28,28,46,46,36,57,55,31,61,71,71,71,10],"gold":63,"neow_bonus":"RANDOM_COMMON_RELIC","is_daily":false,"chose_seed":false,"campfire_upgraded":6,"win_rate":0.0,"timestamp":1613078351,"path_taken":["M","?","M","M","?","E","R","?","T","E","R","M","E","M","R","BOSS","M","?","?","?","?","E","?","R","T","$","E","$","R","E","R","BOSS","M","?","?","?","?","E","M","E","T","M","?","R","E","?","R","BOSS","BOSS","R","$","E","BOSS"],"items_purchased_type":["Card","Relic","Relic","Relic","Relic","Potion","Card"],"build_version":"2020-12-22","purchased_purges":3,"victory":true,"max_hp_per_floor":[66,66,66,66,66,66,66,66,66,66,66,66,66,66,66,66,66,66,66,66,66,66,66,66,66,66,66,66,66,66,71,71,71,71,71,71,71,71,71,71,71,71,71,71,71,71,71,71,71,71,71,71,71,71,71,71],"relic_stats":{"Happy Flower":[34],"Torii":92,"counters":[31,171],"CeramicFish":126,"Eternal Feather":73,"Bag of Preparation":[32],"Whetstone":["Strike_G","Dagger Spray"],"War Paint":["Blade Dance","Malaise"],"Boot":[0],"Dream Catcher":2,"TheAbacus":[222],"Shuriken":[111],"Kunai":[13],"Chemical X":[7],"obtain_stats":[{"Calipers":45,"Torii":6,"Happy Flower":20,"CeramicFish":31,"Vajra":55,"Eternal Feather":26,"Bag of Preparation":29,"Whetstone":13,"War Paint":23,"Boot":42,"White Beast Statue":28,"Du-Vu Doll":47,"Dream Catcher":0,"Anchor":10,"TheAbacus":27,"WristBlade":17,"Shuriken":9,"Red Mask":19,"Coffee Dripper":34,"Kunai":54,"Chemical X":54,"StrikeDummy":40,"Ring of the Snake":0},{"Calipers":26,"Torii":5,"Happy Flower":13,"CeramicFish":17,"Vajra":30,"Eternal Feather":15,"Bag of Preparation":16,"Whetstone":9,"War Paint":15,"Boot":24,"White Beast Statue":16,"Du-Vu Doll":27,"Dream Catcher":0,"Anchor":7,"TheAbacus":15,"WristBlade":11,"Shuriken":6,"Red Mask":13,"Coffee Dripper":18,"Kunai":29,"Chemical X":29,"StrikeDummy":22,"Ring of the Snake":0},{"Calipers":132,"Torii":35,"Happy Flower":68,"CeramicFish":85,"Vajra":160,"Eternal Feather":76,"Bag of Preparation":81,"Whetstone":54,"War Paint":76,"Boot":123,"White Beast Statue":81,"Du-Vu Doll":136,"Dream Catcher":0,"Anchor":42,"TheAbacus":76,"WristBlade":61,"Shuriken":38,"Red Mask":68,"Coffee Dripper":95,"Kunai":154,"Chemical X":154,"StrikeDummy":111,"Ring of the Snake":0}],"Ring of the Snake":[66]},"card_choices":[{"not_picked":["Bane","Crippling Poison","Skewer"],"picked":"SKIP","floor":1.0},{"not_picked":["Prepared","Acrobatics","Reflex"],"picked":"SKIP","floor":2.0},{"not_picked":["Poisoned Stab","Acrobatics"],"picked":"Dash","floor":3.0},{"not_picked":["Heel Hook","Deadly Poison"],"picked":"Dagger Spray","floor":4.0},{"not_picked":["Slice","PiercingWail"],"picked":"Masterful Stab","floor":6.0},{"not_picked":["Sucker Punch","Bane"],"picked":"Blade Dance","floor":7.0},{"not_picked":["PiercingWail","Poisoned Stab"],"picked":"Finisher","floor":8.0},{"not_picked":["Concentrate","Prepared"],"picked":"Malaise","floor":10.0},{"not_picked":["Dodge and Roll","Acrobatics","Eviscerate"],"picked":"SKIP","floor":12.0},{"not_picked":["Tactician","Bane"],"picked":"Endless Agony","floor":13.0},{"not_picked":["Deflect","Cloak And Dagger"],"picked":"Wraith Form v2","floor":14.0},{"not_picked":["Malaise","A Thousand Cuts"],"picked":"Burst","floor":16.0},{"not_picked":["Cloak And Dagger","Deadly Poison","Eviscerate"],"picked":"SKIP","floor":18.0},{"not_picked":["Prepared","Sucker Punch","Dagger Spray"],"picked":"SKIP","floor":21.0},{"not_picked":["Dagger Spray","Dagger Throw"],"picked":"Burst","floor":23.0},{"not_picked":["Heel Hook","Dagger Throw"],"picked":"Malaise","floor":28.0},{"not_picked":["Predator+1","Prepared","Dagger Spray"],"picked":"SKIP","floor":31.0},{"not_picked":["Wraith Form v2","Unload"],"picked":"After Image","floor":33},{"not_picked":["Flying Knee","Predator+1"],"picked":"Prepared+1","floor":35},{"not_picked":["Heel Hook","Dagger Spray","Dagger Throw"],"picked":"SKIP","floor":37},{"not_picked":["Crippling Poison","Slice","Underhanded Strike+1"],"picked":"SKIP","floor":39},{"not_picked":["Dagger Spray","Underhanded Strike","Slice"],"picked":"SKIP","floor":40},{"not_picked":["Underhanded Strike","Dagger Throw"],"picked":"Acrobatics+1","floor":41},{"not_picked":["Deadly Poison","Escape Plan+1"],"picked":"Concentrate+1","floor":42},{"not_picked":["Dagger Throw","Deadly Poison"],"picked":"Blade Dance+1","floor":44},{"not_picked":["Distraction","Crippling Poison"],"picked":"Infinite Blades+1","floor":45},{"not_picked":["Underhanded Strike","Sucker Punch+1"],"picked":"PiercingWail","floor":47},{"not_picked":["Impatience","Dramatic Entrance"],"picked":"Trip","floor":48},{"not_picked":["Thinking Ahead","Chrysalis"],"picked":"Finesse","floor":48},{"not_picked":["Apotheosis","Jack Of All Trades"],"picked":"Panache","floor":48},{"not_picked":["Phantasmal Killer","Dagger Throw"],"picked":"Backflip+1","floor":55}],"player_experience":4825064,"relics_obtained":[{"floor":6.0,"key":"Torii"},{"floor":9.0,"key":"Shuriken"},{"floor":10.0,"key":"Anchor"},{"floor":13.0,"key":"Whetstone"},{"floor":19.0,"key":"Red Mask"},{"floor":23.0,"key":"War Paint"},{"floor":26.0,"key":"Eternal Feather"},{"floor":28.0,"key":"White Beast Statue"},{"floor":31.0,"key":"CeramicFish"},{"floor":40,"key":"StrikeDummy"},{"floor":42,"key":"Boot"},{"floor":45,"key":"Calipers"},{"floor":47,"key":"Du-Vu Doll"},{"floor":55,"key":"Vajra"}],"event_choices":[{"damage_healed":0.0,"max_hp_gain":0.0,"max_hp_loss":0.0,"gold_gain":0.0,"event_name":"Liars Game","player_choice":"Ignored","floor":5.0,"gold_loss":0.0,"damage_taken":0.0},{"damage_healed":0.0,"max_hp_gain":0.0,"max_hp_loss":0.0,"gold_gain":0.0,"event_name":"Masked Bandits","player_choice":"Fought Bandits","floor":19.0,"gold_loss":0.0,"damage_taken":0.0},{"damage_healed":0.0,"max_hp_gain":0.0,"max_hp_loss":0.0,"gold_gain":0.0,"event_name":"Addict","player_choice":"Obtained Relic","floor":20.0,"gold_loss":85.0,"damage_taken":0.0,"relics_obtained":["Happy Flower"]},{"damage_healed":0.0,"max_hp_gain":0.0,"max_hp_loss":0.0,"gold_gain":0.0,"event_name":"Back to Basics","player_choice":"Simplicity","floor":22.0,"gold_loss":0.0,"damage_taken":0.0,"cards_upgraded":["Strike_G","Strike_G","Strike_G","Strike_G","Defend_G","Defend_G","Defend_G","Defend_G","Defend_G"]},{"damage_healed":0.0,"max_hp_gain":0.0,"max_hp_loss":0.0,"gold_gain":275.0,"event_name":"Golden Shrine","player_choice":"Desecrate","floor":24.0,"gold_loss":0.0,"damage_taken":0.0,"cards_obtained":["Regret"]},{"damage_healed":0,"gold_gain":0,"player_choice":"Embrace Madness","damage_taken":13,"max_hp_gain":0,"max_hp_loss":0,"event_name":"Winding Halls","floor":36,"gold_loss":0,"cards_obtained":["Madness","Madness"]},{"damage_healed":0,"gold_gain":222,"player_choice":"Wore Mask","damage_taken":0,"max_hp_gain":0,"max_hp_loss":0,"event_name":"Tomb of Lord Red Mask","floor":38,"gold_loss":0},{"damage_healed":0,"gold_gain":0,"player_choice":"Fight","damage_taken":0,"max_hp_gain":0,"max_hp_loss":0,"event_name":"Mysterious Sphere","floor":45,"gold_loss":0},{"damage_healed":0,"gold_gain":0,"player_choice":"Memory 3","damage_taken":10,"max_hp_gain":0,"max_hp_loss":0,"event_name":"SensoryStone","floor":48,"gold_loss":0}],"is_beta":false,"boss_relics":[{"not_picked":["Snecko Eye","Runic Dome"],"picked":"WristBlade"},{"not_picked":["Sozu","Runic Pyramid"],"picked":"Coffee Dripper"}],"items_purged_floors":[27,29,54],"is_endless":false,"potions_floor_spawned":[1,2,4,8,14,18,19,21,31,33,35,37,39,40,41,42,44,45,47,55],"ascension_level":20}}