{"host":"yml0ux6c8lqydjlc","time":1613005519,"event":{"mods":["Aspiration","BaseMod","Conspire","Downfall","Hermit","Jedi Mod","Minty Spire (QoL Compilation)","Robot Space Explorer","StSLib"],"gold_per_floor":[119,137,150,170,170,170,182,201,250,263,263,263,281,307,307,409,409,426,438,68,97,97,97,97,97,121,21,21,34,34,54,54,54,54],"floor_reached":33,"language":"ENG","playtime":2803,"items_purged":["Strike_G","Strike_G"],"score":249,"play_id":"ee275f9f-fed3-47b9-bc4b-c8d6e7bdafcc","local_time":"20210210200519","is_ascension_mode":false,"campfire_choices":[{"data":"Deadly Poison","floor":6.0,"key":"SMITH"},{"floor":12.0,"key":"REST"},{"floor":15.0,"key":"REST"},{"floor":23,"key":"REST"},{"floor":28,"key":"REST"},{"floor":30,"key":"REST"},{"floor":32,"key":"REST"}],"circlet_count":0,"master_deck":["Strike_G","Strike_G","Strike_G","Defend_G","Defend_G","Defend_G","Defend_G","Defend_G","Survivor","Neutralize","Deadly Poison+1","Bouncing Flask","Dodge and Roll","jedi:pocketpoison","Catalyst","Flying Knee","Bane","Poisoned Stab","Slice","Blade Dance","A Thousand Cuts","Infinite Blades","Backstab","Backstab","Prepared","Slice","Outmaneuver","Acrobatics","Sucker Punch+1"],"relics":["Ring of the Snake","Bag of Marbles","Ice Cream","SacredBark","Sling","Red Mask","Strawberry"],"acts_visited":["Exordium","TheCity"],"potions_floor_usage":[16,21,31],"damage_taken":[{"damage":0.0,"enemies":"2 Louse","floor":1.0,"turns":2.0},{"damage":5.0,"enemies":"Small Slimes","floor":2.0,"turns":4.0},{"damage":7.0,"enemies":"Jaw Worm","floor":3.0,"turns":4.0},{"damage":29.0,"enemies":"Large Slime","floor":4.0,"turns":7.0},{"damage":0.0,"enemies":"Looter","floor":7.0,"turns":4.0},{"damage":4.0,"enemies":"Blue Slaver","floor":8.0,"turns":4.0},{"damage":3.0,"enemies":"Large Slime","floor":10.0,"turns":7.0},{"damage":8.0,"enemies":"Red Slaver","floor":13.0,"turns":3.0},{"damage":16.0,"enemies":"Lagavulin","floor":14.0,"turns":4.0},{"damage":27,"enemies":"Hexaghost","floor":16,"turns":5},{"damage":28,"enemies":"2 Thieves","floor":18,"turns":5},{"damage":12,"enemies":"conspire:FuzzyDice","floor":19,"turns":5},{"damage":20,"enemies":"Masked Bandits","floor":21,"turns":3},{"damage":26,"enemies":"Snake Plant","floor":29,"turns":3},{"damage":18,"enemies":"Centurion and Healer","floor":31,"turns":6},{"damage":74,"enemies":"Automaton","floor":33,"turns":6}],"seed_played":"2864213121197193734","potions_obtained":[{"floor":1.0,"key":"Swift Potion"},{"floor":3.0,"key":"PowerPotion"},{"floor":13.0,"key":"Fire Potion"},{"floor":16,"key":"jedi:holywater"},{"floor":18,"key":"Strength Potion"},{"floor":29,"key":"LiquidMemories"}],"is_trial":false,"path_per_floor":["M","M","M","M","?","R","M","M","T","M","?","R","M","E","R","B",null,"M","M","$","?","?","R","?","$","T","$","R","M","R","M","R","B"],"character_chosen":"THE_SILENT","items_purchased":["Sling","Backstab","Prepared","Slice"],"campfire_rested":6,"item_purchase_floors":[20,20,20,20],"current_hp_per_floor":[70,65,58,29,52,52,52,48,48,45,45,66,58,42,63,36,70,42,30,30,10,10,31,31,31,38,38,61,35,58,40,63,0,0],"gold":54,"neow_bonus":"THREE_CARDS","is_daily":false,"chose_seed":false,"campfire_upgraded":1,"win_rate":0.0,"timestamp":1613005519,"path_taken":["M","M","M","M","?","R","M","M","T","M","?","R","M","E","R","BOSS","M","M","$","?","?","R","?","$","T","$","R","M","R","M","R","BOSS"],"items_purchased_type":["Relic","Card","Card","Card"],"build_version":"2020-12-22","purchased_purges":2,"victory":false,"max_hp_per_floor":[70,70,70,70,70,70,70,70,70,70,70,70,70,70,70,70,70,70,70,70,70,70,70,70,70,77,77,77,77,77,77,77,77,77],"card_choices":[{"not_picked":["Backflip","Footwork"],"picked":"Deadly Poison","floor":0.0},{"not_picked":["All Out Attack","Riddle With Holes"],"picked":"Bouncing Flask","floor":1.0},{"not_picked":["All Out Attack","Prepared"],"picked":"Dodge and Roll","floor":2.0},{"not_picked":["Acrobatics","Prepared"],"picked":"jedi:pocketpoison","floor":3.0},{"not_picked":["Reflex","Bane"],"picked":"Catalyst","floor":4.0},{"not_picked":["Choke","jedi:unstablefumes"],"picked":"Flying Knee","floor":7.0},{"not_picked":["Deadly Poison","Sucker Punch"],"picked":"Bane","floor":8.0},{"not_picked":["After Image","Acrobatics"],"picked":"Poisoned Stab","floor":10.0},{"not_picked":["Eviscerate","Prepared"],"picked":"Slice","floor":13.0},{"not_picked":["Footwork","Malaise"],"picked":"Blade Dance","floor":14.0},{"not_picked":["jedi:studyshivs","Wraith Form v2"],"picked":"A Thousand Cuts","floor":16},{"not_picked":["Underhanded Strike","Dagger Spray"],"picked":"Infinite Blades","floor":18},{"not_picked":["Sucker Punch","Deadly Poison"],"picked":"Backstab","floor":19},{"not_picked":["Dodge and Roll","Corpse Explosion"],"picked":"Outmaneuver","floor":21},{"not_picked":["Prepared","Masterful Stab"],"picked":"Acrobatics","floor":29},{"not_picked":["Tactician","Blur"],"picked":"Sucker Punch+1","floor":31}],"player_experience":46316,"relics_obtained":[{"floor":9.0,"key":"Bag of Marbles"},{"floor":14.0,"key":"Ice Cream"},{"floor":21,"key":"Red Mask"},{"floor":26,"key":"Strawberry"}],"event_choices":[{"damage_healed":23.0,"max_hp_gain":0.0,"max_hp_loss":0.0,"gold_gain":0.0,"event_name":"Big Fish","player_choice":"Banana","floor":5.0,"gold_loss":0.0,"damage_taken":0.0},{"damage_healed":0.0,"max_hp_gain":0.0,"max_hp_loss":0.0,"gold_gain":0.0,"event_name":"Golden Wing","player_choice":"Ignored","floor":11.0,"gold_loss":0.0,"damage_taken":0.0},{"damage_healed":0,"gold_gain":0,"player_choice":"Fought Bandits","damage_taken":0,"max_hp_gain":0,"max_hp_loss":0,"event_name":"Masked Bandits","floor":21,"gold_loss":0},{"damage_healed":0,"gold_gain":0,"player_choice":"Ignored","damage_taken":0,"max_hp_gain":0,"max_hp_loss":0,"event_name":"The Mausoleum","floor":22,"gold_loss":0}],"is_beta":false,"boss_relics":[{"not_picked":["conspire:RunicOctahedron","Cursed Key"],"picked":"SacredBark"}],"items_purged_floors":[20,27],"is_endless":false,"potions_floor_spawned":[1,3,13,14,16,18,29],"killed_by":"Automaton","ascension_level":0}}