{"host":"8is2j71l4wmybkoi","time":1613047718,"event":{"mods":["AchievementEnabler","BaseMod","Colored Map","Minty Spire (QoL Compilation)","Rare Cards Sparkle","StSLib","SuperFastMode"],"gold_per_floor":[114,133,152,8,25,25,52,52,52,52,52,52,52,72,72,146,146,159,176,176,190,209,244,244,169,194,194,194,194,228,228,228,302,302,319,319,76,90,102,134,152,152,222,237,37,71,86,105,105,105,105,105,31,62,62,62],"floor_reached":55,"language":"KOR","playtime":2256,"items_purged":["Bash","Clash+1","Defend_R"],"score":1339,"play_id":"7cae4edc-3d87-43dc-8c51-525ecd7d0c1d","local_time":"20210211214838","is_ascension_mode":true,"campfire_choices":[{"data":"Uppercut","floor":6.0,"key":"SMITH"},{"data":"Body Slam","floor":8.0,"key":"SMITH"},{"data":"Sword Boomerang","floor":10.0,"key":"SMITH"},{"data":"Bloodletting","floor":12.0,"key":"SMITH"},{"floor":15.0,"key":"RECALL"},{"data":"Battle Trance","floor":24.0,"key":"SMITH"},{"data":"Demon Form","floor":29.0,"key":"SMITH"},{"data":"Flame Barrier","floor":32.0,"key":"SMITH"},{"data":"Heavy Blade","floor":42.0,"key":"SMITH"},{"data":"Disarm","floor":49.0,"key":"SMITH"},{"data":"Second Wind","floor":52.0,"key":"SMITH"}],"circlet_count":0,"master_deck":["AscendersBane","Defend_R+1","Defend_R","Defend_R","Uppercut+1","Sword Boomerang+1","Reckless Charge","Bloodletting+1","Body Slam+1","Demon Form+1","Burning Pact+1","Uppercut+1","Battle Trance+1","Flame Barrier+1","Reaper","Sentinel","Pummel","Fiend Fire","Heavy Blade+1","Shrug It Off+1","Flash of Steel","Armaments+1","Second Wind+1","Feel No Pain+1","Sentinel+1","Disarm+1"],"relics":["Burning Blood","Centennial Puzzle","Mercury Hourglass","Gambling Chip","Charon\u0027s Ashes","Odd Mushroom","Astrolabe","Eternal Feather","Boot","Coffee Dripper","Unceasing Top","Frozen Egg 2","Singing Bowl","War Paint"],"acts_visited":["Exordium","TheCity","TheBeyond","TheEnding"],"potions_floor_usage":[54,55],"damage_taken":[{"damage":6.0,"enemies":"Cultist","floor":1.0,"turns":3.0},{"damage":0.0,"enemies":"2 Louse","floor":2.0,"turns":2.0},{"damage":12.0,"enemies":"Jaw Worm","floor":3.0,"turns":2.0},{"damage":1.0,"enemies":"2 Fungi Beasts","floor":5.0,"turns":3.0},{"damage":21.0,"enemies":"Lagavulin","floor":7.0,"turns":4.0},{"damage":3.0,"enemies":"The Mushroom Lair","floor":14.0,"turns":2.0},{"damage":45.0,"enemies":"The Guardian","floor":16.0,"turns":11.0},{"damage":3.0,"enemies":"Spheric Guardian","floor":18.0,"turns":3.0},{"damage":6.0,"enemies":"Chosen","floor":19.0,"turns":3.0},{"damage":10.0,"enemies":"Snake Plant","floor":21.0,"turns":2.0},{"damage":13.0,"enemies":"Shelled Parasite and Fungi","floor":22.0,"turns":3.0},{"damage":10.0,"enemies":"Gremlin Leader","floor":23.0,"turns":4.0},{"damage":8.0,"enemies":"Book of Stabbing","floor":30.0,"turns":3.0},{"damage":36.0,"enemies":"Automaton","floor":33.0,"turns":5.0},{"damage":4.0,"enemies":"Orb Walker","floor":35.0,"turns":3.0},{"damage":27.0,"enemies":"3 Shapes","floor":38.0,"turns":3.0},{"damage":4.0,"enemies":"Sphere and 2 Shapes","floor":39.0,"turns":3.0},{"damage":6.0,"enemies":"Giant Head","floor":40.0,"turns":5.0},{"damage":4.0,"enemies":"Transient","floor":41.0,"turns":5.0},{"damage":28.0,"enemies":"Maw","floor":44.0,"turns":5.0},{"damage":10.0,"enemies":"Reptomancer","floor":46.0,"turns":5.0},{"damage":29.0,"enemies":"3 Darklings","floor":47.0,"turns":3.0},{"damage":12.0,"enemies":"Transient","floor":48.0,"turns":5.0},{"damage":53.0,"enemies":"Time Eater","floor":50.0,"turns":10.0},{"damage":61,"enemies":"Shield and Spear","floor":54,"turns":6},{"damage":40,"enemies":"The Heart","floor":55,"turns":5}],"seed_played":"2543047163689049286","potions_obtained":[{"floor":1.0,"key":"DistilledChaos"},{"floor":2.0,"key":"GamblersBrew"},{"floor":16.0,"key":"Explosive Potion"},{"floor":19.0,"key":"ColorlessPotion"},{"floor":22.0,"key":"BlessingOfTheForge"},{"floor":30.0,"key":"AttackPotion"},{"floor":33.0,"key":"FearPotion"},{"floor":40.0,"key":"Dexterity Potion"},{"floor":44.0,"key":"FearPotion"}],"is_trial":false,"path_per_floor":["M","M","M","$","M","R","E","R","T","R","?","R","?","?","R","B",null,"M","M","?","M","M","E","R","$","T","?","?","R","E","?","R","B",null,"M","?","$","M","M","E","M","R","T","M","$","E","M","M","R","B",null,"R","$","E","B"],"character_chosen":"IRONCLAD","items_purchased":["Centennial Puzzle","Shrug It Off","Flash of Steel","Feel No Pain+1","ElixirPotion"],"campfire_rested":0,"item_purchase_floors":[4,37,37,45,53],"current_hp_per_floor":[68,74,68,68,73,73,58,58,58,58,58,58,47,50,50,11,59,62,62,62,58,51,59,68,68,68,68,68,75,73,73,75,65,73,75,71,71,58,70,75,75,75,75,53,53,75,57,58,73,26,64,77,77,39,0,0],"gold":62,"neow_bonus":"REMOVE_CARD","is_daily":false,"chose_seed":false,"campfire_upgraded":10,"win_rate":0.0,"timestamp":1613047718,"path_taken":["M","?","M","$","M","R","E","R","T","R","?","R","?","?","R","BOSS","M","M","?","M","M","E","R","$","T","?","?","R","E","?","R","BOSS","M","?","$","M","M","E","M","R","T","?","$","E","M","M","R","BOSS","R","$","E","BOSS"],"items_purchased_type":["Relic","Card","Card","Card","Potion"],"build_version":"2020-12-22","purchased_purges":3,"victory":false,"max_hp_per_floor":[75,75,75,75,75,75,75,75,75,75,75,75,75,75,75,75,75,75,75,75,75,75,75,75,75,75,75,75,75,75,75,75,75,75,75,75,75,75,75,75,75,75,75,75,75,77,77,77,77,77,77,77,77,79,79,79],"card_choices":[{"not_picked":["Combust","Wild Strike"],"picked":"Uppercut","floor":1.0},{"not_picked":["Infernal Blade","Iron Wave"],"picked":"Sword Boomerang","floor":2.0},{"not_picked":["Battle Trance","Dark Embrace"],"picked":"Reckless Charge","floor":3.0},{"not_picked":["Uppercut","Blood for Blood"],"picked":"Bloodletting","floor":5.0},{"not_picked":["Twin Strike","Intimidate"],"picked":"Body Slam","floor":7.0},{"not_picked":["Immolate","Feed"],"picked":"Demon Form","floor":16.0},{"not_picked":["Thunderclap","Anger"],"picked":"Battle Trance","floor":18.0},{"not_picked":["Carnage","Hemokinesis","Cleave+1"],"picked":"SKIP","floor":19.0},{"not_picked":["Power Through","Bloodletting+1"],"picked":"Reaper","floor":21.0},{"not_picked":["Wild Strike","Pommel Strike","Heavy Blade"],"picked":"SKIP","floor":22.0},{"not_picked":["Wild Strike","Pommel Strike","Heavy Blade"],"picked":"SKIP","floor":22.0},{"not_picked":["Carnage","Disarm"],"picked":"Sentinel","floor":23.0},{"not_picked":["Fire Breathing+1","Uppercut"],"picked":"Pummel","floor":30.0},{"not_picked":["Brutality","Bludgeon"],"picked":"Fiend Fire","floor":33.0},{"not_picked":["Flex+1","Havoc"],"picked":"Heavy Blade","floor":35.0},{"not_picked":["Clothesline","Havoc","True Grit"],"picked":"SKIP","floor":38.0},{"not_picked":["Cleave","Clash+1"],"picked":"Armaments+1","floor":39.0},{"not_picked":["Clash","Blood for Blood"],"picked":"Second Wind","floor":40.0},{"not_picked":["Intimidate","Headbutt","Double Tap"],"picked":"SKIP","floor":41.0},{"not_picked":["Intimidate","Headbutt","Double Tap"],"picked":"SKIP","floor":41.0},{"not_picked":["Twin Strike","Infernal Blade","Sword Boomerang"],"picked":"SKIP","floor":44.0},{"not_picked":["Brutality+1","Clothesline+1","Headbutt"],"picked":"Singing Bowl","floor":46.0},{"not_picked":["Iron Wave","Spot Weakness+1"],"picked":"Sentinel+1","floor":47.0},{"not_picked":["Combust+1","Flex+1"],"picked":"Disarm","floor":48.0},{"not_picked":["Seeing Red","Clothesline","Perfected Strike+1"],"picked":"Singing Bowl","floor":54}],"player_experience":1141724,"relics_obtained":[{"floor":7.0,"key":"Mercury Hourglass"},{"floor":9.0,"key":"Gambling Chip"},{"floor":14.0,"key":"Odd Mushroom"},{"floor":23.0,"key":"Eternal Feather"},{"floor":30.0,"key":"Boot"},{"floor":40.0,"key":"Unceasing Top"},{"floor":43.0,"key":"Frozen Egg 2"},{"floor":46.0,"key":"Singing Bowl"},{"floor":54,"key":"War Paint"}],"event_choices":[{"cards_removed":["Strike_R"],"damage_healed":0.0,"max_hp_gain":0.0,"max_hp_loss":0.0,"gold_gain":0.0,"event_name":"Living Wall","player_choice":"Forget","floor":11.0,"gold_loss":0.0,"damage_taken":0.0},{"damage_healed":0.0,"max_hp_gain":0.0,"max_hp_loss":0.0,"gold_gain":0.0,"event_name":"Scrap Ooze","player_choice":"Success","floor":13.0,"gold_loss":0.0,"damage_taken":11.0,"relics_obtained":["Charon\u0027s Ashes"]},{"damage_healed":0.0,"max_hp_gain":0.0,"max_hp_loss":0.0,"gold_gain":0.0,"event_name":"Mushrooms","player_choice":"Fought Mushrooms","floor":14.0,"gold_loss":0.0,"damage_taken":0.0},{"damage_healed":0.0,"max_hp_gain":0.0,"max_hp_loss":0.0,"gold_gain":0.0,"event_name":"The Library","player_choice":"Read","floor":20.0,"gold_loss":0.0,"damage_taken":0.0,"cards_obtained":["Flame Barrier"]},{"damage_healed":0.0,"max_hp_gain":0.0,"max_hp_loss":0.0,"gold_gain":0.0,"event_name":"The Mausoleum","player_choice":"Ignored","floor":27.0,"gold_loss":0.0,"damage_taken":0.0},{"damage_healed":0.0,"max_hp_gain":0.0,"max_hp_loss":0.0,"gold_gain":0.0,"event_name":"Ghosts","player_choice":"Ignored","floor":28.0,"gold_loss":0.0,"damage_taken":0.0},{"damage_healed":0.0,"max_hp_gain":0.0,"max_hp_loss":0.0,"gold_gain":0.0,"event_name":"Vampires","player_choice":"Ignored","floor":31.0,"gold_loss":0.0,"damage_taken":0.0},{"damage_healed":0.0,"max_hp_gain":0.0,"max_hp_loss":0.0,"gold_gain":0.0,"event_name":"The Woman in Blue","player_choice":"Bought 0 Potions","floor":36.0,"gold_loss":0.0,"damage_taken":0.0}],"is_beta":false,"boss_relics":[{"not_picked":["Black Blood","Runic Pyramid"],"picked":"Astrolabe"},{"not_picked":["Calling Bell","Philosopher\u0027s Stone"],"picked":"Coffee Dripper"}],"items_purged_floors":[25,37,45],"is_endless":false,"potions_floor_spawned":[1,2,16,19,22,30,33,40,44,46,47,48],"killed_by":"The Heart","ascension_level":15}}