{"host":"qc8p2flj7wsy3zpg","time":1613074773,"event":{"mods":["BaseMod","Highlight Path","Minty Spire (QoL Compilation)","Monster List Patch","Relic Stats","StSLib"],"gold_per_floor":[119,194,213,230,22,48,48,48,48,48,59,70,70,89,89,192,192,202,202,202,214,232,242,242,157,182,182,62,62,16,33,33,132,132,147,0,0,18,36,36,47,47,47],"floor_reached":42,"language":"ENG","playtime":702,"items_purged":[],"score":450,"play_id":"6f9cac3a-dbf5-4099-a655-23304de2cdf9","local_time":"20210211141933","is_ascension_mode":false,"campfire_choices":[{"floor":7.0,"key":"REST"},{"floor":13.0,"key":"REST"},{"data":"Blade Dance","floor":15.0,"key":"SMITH"},{"floor":24,"key":"REST"},{"data":"Crippling Poison","floor":32,"key":"SMITH"},{"data":"Corpse Explosion","floor":40,"key":"SMITH"}],"circlet_count":0,"master_deck":["Strike_G+1","Strike_G+1","Strike_G+1","Strike_G+1","Strike_G+1","Defend_G+1","Defend_G+1","Defend_G+1","Defend_G+1","Defend_G+1","Survivor","Neutralize+1","Bane","Bouncing Flask","Deadly Poison","Endless Agony","Cloak And Dagger","Blade Dance+1","Doppelganger","Deadly Poison+1","Blur+1","Crippling Poison+1","Finisher+1","Leg Sweep","Poisoned Stab+1","Corpse Explosion+1","Predator+1","PiercingWail+1"],"relics":["Ring of the Snake","Ancient Tea Set","Orichalcum","StrikeDummy","WristBlade","Molten Egg 2","Akabeko","Matryoshka","MutagenicStrength","Coffee Dripper","Red Mask"],"acts_visited":["Exordium","TheCity","TheBeyond"],"potions_floor_usage":[33,33,42],"damage_taken":[{"damage":5.0,"enemies":"Cultist","floor":1.0,"turns":4.0},{"damage":7.0,"enemies":"Small Slimes","floor":3.0,"turns":3.0},{"damage":2.0,"enemies":"Jaw Worm","floor":4.0,"turns":3.0},{"damage":18.0,"enemies":"Gremlin Nob","floor":6.0,"turns":4.0},{"damage":0.0,"enemies":"3 Louse","floor":11.0,"turns":2.0},{"damage":11.0,"enemies":"Exordium Thugs","floor":12.0,"turns":4.0},{"damage":2.0,"enemies":"Large Slime","floor":14.0,"turns":4.0},{"damage":0.0,"enemies":"Slime Boss","floor":16.0,"turns":5.0},{"damage":4.0,"enemies":"Chosen","floor":18.0,"turns":3.0},{"damage":3,"enemies":"Shell Parasite","floor":21,"turns":3},{"damage":2,"enemies":"Cultist and Chosen","floor":22,"turns":4},{"damage":18,"enemies":"Snake Plant","floor":23,"turns":4},{"damage":0,"enemies":"Snecko","floor":31,"turns":2},{"damage":38,"enemies":"Automaton","floor":33,"turns":6},{"damage":6,"enemies":"3 Shapes","floor":35,"turns":1},{"damage":1,"enemies":"Orb Walker","floor":38,"turns":2},{"damage":48,"enemies":"Spire Growth","floor":39,"turns":4},{"damage":13,"enemies":"Transient","floor":41,"turns":5},{"damage":3,"enemies":"3 Darklings","floor":42,"turns":2}],"seed_played":"3443242018836769657","potions_obtained":[{"floor":6.0,"key":"Strength Potion"},{"floor":10.0,"key":"AttackPotion"},{"floor":10.0,"key":"Explosive Potion"},{"floor":16.0,"key":"ColorlessPotion"},{"floor":22,"key":"Strength Potion"},{"floor":23,"key":"PowerPotion"},{"floor":35,"key":"Ancient Potion"},{"floor":39,"key":"Poison Potion"}],"is_trial":false,"path_per_floor":["M","?","M","M","$","E","R","?","T","?","M","M","R","M","R","B",null,"M","?","?","M","M","M","R","?","T","T","$","?","$","M","R","B",null,"M","?","?","M","M","R","M","M"],"character_chosen":"THE_SILENT","items_purchased":["Orichalcum","Deadly Poison","Finisher+1","Leg Sweep","Poisoned Stab+1"],"campfire_rested":3,"item_purchase_floors":[5,5,28,28,30],"current_hp_per_floor":[65,54,47,45,45,27,48,34,34,34,34,23,44,42,42,42,70,66,66,66,63,61,43,64,64,64,64,64,64,64,64,64,26,70,64,64,64,63,15,15,2,0,0],"gold":47,"neow_bonus":"RANDOM_COMMON_RELIC","is_daily":false,"chose_seed":false,"campfire_upgraded":3,"win_rate":0.0,"timestamp":1613074773,"path_taken":["M","?","M","M","$","E","R","?","T","?","M","?","R","M","R","BOSS","M","?","?","?","M","M","R","?","T","?","$","?","$","M","R","BOSS","M","?","?","M","M","R","M","M"],"items_purchased_type":["Relic","Card","Card","Card","Card"],"build_version":"2020-12-22","purchased_purges":0,"victory":false,"max_hp_per_floor":[70,70,70,70,70,70,70,70,70,70,70,70,70,70,70,70,70,70,70,70,70,70,70,70,70,70,70,70,70,70,70,70,70,70,70,70,70,70,70,70,70,70,70],"relic_stats":{"counters":[19,65],"Orichalcum":[168],"obtain_stats":[{"Matryoshka":27,"WristBlade":17,"MutagenicStrength":29,"Molten Egg 2":25,"Coffee Dripper":34,"Red Mask":36,"Orichalcum":5,"Ancient Tea Set":0,"StrikeDummy":6,"Akabeko":26,"Ring of the Snake":0},{"Matryoshka":12,"WristBlade":8,"MutagenicStrength":12,"Molten Egg 2":12,"Coffee Dripper":14,"Red Mask":15,"Orichalcum":3,"Ancient Tea Set":0,"StrikeDummy":4,"Akabeko":12,"Ring of the Snake":0},{"Matryoshka":43,"WristBlade":29,"MutagenicStrength":43,"Molten Egg 2":43,"Coffee Dripper":51,"Red Mask":52,"Orichalcum":10,"Ancient Tea Set":0,"StrikeDummy":14,"Akabeko":43,"Ring of the Snake":0}],"Ring of the Snake":[41]},"card_choices":[{"not_picked":["Backflip","Outmaneuver"],"picked":"Bane","floor":1.0},{"not_picked":["Dash","Catalyst"],"picked":"Bouncing Flask","floor":3.0},{"not_picked":["Bullet Time","Finisher"],"picked":"Endless Agony","floor":6.0},{"not_picked":["Acrobatics","Deadly Poison"],"picked":"Cloak And Dagger","floor":11.0},{"not_picked":["Quick Slash","Underhanded Strike"],"picked":"Blade Dance","floor":14.0},{"not_picked":["A Thousand Cuts","Storm of Steel"],"picked":"Doppelganger","floor":16.0},{"not_picked":["Finisher","Prepared"],"picked":"Deadly Poison+1","floor":18.0},{"not_picked":["Quick Slash+1","Sucker Punch"],"picked":"Blur+1","floor":22},{"not_picked":["Bouncing Flask","Dagger Throw"],"picked":"Crippling Poison","floor":23},{"not_picked":["Poisoned Stab+1","Prepared"],"picked":"Dagger Spray+1","floor":31},{"not_picked":["Storm of Steel","Glass Knife+1"],"picked":"Corpse Explosion","floor":33},{"not_picked":["Underhanded Strike+1","Quick Slash+1"],"picked":"Predator+1","floor":38},{"not_picked":["Noxious Fumes+1","Deadly Poison"],"picked":"PiercingWail+1","floor":39}],"player_experience":2365447,"relics_obtained":[{"floor":6.0,"key":"StrikeDummy"},{"floor":26,"key":"Akabeko"},{"floor":27,"key":"Matryoshka"}],"event_choices":[{"damage_healed":0.0,"max_hp_gain":0.0,"max_hp_loss":0.0,"gold_gain":75.0,"event_name":"World of Goop","player_choice":"Gather Gold","floor":2.0,"gold_loss":0.0,"damage_taken":11.0},{"damage_healed":0.0,"max_hp_gain":0.0,"max_hp_loss":0.0,"gold_gain":0.0,"event_name":"Shining Light","player_choice":"Entered Light","floor":8.0,"gold_loss":0.0,"damage_taken":14.0,"cards_upgraded":["Strike_G","Neutralize"]},{"damage_healed":0.0,"max_hp_gain":0.0,"max_hp_loss":0.0,"gold_gain":0.0,"event_name":"Lab","player_choice":"Got Potions","floor":10.0,"gold_loss":0.0,"damage_taken":0.0},{"damage_healed":0.0,"max_hp_gain":0.0,"max_hp_loss":0.0,"gold_gain":0.0,"event_name":"Back to Basics","player_choice":"Simplicity","floor":19.0,"gold_loss":0.0,"damage_taken":0.0,"cards_upgraded":["Strike_G","Strike_G","Strike_G","Strike_G","Defend_G","Defend_G","Defend_G","Defend_G","Defend_G"]},{"damage_healed":0,"gold_gain":0,"player_choice":"Ignored","damage_taken":0,"max_hp_gain":0,"max_hp_loss":0,"event_name":"N\u0027loth","floor":20,"gold_loss":0},{"damage_healed":0,"gold_gain":0,"player_choice":"Obtained Relic","damage_taken":0,"relics_obtained":["Molten Egg 2"],"max_hp_gain":0,"max_hp_loss":0,"event_name":"Addict","floor":25,"gold_loss":85},{"damage_healed":0,"gold_gain":0,"player_choice":"Inject Mutagens","damage_taken":0,"relics_obtained":["MutagenicStrength"],"max_hp_gain":0,"max_hp_loss":0,"event_name":"Drug Dealer","floor":29,"gold_loss":0},{"damage_healed":0,"gold_gain":0,"player_choice":"Paid","damage_taken":0,"relics_obtained":["Red Mask"],"max_hp_gain":0,"max_hp_loss":0,"event_name":"Tomb of Lord Red Mask","floor":36,"gold_loss":147},{"cards_removed":["Dagger Spray"],"damage_healed":0,"gold_gain":0,"player_choice":"Removed Attack","damage_taken":0,"max_hp_gain":0,"max_hp_loss":0,"event_name":"Falling","floor":37,"gold_loss":0}],"is_beta":false,"boss_relics":[{"not_picked":["Empty Cage","Fusion Hammer"],"picked":"WristBlade"},{"not_picked":["Calling Bell","Busted Crown"],"picked":"Coffee Dripper"}],"items_purged_floors":[],"is_endless":false,"potions_floor_spawned":[6,11,12,16,22,23,35,39,41],"killed_by":"3 Darklings","ascension_level":0}}