{"host":"8ztb9kwpjc2zof9s","time":1613023952,"event":{"mods":["BaseMod","Block Reminder","Curses Come First","Minty Spire (QoL Compilation)","Relic Stats","StSLib"],"gold_per_floor":[112,112,129,54,64,99,99,113,113,124,138,138,4,29,29,124,124,141,141,154,79,97,97,122,122,122,137,137,157,157,157,157,257,257,276,151,164,176,176,176,209,226,279,19,32,32,59,80,80,80],"floor_reached":51,"language":"ENG","playtime":2235,"items_purged":["Defend_G","Defend_G","Strike_G","Defend_G"],"score":1085,"play_id":"068ad1a5-eedd-4d5d-9ba2-c8365957c938","local_time":"20210210221232","is_ascension_mode":true,"campfire_choices":[{"floor":7,"key":"REST"},{"floor":15,"key":"REST"},{"floor":23,"key":"REST"},{"data":"Accuracy","floor":25,"key":"SMITH"},{"data":"Footwork","floor":28,"key":"SMITH"},{"floor":30,"key":"REST"},{"data":"Terror","floor":32,"key":"SMITH"},{"floor":40,"key":"REST"},{"floor":46,"key":"REST"},{"data":"Cloak And Dagger","floor":49,"key":"SMITH"}],"circlet_count":0,"master_deck":["Strike_G","Defend_G","Survivor","Neutralize","Adrenaline","Footwork+1","Cloak And Dagger+1","Finisher","Crippling Poison","Terror+1","Accuracy+1","Die Die Die+1","Backflip+1","Cloak And Dagger+1","Dagger Spray+1","Unload+1","Blade Dance+1","Footwork","Accuracy+1","Cloak And Dagger+1","Infinite Blades","Storm of Steel+1"],"relics":["Ring of the Snake","Gambling Chip","Molten Egg 2","Toxic Egg 2","WristBlade","Mummified Hand","Pear","SlaversCollar","Ornamental Fan","CeramicFish","Ninja Scroll"],"acts_visited":["Exordium","TheCity","TheBeyond"],"potions_floor_usage":[5,6,16,18,18,18,33,33,50],"damage_taken":[{"damage":0,"enemies":"2 Louse","floor":1,"turns":3},{"damage":0,"enemies":"Cultist","floor":3,"turns":5},{"damage":2,"enemies":"Jaw Worm","floor":5,"turns":5},{"damage":53,"enemies":"Gremlin Nob","floor":6,"turns":7},{"damage":0,"enemies":"Looter","floor":8,"turns":4},{"damage":0,"enemies":"Large Slime","floor":10,"turns":8},{"damage":0,"enemies":"2 Fungi Beasts","floor":11,"turns":3},{"damage":4,"enemies":"3 Sentries","floor":14,"turns":11},{"damage":24,"enemies":"The Guardian","floor":16,"turns":14},{"damage":0,"enemies":"Shell Parasite","floor":18,"turns":3},{"damage":1,"enemies":"Chosen","floor":20,"turns":4},{"damage":23,"enemies":"Snake Plant","floor":22,"turns":5},{"damage":22,"enemies":"Book of Stabbing","floor":24,"turns":5},{"damage":0,"enemies":"3 Cultists","floor":27,"turns":3},{"damage":0,"enemies":"Centurion and Healer","floor":29,"turns":3},{"damage":44,"enemies":"Automaton","floor":33,"turns":12},{"damage":10,"enemies":"3 Shapes","floor":35,"turns":3},{"damage":16,"enemies":"Orb Walker","floor":37,"turns":3},{"damage":16,"enemies":"4 Shapes","floor":38,"turns":3},{"damage":28,"enemies":"Nemesis","floor":41,"turns":7},{"damage":0,"enemies":"Jaw Worm Horde","floor":42,"turns":2},{"damage":0,"enemies":"Spire Growth","floor":45,"turns":2},{"damage":0,"enemies":"Giant Head","floor":47,"turns":3},{"damage":0,"enemies":"4 Shapes","floor":48,"turns":1},{"damage":13,"enemies":"Awakened One","floor":50,"turns":6}],"seed_played":"2539331291566695065","potions_obtained":[{"floor":3,"key":"DuplicationPotion"},{"floor":5,"key":"Swift Potion"},{"floor":6,"key":"Fire Potion"},{"floor":10,"key":"DistilledChaos"},{"floor":11,"key":"DuplicationPotion"},{"floor":16,"key":"LiquidMemories"},{"floor":20,"key":"Ancient Potion"},{"floor":22,"key":"BlessingOfTheForge"},{"floor":24,"key":"Weak Potion"},{"floor":35,"key":"Ancient Potion"},{"floor":37,"key":"Energy Potion"},{"floor":48,"key":"DistilledChaos"}],"is_trial":false,"path_per_floor":["M","?","M","$","M","E","R","M","T","M","M","?","$","E","R","B",null,"M","?","M","?","M","R","E","R","T","M","R","M","R","?","R","B",null,"M","$","M","M","?","R","E","M","T","$","M","R","E","M","R","B",null],"character_chosen":"THE_SILENT","items_purchased":["Terror","Cloak And Dagger+1","Infinite Blades"],"campfire_rested":6,"item_purchase_floors":[13,44,44],"current_hp_per_floor":[63,63,63,63,61,8,29,29,29,29,29,22,22,18,39,15,56,56,56,55,55,32,53,31,31,41,41,41,41,65,65,65,21,65,55,55,39,23,23,47,19,19,19,19,19,43,43,43,43,30],"gold":80,"neow_bonus":"ONE_RANDOM_RARE_CARD","is_daily":false,"chose_seed":false,"campfire_upgraded":4,"win_rate":0.0,"timestamp":1613023952,"path_taken":["M","?","M","$","M","E","R","M","T","?","M","?","$","E","R","BOSS","M","?","M","?","M","R","E","R","T","M","R","M","R","?","R","BOSS","M","$","M","M","?","R","E","M","T","$","M","R","E","M","R","BOSS"],"items_purchased_type":["Card","Card","Card"],"build_version":"2020-12-22","purchased_purges":4,"victory":true,"max_hp_per_floor":[70,70,70,70,70,70,70,70,70,70,70,70,70,70,70,70,70,70,70,70,70,70,70,70,70,80,80,80,80,80,80,80,80,80,80,80,80,80,80,80,80,80,80,80,80,80,80,80,80,80],"relic_stats":{"counters":[25,125],"Mummified Hand":[31],"Ornamental Fan":[76],"Gambling Chip":[53],"CeramicFish":27,"obtain_stats":[{"SlaversCollar":34,"Pear":26,"WristBlade":17,"Mummified Hand":24,"Ornamental Fan":41,"Ninja Scroll":47,"Gambling Chip":6,"CeramicFish":43,"Molten Egg 2":9,"Toxic Egg 2":14,"Ring of the Snake":0},{"SlaversCollar":16,"Pear":13,"WristBlade":9,"Mummified Hand":13,"Ornamental Fan":20,"Ninja Scroll":23,"Gambling Chip":4,"CeramicFish":21,"Molten Egg 2":5,"Toxic Egg 2":8,"Ring of the Snake":0},{"SlaversCollar":95,"Pear":77,"WristBlade":60,"Mummified Hand":77,"Ornamental Fan":111,"Ninja Scroll":118,"Gambling Chip":20,"CeramicFish":113,"Molten Egg 2":24,"Toxic Egg 2":46,"Ring of the Snake":0}],"Ring of the Snake":[50]},"card_choices":[{"not_picked":["Dagger Throw","Outmaneuver"],"picked":"Backflip","floor":1},{"not_picked":["Dagger Throw","Cloak And Dagger","Outmaneuver"],"picked":"SKIP","floor":3},{"not_picked":["Prepared","Dagger Throw"],"picked":"Footwork","floor":5},{"not_picked":["Quick Slash","Acrobatics"],"picked":"Cloak And Dagger","floor":6},{"not_picked":["Acrobatics","Terror"],"picked":"Finisher","floor":8},{"not_picked":["Backflip","Dodge and Roll"],"picked":"Crippling Poison","floor":10},{"not_picked":["Dagger Throw+1","Backflip","Concentrate"],"picked":"SKIP","floor":11},{"not_picked":["Acrobatics+1","Venomology+1"],"picked":"Accuracy","floor":14},{"not_picked":["Burst+1","Phantasmal Killer+1"],"picked":"Die Die Die+1","floor":16},{"not_picked":["Reflex+1","Riddle With Holes+1"],"picked":"Backflip+1","floor":18},{"not_picked":["Acrobatics+1","Sucker Punch+1","Tactician+1"],"picked":"SKIP","floor":20},{"not_picked":["Quick Slash+1","Endless Agony+1","Deflect+1"],"picked":"SKIP","floor":22},{"not_picked":["Riddle With Holes+1","Venomology+1"],"picked":"Dagger Spray+1","floor":24},{"not_picked":["Dagger Spray+1","Backstab+1","Finisher+1"],"picked":"SKIP","floor":27},{"not_picked":["Crippling Poison+1","Dagger Spray+1","Bane+1"],"picked":"SKIP","floor":29},{"not_picked":["Phantasmal Killer+1","Die Die Die+1"],"picked":"Unload+1","floor":33},{"not_picked":["Dagger Spray+1","Bane+1","Predator+1"],"picked":"SKIP","floor":35},{"not_picked":["Flechettes+1","Dodge and Roll+1","Acrobatics+1"],"picked":"SKIP","floor":37},{"not_picked":["Prepared+1","Cloak And Dagger+1"],"picked":"Blade Dance+1","floor":38},{"not_picked":["Reflex+1","Setup+1"],"picked":"Footwork","floor":41},{"not_picked":["Well Laid Plans","Cloak And Dagger+1"],"picked":"Accuracy+1","floor":42},{"not_picked":["Caltrops","Slice+1","Heel Hook+1"],"picked":"SKIP","floor":45},{"not_picked":["Crippling Poison+1","Concentrate+1","Choke+1"],"picked":"SKIP","floor":47},{"not_picked":["Caltrops","Underhanded Strike+1"],"picked":"Storm of Steel+1","floor":48}],"player_experience":282272,"relics_obtained":[{"floor":6,"key":"Gambling Chip"},{"floor":9,"key":"Molten Egg 2"},{"floor":14,"key":"Toxic Egg 2"},{"floor":24,"key":"Mummified Hand"},{"floor":26,"key":"Pear"},{"floor":41,"key":"Ornamental Fan"},{"floor":43,"key":"CeramicFish"},{"floor":47,"key":"Ninja Scroll"}],"event_choices":[{"cards_removed":["Strike_G"],"damage_healed":0,"gold_gain":0,"player_choice":"Purged","damage_taken":0,"max_hp_gain":0,"max_hp_loss":0,"event_name":"Purifier","floor":2,"gold_loss":0},{"cards_removed":["Defend_G"],"damage_healed":0,"gold_gain":0,"player_choice":"Card Removal","damage_taken":7,"max_hp_gain":0,"max_hp_loss":0,"event_name":"Golden Wing","floor":12,"gold_loss":0},{"damage_healed":0,"gold_gain":0,"player_choice":"Read","damage_taken":0,"max_hp_gain":0,"max_hp_loss":0,"event_name":"The Library","floor":19,"gold_loss":0,"cards_obtained":["Cloak And Dagger"]},{"cards_removed":["Strike_G"],"damage_healed":0,"gold_gain":0,"player_choice":"Gave Gold","damage_taken":0,"max_hp_gain":0,"max_hp_loss":0,"event_name":"Beggar","floor":21,"gold_loss":75},{"cards_removed":["Strike_G"],"damage_healed":0,"gold_gain":0,"player_choice":"Elegance","damage_taken":0,"max_hp_gain":0,"max_hp_loss":0,"event_name":"Back to Basics","floor":31,"gold_loss":0},{"cards_removed":["Backflip"],"damage_healed":0,"gold_gain":0,"player_choice":"Removed Skill","damage_taken":0,"max_hp_gain":0,"max_hp_loss":0,"event_name":"Falling","floor":39,"gold_loss":0}],"is_beta":false,"boss_relics":[{"not_picked":["Velvet Choker","Cursed Key"],"picked":"WristBlade"},{"not_picked":["Tiny House","Coffee Dripper"],"picked":"SlaversCollar"}],"items_purged_floors":[4,13,36,44],"is_endless":false,"potions_floor_spawned":[3,5,6,10,11,16,20,22,24,35,37,41,48],"ascension_level":9}}