{"host":"f2zkc2gsfwbibc34","time":1613047342,"event":{"mods":["AchievementEnabler","BaseMod","Better Note","Colored Map","Colored Powertips","Defuse TimeMaze Blight","Minty Spire (QoL Compilation)","Permanent Neow","StSLib","SuperFastMode","The Servant 0.9.4"],"gold_per_floor":[115,115,81,94,94,94,111,127,150,164,164,180,208,220,220,316,366,386,88,88,99,116,151,151,179,179,195,210,210,230,242,242,346,346,357,407,458,476,488,488,26,60,60,10,26,26,44,71,71,71],"floor_reached":51,"language":"ENG","playtime":2044,"items_purged":["Strike_S","Spin+1"],"score":773,"play_id":"ee68411f-0405-4f8b-bd38-760fbc2b2719","local_time":"20210211134222","is_ascension_mode":false,"campfire_choices":[{"data":"Spin","floor":6,"key":"SMITH"},{"data":"Moondial","floor":11,"key":"SMITH"},{"data":"MurderousAura","floor":15,"key":"SMITH"},{"data":"Embodiment","floor":24,"key":"SMITH"},{"floor":32,"key":"REST"},{"data":"1","floor":40,"key":"LIFT"},{"data":"2","floor":46,"key":"LIFT"},{"floor":49,"key":"REST"}],"circlet_count":0,"master_deck":["Strike_S","Strike_S+1","Strike_S+1","Defend_S","Defend_S","Defend_S","KidneyShot+1","Exchange","GearUp+1","Moondial+1","Contraction","Misdirection","Starlight","MurderousAura+1","MoonPhase","Embodiment+1","TimeWarp","ShatteredReality+1","Potential+1","Sunlight","SpecialFormula","SurpressingFire","TheWorld","SilverBlades","BottledTime+1","Moondial","Contraction","SoulSculpture","Rewind+1"],"relics":["Uniform","TungstenRod","Whetstone","Centennial Puzzle","Tiny House","Girya","Happy Flower","Omamori","Bag of Preparation","Sozu","Gambling Chip","Unceasing Top","Oddly Smooth Stone","Lee\u0027s Waffle","Smiling Mask","Darkstone Periapt","Boot"],"acts_visited":["Exordium","TheCity","TheBeyond"],"potions_floor_usage":[25,28,31,37,37,50],"damage_taken":[{"damage":3,"enemies":"2 Louse","floor":1,"turns":4},{"damage":0,"enemies":"Cultist","floor":4,"turns":5},{"damage":5,"enemies":"Jaw Worm","floor":7,"turns":2},{"damage":0,"enemies":"2 Fungi Beasts","floor":8,"turns":2},{"damage":3,"enemies":"Red Slaver","floor":10,"turns":3},{"damage":0,"enemies":"Exordium Wildlife","floor":12,"turns":2},{"damage":2,"enemies":"Lagavulin","floor":13,"turns":6},{"damage":0,"enemies":"2 Fungi Beasts","floor":14,"turns":2},{"damage":0,"enemies":"The Guardian","floor":16,"turns":10},{"damage":0,"enemies":"Spheric Guardian","floor":18,"turns":5},{"damage":1,"enemies":"Shell Parasite","floor":21,"turns":6},{"damage":17,"enemies":"Shelled Parasite and Fungi","floor":22,"turns":5},{"damage":11,"enemies":"Gremlin Leader","floor":23,"turns":5},{"damage":29,"enemies":"Slavers","floor":25,"turns":5},{"damage":2,"enemies":"3 Cultists","floor":27,"turns":4},{"damage":1,"enemies":"Centurion and Healer","floor":28,"turns":5},{"damage":0,"enemies":"Cultist and Chosen","floor":30,"turns":4},{"damage":5,"enemies":"Snake Plant","floor":31,"turns":5},{"damage":8,"enemies":"Automaton","floor":33,"turns":9},{"damage":0,"enemies":"3 Darklings","floor":35,"turns":3},{"damage":0,"enemies":"Mind Bloom Boss Battle","floor":36,"turns":7},{"damage":36,"enemies":"2 Orb Walkers","floor":37,"turns":3},{"damage":11,"enemies":"3 Shapes","floor":38,"turns":3},{"damage":1,"enemies":"3 Darklings","floor":39,"turns":3},{"damage":4,"enemies":"Nemesis","floor":42,"turns":7},{"damage":18,"enemies":"Jaw Worm Horde","floor":45,"turns":3},{"damage":39,"enemies":"Sphere and 2 Shapes","floor":47,"turns":4},{"damage":45,"enemies":"Awakened One","floor":50,"turns":12}],"seed_played":"-2762506234583711930","potions_obtained":[{"floor":7,"key":"Swift Potion"},{"floor":8,"key":"GamblersBrew"},{"floor":12,"key":"DistilledChaos"},{"floor":27,"key":"LiquidMemories"},{"floor":28,"key":"Weak Potion"},{"floor":33,"key":"Block Potion"}],"is_trial":false,"path_per_floor":["M","?","$","M","?","R","M","M","T","M","R","M","E","M","R","B",null,"M","$","?","M","M","E","R","E","T","M","M","?","M","M","R","B",null,"M","?","?","M","M","R","$","E","T","$","M","R","M","T","R","B",null],"character_chosen":"THE_SERVANT","items_purchased":["GearUp","Girya","Oddly Smooth Stone","Lee\u0027s Waffle","Moondial"],"campfire_rested":2,"item_purchase_floors":[3,19,41,41,41],"current_hp_per_floor":[62,62,62,62,62,62,57,57,57,54,54,54,52,52,52,52,70,70,70,70,69,52,41,41,12,12,15,19,24,29,29,50,47,70,70,70,39,33,37,37,77,73,73,73,59,59,25,25,48,8],"gold":71,"neow_bonus":"ONE_RARE_RELIC","is_daily":false,"chose_seed":false,"campfire_upgraded":4,"win_rate":0.0,"timestamp":1613047342,"path_taken":["M","?","$","?","?","R","M","?","T","M","R","M","E","M","R","BOSS","M","$","?","M","M","E","R","E","T","M","?","?","M","M","R","BOSS","M","?","?","M","M","R","$","E","T","?","M","R","M","?","R","BOSS"],"items_purchased_type":["Card","Relic","Relic","Relic","Card"],"build_version":"2020-12-22","purchased_purges":2,"victory":true,"max_hp_per_floor":[65,65,65,65,65,65,65,65,65,65,65,65,65,65,65,65,70,70,70,70,70,70,70,70,70,70,70,70,70,70,70,70,70,70,70,70,70,70,70,70,77,77,77,77,77,77,77,77,77,77],"card_choices":[{"not_picked":["Rearm","FanOfKnives"],"picked":"Ricochet","floor":1},{"not_picked":["Rewind","Rearm"],"picked":"Spin","floor":4},{"not_picked":["Sabotage","ShatteredReality"],"picked":"Moondial","floor":7},{"not_picked":["ReturningBlade","Ricochet"],"picked":"Contraction","floor":8},{"not_picked":["Gouge","InstantArmor"],"picked":"Misdirection","floor":10},{"not_picked":["GearUp","Rewind"],"picked":"Starlight","floor":12},{"not_picked":["ShatteredReality","Sabotage"],"picked":"MurderousAura","floor":13},{"not_picked":["Rearm","Unruled"],"picked":"MoonPhase","floor":14},{"not_picked":["Solidify","SoulSculpture"],"picked":"Embodiment","floor":16},{"not_picked":["Misdirection","DualDimension"],"picked":"TimeWarp","floor":17},{"not_picked":["Starlight+1","Gouge","Ricochet+1"],"picked":"SKIP","floor":18},{"not_picked":["Read","Sabotage"],"picked":"ShatteredReality+1","floor":21},{"not_picked":["ShatteredReality","Rewind"],"picked":"Potential+1","floor":22},{"not_picked":["Initiator","Spin"],"picked":"Sunlight","floor":23},{"not_picked":["Reset","Potential"],"picked":"SpecialFormula","floor":25},{"not_picked":["Ricochet+1","TimeWarp","Spin+1"],"picked":"SKIP","floor":27},{"not_picked":["Alleviate","FastForward","Gouge"],"picked":"SKIP","floor":28},{"not_picked":["TimeWarp+1","BestPractice"],"picked":"SurpressingFire","floor":30},{"not_picked":["WasteNot","Rearm"],"picked":"TheWorld","floor":31},{"not_picked":["Rewind","Potential"],"picked":"SilverBlades","floor":35},{"not_picked":["Defy","FanOfKnives","TimeWarp"],"picked":"SKIP","floor":38},{"not_picked":["Starlight","Sabotage"],"picked":"BottledTime+1","floor":39},{"not_picked":["ShatteredReality+1","Spin+1"],"picked":"Contraction","floor":42},{"not_picked":["Rearm+1","Potential"],"picked":"SoulSculpture","floor":45},{"not_picked":["Revamp","Alleviate"],"picked":"Rewind+1","floor":47}],"player_experience":94726,"relics_obtained":[{"floor":9,"key":"Whetstone"},{"floor":13,"key":"Centennial Puzzle"},{"floor":23,"key":"Happy Flower"},{"floor":25,"key":"Omamori"},{"floor":26,"key":"Bag of Preparation"},{"floor":36,"key":"Gambling Chip"},{"floor":37,"key":"Unceasing Top"},{"floor":42,"key":"Smiling Mask"},{"floor":43,"key":"Darkstone Periapt"},{"floor":48,"key":"Boot"}],"event_choices":[{"damage_healed":0,"gold_gain":0,"player_choice":"Upgraded","damage_taken":0,"max_hp_gain":0,"max_hp_loss":0,"event_name":"Upgrade Shrine","floor":2,"gold_loss":0,"cards_upgraded":["KidneyShot"]},{"cards_removed":["Pain"],"damage_healed":0,"gold_gain":0,"player_choice":"Card Removal","damage_taken":0,"max_hp_gain":0,"max_hp_loss":0,"event_name":"Wheel of Change","floor":5,"gold_loss":0},{"cards_removed":["Defend_S"],"damage_healed":0,"gold_gain":0,"player_choice":"Card Removal","damage_taken":0,"max_hp_gain":0,"max_hp_loss":0,"event_name":"Wheel of Change","floor":20,"gold_loss":0},{"cards_removed":["Ricochet"],"damage_healed":5,"gold_gain":0,"player_choice":"Offered Common","damage_taken":0,"max_hp_gain":0,"max_hp_loss":0,"event_name":"Bonfire Elementals","floor":29,"gold_loss":0},{"cards_removed":["Ricochet"],"damage_healed":5,"gold_gain":0,"player_choice":"Offered Special","damage_taken":0,"max_hp_gain":0,"max_hp_loss":0,"event_name":"Bonfire Elementals","floor":29,"gold_loss":0},{"damage_healed":0,"gold_gain":0,"player_choice":"Fight","damage_taken":0,"max_hp_gain":0,"max_hp_loss":0,"event_name":"MindBloom","floor":36,"gold_loss":0},{"damage_healed":0,"gold_gain":0,"player_choice":"Fight","damage_taken":0,"max_hp_gain":0,"max_hp_loss":0,"event_name":"Mysterious Sphere","floor":37,"gold_loss":0}],"is_beta":false,"boss_relics":[{"not_picked":["MysterySword","Astrolabe"],"picked":"Tiny House"},{"not_picked":["StoneMask","Fusion Hammer"],"picked":"Sozu"}],"items_purged_floors":[41,44],"is_endless":false,"potions_floor_spawned":[7,8,12,22,23,27,28,33,35,38,45,47],"ascension_level":0}}