{"host":"uafoej811sw8via1","time":1613030929,"event":{"mods":["BaseMod","Minty Spire (QoL Compilation)","Relic Stats","StSLib"],"gold_per_floor":[217,4,4,4,24,24,41,41,41,66,6,37,51,82,82,153,153,163,180,180,208,53,85,85,103,103,103,134,146,146,146,146,220,220,238,460,505,505,530,530,530,555,555,4,4,36,36,46,46,46,46,46,46,46,81,81],"floor_reached":57,"language":"ENG","playtime":5014,"items_purged":["Strike_G","Strike_G+1"],"score":2820,"play_id":"d40f9109-7cdd-49d5-b63d-5a9ffc0c1b51","local_time":"20210211030849","is_ascension_mode":true,"campfire_choices":[{"data":"Noxious Fumes","floor":6.0,"key":"SMITH"},{"data":"All Out Attack","floor":8.0,"key":"SMITH"},{"data":"Neutralize","floor":15.0,"key":"SMITH"},{"floor":24,"key":"REST"},{"floor":30,"key":"REST"},{"data":"Leg Sweep","floor":32,"key":"SMITH"},{"floor":40,"key":"REST"},{"floor":45,"key":"RECALL"},{"floor":49,"key":"REST"},{"data":"Well Laid Plans","floor":53,"key":"SMITH"}],"circlet_count":0,"master_deck":["AscendersBane","Strike_G+1","Defend_G+1","Defend_G+1","Defend_G+1","Defend_G+1","Defend_G+1","Survivor","Neutralize+1","Noxious Fumes+1","Deadly Poison","Poisoned Stab","Dagger Throw","All Out Attack+1","PiercingWail","Dodge and Roll","Die Die Die","Tools of the Trade","Corpse Explosion","Crippling Poison","Calculated Gamble","Leg Sweep+1","Bouncing Flask","Backflip","Adrenaline","Calculated Gamble","Blade Dance+1","Discovery","Violence","Thinking Ahead","Distraction","PiercingWail+1","Well Laid Plans+1","Crippling Poison+1","Backflip+1"],"relics":["Ring of the Snake","Orrery","WingedGreaves","Paper Crane","The Courier","Juzu Bracelet","Letter Opener","Philosopher\u0027s Stone","Red Mask","Anchor","Ice Cream","Incense Burner","SacredBark","TungstenRod","Thread and Needle","Potion Belt","Membership Card","Pantograph","Centennial Puzzle","Lizard Tail","Ornamental Fan","CaptainsWheel"],"acts_visited":["Exordium","TheCity","TheBeyond","TheEnding"],"potions_floor_usage":[22,25,33,37,42,46,56,56,56],"damage_taken":[{"damage":10.0,"enemies":"Jaw Worm","floor":1.0,"turns":7.0},{"damage":0.0,"enemies":"Cultist","floor":5.0,"turns":3.0},{"damage":7.0,"enemies":"Small Slimes","floor":7.0,"turns":4.0},{"damage":6.0,"enemies":"3 Sentries","floor":10.0,"turns":5.0},{"damage":10.0,"enemies":"Lagavulin","floor":12.0,"turns":6.0},{"damage":0.0,"enemies":"3 Louse","floor":13.0,"turns":1.0},{"damage":0.0,"enemies":"3 Sentries","floor":14.0,"turns":4.0},{"damage":16.0,"enemies":"The Guardian","floor":16.0,"turns":10.0},{"damage":6.0,"enemies":"Chosen","floor":18.0,"turns":5.0},{"damage":15.0,"enemies":"2 Thieves","floor":19.0,"turns":3.0},{"damage":2.0,"enemies":"Masked Bandits","floor":21.0,"turns":2.0},{"damage":21,"enemies":"Book of Stabbing","floor":23,"turns":7},{"damage":17,"enemies":"Cultist and Chosen","floor":25,"turns":4},{"damage":0,"enemies":"Gremlin Leader","floor":28,"turns":6},{"damage":0,"enemies":"Snake Plant","floor":29,"turns":4},{"damage":18,"enemies":"Champ","floor":33,"turns":13},{"damage":0,"enemies":"Orb Walker","floor":35,"turns":3},{"damage":20,"enemies":"2 Orb Walkers","floor":37,"turns":3},{"damage":3,"enemies":"Mind Bloom Boss Battle","floor":39,"turns":8},{"damage":14,"enemies":"Reptomancer","floor":42,"turns":6},{"damage":14,"enemies":"Giant Head","floor":46,"turns":9},{"damage":0,"enemies":"3 Darklings","floor":48,"turns":3},{"damage":22,"enemies":"Awakened One","floor":50,"turns":22},{"damage":44,"enemies":"Donu and Deca","floor":51,"turns":11},{"damage":18,"enemies":"Shield and Spear","floor":55,"turns":8},{"damage":73,"enemies":"The Heart","floor":56,"turns":12}],"seed_played":"3944230319430511934","potions_obtained":[{"floor":5.0,"key":"SmokeBomb"},{"floor":7.0,"key":"Strength Potion"},{"floor":12.0,"key":"BlessingOfTheForge"},{"floor":13.0,"key":"Fruit Juice"},{"floor":19.0,"key":"Ancient Potion"},{"floor":28,"key":"Swift Potion"},{"floor":33,"key":"Swift Potion"},{"floor":35,"key":"Poison Potion"},{"floor":46,"key":"PowerPotion"}],"is_trial":false,"path_per_floor":["M","$","?","?","M","R","M","R","T","E","$","E","M","E","R","B",null,"M","M","?","?","$","E","R","M","T","?","E","M","R","?","R","B",null,"M","?","?","?","?","R","?","E","T","$","R","E","?","M","R","B","B",null,"R","$","E","B",null],"character_chosen":"THE_SILENT","items_purchased":["Orrery","BlessingOfTheForge","Calculated Gamble","Weak Potion","Membership Card","Pantograph","Centennial Puzzle","Lizard Tail","GamblersBrew","PowerPotion","Strength Potion","LiquidMemories","Well Laid Plans"],"campfire_rested":4,"item_purchase_floors":[2,2,22,22,44,44,44,44,44,44,44,44,44],"current_hp_per_floor":[49,49,31,76,76,76,69,69,69,63,63,53,53,53,53,37,66,60,45,45,43,48,27,51,34,34,34,34,34,58,58,58,40,71,71,71,51,42,39,63,63,49,49,49,49,35,35,35,59,59,37,70,70,70,52,4],"gold":81,"neow_bonus":"HUNDRED_GOLD","is_daily":false,"chose_seed":false,"campfire_upgraded":5,"win_rate":0.0,"timestamp":1613030929,"path_taken":["M","$","?","?","M","R","?","R","T","E","$","E","M","E","R","BOSS","M","M","?","?","$","E","R","M","T","?","E","M","R","?","R","BOSS","M","?","?","?","?","R","?","E","T","?","R","E","?","M","R","BOSS","BOSS","R","$","E","BOSS"],"items_purchased_type":["Relic","Potion","Card","Potion","Relic","Relic","Relic","Relic","Potion","Potion","Potion","Potion","Card"],"build_version":"2020-12-22","purchased_purges":2,"victory":true,"max_hp_per_floor":[66,66,66,76,76,76,76,76,76,76,76,76,76,76,76,76,76,76,76,76,76,81,81,81,81,81,81,81,81,81,81,81,81,81,81,81,81,81,81,81,81,81,81,81,81,81,81,81,81,81,81,81,81,81,81,81],"relic_stats":{"Centennial Puzzle":[15],"Lizard Tail":0,"counters":[26,169],"Ornamental Fan":[32],"Pantograph":69,"Juzu Bracelet":2,"Letter Opener":[360],"obtain_stats":[{"Ice Cream":26,"Potion Belt":42,"SacredBark":34,"Thread and Needle":39,"The Courier":10,"Juzu Bracelet":12,"Incense Burner":28,"Letter Opener":14,"Paper Crane":9,"Anchor":23,"Centennial Puzzle":44,"Lizard Tail":44,"CaptainsWheel":55,"Ornamental Fan":46,"Pantograph":44,"Orrery":2,"Philosopher\u0027s Stone":17,"WingedGreaves":3,"Red Mask":21,"Membership Card":44,"TungstenRod":37,"Ring of the Snake":0},{"Ice Cream":13,"Potion Belt":20,"SacredBark":16,"Thread and Needle":19,"The Courier":4,"Juzu Bracelet":5,"Incense Burner":14,"Letter Opener":7,"Paper Crane":3,"Anchor":12,"Centennial Puzzle":20,"Lizard Tail":20,"CaptainsWheel":25,"Ornamental Fan":21,"Pantograph":20,"Orrery":1,"Philosopher\u0027s Stone":8,"WingedGreaves":1,"Red Mask":11,"Membership Card":20,"TungstenRod":18,"Ring of the Snake":0},{"Ice Cream":61,"Potion Belt":104,"SacredBark":84,"Thread and Needle":98,"The Courier":19,"Juzu Bracelet":25,"Incense Burner":67,"Letter Opener":30,"Paper Crane":14,"Anchor":57,"Centennial Puzzle":104,"Lizard Tail":104,"CaptainsWheel":157,"Ornamental Fan":113,"Pantograph":104,"Orrery":7,"Philosopher\u0027s Stone":40,"WingedGreaves":7,"Red Mask":50,"Membership Card":104,"TungstenRod":90,"Ring of the Snake":0}],"TungstenRod":55,"Ring of the Snake":[52]},"card_choices":[{"not_picked":["Acrobatics","Prepared","Outmaneuver"],"picked":"SKIP","floor":1.0},{"not_picked":["Concentrate","Dagger Throw"],"picked":"Noxious Fumes","floor":2.0},{"not_picked":["Setup","Cloak And Dagger"],"picked":"Deadly Poison","floor":2.0},{"not_picked":["PiercingWail","Backflip"],"picked":"Poisoned Stab","floor":2.0},{"not_picked":["Riddle With Holes","Dagger Throw"],"picked":"Wraith Form v2","floor":2.0},{"not_picked":["Heel Hook","Bane"],"picked":"Dagger Throw","floor":2.0},{"not_picked":["Deflect","Backflip"],"picked":"All Out Attack","floor":5.0},{"not_picked":["Backstab","Infinite Blades","Bane"],"picked":"SKIP","floor":7.0},{"not_picked":["Endless Agony","Quick Slash"],"picked":"PiercingWail","floor":10.0},{"not_picked":["Concentrate","Cloak And Dagger"],"picked":"Dodge and Roll","floor":12.0},{"not_picked":["Backflip","Flechettes"],"picked":"Die Die Die","floor":13.0},{"not_picked":["Masterful Stab","Bane"],"picked":"Tools of the Trade","floor":14.0},{"not_picked":["A Thousand Cuts","Adrenaline"],"picked":"Corpse Explosion","floor":16.0},{"not_picked":["Dagger Spray","Flechettes","Poisoned Stab"],"picked":"SKIP","floor":18.0},{"not_picked":["Dagger Throw","Flechettes"],"picked":"Crippling Poison","floor":19.0},{"not_picked":["Dagger Throw","Setup","Eviscerate"],"picked":"SKIP","floor":23},{"not_picked":["Concentrate","Sucker Punch"],"picked":"Leg Sweep","floor":25},{"not_picked":["Cloak And Dagger","Finisher"],"picked":"Bouncing Flask","floor":28},{"not_picked":["Skewer","Terror+1"],"picked":"Backflip","floor":29},{"not_picked":["Night Terror","Corpse Explosion"],"picked":"Adrenaline","floor":33},{"not_picked":["Reflex+1","Dagger Spray+1"],"picked":"Calculated Gamble","floor":35},{"not_picked":["Prepared","Quick Slash"],"picked":"Blade Dance+1","floor":37},{"not_picked":["Panacea","Mayhem"],"picked":"Discovery","floor":38},{"not_picked":["Enlightenment","PanicButton"],"picked":"Violence","floor":38},{"not_picked":["Dramatic Entrance","HandOfGreed"],"picked":"Thinking Ahead","floor":38},{"not_picked":["Masterful Stab","Distraction"],"picked":"PiercingWail+1","floor":42},{"not_picked":["Deflect","Backflip"],"picked":"Crippling Poison+1","floor":46},{"not_picked":["Outmaneuver","Quick Slash","Dash"],"picked":"SKIP","floor":48},{"not_picked":["Predator+1","Doppelganger"],"picked":"Backflip+1","floor":55}],"player_experience":1029815,"relics_obtained":[{"floor":9.0,"key":"Paper Crane"},{"floor":10.0,"key":"The Courier"},{"floor":12.0,"key":"Juzu Bracelet"},{"floor":14.0,"key":"Letter Opener"},{"floor":21.0,"key":"Red Mask"},{"floor":23,"key":"Anchor"},{"floor":26,"key":"Ice Cream"},{"floor":28,"key":"Incense Burner"},{"floor":37,"key":"TungstenRod"},{"floor":39,"key":"Thread and Needle"},{"floor":42,"key":"Potion Belt"},{"floor":46,"key":"Ornamental Fan"},{"floor":55,"key":"CaptainsWheel"}],"event_choices":[{"damage_healed":0.0,"max_hp_gain":0.0,"max_hp_loss":0.0,"gold_gain":0.0,"event_name":"Scrap Ooze","player_choice":"Success","floor":3.0,"gold_loss":0.0,"damage_taken":18.0,"relics_obtained":["WingedGreaves"]},{"cards_removed":["Wraith Form v2"],"damage_healed":35.0,"max_hp_gain":10.0,"max_hp_loss":0.0,"gold_gain":0.0,"event_name":"Bonfire Elementals","player_choice":"Offered Rare","floor":4.0,"gold_loss":0.0,"damage_taken":0.0},{"damage_healed":0.0,"max_hp_gain":0.0,"max_hp_loss":0.0,"gold_gain":0.0,"event_name":"Back to Basics","player_choice":"Simplicity","floor":20.0,"gold_loss":0.0,"damage_taken":0.0,"cards_upgraded":["Strike_G","Strike_G","Strike_G","Strike_G","Defend_G","Defend_G","Defend_G","Defend_G","Defend_G"]},{"damage_healed":0.0,"max_hp_gain":0.0,"max_hp_loss":0.0,"gold_gain":0.0,"event_name":"Masked Bandits","player_choice":"Fought Bandits","floor":21.0,"gold_loss":0.0,"damage_taken":0.0},{"damage_healed":0,"gold_gain":0,"player_choice":"0 cards matched","damage_taken":0,"max_hp_gain":0,"max_hp_loss":0,"event_name":"Match and Keep!","floor":27,"gold_loss":0,"cards_obtained":[]},{"damage_healed":0,"gold_gain":0,"player_choice":"Ignored","damage_taken":0,"max_hp_gain":0,"max_hp_loss":0,"event_name":"Ghosts","floor":31,"gold_loss":0},{"damage_healed":0,"gold_gain":222,"player_choice":"Wore Mask","damage_taken":0,"max_hp_gain":0,"max_hp_loss":0,"event_name":"Tomb of Lord Red Mask","floor":36,"gold_loss":0},{"damage_healed":0,"gold_gain":0,"player_choice":"Fight","damage_taken":0,"max_hp_gain":0,"max_hp_loss":0,"event_name":"Mysterious Sphere","floor":37,"gold_loss":0},{"damage_healed":0,"gold_gain":0,"player_choice":"Memory 3","damage_taken":10,"max_hp_gain":0,"max_hp_loss":0,"event_name":"SensoryStone","floor":38,"gold_loss":0},{"damage_healed":0,"gold_gain":0,"player_choice":"Fight","damage_taken":0,"max_hp_gain":0,"max_hp_loss":0,"event_name":"MindBloom","floor":39,"gold_loss":0},{"damage_healed":0,"gold_gain":0,"cards_transformed":["Strike_G"],"player_choice":"Transformed","damage_taken":0,"max_hp_gain":0,"max_hp_loss":0,"event_name":"Transmorgrifier","floor":41,"gold_loss":0,"cards_obtained":["Distraction"]},{"cards_removed":["Strike_G"],"damage_healed":0,"gold_gain":0,"player_choice":"Removed Attack","damage_taken":0,"max_hp_gain":0,"max_hp_loss":0,"event_name":"Falling","floor":47,"gold_loss":0}],"is_beta":false,"boss_relics":[{"not_picked":["Tiny House","Coffee Dripper"],"picked":"Philosopher\u0027s Stone"},{"not_picked":["Runic Dome","WristBlade"],"picked":"SacredBark"}],"items_purged_floors":[11,22],"is_endless":false,"potions_floor_spawned":[5,7,12,13,19,28,29,33,35,46],"ascension_level":20}}