{"host":"f2zkc2gsfwbibc34","time":1613064187,"event":{"mods":["AchievementEnabler","BaseMod","Better Note","Colored Map","Colored Powertips","Defuse TimeMaze Blight","Downfall","Minty Spire (QoL Compilation)","Permanent Neow","StSLib","SuperFastMode"],"gold_per_floor":[19900,19913,19043,19043,19093,19093,19093,18747,18747,18033,18033,18033,18052,17346,17362,17462,17462,17462,17473,17573,17130,17144,17144,17198,16563,16191,16204,16229,16229,16229,16563,16580,16682,16682,16682,16693,16704,16418,16428,16428,16480,16480,16480,16514,16414,16414,16434,16101,16112,16112],"floor_reached":51,"language":"ENG","playtime":2499,"items_purged":["hexamod:Strike","hexamod:Defend"],"score":854,"play_id":"86cf45ba-a6d8-46a4-b259-5f95483309ac","local_time":"20210211182307","is_ascension_mode":false,"campfire_choices":[{"data":"hexamod:Sear","floor":1,"key":"SMITH"},{"data":"hexamod:Rewind","floor":9,"key":"SMITH"},{"data":"hexamod:Again","floor":12,"key":"SMITH"},{"data":"hexamod:Firestarter","floor":18,"key":"SMITH"},{"data":"hexamod:Again","floor":29,"key":"SMITH"},{"data":"hexamod:ForkedFlame","floor":30,"key":"SMITH"},{"floor":35,"key":"REST"},{"floor":42,"key":"RECALL"},{"floor":45,"key":"REST"},{"floor":46,"key":"REST"}],"circlet_count":0,"master_deck":["hexamod:Strike+1","hexamod:Strike+1","hexamod:Strike+1","hexamod:Defend+1","hexamod:Defend+1","hexamod:Sear+1","hexamod:Float+1","hexamod:Rewind+1","hexamod:StepThrough+1","hexamod:FirstSeal","expansioncontent:DashGenerateEvil+1","hexamod:SpectersWail+1","hexamod:Again+1","hexamod:GhostOfSpireFuture+1","Mayhem+1","hexamod:Firestarter+1","hexamod:StepThrough+1","expansioncontent:StudyTheSpire+1","hexamod:StepThrough+1","hexamod:SixthSeal","CurseOfTheBell","hexamod:FourthSeal","hexamod:NightmareGuise+1","hexamod:FastForward+1","hexamod:PhantomCloak+1","hexamod:ThirdSeal","hexamod:UnlimitedPower+1","hexamod:UnlimitedPower+1","hexamod:Again+1","hexamod:ForkedFlame+1","hexamod:GhostOfSpireFuture+1","hexamod:VolcanoVisage+1","hexamod:FastForward+1","Apotheosis+1","hexamod:FastForward+1","hexamod:AdvancingGuard+1","hexamod:EtherealExpedition+1","Parasite","hexamod:GhostOfSpireFuture+1"],"relics":["hexamod:SpiritBrand","TungstenRod","Potion Belt","Cauldron","downfall:BrokenWingStatue","Boot","Frozen Egg 2","Oddly Smooth Stone","Pen Nib","Tiny Chest","War Paint","Frozen Eye","Blood Vial","Dream Catcher","Sling","Calling Bell","PreservedInsect","Matryoshka","Torii","White Beast Statue","Question Card","Kunai","TheAbacus","Juzu Bracelet","Blue Candle","Toy Ornithopter","Happy Flower","Vajra","Membership Card","Unceasing Top","WingedGreaves","ClockworkSouvenir","Bag of Preparation","Whetstone","Old Coin","Fusion Hammer","Orichalcum","Medical Kit","Strawberry","Shuriken","InkBottle","downfall:HeartBlessingRed"],"acts_visited":["Exordium","TheCity","TheBeyond"],"potions_floor_usage":[16,19,20,20,20,20,20,27,27,27,32,33,33,36,50,50,50],"damage_taken":[{"damage":7,"enemies":"Small Slimes","floor":2,"turns":4},{"damage":0,"enemies":"downfall:FleeingMerchant","floor":3,"turns":4},{"damage":0,"enemies":"downfall:FleeingMerchant","floor":8,"turns":4},{"damage":1,"enemies":"downfall:FleeingMerchant","floor":10,"turns":4},{"damage":10,"enemies":"Jaw Worm","floor":13,"turns":3},{"damage":4,"enemies":"downfall:FleeingMerchant","floor":14,"turns":4},{"damage":0,"enemies":"2 Louse","floor":15,"turns":1},{"damage":18,"enemies":"IC_STATUS_ARCHETYPE","floor":16,"turns":5},{"damage":20,"enemies":"3 Byrds","floor":19,"turns":5},{"damage":0,"enemies":"downfall:LadyInBlue","floor":20,"turns":8},{"damage":0,"enemies":"downfall:FleeingMerchant","floor":21,"turns":3},{"damage":12,"enemies":"Shell Parasite","floor":22,"turns":4},{"damage":19,"enemies":"Shelled Parasite and Fungi","floor":27,"turns":6},{"damage":8,"enemies":"Gremlin Leader","floor":31,"turns":6},{"damage":0,"enemies":"Snake Plant","floor":32,"turns":3},{"damage":33,"enemies":"WA_ARCHETYPE_CALM","floor":33,"turns":9},{"damage":9,"enemies":"Orb Walker","floor":36,"turns":4},{"damage":10,"enemies":"3 Darklings","floor":37,"turns":3},{"damage":28,"enemies":"Spire Growth","floor":39,"turns":6},{"damage":12,"enemies":"Reptomancer","floor":44,"turns":5},{"damage":0,"enemies":"Sphere and 2 Shapes","floor":47,"turns":4},{"damage":11,"enemies":"Writhing Mass","floor":49,"turns":6},{"damage":103,"enemies":"SI_POISON_ARCHETYPE","floor":50,"turns":6}],"seed_played":"-3108684482336769128","potions_obtained":[{"floor":2,"key":"PowerPotion"},{"floor":3,"key":"AttackPotion"},{"floor":3,"key":"FairyPotion"},{"floor":3,"key":"EssenceOfSteel"},{"floor":3,"key":"EntropicBrew"},{"floor":16,"key":"EssenceOfSteel"},{"floor":20,"key":"BlessingOfTheForge"},{"floor":20,"key":"Weak Potion"},{"floor":21,"key":"Energy Potion"},{"floor":27,"key":"Ancient Potion"},{"floor":31,"key":"LiquidMemories"},{"floor":31,"key":"champ:CounterPotion"},{"floor":32,"key":"SteroidPotion"},{"floor":32,"key":"hexamod:EctoCoolerPotion"},{"floor":33,"key":"Dexterity Potion"},{"floor":33,"key":"LiquidBronze"},{"floor":36,"key":"Swift Potion"},{"floor":36,"key":"EssenceOfSteel"},{"floor":37,"key":"hexamod:EctoCoolerPotion"},{"floor":39,"key":"FairyPotion"},{"floor":49,"key":"hexamod:DoubleChargePotion"}],"is_trial":false,"path_per_floor":["R","M","$","?","T","?","T","$","R","$","?","R","M","$","M","B",null,"R","M","?","$","M","T","T","$","$","M","T","R","R","E","M","B",null,"R","M","M","$","M","?","T","R","T","E","R","R","M","?","M","B",null],"character_chosen":"THE_SPIRIT","items_purchased":["TungstenRod","Potion Belt","Cauldron","hexamod:FirstSeal","expansioncontent:DashGenerateEvil+1","Oddly Smooth Stone","Pen Nib","hexamod:SpectersWail","Tiny Chest","War Paint","Frozen Eye","hexamod:GhostOfSpireFuture+1","Mayhem+1","Blood Vial","Dream Catcher","Sling","expansioncontent:StudyTheSpire+1","hexamod:StepThrough","Question Card","Kunai","TheAbacus","hexamod:PhantomCloak+1","Vajra","Membership Card","hexamod:ThirdSeal","hexamod:UnlimitedPower","Unceasing Top","WingedGreaves","ClockworkSouvenir","Bag of Preparation","hexamod:UnlimitedPower","Orichalcum","Medical Kit","Apotheosis","Slimebound:ThreeZeroPotion"],"campfire_rested":3,"item_purchase_floors":[3,3,3,3,3,8,8,8,10,10,10,10,10,14,14,14,14,14,21,21,21,21,25,25,25,25,25,26,26,26,26,38,38,38,38],"current_hp_per_floor":[70,63,63,63,63,63,63,70,70,70,70,70,67,70,70,59,70,70,57,66,68,65,65,65,65,65,58,58,58,58,59,66,37,70,70,66,65,65,46,46,53,53,53,50,73,77,77,87,76,33],"gold":16112,"neow_bonus":"HUNDRED_GOLD","is_daily":false,"chose_seed":false,"campfire_upgraded":6,"win_rate":0.0,"timestamp":1613064187,"path_taken":["R","M","$","?","?","?","T","$","R","?","?","R","?","$","M","BOSS","R","M","?","$","M","?","T","?","$","M","?","R","R","E","M","BOSS","R","M","M","$","M","?","T","R","?","E","R","R","M","?","M","BOSS"],"items_purchased_type":["Relic","Relic","Relic","Card","Card","Relic","Relic","Card","Relic","Relic","Relic","Card","Card","Relic","Relic","Relic","Card","Card","Relic","Relic","Relic","Card","Relic","Relic","Card","Card","Relic","Relic","Relic","Relic","Card","Relic","Relic","Card","Potion"],"build_version":"2020-12-22","purchased_purges":2,"victory":true,"max_hp_per_floor":[70,70,70,70,70,70,70,70,70,70,70,70,70,70,70,70,70,70,70,70,70,70,70,70,70,70,70,70,70,70,70,70,70,70,70,70,70,70,70,70,77,77,77,77,77,77,77,87,87,87],"card_choices":[{"not_picked":["hexamod:Again","hexamod:SpectersWail"],"picked":"hexamod:Rewind","floor":2},{"not_picked":["hexamod:SpectersWail","hexamod:WildfireWeapon"],"picked":"hexamod:StepThrough","floor":3},{"not_picked":["hexamod:DynamicBlow","hexamod:HeatMetal","hexamod:TimeWarp"],"picked":"SKIP","floor":8},{"not_picked":["hexamod:RainOfEmbers","hexamod:NightmareGuise"],"picked":"hexamod:Again","floor":10},{"not_picked":["hexamod:SoulSteal","hexamod:PhantomFireball"],"picked":"hexamod:Firestarter","floor":13},{"not_picked":["hexamod:SpectersWail","hexamod:HauntingEcho"],"picked":"hexamod:StepThrough","floor":14},{"not_picked":["hexamod:HeatShield","hexamod:SwordOfDarkness","hexamod:Firestarter"],"picked":"SKIP","floor":15},{"not_picked":["hexamod:ParanormalForm+1","hexamod:UnleashSpirits"],"picked":"hexamod:SixthSeal","floor":16},{"not_picked":["hexamod:HeatShield","hexamod:ExtraCrispy+1"],"picked":"hexamod:FourthSeal","floor":19},{"not_picked":["hexamod:Firestarter","hexamod:Hexaguard"],"picked":"hexamod:NightmareGuise+1","floor":20},{"not_picked":["hexamod:ThermalTransfer","hexamod:GhostLash"],"picked":"hexamod:FastForward","floor":21},{"not_picked":["hexamod:HeatMetal","hexamod:HauntingEcho","hexamod:CatchUp+1","hexamod:NightmareGuise"],"picked":"SKIP","floor":22},{"not_picked":["hexamod:Hexaguard","hexamod:RainOfEmbers","hexamod:HauntingEcho"],"picked":"hexamod:Again","floor":27},{"not_picked":["hexamod:AdvancingGuard","hexamod:FourthSeal","hexamod:HauntingEcho"],"picked":"hexamod:ForkedFlame","floor":27},{"not_picked":["hexamod:Haunt+1","hexamod:SpectersWail","hexamod:BurningTouch"],"picked":"hexamod:GhostOfSpireFuture+1","floor":31},{"not_picked":["hexamod:Firestarter","hexamod:ThirdSeal","hexamod:HeatMetal","hexamod:GhostLash"],"picked":"SKIP","floor":31},{"not_picked":["hexamod:InspiringFlames","hexamod:BacktrackSmack","hexamod:GhostOfSpirePast+1","hexamod:ChargedBarrage+1"],"picked":"SKIP","floor":32},{"not_picked":["hexamod:GhostOfSpirePresent+1","hexamod:GhostflameInferno","hexamod:SixthSeal"],"picked":"hexamod:VolcanoVisage+1","floor":33},{"not_picked":["hexamod:GhostLash+1","hexamod:FirstSeal","hexamod:BacktrackSmack+1","hexamod:Hexaguard"],"picked":"SKIP","floor":36},{"not_picked":["hexamod:Firestarter","hexamod:RecurringNightmare","hexamod:TimeOfNeed"],"picked":"hexamod:FastForward+1","floor":37},{"not_picked":["hexamod:PhantomCloak+1","hexamod:RetreatToShadows+1","hexamod:Again+1","hexamod:HeatCrush"],"picked":"SKIP","floor":39},{"not_picked":["hexamod:RecurringNightmare","hexamod:ThermalTransfer+1","hexamod:SoulSteal"],"picked":"hexamod:FastForward","floor":44},{"not_picked":["hexamod:SkipABeat+1","hexamod:AdvancingGuard+1","hexamod:InspiringFlames+1","hexamod:BacktrackSmack+1"],"picked":"SKIP","floor":44},{"not_picked":["hexamod:SwordOfDarkness+1","hexamod:BurningTouch","hexamod:PhantomFireball"],"picked":"hexamod:AdvancingGuard+1","floor":45},{"not_picked":["hexamod:HauntingEcho+1","hexamod:Firestarter","hexamod:WildfireWeapon+1"],"picked":"hexamod:EtherealExpedition+1","floor":46},{"not_picked":["hexamod:Rewind","hexamod:ThermalTransfer","hexamod:RecurringNightmare","hexamod:NightmareStrike+1"],"picked":"SKIP","floor":47},{"not_picked":["hexamod:BurningTouch+1","hexamod:Incineration+1","hexamod:NightmareGuise+1"],"picked":"hexamod:GhostOfSpireFuture+1","floor":49},{"not_picked":["hexamod:BurningTouch","hexamod:GhostLash","hexamod:RainOfEmbers","hexamod:PhantomFireball+1"],"picked":"SKIP","floor":49}],"player_experience":97684,"relics_obtained":[{"floor":5,"key":"Boot"},{"floor":7,"key":"Frozen Egg 2"},{"floor":17,"key":"PreservedInsect"},{"floor":17,"key":"Matryoshka"},{"floor":17,"key":"Torii"},{"floor":20,"key":"White Beast Statue"},{"floor":23,"key":"Juzu Bracelet"},{"floor":23,"key":"Blue Candle"},{"floor":24,"key":"Toy Ornithopter"},{"floor":24,"key":"Happy Flower"},{"floor":28,"key":"Whetstone"},{"floor":31,"key":"Old Coin"},{"floor":41,"key":"Strawberry"},{"floor":43,"key":"Shuriken"},{"floor":44,"key":"InkBottle"}],"event_choices":[{"cards_removed":["hexamod:Defend"],"damage_healed":0,"gold_gain":0,"player_choice":"Card Removal","damage_taken":0,"max_hp_gain":0,"max_hp_loss":0,"event_name":"The Cleric","floor":11,"gold_loss":0},{"damage_healed":0,"gold_gain":0,"player_choice":"Forge","damage_taken":0,"max_hp_gain":0,"max_hp_loss":0,"event_name":"Accursed Blacksmith","floor":40,"gold_loss":0,"cards_upgraded":["hexamod:Strike"]}],"is_beta":false,"boss_relics":[{"not_picked":["Pandora\u0027s Box","bronze:MakeshiftBattery"],"picked":"Calling Bell"},{"not_picked":["Velvet Choker","Snecko Eye"],"picked":"Fusion Hammer"}],"items_purged_floors":[21,25],"is_endless":false,"potions_floor_spawned":[2,13,16,19,20,21,22,27,31,32,33,36,37,39,44,47,49],"ascension_level":0}}