{"host":"pi8b3ffzwvxqztac","time":1613072483,"event":{"mods":["BaseMod","Colored Map","Custom Start","Downfall","Minty Spire (QoL Compilation)","StSLib"],"gold_per_floor":[112,125,141,141,162,201,201,244,298,298,317,317,56,80,80,200,200,176,176,195,195,44,68,68,92,172,17,35,60,60,159,159,284,284,298,298,154,178,178,178,199,42,123,123,123,166,166,182,182,182],"floor_reached":51,"language":"ENG","playtime":2830,"items_purged":["Strike_P","ForeignInfluence"],"score":965,"play_id":"7a6bd845-d1dd-4a76-8aa7-ecf3326f92a5","local_time":"20210212084123","is_ascension_mode":true,"campfire_choices":[{"floor":7,"key":"REST"},{"data":"Vigilance","floor":12,"key":"SMITH"},{"floor":15,"key":"REST"},{"floor":24,"key":"REST"},{"floor":30,"key":"REST"},{"floor":32,"key":"REST"},{"data":"Devotion","floor":40,"key":"SMITH"},{"floor":44,"key":"REST"},{"floor":47,"key":"REST"},{"floor":49,"key":"REST"}],"circlet_count":0,"master_deck":["Defend_P","Defend_P","Defend_P","Defend_P","Eruption+1","Vigilance+1","FearNoEvil","FlurryOfBlows","FlurryOfBlows","SashWhip","MentalFortress","MentalFortress","Apotheosis+1","Devotion+1","CrushJoints+1","Scrawl+1","WreathOfFlame+1","EmptyFist+1","Vigilance+1","Swivel+1","Prostrate+1","FlurryOfBlows","ThirdEye+1","Indignation+1","EmptyBody+1","Vault+1","FlurryOfBlows+1","FollowUp+1","Evaluate+1","Halt+1"],"relics":["PureWater","Golden Idol","Omamori","Toxic Egg 2","Ancient Tea Set","Oddly Smooth Stone","Astrolabe","White Beast Statue","HandDrill","VioletLotus","PreservedInsect","Blood Vial","Gremlin Horn","hexamod:BolsterEngine"],"acts_visited":["Exordium","TheCity","TheBeyond"],"potions_floor_usage":[23,29,33,33,46,50,50,50],"damage_taken":[{"damage":1.0,"enemies":"Cultist","floor":1.0,"turns":4.0},{"damage":0.0,"enemies":"Jaw Worm","floor":2.0,"turns":3.0},{"damage":0.0,"enemies":"Small Slimes","floor":3.0,"turns":2.0},{"damage":3.0,"enemies":"3 Louse","floor":5.0,"turns":3.0},{"damage":38,"enemies":"Lagavulin","floor":6,"turns":7},{"damage":14,"enemies":"3 Sentries","floor":8,"turns":6},{"damage":2,"enemies":"Gremlin Gang","floor":11,"turns":3},{"damage":3,"enemies":"Large Slime","floor":14,"turns":2},{"damage":0,"enemies":"Slime Boss","floor":16,"turns":4},{"damage":21,"enemies":"2 Thieves","floor":18,"turns":5},{"damage":8,"enemies":"Shell Parasite","floor":20,"turns":4},{"damage":12,"enemies":"Cultist and Chosen","floor":23,"turns":6},{"damage":9,"enemies":"Snecko","floor":25,"turns":4},{"damage":6,"enemies":"Snake Plant","floor":28,"turns":4},{"damage":18,"enemies":"3 Cultists","floor":29,"turns":4},{"damage":58,"enemies":"Automaton","floor":33,"turns":9},{"damage":10,"enemies":"Orb Walker","floor":35,"turns":5},{"damage":15,"enemies":"3 Shapes","floor":38,"turns":8},{"damage":0,"enemies":"Spire Growth","floor":41,"turns":4},{"damage":30,"enemies":"Giant Head","floor":46,"turns":7},{"damage":14,"enemies":"Writhing Mass","floor":48,"turns":4},{"damage":17,"enemies":"Donu and Deca","floor":50,"turns":7}],"seed_played":"3822536083812543661","potions_obtained":[{"floor":1.0,"key":"sneckomod:MuddlingPotion"},{"floor":2.0,"key":"LiquidBronze"},{"floor":6,"key":"Weak Potion"},{"floor":11,"key":"Energy Potion"},{"floor":25,"key":"FairyPotion"},{"floor":29,"key":"DistilledChaos"},{"floor":33,"key":"BlessingOfTheForge"},{"floor":35,"key":"SpeedPotion"},{"floor":38,"key":"BottledMiracle"},{"floor":41,"key":"LiquidMemories"},{"floor":46,"key":"Explosive Potion"},{"floor":48,"key":"SteroidPotion"}],"is_trial":false,"path_per_floor":["M","M","M","?","M","E","R","E","T","?","M","R","$","M","R","B",null,"M","?","M","?","$","M","R","M","T","$","M","M","R","?","R","B",null,"M","?","$","M","?","R","M","$","T","R","?","E","R","M","R","B",null],"character_chosen":"WATCHER","items_purchased":["Apotheosis+1","Prostrate+1","HandDrill","PreservedInsect","Blood Vial"],"campfire_rested":8,"item_purchase_floors":[13,22,27,37,42],"current_hp_per_floor":[71,71,71,53,50,12,33,19,19,19,17,17,17,14,35,35,63,42,42,34,34,34,22,43,34,34,34,28,10,31,31,52,21,59,49,49,49,34,34,34,34,34,34,55,55,27,48,36,57,42],"gold":182,"neow_bonus":"UPGRADE_CARD","is_daily":false,"chose_seed":false,"campfire_upgraded":2,"win_rate":0.0,"timestamp":1613072483,"path_taken":["M","?","M","?","M","E","R","E","T","?","?","R","$","M","R","BOSS","M","?","?","?","$","M","R","M","T","$","M","M","R","?","R","BOSS","M","?","$","M","?","R","M","$","T","R","?","E","R","?","R","BOSS"],"items_purchased_type":["Card","Card","Relic","Relic","Relic"],"build_version":"2020-12-22","purchased_purges":2,"victory":true,"max_hp_per_floor":[72,72,72,72,72,72,72,72,72,72,72,72,72,72,72,72,72,72,72,72,72,72,72,72,72,72,72,72,72,72,72,72,72,72,72,72,72,72,72,72,72,72,72,72,72,72,72,72,72,72],"card_choices":[{"not_picked":["Collect","Halt"],"picked":"FearNoEvil","floor":1.0},{"not_picked":["Evaluate","BowlingBash"],"picked":"ForeignInfluence","floor":2.0},{"not_picked":["Nirvana","Consecrate"],"picked":"FlurryOfBlows","floor":3.0},{"not_picked":["Crescendo","InnerPeace"],"picked":"FlurryOfBlows","floor":5.0},{"not_picked":["Conclude","CutThroughFate"],"picked":"SashWhip","floor":6},{"not_picked":["Establishment","CutThroughFate"],"picked":"MentalFortress","floor":8},{"not_picked":["Wireheading","FlyingSleeves"],"picked":"MentalFortress","floor":11},{"not_picked":["SandsOfTime","Halt+1"],"picked":"MentalFortress","floor":14},{"not_picked":["Scrawl+1","MasterReality"],"picked":"Devotion","floor":16},{"not_picked":["CrushJoints","FollowUp"],"picked":"EmptyFist+1","floor":18},{"not_picked":["Crescendo+1","CarveReality"],"picked":"Swivel+1","floor":20},{"not_picked":["Prostrate+1","EmptyFist+1"],"picked":"FlurryOfBlows","floor":23},{"not_picked":["Protect+1","Crescendo+1"],"picked":"ThirdEye+1","floor":25},{"not_picked":["ThirdEye+1","Wireheading"],"picked":"Indignation+1","floor":28},{"not_picked":["Prostrate+1","Crescendo+1"],"picked":"EmptyBody+1","floor":29},{"not_picked":["Scrawl+1","Establishment"],"picked":"Vault+1","floor":33},{"not_picked":["EmptyFist","SandsOfTime+1"],"picked":"FlurryOfBlows+1","floor":35},{"not_picked":["WheelKick+1","Fasting2"],"picked":"FollowUp+1","floor":38},{"not_picked":["Consecrate","FollowUp"],"picked":"Evaluate+1","floor":41},{"not_picked":["FlyingSleeves+1","FollowUp","SandsOfTime+1"],"picked":"SKIP","floor":46},{"not_picked":["WaveOfTheHand+1","SandsOfTime+1"],"picked":"Halt+1","floor":48}],"player_experience":760642,"relics_obtained":[{"floor":6,"key":"Omamori"},{"floor":8,"key":"Toxic Egg 2"},{"floor":9,"key":"Ancient Tea Set"},{"floor":26,"key":"White Beast Statue"},{"floor":43,"key":"Gremlin Horn"},{"floor":46,"key":"hexamod:BolsterEngine"}],"event_choices":[{"damage_healed":0.0,"max_hp_gain":0.0,"max_hp_loss":0.0,"gold_gain":0.0,"event_name":"Golden Idol","player_choice":"Take Damage","floor":4.0,"gold_loss":0.0,"damage_taken":18.0,"relics_obtained":["Golden Idol"]},{"damage_healed":0,"gold_gain":0,"player_choice":"Gave Potion","damage_taken":0,"relics_obtained":["Oddly Smooth Stone"],"max_hp_gain":0,"max_hp_loss":0,"event_name":"WeMeetAgain","floor":10,"gold_loss":0},{"damage_healed":0,"gold_gain":0,"player_choice":"Copied","damage_taken":0,"max_hp_gain":0,"max_hp_loss":0,"event_name":"Duplicator","floor":19,"gold_loss":0,"cards_obtained":["Vigilance"]},{"damage_healed":0,"gold_gain":99,"player_choice":"Stole From Cult","damage_taken":0,"max_hp_gain":0,"max_hp_loss":0,"event_name":"Nest","floor":31,"gold_loss":0},{"damage_healed":0,"gold_gain":0,"player_choice":"Ignored","damage_taken":0,"max_hp_gain":0,"max_hp_loss":0,"event_name":"Tomb of Lord Red Mask","floor":36,"gold_loss":0},{"cards_removed":["MentalFortress"],"damage_healed":0,"gold_gain":0,"player_choice":"Removed Power","damage_taken":0,"max_hp_gain":0,"max_hp_loss":0,"event_name":"Falling","floor":39,"gold_loss":0},{"damage_healed":0,"gold_gain":0,"player_choice":"Cursed","damage_taken":0,"max_hp_gain":0,"max_hp_loss":0,"event_name":"Wheel of Change","floor":45,"gold_loss":0,"cards_obtained":["Decay"]}],"is_beta":false,"boss_relics":[{"not_picked":["Runic Dome","Cursed Key"],"picked":"Astrolabe"},{"not_picked":["SacredBark","Philosopher\u0027s Stone"],"picked":"VioletLotus"}],"items_purged_floors":[13,22],"is_endless":false,"potions_floor_spawned":[1,2,6,11,16,25,28,29,33,35,38,41,46,48],"ascension_level":5}}