{"host":"ttx8tv95o5vka1nm","time":1613058446,"event":{"mods":["AchievementEnabler","BaseMod","BetterRewards","Colored Map","Downfall","Evolution","Hermit","Hubris","Infinite Spire","Jorbs\u0027s Wanderer Trilogy","Minty Spire (QoL Compilation)","Relic Filter Mod","Reliquary","Replay The Spire","Robot Space Explorer","Shop Mod","Spicy Shops","StSLib","The Blue Laboratory","The Bug Knight","The Cursed","The Hayseed","The Necromancer","The Runesmith","TheBandit","TheVacant","Wandering Minibosses"],"gold_per_floor":[119,194,144,155,11,40,40,73,97,109,127,141,141,174,174,270,270,282,293,293,252,252,252,252,276,276,17,41,53,53,17,17,0,0],"floor_reached":33,"language":"ENG","playtime":2569,"items_purged":["Defend_G"],"score":347,"play_id":"cb02a0aa-ba23-47af-bc1c-eca6e826472f","local_time":"20210212014726","is_ascension_mode":true,"campfire_choices":[{"floor":13,"key":"REST"},{"floor":15,"key":"REST"},{"floor":23,"key":"REST"}],"circlet_count":0,"master_deck":["Poisoned Stab","Poisoned Stab","Poisoned Stab","Defend_G","Survivor","Neutralize","Well Laid Plans","Backflip","Blur","Poison Darts+1","Terror","infinitespire:Neurotoxin","Deadly Poison","Dash","Languid","Burst","Blur","PiercingWail","Bane+1"],"relics":["Ring of the Snake","EVO:Axolotl","reliquary:Boomerang","MealTicket","hubris:AncientText","Calipers","reliquary:Knoch","CaptainsWheel","Replay:Drink Me","hubris:Icosahedron","bronze:MakeshiftBattery","Bottled Flame","ReplayTheSpireMod:Ring of Collecting","Ring of Fury","Ornamental Fan","Ring of Peace","Shuriken","infinitespire:BottledMercury","Lizard Tail"],"acts_visited":["Exordium","TheCity"],"potions_floor_usage":[12,16],"damage_taken":[{"damage":0,"enemies":"Jaw Worm","floor":1,"turns":3},{"damage":1,"enemies":"Small Slimes","floor":4,"turns":2},{"damage":18,"enemies":"Lagavulin","floor":6,"turns":5},{"damage":16,"enemies":"3 Sentries","floor":8,"turns":14},{"damage":0,"enemies":"Cultist","floor":10,"turns":3},{"damage":5,"enemies":"3 Louse","floor":11,"turns":3},{"damage":15,"enemies":"Exordium Wildlife","floor":12,"turns":5},{"damage":0,"enemies":"Lagavulin","floor":14,"turns":7},{"damage":21,"enemies":"Hexaghost","floor":16,"turns":8},{"damage":0,"enemies":"Spheric Guardian","floor":18,"turns":4},{"damage":22,"enemies":"3 Byrds","floor":19,"turns":5},{"damage":21,"enemies":"Snake Plant","floor":21,"turns":6},{"damage":24,"enemies":"Nightmare","floor":25,"turns":7},{"damage":11,"enemies":"Slavers","floor":28,"turns":6},{"damage":0,"enemies":"3 Cultists","floor":29,"turns":5},{"damage":0,"enemies":"Centurion and Healer","floor":31,"turns":6},{"damage":67,"enemies":"Automaton","floor":33,"turns":14}],"seed_played":"9021237787302297421","potions_obtained":[{"floor":8,"key":"Poison Potion"},{"floor":11,"key":"blueLaboratory:TrueEctoplasm"},{"floor":14,"key":"blueLaboratory:FruitPunch"},{"floor":16,"key":"blueLaboratory:BubblePotion"},{"floor":18,"key":"Ancient Potion"},{"floor":25,"key":"Poison Potion"}],"is_trial":false,"path_per_floor":["M","?","?","M","$","E","?","E","T","M","M","M","R","E","R","B",null,"M","M","?","M","AVR","R","?","NM","T","$","E","M","?","M","R_BF","B"],"character_chosen":"THE_SILENT","items_purchased":["MealTicket","infinitespire:BottledMercury"],"campfire_rested":3,"item_purchase_floors":[5,27],"current_hp_per_floor":[70,59,59,58,58,40,40,24,24,24,19,4,25,25,46,27,54,54,32,32,11,11,27,27,3,3,18,7,7,7,7,23,0,0],"gold":0,"neow_bonus":"RANDOM_COMMON_RELIC","is_daily":false,"chose_seed":false,"campfire_upgraded":0,"win_rate":0.0,"timestamp":1613058446,"path_taken":["M","?","?","M","$","E","?","E","T","?","M","M","R","E","R","BOSS","M","M","?","M","AVR","R","?","NM","T","$","E","?","?","M","R_BF","BOSS"],"items_purchased_type":["Relic","Relic"],"build_version":"2020-12-22","purchased_purges":1,"victory":false,"max_hp_per_floor":[70,70,70,70,70,70,70,70,70,70,70,70,70,70,70,72,54,54,54,54,54,54,54,54,54,54,54,54,54,54,54,54,54,54],"card_choices":[{"not_picked":["Backflip","Blade Dance"],"picked":"Well Laid Plans","floor":1},{"not_picked":["Well Laid Plans","hubris:TrickCloak"],"picked":"Backflip","floor":4},{"not_picked":["Sucker Punch","hubris:Counter","Poisoned Stab"],"picked":"SKIP","floor":6},{"not_picked":["Flechettes","Outmaneuver"],"picked":"Blur","floor":8},{"not_picked":["Quick Slash","Prepared"],"picked":"Poison Darts","floor":10},{"not_picked":["Cloak And Dagger","Predator"],"picked":"Terror","floor":11},{"not_picked":["Masterful Stab","Dagger Spray","Eviscerate"],"picked":"SKIP","floor":12},{"not_picked":["Flying Knee","Venomology","Dagger Spray"],"picked":"SKIP","floor":14},{"not_picked":["A Thousand Cuts","Corpse Explosion"],"picked":"infinitespire:Neurotoxin","floor":16},{"not_picked":["Outmaneuver","Accuracy+1"],"picked":"Deadly Poison","floor":18},{"not_picked":["Distraction+1","ReplayTheSpireMod:Exploit Weakness+1","Calculated Gamble+1"],"picked":"SKIP","floor":19},{"not_picked":["Sucker Punch","Backflip"],"picked":"Dash","floor":21},{"not_picked":["Backflip","Well Laid Plans"],"picked":"Burst","floor":25},{"not_picked":["Dagger Spray","hubris:SlightOfHand"],"picked":"Blur","floor":28},{"not_picked":["Infinite Blades","hubris:TrickCloak"],"picked":"PiercingWail","floor":29},{"not_picked":["Concentrate","Terror"],"picked":"Bane+1","floor":31}],"player_experience":1150184,"relics_obtained":[{"floor":6,"key":"hubris:AncientText"},{"floor":8,"key":"Calipers"},{"floor":9,"key":"reliquary:Knoch"},{"floor":14,"key":"CaptainsWheel"},{"floor":24,"key":"ReplayTheSpireMod:Ring of Collecting"},{"floor":24,"key":"Ring of Fury"},{"floor":25,"key":"Ornamental Fan"},{"floor":26,"key":"Ring of Peace"},{"floor":26,"key":"Shuriken"},{"floor":28,"key":"Lizard Tail"}],"event_choices":[{"damage_healed":0,"gold_gain":75,"player_choice":"Gather Gold","damage_taken":11,"max_hp_gain":0,"max_hp_loss":0,"event_name":"World of Goop","floor":2,"gold_loss":0},{"cards_removed":["Strike_G"],"damage_healed":0,"gold_gain":0,"player_choice":"Card Removal","damage_taken":0,"max_hp_gain":0,"max_hp_loss":0,"event_name":"The Cleric","floor":3,"gold_loss":50},{"cards_removed":["Strike_G"],"damage_healed":0,"gold_gain":0,"player_choice":"Purged","damage_taken":0,"max_hp_gain":0,"max_hp_loss":0,"event_name":"Purifier","floor":7,"gold_loss":0},{"damage_healed":0,"gold_gain":0,"player_choice":"Bought 0 Potions","damage_taken":0,"max_hp_gain":0,"max_hp_loss":0,"event_name":"The Woman in Blue","floor":30,"gold_loss":0}],"is_beta":false,"boss_relics":[{"not_picked":["Replay:Ancient Bell","Snecko Eye"],"picked":"Replay:Drink Me"}],"items_purged_floors":[22],"is_endless":true,"potions_floor_spawned":[8,11,14,16,18,19,25,31],"killed_by":"Automaton","ascension_level":1}}