{"host":"9brt9rggm379u2p7","time":1613063878,"event":{"mods":["AchievementEnabler","BaseMod","Highlight Path","Minty Spire (QoL Compilation)","Permanent Neow","Quick Restart","SuperFastMode"],"gold_per_floor":[115,126,140,152,164,190,190,115,139,165,165,184,214,214,214,312,312,331,362,461,461,473,508,508,508,508],"floor_reached":25,"language":"ENG","playtime":1130,"items_purged":["Strike_G"],"score":293,"play_id":"9a841619-a4df-476a-bcbb-ec6765afa61e","local_time":"20210212021758","is_ascension_mode":true,"campfire_choices":[{"floor":15.0,"key":"REST"},{"data":"Footwork","floor":24,"key":"SMITH"}],"circlet_count":0,"master_deck":["Strike_G","Strike_G","Defend_G","Defend_G","Defend_G","Defend_G","Survivor","Neutralize","Bouncing Flask+1","Cloak And Dagger","Bane","After Image","Flying Knee","Bouncing Flask","Acrobatics","Tools of the Trade","Footwork+1","Outmaneuver+1"],"relics":["Ring of the Snake","Ice Cream","Bronze Scales","Orichalcum","Anchor","Thread and Needle","Runic Pyramid","Red Mask","CeramicFish"],"acts_visited":["Exordium","TheCity"],"potions_floor_usage":[23],"damage_taken":[{"damage":0.0,"enemies":"Cultist","floor":1.0,"turns":4.0},{"damage":4.0,"enemies":"Jaw Worm","floor":2.0,"turns":3.0},{"damage":0.0,"enemies":"2 Louse","floor":3.0,"turns":3.0},{"damage":12.0,"enemies":"Exordium Thugs","floor":4.0,"turns":5.0},{"damage":1.0,"enemies":"3 Louse","floor":5.0,"turns":4.0},{"damage":0.0,"enemies":"Gremlin Nob","floor":6.0,"turns":2.0},{"damage":16.0,"enemies":"3 Sentries","floor":10.0,"turns":10.0},{"damage":4.0,"enemies":"2 Fungi Beasts","floor":12.0,"turns":3.0},{"damage":7.0,"enemies":"Gremlin Nob","floor":13.0,"turns":3.0},{"damage":3.0,"enemies":"Hexaghost","floor":16.0,"turns":7.0},{"damage":5.0,"enemies":"3 Byrds","floor":18.0,"turns":3.0},{"damage":30,"enemies":"Masked Bandits","floor":19,"turns":5},{"damage":2,"enemies":"Shell Parasite","floor":22,"turns":4},{"damage":13,"enemies":"Book of Stabbing","floor":23,"turns":8},{"damage":27,"enemies":"Slavers","floor":25,"turns":3}],"seed_played":"7188366078996968408","potions_obtained":[{"floor":1.0,"key":"AttackPotion"},{"floor":4.0,"key":"SteroidPotion"},{"floor":6.0,"key":"SpeedPotion"},{"floor":10.0,"key":"SneckoOil"},{"floor":16.0,"key":"SkillPotion"},{"floor":19,"key":"DistilledChaos"}],"is_trial":false,"path_per_floor":["M","M","M","M","M","E","?","$","T","E","?","M","E","?","R","B",null,"M","?","?","?","M","E","R","E"],"character_chosen":"THE_SILENT","items_purchased":[],"campfire_rested":1,"item_purchase_floors":[],"current_hp_per_floor":[49,45,45,33,32,32,32,32,32,16,16,12,5,5,26,23,70,65,35,35,35,33,20,20,0,0],"gold":508,"neow_bonus":"REMOVE_TWO","is_daily":false,"chose_seed":false,"campfire_upgraded":1,"win_rate":0.0,"timestamp":1613063878,"path_taken":["M","M","M","?","M","E","?","$","T","E","?","?","E","?","R","BOSS","M","?","?","?","M","E","R","E"],"items_purchased_type":[],"build_version":"2020-12-22","purchased_purges":1,"victory":false,"max_hp_per_floor":[70,70,70,70,70,70,70,70,70,70,70,70,70,70,70,70,70,70,70,70,70,70,70,70,70,70],"card_choices":[{"not_picked":["Backstab","Calculated Gamble"],"picked":"Bouncing Flask","floor":1.0},{"not_picked":["Outmaneuver","Sucker Punch"],"picked":"Cloak And Dagger","floor":2.0},{"not_picked":["Expertise","Flying Knee"],"picked":"Bane","floor":3.0},{"not_picked":["Choke","Predator","Deflect"],"picked":"SKIP","floor":4.0},{"not_picked":["Sucker Punch","Underhanded Strike","Flying Knee"],"picked":"SKIP","floor":5.0},{"not_picked":["Noxious Fumes","Setup"],"picked":"After Image","floor":6.0},{"not_picked":["Storm of Steel","Unload"],"picked":"Flying Knee","floor":10.0},{"not_picked":["Quick Slash","Dagger Throw","Heel Hook"],"picked":"SKIP","floor":12.0},{"not_picked":["A Thousand Cuts","Blade Dance"],"picked":"Acrobatics","floor":13.0},{"not_picked":["Envenom","Doppelganger"],"picked":"Tools of the Trade","floor":16.0},{"not_picked":["Underhanded Strike+1","Bane"],"picked":"Footwork","floor":18.0},{"not_picked":["Blade Dance+1","Prepared+1"],"picked":"Outmaneuver+1","floor":22},{"not_picked":["Dodge and Roll","Finisher","All Out Attack"],"picked":"SKIP","floor":23}],"player_experience":416680,"relics_obtained":[{"floor":6.0,"key":"Ice Cream"},{"floor":9.0,"key":"Orichalcum"},{"floor":10.0,"key":"Anchor"},{"floor":13.0,"key":"Thread and Needle"},{"floor":19,"key":"Red Mask"},{"floor":23,"key":"CeramicFish"}],"event_choices":[{"damage_healed":0.0,"max_hp_gain":0.0,"max_hp_loss":0.0,"gold_gain":0.0,"event_name":"Dead Adventurer","player_choice":"Searched \u00271\u0027 times","floor":7.0,"gold_loss":0.0,"damage_taken":0.0,"relics_obtained":["Bronze Scales"]},{"damage_healed":0.0,"max_hp_gain":0.0,"max_hp_loss":0.0,"gold_gain":0.0,"cards_transformed":["Strike_G"],"event_name":"Living Wall","player_choice":"Change","floor":11.0,"gold_loss":0.0,"damage_taken":0.0,"cards_obtained":["Bouncing Flask"]},{"damage_healed":0.0,"max_hp_gain":0.0,"max_hp_loss":0.0,"gold_gain":0.0,"event_name":"Accursed Blacksmith","player_choice":"Forge","floor":14.0,"gold_loss":0.0,"damage_taken":0.0,"cards_upgraded":["Bouncing Flask"]},{"damage_healed":0,"gold_gain":0,"player_choice":"Fought Bandits","damage_taken":0,"max_hp_gain":0,"max_hp_loss":0,"event_name":"Masked Bandits","floor":19,"gold_loss":0},{"damage_healed":0,"gold_gain":99,"player_choice":"Stole From Cult","damage_taken":0,"max_hp_gain":0,"max_hp_loss":0,"event_name":"Nest","floor":20,"gold_loss":0},{"damage_healed":0,"gold_gain":0,"player_choice":"Ignored","damage_taken":0,"max_hp_gain":0,"max_hp_loss":0,"event_name":"Vampires","floor":21,"gold_loss":0}],"is_beta":false,"boss_relics":[{"not_picked":["Pandora\u0027s Box","Coffee Dripper"],"picked":"Runic Pyramid"}],"items_purged_floors":[8],"is_endless":false,"potions_floor_spawned":[1,4,6,10,16,19,22],"killed_by":"Slavers","ascension_level":2}}