{"host":"v98566chcnixoavo","time":1613028965,"event":{"mods":["100% Spire Juice","Act Like it!","Arknights","BaseMod","Decade(王小明)","DeckTracker","FGO Abigail","Friendly Minions","Highlight Path","Kiyohime（清姬）","Luminous","Marisa（F雨　魔理沙）","Minty Spire (QoL Compilation)","Prisma Mod","Railgun Mod","Reimu（博丽灵梦）","StSLib","Td1madao Mod","The Alterego","UnlockEverythingMod","WarShipGirlsR/战舰少女R mod","Yakumo Yukari mod","Youmu（魂魄妖梦）","【功能Mod】Neow奖励","【功能Mod】混沌之环修复补丁","【功能Mod】聪明的最终Boss"],"gold_per_floor":[110,130,130,4,24,68,91,91,91,110,110,110,110,123,123,249,312,335,114,128,142,162,181,216,216,216,641,641,641,641],"floor_reached":29,"language":"ZHS","playtime":1777,"items_purged":["ats:Defend","ats:Charging Defense"],"score":259,"play_id":"3ccb24da-c5db-4ba7-bc9d-f88c32748073","local_time":"20210211153605","is_ascension_mode":true,"campfire_choices":[{"data":"ats:Emotion Absorption","floor":8,"key":"SMITH"},{"data":"ats:Part Time Job","floor":11,"key":"SMITH"},{"data":"ats:Blood Oath","floor":15,"key":"SMITH"}],"circlet_count":0,"master_deck":["ats:Strike C","ats:Strike G","ats:Strike S","ats:Armor Crushing Shot","ats:Defend","ats:Defend+1","ats:Defend","ats:Emotion Absorption+1","ats:Calcification","ats:Powerful Strike","ats:Revitalization","ats:Shell Defense","ats:Chain Hook","ats:Part Time Job+1","ats:Shell Defense","ats:Blood Oath+1","ats:Nebulous Foxfire","ats:Sashimi Platter","ats:Revitalization","ats:Powerful Strike","ats:Rapid Magazine","ats:Poison Spread","ats:Assault Order","ats:Poison Spread","ats:Consecutive Shot Auto+1","ats:Overload"],"relics":["ats:Sanity","Golden Idol","ats:Originium","Torii","Tiny House","Sundial","Blue Candle","Old Coin","Ornamental Fan","PureWhite:ReiMu"],"acts_visited":["Exordium","TheCity"],"potions_floor_usage":[20,24,24,24],"damage_taken":[{"damage":8,"enemies":"Jaw Worm","floor":1,"turns":4},{"damage":7,"enemies":"2 Louse","floor":2,"turns":2},{"damage":0,"enemies":"Cultist","floor":5,"turns":3},{"damage":49,"enemies":"Gremlin Nob","floor":6,"turns":6},{"damage":2,"enemies":"Large Slime","floor":7,"turns":6},{"damage":2,"enemies":"3 Louse","floor":10,"turns":9},{"damage":15,"enemies":"Exordium Thugs","floor":14,"turns":6},{"damage":97,"enemies":"Slime Boss","floor":16,"turns":21},{"damage":50,"enemies":"3 Byrds","floor":18,"turns":9},{"damage":22,"enemies":"2 Thieves","floor":20,"turns":5},{"damage":21,"enemies":"Snake Plant","floor":21,"turns":5},{"damage":17,"enemies":"Snecko","floor":22,"turns":5},{"damage":39,"enemies":"Centurion and Healer","floor":23,"turns":9},{"damage":69,"enemies":"Gremlin Leader","floor":24,"turns":8},{"damage":37,"enemies":"Colosseum Slavers","floor":27,"turns":5},{"damage":42,"enemies":"Colosseum Nobs","floor":27,"turns":6},{"damage":1,"enemies":"3 Cultists","floor":29,"turns":3}],"seed_played":"-7742481484300577300","potions_obtained":[{"floor":2,"key":"BlessingOfTheForge"},{"floor":5,"key":"PowerPotion"},{"floor":16,"key":"Dexterity Potion"},{"floor":20,"key":"BlessingOfTheForge"}],"is_trial":false,"path_per_floor":["M","M","?","$","M","E","M","R","T","M","R","?","?","M","R","B",null,"M","$","M","M","M","M","E","?","T","?","T","M"],"character_chosen":"DOCTOR_CLASS","items_purchased":["ats:Revitalization","ats:Powerful Strike","ats:Rapid Magazine"],"campfire_rested":0,"item_purchase_floors":[4,19,19],"current_hp_per_floor":[65,58,58,58,59,16,22,22,22,67,67,67,67,61,61,67,72,68,68,63,72,65,71,58,58,58,12,12,14,14],"gold":641,"neow_bonus":"ONE_RANDOM_RARE_CARD","is_daily":false,"chose_seed":false,"campfire_upgraded":3,"win_rate":0.0,"timestamp":1613028965,"path_taken":["M","M","?","$","M","E","M","R","T","M","R","?","?","M","R","BOSS","M","$","M","M","M","M","E","?","T","?","?","?"],"items_purchased_type":["Card","Card","Card"],"build_version":"2020-12-22","purchased_purges":2,"victory":false,"max_hp_per_floor":[72,72,67,67,67,67,67,67,67,67,67,67,67,67,67,67,72,72,72,72,72,72,72,72,72,72,72,72,72,72],"card_choices":[{"not_picked":["ats:Steam Pump","ats:Consecutive Shot Auto"],"picked":"ats:Powerful Strike","floor":1},{"not_picked":["ats:Flame Of Heaven","ats:Literary Storm","ats:Guardian Obelisk"],"picked":"SKIP","floor":2},{"not_picked":["ats:Burning Ground","ats:Soul Absorption"],"picked":"ats:Shell Defense","floor":5},{"not_picked":["ats:Absolute Focus","ats:Red Shift"],"picked":"ats:Chain Hook","floor":6},{"not_picked":["ats:Ignite","ats:Powerful Strike"],"picked":"ats:Part Time Job","floor":7},{"not_picked":["ats:Red Shift","ats:Guard Mode"],"picked":"ats:Shell Defense","floor":10},{"not_picked":["ats:Demon Strength","ats:Steam Pump"],"picked":"ats:Blood Oath","floor":14},{"not_picked":["ats:Disruption Kick","ats:Fractured Body"],"picked":"ats:Nebulous Foxfire","floor":16},{"not_picked":["ats:Leaping Hammer","ats:Healing Drone"],"picked":"ats:Sashimi Platter","floor":17},{"not_picked":["ats:Automatic Cover","ats:Defend Order"],"picked":"ats:Revitalization","floor":18},{"not_picked":["ats:Leaping Hammer+1","ats:Guardian Obelisk","ats:Guard Mode"],"picked":"SKIP","floor":20},{"not_picked":["ats:Absolute Focus","ats:Blood Oath"],"picked":"ats:Poison Spread","floor":21},{"not_picked":["ats:Defend Order+1","ats:Very Hot Blade"],"picked":"ats:Assault Order","floor":22},{"not_picked":["ats:Revitalization","ats:Very Hot Blade"],"picked":"ats:Poison Spread","floor":23},{"not_picked":["ats:Very Hot Blade+1","ats:Leaping Hammer"],"picked":"ats:Consecutive Shot Auto+1","floor":24}],"player_experience":217138,"relics_obtained":[{"floor":6,"key":"ats:Originium"},{"floor":6,"key":"Torii"},{"floor":24,"key":"ats:Originium"},{"floor":24,"key":"Sundial"},{"floor":26,"key":"Blue Candle"},{"floor":27,"key":"Old Coin"},{"floor":27,"key":"Ornamental Fan"},{"floor":28,"key":"PureWhite:ReiMu"}],"event_choices":[{"damage_healed":0,"gold_gain":0,"player_choice":"Lose Max HP","damage_taken":0,"relics_obtained":["Golden Idol"],"max_hp_gain":0,"max_hp_loss":5,"event_name":"Golden Idol","floor":3,"gold_loss":0},{"damage_healed":0,"gold_gain":0,"player_choice":"Ignored","damage_taken":0,"max_hp_gain":0,"max_hp_loss":0,"event_name":"Liars Game","floor":12,"gold_loss":0},{"damage_healed":0,"gold_gain":0,"cards_transformed":["ats:Strike V"],"player_choice":"Change","damage_taken":0,"max_hp_gain":0,"max_hp_loss":0,"event_name":"Living Wall","floor":13,"gold_loss":0,"cards_obtained":["ats:Charging Defense"]},{"damage_healed":0,"gold_gain":0,"player_choice":"Read","damage_taken":0,"max_hp_gain":0,"max_hp_loss":0,"event_name":"The Library","floor":25,"gold_loss":0,"cards_obtained":["ats:Overload"]},{"damage_healed":0,"gold_gain":0,"player_choice":"Fight","damage_taken":0,"max_hp_gain":0,"max_hp_loss":0,"event_name":"Colosseum","floor":27,"gold_loss":0},{"damage_healed":0,"gold_gain":0,"player_choice":"Fought Nobs","damage_taken":0,"max_hp_gain":0,"max_hp_loss":0,"event_name":"Colosseum","floor":27,"gold_loss":0}],"is_beta":false,"boss_relics":[{"not_picked":["Fusion Hammer","Busted Crown"],"picked":"Tiny House"}],"items_purged_floors":[4,19],"is_endless":false,"potions_floor_spawned":[2,5,16,18,20,21,23],"killed_by":"3 Cultists","ascension_level":1}}