{"host":"it04jaz8eul1eh3d","time":1613030539,"event":{"mods":["AchievementEnabler","BaseMod","Colored Map","DeckTracker","Keyboard Shortcuts","Minty Spire (QoL Compilation)","SuperFastMode"],"gold_per_floor":[116,136,61,79,4,36,36,51,51,66,66,66,42,42,42,165,165,158,178,94,9,32,73,73,73,124,124,137,160,178,78,78,78,78],"floor_reached":33,"language":"KOR","playtime":785,"items_purged":["Strike_R","Defend_R"],"score":265,"play_id":"d9b31ea3-d72a-42e7-8507-f11d4bfffc12","local_time":"20210211170219","is_ascension_mode":false,"campfire_choices":[{"data":"Armaments","floor":7,"key":"SMITH"},{"data":"Spot Weakness","floor":11,"key":"SMITH"},{"data":"Bash","floor":15,"key":"SMITH"},{"floor":24,"key":"REST"},{"data":"Heavy Blade","floor":27,"key":"SMITH"},{"data":"Dramatic Entrance","floor":32,"key":"SMITH"}],"circlet_count":0,"master_deck":["Strike_R","Strike_R","Strike_R","Defend_R","Defend_R","Defend_R","Bash+1","Armaments+1","Spot Weakness+1","Impervious","Iron Wave","Dropkick","Heavy Blade+1","Double Tap","Iron Wave","Dramatic Entrance+1","Spot Weakness+1","Limit Break+1"],"relics":["Burning Blood","NeowsBlessing","Boot","Meat on the Bone","Golden Idol","Empty Cage","Toxic Egg 2","Lantern","Bag of Marbles","Question Card","Anchor"],"acts_visited":["Exordium","TheCity"],"potions_floor_usage":[33,33,33],"damage_taken":[{"damage":0,"enemies":"Cultist","floor":1,"turns":1},{"damage":0,"enemies":"Small Slimes","floor":2,"turns":1},{"damage":0,"enemies":"Jaw Worm","floor":4,"turns":1},{"damage":33,"enemies":"Gremlin Nob","floor":6,"turns":6},{"damage":1,"enemies":"3 Louse","floor":8,"turns":6},{"damage":3,"enemies":"Exordium Wildlife","floor":10,"turns":4},{"damage":54,"enemies":"Slime Boss","floor":16,"turns":11},{"damage":17,"enemies":"2 Thieves","floor":18,"turns":4},{"damage":30,"enemies":"Shell Parasite","floor":19,"turns":9},{"damage":56,"enemies":"Slavers","floor":23,"turns":10},{"damage":0,"enemies":"Snake Plant","floor":28,"turns":3},{"damage":20,"enemies":"Centurion and Healer","floor":29,"turns":6},{"damage":1,"enemies":"Chosen and Byrds","floor":30,"turns":6},{"damage":71,"enemies":"Automaton","floor":33,"turns":6}],"seed_played":"5037446579140654761","potions_obtained":[{"floor":4,"key":"Dexterity Potion"},{"floor":8,"key":"Weak Potion"},{"floor":19,"key":"Regen Potion"}],"is_trial":false,"path_per_floor":["M","M","$","M","$","E","R","M","T","M","R","?","$","?","R","B",null,"M","M","$","?","T","E","R","T","T","R","M","M","M","$","R","B"],"character_chosen":"IRONCLAD","items_purchased":["Spot Weakness","Heavy Blade","Dramatic Entrance"],"campfire_rested":1,"item_purchase_floors":[5,13,20],"current_hp_per_floor":[80,80,80,80,80,53,53,58,58,61,61,61,61,61,61,25,80,69,57,57,57,57,19,43,43,43,43,49,47,52,52,52,0,0],"gold":78,"neow_bonus":"THREE_ENEMY_KILL","is_daily":false,"chose_seed":false,"campfire_upgraded":5,"win_rate":0.0,"timestamp":1613030539,"path_taken":["M","M","$","?","$","E","R","M","T","M","R","?","$","?","R","BOSS","M","M","$","?","?","E","R","?","T","R","M","?","M","$","R","BOSS"],"items_purchased_type":["Card","Card","Card"],"build_version":"2020-12-22","purchased_purges":2,"victory":false,"max_hp_per_floor":[80,80,80,80,80,80,80,80,80,80,80,80,80,80,80,80,80,80,80,80,80,80,80,80,80,80,80,80,80,80,80,80,80,80],"card_choices":[{"not_picked":["Warcry","Evolve","Clash"],"picked":"SKIP","floor":1},{"not_picked":["Sentinel","Pummel"],"picked":"Metallicize","floor":2},{"not_picked":["Shrug It Off","Shockwave"],"picked":"Armaments","floor":4},{"not_picked":["Immolate","Entrench"],"picked":"Impervious","floor":6},{"not_picked":["Sword Boomerang","Sever Soul"],"picked":"Iron Wave","floor":8},{"not_picked":["Wild Strike","Shrug It Off","Dark Embrace"],"picked":"SKIP","floor":10},{"not_picked":["Immolate","Corruption"],"picked":"Double Tap","floor":16},{"not_picked":["Warcry+1","Sever Soul"],"picked":"Iron Wave","floor":18},{"not_picked":["True Grit","Shrug It Off","Thunderclap"],"picked":"SKIP","floor":19},{"not_picked":["Blood for Blood","Flex+1","Havoc+1"],"picked":"SKIP","floor":23},{"not_picked":["Headbutt+1","Carnage","Clash"],"picked":"Spot Weakness+1","floor":28},{"not_picked":["Dual Wield+1","Body Slam","Anger","Uppercut"],"picked":"SKIP","floor":29},{"not_picked":["Wild Strike","Flex+1","Rupture"],"picked":"Limit Break+1","floor":30}],"player_experience":164447,"relics_obtained":[{"floor":6,"key":"Boot"},{"floor":9,"key":"Meat on the Bone"},{"floor":22,"key":"Lantern"},{"floor":23,"key":"Bag of Marbles"},{"floor":25,"key":"Question Card"},{"floor":26,"key":"Anchor"}],"event_choices":[{"damage_healed":0,"gold_gain":0,"cards_transformed":["Metallicize"],"player_choice":"Change","damage_taken":0,"max_hp_gain":0,"max_hp_loss":0,"event_name":"Living Wall","floor":12,"gold_loss":0,"cards_obtained":["Dropkick"]},{"damage_healed":0,"gold_gain":0,"player_choice":"Take Wound","damage_taken":0,"relics_obtained":["Golden Idol"],"max_hp_gain":0,"max_hp_loss":0,"event_name":"Golden Idol","floor":14,"gold_loss":0,"cards_obtained":["Injury"]},{"damage_healed":0,"gold_gain":0,"player_choice":"Obtained Relic","damage_taken":0,"relics_obtained":["Toxic Egg 2"],"max_hp_gain":0,"max_hp_loss":0,"event_name":"Addict","floor":21,"gold_loss":85}],"is_beta":false,"boss_relics":[{"not_picked":["Ectoplasm","SacredBark"],"picked":"Empty Cage"}],"items_purged_floors":[3,31],"is_endless":false,"potions_floor_spawned":[4,8,19,23,29],"killed_by":"Automaton","ascension_level":0}}