{"host":"815dqs41i1y8uxms","time":1613071872,"event":{"mods":["2.2 Compatiblity","A Penny For Your Troubles","Act Like it!","BaseMod","Dark Map","Elementarium","Fox Events","Jorbs\u0027s Wanderer Trilogy","Minty Spire (QoL Compilation)","Rare Cards Sparkle","Shop Mod","Spire Arcade","StSLib","The Marked"],"gold_per_floor":[110,126,126,138,149,179,197,225,263,290,302,314,336,368,380,492,504,529,541,572,599,630,642,671,683,721,750,762,790,802,202,202,300,300,316,316,316,326,339,339,389,389,389,5,5,5],"floor_reached":45,"language":"ENG","playtime":3505,"items_purged":["Elementarium:StickyTar"],"score":556,"play_id":"62262877-ca0a-49ef-8d7b-83e8b4cadc44","local_time":"20210211203112","is_ascension_mode":false,"campfire_choices":[{"floor":11,"key":"REST"},{"data":"theMarked:Generate","floor":15,"key":"SMITH"},{"floor":23,"key":"REST"},{"floor":25,"key":"REST"},{"floor":30,"key":"RECALL"},{"floor":32,"key":"REST"},{"floor":40,"key":"REST"},{"data":"Elementarium:StickyTar","floor":42,"key":"PURGE"}],"circlet_count":0,"master_deck":["theMarked:Strike","theMarked:Strike+1","theMarked:Strike","theMarked:Strike+1","theMarked:Strike","theMarked:Defend","theMarked:Defend","theMarked:Defend","theMarked:Defend","theMarked:SoldierOfQuellstein","Parasite","theMarked:Toughness","theMarked:Static","theMarked:Generate+1","theMarked:Improvise","theMarked:Aftermath","theMarked:ThrowWeapon","theMarked:Defy","theMarked:Improvise","theMarked:Levitate","theMarked:Polarize+1","Elementarium:VoidblessedBlade","theMarked:WastefulAttack","Elementarium:StickyTar","theMarked:WastefulAttack+1","theMarked:Static+1","theMarked:Maelstrom","theMarked:Polarize","theMarked:SelfDefenseTraining","theMarked:Convert","theMarked:StartUp","theMarked:DispelDoubt","theMarked:AttractMetal","theMarked:Electrify","theMarked:TakeCover","theMarked:MuscleMemory+1","Apotheosis"],"relics":["theMarked:ArtifactOfAir","Mercury Hourglass","Black Star","Happy Flower","MerchantsRug","Toolbox","Bag of Preparation","Elementarium:ElementariumTrophy","Velvet Choker","Peace Pipe","Pantograph"],"acts_visited":["Exordium","Elementarium:Elementarium","TheBeyond"],"potions_floor_usage":[8,8,10,16,22,24,33,33],"damage_taken":[{"damage":0,"enemies":"Cultist","floor":1,"turns":4},{"damage":4,"enemies":"Jaw Worm","floor":2,"turns":4},{"damage":9,"enemies":"2 Louse","floor":4,"turns":3},{"damage":4,"enemies":"Blue Slaver","floor":5,"turns":5},{"damage":31,"enemies":"Lagavulin","floor":6,"turns":8},{"damage":1,"enemies":"3 Louse","floor":7,"turns":2},{"damage":12,"enemies":"3 Sentries","floor":8,"turns":5},{"damage":0,"enemies":"2 Fungi Beasts","floor":10,"turns":3},{"damage":9,"enemies":"Lots of Slimes","floor":13,"turns":3},{"damage":0,"enemies":"Looter","floor":14,"turns":2},{"damage":49,"enemies":"Hexaghost","floor":16,"turns":10},{"damage":20,"enemies":"Elementarium:Cyclone","floor":18,"turns":6},{"damage":3,"enemies":"Elementarium:2_ELEMENTALS","floor":20,"turns":3},{"damage":26,"enemies":"Elementarium:VOID_CORRUPTION_AND_TAR_GOLEM","floor":21,"turns":6},{"damage":46,"enemies":"Elementarium:CYCLONE_AND_LIVING_STORMCLOUD","floor":22,"turns":8},{"damage":14,"enemies":"Elementarium:Hydrostalker","floor":24,"turns":6},{"damage":16,"enemies":"Elementarium:VOID_CORRUPTION_AND_TAR_GOLEM","floor":27,"turns":6},{"damage":13,"enemies":"Elementarium:VOID_CORRUPTION_AND_ORB_OF_FIRE","floor":29,"turns":4},{"damage":35,"enemies":"Elementarium:GoldenDragon","floor":33,"turns":9},{"damage":51,"enemies":"3 Darklings","floor":35,"turns":6},{"damage":10,"enemies":"Orb Walker","floor":38,"turns":3},{"damage":14,"enemies":"Spire Growth","floor":39,"turns":5},{"damage":8,"enemies":"Mind Bloom Boss Battle","floor":41,"turns":6},{"damage":79,"enemies":"Nemesis","floor":45,"turns":7}],"seed_played":"8156793427217167993","potions_obtained":[{"floor":6,"key":"theMarked:HoverShot"},{"floor":7,"key":"Swift Potion"},{"floor":8,"key":"Weak Potion"},{"floor":10,"key":"Weak Potion"},{"floor":16,"key":"PowerPotion"},{"floor":18,"key":"ColorlessPotion"},{"floor":22,"key":"ColorlessPotion"},{"floor":38,"key":"theMarked:ChargePotion"},{"floor":39,"key":"LiquidBronze"},{"floor":41,"key":"theMarked:ChargePotion"}],"is_trial":false,"path_per_floor":["M","M","?","M","M","E","M","E","T","M","R","$","M","M","R","B",null,"M","?","M","M","M","R","M","R","T","M","?","M","R","$","R","B",null,"M","?","?","M","M","R","?","R","T","$","E"],"character_chosen":"THE_DEFAULT","items_purchased":["MerchantsRug","Toolbox","theMarked:Convert","Bag of Preparation","PowerPotion","theMarked:StartUp","Apotheosis","Pantograph"],"campfire_rested":5,"item_purchase_floors":[31,31,31,31,31,31,44,44],"current_hp_per_floor":[84,80,94,85,81,50,49,37,37,37,66,66,57,57,57,8,98,78,78,75,49,3,32,18,47,47,31,65,52,52,52,81,46,98,47,47,47,37,23,52,44,44,54,54,0,0],"gold":5,"neow_bonus":"TWENTY_PERCENT_HP_BONUS","is_daily":false,"chose_seed":false,"campfire_upgraded":1,"win_rate":0.0,"timestamp":1613071872,"path_taken":["M","M","?","?","?","E","M","E","T","M","R","$","M","M","R","BOSS","M","?","?","M","M","R","M","R","T","M","?","M","R","?","R","BOSS","M","?","?","M","M","R","?","R","T","$","E"],"items_purchased_type":["Relic","Relic","Card","Relic","Potion","Card","Card","Relic"],"build_version":"2020-12-22","purchased_purges":1,"victory":false,"max_hp_per_floor":[84,84,98,98,98,98,98,98,98,98,98,98,98,98,98,98,98,98,98,98,98,98,98,98,98,98,98,98,98,98,98,98,98,98,98,98,98,98,98,98,98,98,108,108,108,108],"card_choices":[{"not_picked":["theMarked:ElectricStrings","theMarked:ChainLightning"],"picked":"theMarked:RepellingDischarge","floor":1},{"not_picked":["theMarked:BanishingWave","theMarked:Parkour"],"picked":"theMarked:Toughness","floor":2},{"not_picked":["theMarked:Electrocute","theMarked:RepellingDischarge"],"picked":"theMarked:Static","floor":4},{"not_picked":["theMarked:TwofoldDefense","theMarked:TakeCover"],"picked":"theMarked:Generate","floor":5},{"not_picked":["theMarked:Frustration","theMarked:BanishingWave"],"picked":"theMarked:Improvise","floor":6},{"not_picked":["theMarked:BanishingStrike","theMarked:Electrocute"],"picked":"theMarked:Aftermath","floor":7},{"not_picked":["theMarked:BanishingStrike","theMarked:ComboAttacks"],"picked":"theMarked:ThrowWeapon","floor":8},{"not_picked":["theMarked:TwofoldDefense","theMarked:WardOff"],"picked":"theMarked:RepellingDischarge","floor":10},{"not_picked":["theMarked:Panic","theMarked:MysticalArsenal"],"picked":"theMarked:Defy","floor":13},{"not_picked":["theMarked:Memento","theMarked:HeightenedSenses"],"picked":"theMarked:Improvise","floor":14},{"not_picked":["theMarked:DispelDoubt","theMarked:Snap"],"picked":"theMarked:Levitate","floor":16},{"not_picked":["theMarked:WastefulAttack","theMarked:ParalyzingBlade+1"],"picked":"theMarked:Polarize+1","floor":18},{"not_picked":["theMarked:RepellingDischarge","theMarked:ChainLightning"],"picked":"theMarked:WastefulAttack","floor":20},{"not_picked":["theMarked:SwordAndMagic","theMarked:BanishingStrike+1"],"picked":"theMarked:WastefulAttack+1","floor":21},{"not_picked":["theMarked:BanishingStrike","theMarked:ChainLightning+1"],"picked":"theMarked:Static+1","floor":22},{"not_picked":["theMarked:WastefulAttack","theMarked:TheMission+1"],"picked":"theMarked:Maelstrom","floor":24},{"not_picked":["theMarked:Aftermath","theMarked:Parkour"],"picked":"theMarked:Polarize","floor":27},{"not_picked":["theMarked:BanishingWave","theMarked:Vacuum"],"picked":"theMarked:SelfDefenseTraining","floor":29},{"not_picked":["theMarked:FavorableWinds","theMarked:ThrowWeapon"],"picked":"theMarked:DispelDoubt","floor":33},{"not_picked":["theMarked:GodGivenPower","theMarked:Aftermath+1"],"picked":"theMarked:AttractMetal","floor":35},{"not_picked":["theMarked:RepellingDischarge","theMarked:Memento"],"picked":"theMarked:Electrify","floor":38},{"not_picked":["theMarked:HeightenedSenses","theMarked:Generate"],"picked":"theMarked:TakeCover","floor":39},{"not_picked":["theMarked:Memento","theMarked:LightningStrikesTwice+1"],"picked":"theMarked:MuscleMemory+1","floor":41}],"player_experience":3899994,"relics_obtained":[{"floor":6,"key":"Mercury Hourglass"},{"floor":8,"key":"MawBank"},{"floor":9,"key":"Whetstone"},{"floor":26,"key":"Happy Flower"},{"floor":41,"key":"Peace Pipe"},{"floor":43,"key":"Pear"}],"event_choices":[{"cards_removed":["theMarked:RepellingDischarge"],"damage_healed":0,"gold_gain":0,"player_choice":"Gave Card","damage_taken":0,"relics_obtained":["Mango"],"max_hp_gain":0,"max_hp_loss":0,"event_name":"WeMeetAgain","floor":3,"gold_loss":0},{"damage_healed":0,"gold_gain":0,"player_choice":"Take","damage_taken":0,"max_hp_gain":0,"max_hp_loss":0,"event_name":"Elementarium:BladeSeller","floor":19,"gold_loss":0,"cards_obtained":["Elementarium:VoidblessedBlade"]},{"damage_healed":34,"gold_gain":0,"player_choice":"Drink","damage_taken":0,"max_hp_gain":0,"max_hp_loss":0,"event_name":"Elementarium:StickySituation","floor":28,"gold_loss":0,"cards_obtained":["Elementarium:StickyTar"]},{"cards_removed":["theMarked:RepellingDischarge"],"damage_healed":0,"gold_gain":0,"player_choice":"Removed Skill","damage_taken":0,"max_hp_gain":0,"max_hp_loss":0,"event_name":"Falling","floor":36,"gold_loss":0},{"damage_healed":0,"gold_gain":0,"player_choice":"Fight","damage_taken":0,"max_hp_gain":0,"max_hp_loss":0,"event_name":"MindBloom","floor":41,"gold_loss":0}],"is_beta":false,"boss_relics":[{"not_picked":["Snecko Eye","SacredBark"],"picked":"Black Star"},{"not_picked":["Runic Pyramid","Runic Dome"],"picked":"Velvet Choker"}],"items_purged_floors":[31],"is_endless":false,"potions_floor_spawned":[6,7,8,10,16,18,22,38,39,41],"killed_by":"Nemesis","ascension_level":0}}