{"host":"61scwtj8sjvayefi","time":1613008727,"event":{"mods":["2.2 Compatiblity","BaseMod","Downfall","Koishi","Marisa????????","Minty Spire (QoL Compilation)","Remilia??????","StSLib","The Bug Knight","The Senshi","The Servant 0.9.4"],"gold_per_floor":[115,115,43,43,63,63,73,73,73,93,106,106,106],"floor_reached":12,"language":"ENG","playtime":672,"items_purged":[],"score":95,"play_id":"7cfbf528-e2c0-4da0-885d-a7d538e04937","local_time":"20210210195847","is_ascension_mode":false,"campfire_choices":[{"data":"HollowMod:FocusHealStart","floor":6,"key":"SMITH"}],"circlet_count":0,"master_deck":["HollowMod:NailStrikeStart","HollowMod:NailStrikeStart","HollowMod:NailStrikeStart","HollowMod:NailStrikeStart","HollowMod:QuickDashStart","HollowMod:QuickDashStart","HollowMod:QuickDashStart","HollowMod:QuickDashStart","HollowMod:FocusHealStart+1","HollowMod:PogoStrike","HollowMod:CycloneSlash","HollowMod:SiblingsShadow","HollowMod:LifebloodCocoon","HollowMod:QuirrelsAssistance","HollowMod:InfectionAssault","HollowMod:VengefulVoid"],"relics":["HollowMod:VesselMask","NeowsBlessing","HollowMod:StagPassRelic","Pear"],"acts_visited":["Exordium"],"potions_floor_usage":[12,12],"damage_taken":[{"damage":0,"enemies":"2 Louse","floor":1,"turns":1},{"damage":0,"enemies":"Jaw Worm","floor":5,"turns":1},{"damage":0,"enemies":"Small Slimes","floor":7,"turns":1},{"damage":14,"enemies":"Blue Slaver","floor":10,"turns":7},{"damage":10,"enemies":"3 Louse","floor":11,"turns":3},{"damage":7,"enemies":"Lagavulin","floor":12,"turns":3}],"seed_played":"6891665718605811057","potions_obtained":[{"floor":1,"key":"Dexterity Potion"},{"floor":11,"key":"EssenceOfSteel"}],"is_trial":false,"path_per_floor":["M","?","$","?","M","R","M","$","T","M","M","E"],"character_chosen":"THE_BUGKNIGHT","items_purchased":["HollowMod:SiblingsShadow"],"campfire_rested":0,"item_purchase_floors":[3],"current_hp_per_floor":[75,80,80,68,68,68,68,68,78,76,72,71,71],"gold":106,"neow_bonus":"THREE_ENEMY_KILL","is_daily":false,"chose_seed":false,"campfire_upgraded":1,"win_rate":0.0,"timestamp":1613008727,"path_taken":["M","?","$","?","M","R","M","?","T","M","M","E"],"items_purchased_type":["Card"],"build_version":"2020-12-22","purchased_purges":0,"victory":false,"max_hp_per_floor":[75,80,80,80,80,80,80,80,90,90,90,90,90],"card_choices":[{"not_picked":["HollowMod:ShapeofUnn","HollowMod:SoulSplash"],"picked":"HollowMod:CycloneSlash","floor":1},{"not_picked":["HollowMod:WraithStrike","HollowMod:DashSlash"],"picked":"HollowMod:LifebloodCocoon","floor":5},{"not_picked":["HollowMod:LifebloodCocoon","HollowMod:ElderbugsWisdom"],"picked":"HollowMod:QuirrelsAssistance","floor":7},{"not_picked":["HollowMod:InfectedCysts","HollowMod:ShapeofUnn"],"picked":"HollowMod:InfectionAssault","floor":10},{"not_picked":["HollowMod:TaintedHusks","HollowMod:NewLittleFool"],"picked":"HollowMod:VengefulVoid","floor":11}],"player_experience":45933,"relics_obtained":[{"floor":9,"key":"Pear"}],"event_choices":[{"damage_healed":0,"gold_gain":0,"player_choice":"Donut","damage_taken":0,"max_hp_gain":5,"max_hp_loss":0,"event_name":"Big Fish","floor":2,"gold_loss":0},{"damage_healed":0,"gold_gain":0,"player_choice":"Success","damage_taken":12,"relics_obtained":["HollowMod:StagPassRelic"],"max_hp_gain":0,"max_hp_loss":0,"event_name":"Scrap Ooze","floor":4,"gold_loss":0}],"is_beta":false,"boss_relics":[],"items_purged_floors":[],"is_endless":false,"potions_floor_spawned":[1,11],"killed_by":"Lagavulin","ascension_level":0}}