{"host":"bjzqjr1ycgj8gt55","time":1613085393,"event":{"mods":["100% Spire Juice","BaseMod","Better Altar","Better Match","Better Sensory Stone","Better Skull","Better Third Choice","Better Vampires","Block Reminder","Colored Map","Colored Powertips","GifTheSpireLib","Hermit","Infinite Spire","Minty Spire (QoL Compilation)","Rare Cards Sparkle","Red Circlet Mod","Shade Mod","Shop Mod","Spicy Shops","StSLib","The Cursed","The Jungle","The Marked","The Necromancer","Waifu the Spire","everything is the same but u backflip on backflip","slay the spire mod where everything is the same but ironclad has a cowboy hat"],"gold_per_floor":[110,110,128,128,146,146,164,202,228,228,228,228,269,290,290,415,415,435,455,455,473,150,150,150],"floor_reached":23,"language":"ENG","playtime":912,"items_purged":[],"score":241,"play_id":"22972531-4165-42ac-8169-828ba58e4c8d","local_time":"20210211171633","is_ascension_mode":true,"campfire_choices":[{"data":"hermit:Vantage","floor":6,"key":"SMITH"},{"floor":11,"key":"REST"},{"floor":15,"key":"REST"}],"circlet_count":0,"master_deck":["hermit:Strike_Hermit","hermit:Strike_Hermit","hermit:Defend_Hermit","hermit:Defend_Hermit","hermit:Defend_Hermit","hermit:Defend_Hermit","hermit:Snapshot","hermit:Covet+1","hermit:Vantage+1","Injury","hermit:Grudge","hermit:Dive","hermit:BigShot","hermit:Cheat","Parasite","Pain","infinitespire:SevenWalls","hermit:Horror","hermit:Glare","hermit:FromBeyond","hermit:SprayPray","hermit:GhostlyPresence","hermit:Horror","hermit:HighNoon","hermit:Virtue","hermit:ShadowCloak","hermit:Gestalt","hermit:HighCaliber"],"relics":["hermit:Momento","Golden Idol","infinitespire:Beetle Shell","Bag of Marbles","Cursed Key","Pen Nib"],"acts_visited":["Exordium","TheCity"],"potions_floor_usage":[8,16,19,21,23],"damage_taken":[{"damage":0,"enemies":"2 Louse","floor":1,"turns":3},{"damage":0,"enemies":"Small Slimes","floor":3,"turns":3},{"damage":2,"enemies":"Jaw Worm","floor":5,"turns":3},{"damage":12,"enemies":"2 Fungi Beasts","floor":7,"turns":3},{"damage":38,"enemies":"Lagavulin","floor":8,"turns":13},{"damage":36,"enemies":"Gremlin Nob","floor":13,"turns":4},{"damage":0,"enemies":"Lots of Slimes","floor":14,"turns":1},{"damage":21,"enemies":"The Guardian","floor":16,"turns":12},{"damage":19,"enemies":"Spheric Guardian","floor":18,"turns":4},{"damage":17,"enemies":"Chosen","floor":19,"turns":8},{"damage":28,"enemies":"Shelled Parasite and Fungi","floor":21,"turns":4},{"damage":29,"enemies":"Gremlin Leader","floor":23,"turns":4}],"seed_played":"-859963307421347708","potions_obtained":[{"floor":3,"key":"DistilledChaos"},{"floor":7,"key":"hermit:Tonic"},{"floor":13,"key":"SkillPotion"},{"floor":14,"key":"LiquidMemories"},{"floor":19,"key":"DuplicationPotion"},{"floor":21,"key":"SneckoOil"}],"is_trial":false,"path_per_floor":["M","?","M","?","M","R","M","E","T","?","R","?","E","M","R","B",null,"M","M","?","M","$","E"],"character_chosen":"HERMIT","items_purchased":["hermit:ShadowCloak","hermit:Gestalt","Pen Nib","hermit:HighCaliber"],"campfire_rested":2,"item_purchase_floors":[22,22,22,22],"current_hp_per_floor":[68,68,68,68,66,66,54,16,16,16,42,42,6,6,32,11,89,70,53,53,25,25,0,0],"gold":150,"neow_bonus":"TWENTY_PERCENT_HP_BONUS","is_daily":false,"chose_seed":false,"campfire_upgraded":1,"win_rate":0.0,"timestamp":1613085393,"path_taken":["M","?","M","?","M","R","M","E","T","?","R","?","E","?","R","BOSS","M","M","?","M","$","E"],"items_purchased_type":["Card","Card","Relic","Card"],"build_version":"2020-12-22","purchased_purges":0,"victory":false,"max_hp_per_floor":[89,89,89,89,89,89,89,89,89,89,89,89,89,89,89,89,89,89,89,89,89,89,89,89],"card_choices":[{"not_picked":["hermit:Ricochet","hermit:TakeAim"],"picked":"hermit:Vantage","floor":1},{"not_picked":["hermit:Showdown","hermit:Brawl"],"picked":"hermit:Grudge","floor":3},{"not_picked":["hermit:Misfire","hermit:EyeOfTheStorm"],"picked":"hermit:Dive","floor":5},{"not_picked":["hermit:Scavenge","hermit:BodyArmor"],"picked":"hermit:BigShot","floor":7},{"not_picked":["hermit:Snipe","hermit:CalledShot"],"picked":"hermit:Cheat","floor":8},{"not_picked":["infinitespire:DeathsTouch","infinitespire:Oblivion"],"picked":"infinitespire:SevenWalls","floor":10},{"not_picked":["hermit:TakeAim","hermit:Snipe"],"picked":"hermit:Horror","floor":13},{"not_picked":["hermit:NoHoldsBarred","hermit:HoleUp"],"picked":"hermit:Glare","floor":14},{"not_picked":["hermit:RoundhouseKick","hermit:Dissolve"],"picked":"hermit:FromBeyond","floor":16},{"not_picked":["hermit:Quickdraw","hermit:Ricochet+1"],"picked":"hermit:SprayPray","floor":18},{"not_picked":["hermit:Cheat","hermit:Manifest"],"picked":"hermit:GhostlyPresence","floor":19},{"not_picked":["hermit:LowProfile","hermit:Roulette"],"picked":"hermit:Virtue","floor":21}],"player_experience":151995,"relics_obtained":[{"floor":8,"key":"infinitespire:Beetle Shell"},{"floor":13,"key":"Bag of Marbles"}],"event_choices":[{"damage_healed":0,"gold_gain":0,"player_choice":"Take Wound","damage_taken":0,"relics_obtained":["Golden Idol"],"max_hp_gain":0,"max_hp_loss":0,"event_name":"Golden Idol","floor":2,"gold_loss":0,"cards_obtained":["Injury"]},{"damage_healed":0,"gold_gain":0,"player_choice":"Grow","damage_taken":0,"max_hp_gain":0,"max_hp_loss":0,"event_name":"Living Wall","floor":4,"gold_loss":0,"cards_upgraded":["hermit:Covet"]},{"damage_healed":0,"gold_gain":0,"player_choice":"Ignored","damage_taken":0,"max_hp_gain":0,"max_hp_loss":0,"event_name":"Fountain of Cleansing","floor":12,"gold_loss":0},{"damage_healed":0,"gold_gain":0,"cards_transformed":["hermit:Strike_Hermit","hermit:Strike_Hermit"],"player_choice":"Became Test Subject","damage_taken":0,"max_hp_gain":0,"max_hp_loss":0,"event_name":"Drug Dealer","floor":20,"gold_loss":0,"cards_obtained":["hermit:Horror","hermit:HighNoon"]}],"is_beta":false,"boss_relics":[{"not_picked":["hermit:DentedPlate","Calling Bell"],"picked":"Cursed Key"}],"items_purged_floors":[],"is_endless":false,"potions_floor_spawned":[3,7,13,14,19,21],"killed_by":"Gremlin Leader","ascension_level":4}}