{"host":"ydh61a5ftgdajrbo","time":1613028154,"event":{"mods":["BaseMod","Colored Map","Colored Powertips","DeckTracker","Downfall","Hermit","HololiveMod","Hubris","Koishi","Minty Spire (QoL Compilation)","Prisma Mod","Relic Stats","Spire Arcade","StSLib","SuperFastMode","The Cursed","The Jungle","The Mystic","The Runesmith","The Senshi","The Servant 0.9.4","WarShipGirlsR/??¤Ö¤kR mod"],"gold_per_floor":[115,132,282,282,282,312,326,91,91,91,117,117,130,149,149,223,223,235,235,235,235,245,271,284,284,352,382,402,417,433,20,20,97,97,114,126,146,46,46,46,73,73,73,92,109,139,167,202,202,202],"floor_reached":51,"language":"ZHS","playtime":2809,"items_purged":["Strike_G","Shame","Defend_G"],"score":1535,"play_id":"65edf3af-9f5f-44cd-8b51-2bf63ffe8591","local_time":"20210211152234","is_ascension_mode":true,"campfire_choices":[{"data":"Leg Sweep","floor":10.0,"key":"SMITH"},{"floor":12.0,"key":"REST"},{"floor":15.0,"key":"REST"},{"floor":25.0,"key":"REST"},{"floor":32.0,"key":"REST"},{"data":"Infinite Blades","floor":40.0,"key":"SMITH"},{"floor":49,"key":"REST"}],"circlet_count":0,"master_deck":["AscendersBane","Strike_G","Strike_G","Strike_G","Strike_G","Defend_G","Defend_G","Defend_G","Survivor","Neutralize","All Out Attack","Blade Dance","Leg Sweep+1","Footwork","Dagger Spray","Storm of Steel","Acrobatics","Cloak And Dagger","Bullet Time","Flying Knee","Endless Agony+1","Calculated Gamble","Underhanded Strike+1","After Image","Infinite Blades+1","Cloak And Dagger","Backflip","Unload","Crippling Poison"],"relics":["Ring of the Snake","Dead Branch","Guardian:PocketSentry","Bronze Scales","Letter Opener","Mummified Hand","hubris:Backtick","Shuriken","theJungle:PaperFaux","hubris:Icosahedron","hubris:Towel","The Courier","InkBottle","Bag of Marbles","hubris:CrystalStatue","Philosopher\u0027s Stone","MealTicket","Torii","CeramicFish","Toy Ornithopter"],"acts_visited":["Exordium","Exordium","TheBeyond"],"potions_floor_usage":[50,50,50,50],"damage_taken":[{"damage":6.0,"enemies":"Cultist","floor":1.0,"turns":6.0},{"damage":0.0,"enemies":"Small Slimes","floor":2.0,"turns":3.0},{"damage":13.0,"enemies":"Gremlin Nob","floor":6.0,"turns":3.0},{"damage":4.0,"enemies":"Jaw Worm","floor":7.0,"turns":2.0},{"damage":18.0,"enemies":"Lagavulin","floor":11.0,"turns":4.0},{"damage":5.0,"enemies":"Gremlin Gang","floor":13.0,"turns":2.0},{"damage":2.0,"enemies":"Looter","floor":14.0,"turns":2.0},{"damage":21.0,"enemies":"The Guardian","floor":16.0,"turns":10.0},{"damage":2.0,"enemies":"theJungle:Flameango_and_Byrd","floor":18.0,"turns":6.0},{"damage":13.0,"enemies":"Shell Parasite","floor":22.0,"turns":4.0},{"damage":16.0,"enemies":"theJungle:2_Phrogs","floor":23.0,"turns":4.0},{"damage":10.0,"enemies":"theJungle:2_Snecko_Cultists","floor":24.0,"turns":3.0},{"damage":4.0,"enemies":"theJungle:Cassacara","floor":27.0,"turns":5.0},{"damage":6.0,"enemies":"Snake Plant","floor":28.0,"turns":3.0},{"damage":24.0,"enemies":"theJungle:Snecko_Cultist_And_Trap","floor":29.0,"turns":5.0},{"damage":0.0,"enemies":"theJungle:Lyon","floor":30.0,"turns":1.0},{"damage":14.0,"enemies":"theJungle:FunGuy","floor":33.0,"turns":6.0},{"damage":2.0,"enemies":"3 Shapes","floor":35.0,"turns":2.0},{"damage":3.0,"enemies":"3 Darklings","floor":36.0,"turns":2.0},{"damage":0.0,"enemies":"Jaw Worm Horde","floor":37.0,"turns":2.0},{"damage":0.0,"enemies":"Reptomancer","floor":41.0,"turns":2.0},{"damage":6,"enemies":"Spire Growth","floor":44,"turns":2},{"damage":1,"enemies":"Sphere and 2 Shapes","floor":45,"turns":3},{"damage":0,"enemies":"Giant Head","floor":46,"turns":3},{"damage":7,"enemies":"4 Shapes","floor":47,"turns":3},{"damage":7,"enemies":"Nemesis","floor":48,"turns":3},{"damage":8,"enemies":"hubris:GrandSnecko","floor":50,"turns":7}],"seed_played":"-3045488286015933725","potions_obtained":[{"floor":1.0,"key":"Swift Potion"},{"floor":11.0,"key":"Slimebound:ThreeZeroPotion"},{"floor":23.0,"key":"Fire Potion"},{"floor":24.0,"key":"Fire Potion"},{"floor":35.0,"key":"Fruit Juice"},{"floor":36.0,"key":"Poison Potion"},{"floor":47,"key":"EntropicBrew"}],"is_trial":false,"path_per_floor":["M","M","?","?","?","E","M","$","T","R","E","R","M","M","R","B",null,"M","?","?","?","M","E","M","R","T","E","M","M","M","$","R","B",null,"M","M","M","$","?","R","E","?","T","M","M","E","M","E","R","B",null],"character_chosen":"THE_SILENT","items_purchased":["Bronze Scales","After Image","hubris:CrystalStatue"],"campfire_rested":5,"item_purchase_floors":[8,31,31],"current_hp_per_floor":[59,59,59,59,59,46,42,42,42,42,24,45,40,38,59,38,64,62,62,62,62,49,33,23,44,44,40,34,10,10,10,31,17,58,61,58,58,58,58,58,58,58,58,52,51,51,44,37,60,72],"gold":202,"neow_bonus":"TEN_PERCENT_HP_BONUS","is_daily":false,"chose_seed":false,"campfire_upgraded":2,"win_rate":0.0,"timestamp":1613028154,"path_taken":["M","M","?","?","?","E","?","$","T","R","E","R","M","?","R","BOSS","M","?","?","?","M","E","M","R","T","E","M","M","M","$","R","BOSS","M","M","M","$","?","R","E","?","T","M","M","E","M","E","R","BOSS"],"items_purchased_type":["Relic","Card","Relic"],"build_version":"2020-12-22","purchased_purges":3,"victory":true,"max_hp_per_floor":[72,72,72,72,72,72,72,72,72,72,72,72,72,72,72,72,72,72,72,72,72,72,72,72,72,72,72,72,72,72,72,72,72,72,77,77,77,77,77,77,77,77,77,77,77,77,77,77,77,77],"relic_stats":{"Torii":2,"counters":[27,93],"Dead Branch":[257],"CeramicFish":9,"Letter Opener":[229],"Mummified Hand":[40],"Shuriken":[76],"Bronze Scales":[193],"MealTicket":0,"obtain_stats":[{"hubris:CrystalStatue":31,"Torii":43,"Dead Branch":4,"CeramicFish":46,"The Courier":23,"Guardian:PocketSentry":6,"Letter Opener":9,"theJungle:PaperFaux":19,"hubris:Towel":21,"hubris:Backtick":17,"hubris:Icosahedron":20,"Mummified Hand":11,"Shuriken":17,"Bronze Scales":8,"Philosopher\u0027s Stone":34,"MealTicket":41,"Bag of Marbles":27,"InkBottle":26,"Toy Ornithopter":48,"Ring of the Snake":0},{"hubris:CrystalStatue":16,"Torii":21,"Dead Branch":2,"CeramicFish":24,"The Courier":11,"Guardian:PocketSentry":3,"Letter Opener":4,"theJungle:PaperFaux":9,"hubris:Towel":9,"hubris:Backtick":8,"hubris:Icosahedron":9,"Mummified Hand":5,"Shuriken":8,"Bronze Scales":4,"Philosopher\u0027s Stone":17,"MealTicket":21,"Bag of Marbles":13,"InkBottle":12,"Toy Ornithopter":26,"Ring of the Snake":0},{"hubris:CrystalStatue":59,"Torii":73,"Dead Branch":9,"CeramicFish":80,"The Courier":43,"Guardian:PocketSentry":12,"Letter Opener":14,"theJungle:PaperFaux":36,"hubris:Towel":36,"hubris:Backtick":31,"hubris:Icosahedron":36,"Mummified Hand":18,"Shuriken":31,"Bronze Scales":14,"Philosopher\u0027s Stone":65,"MealTicket":73,"Bag of Marbles":51,"InkBottle":46,"Toy Ornithopter":86,"Ring of the Snake":0}],"InkBottle":[35],"Toy Ornithopter":20,"Ring of the Snake":[55]},"card_choices":[{"not_picked":["PiercingWail","Dagger Spray"],"picked":"All Out Attack","floor":1.0},{"not_picked":["Cloak And Dagger","Backflip"],"picked":"Blade Dance","floor":2.0},{"not_picked":["Bouncing Flask","Poisoned Stab"],"picked":"Leg Sweep","floor":6.0},{"not_picked":["Backflip","Deadly Poison"],"picked":"Footwork","floor":7.0},{"not_picked":["Dagger Throw","Dodge and Roll"],"picked":"Dagger Spray","floor":11.0},{"not_picked":["hubris:TrickCloak","Bouncing Flask","Bane"],"picked":"SKIP","floor":13.0},{"not_picked":["Malaise","Dodge and Roll","Poisoned Stab"],"picked":"SKIP","floor":14.0},{"not_picked":["Corpse Explosion","A Thousand Cuts"],"picked":"Storm of Steel","floor":16.0},{"not_picked":["Slice","Prepared"],"picked":"Acrobatics","floor":18.0},{"not_picked":["hubris:SlightOfHand","Acrobatics"],"picked":"Cloak And Dagger","floor":22.0},{"not_picked":["Dagger Throw+1","Acrobatics"],"picked":"Bullet Time","floor":23.0},{"not_picked":["Calculated Gamble","Distraction"],"picked":"Flying Knee","floor":24.0},{"not_picked":["hubris:SlightOfHand","Burst"],"picked":"Endless Agony+1","floor":27.0},{"not_picked":["Bane","Dagger Spray"],"picked":"Calculated Gamble","floor":28.0},{"not_picked":["Deflect","Sucker Punch","Quick Slash"],"picked":"SKIP","floor":29.0},{"not_picked":["Dagger Spray","Well Laid Plans"],"picked":"Underhanded Strike+1","floor":30.0},{"not_picked":["Skewer","Riddle With Holes"],"picked":"Infinite Blades","floor":35.0},{"not_picked":["Endless Agony","Deflect","Bane"],"picked":"SKIP","floor":36.0},{"not_picked":["hubris:Counter","Dagger Throw","Leg Sweep"],"picked":"SKIP","floor":37.0},{"not_picked":["hubris:Counter","Acrobatics","Underhanded Strike+1"],"picked":"SKIP","floor":41},{"not_picked":["Bane","Underhanded Strike+1"],"picked":"Cloak And Dagger","floor":44},{"not_picked":["Storm of Steel","Sucker Punch+1"],"picked":"Backflip","floor":45},{"not_picked":["Deadly Poison","Underhanded Strike"],"picked":"Unload","floor":46},{"not_picked":["Dagger Spray","Acrobatics"],"picked":"Crippling Poison","floor":47},{"not_picked":["Dagger Spray","Prepared","Dagger Throw"],"picked":"SKIP","floor":48}],"player_experience":390732,"relics_obtained":[{"floor":6.0,"key":"Guardian:PocketSentry"},{"floor":9.0,"key":"Letter Opener"},{"floor":11.0,"key":"Mummified Hand"},{"floor":23.0,"key":"The Courier"},{"floor":26.0,"key":"InkBottle"},{"floor":27.0,"key":"Bag of Marbles"},{"floor":41,"key":"MealTicket"},{"floor":43,"key":"Torii"},{"floor":46,"key":"CeramicFish"},{"floor":48,"key":"Toy Ornithopter"}],"event_choices":[{"damage_healed":0.0,"max_hp_gain":0.0,"max_hp_loss":0.0,"gold_gain":150.0,"event_name":"Liars Game","player_choice":"AGREE","floor":3.0,"gold_loss":0.0,"damage_taken":0.0,"cards_obtained":["Doubt"]},{"cards_removed":["Doubt"],"damage_healed":0.0,"max_hp_gain":0.0,"max_hp_loss":0.0,"gold_gain":0.0,"event_name":"Living Wall","player_choice":"Forget","floor":5.0,"gold_loss":0.0,"damage_taken":0.0},{"damage_healed":0.0,"max_hp_gain":0.0,"max_hp_loss":0.0,"gold_gain":0.0,"event_name":"SecretPortal","player_choice":"Ignored","floor":39.0,"gold_loss":0.0,"damage_taken":0.0},{"cards_removed":["Defend_G"],"damage_healed":0,"gold_gain":0,"player_choice":"Removed Skill","damage_taken":0,"max_hp_gain":0,"max_hp_loss":0,"event_name":"Falling","floor":42,"gold_loss":0}],"is_beta":false,"boss_relics":[{"not_picked":["Tiny House","HoveringKite"],"picked":"hubris:Backtick"},{"not_picked":["Sozu","hubris:HollowSoul"],"picked":"Philosopher\u0027s Stone"}],"items_purged_floors":[8,31,38],"is_endless":false,"potions_floor_spawned":[1,11,22,23,24,30,35,36,44,47],"ascension_level":16}}