{"host":"1i3835udr35woqc6","time":1613037052,"event":{"mods":["Act Like it!","Arknights","Aspiration","BaseMod","BetterRewards","Conspire","Downfall","Friendly Minions","GungeonMod","Hallownest","Hermit","Infinite Spire","Minty Spire (QoL Compilation)","Pale of the Ancients","Shop Mod","StSLib","The Cursed"],"gold_per_floor":[99,99,24,24,24,35,35,35,45,63,120,136,86,71,85,190,190,140,160,160,160,171,188,188,202,202,202,202],"floor_reached":26,"language":"ZHS","playtime":1037,"items_purged":[],"score":198,"play_id":"c3b27b20-f58d-4f0b-84eb-73cd40f6fdcf","local_time":"20210211175052","is_ascension_mode":false,"campfire_choices":[{"data":"Slimebound:CorrosiveSpit","floor":1,"key":"SMITH"},{"data":"Slimebound:ProtectTheBoss","floor":13,"key":"SMITH"},{"data":"Slimebound:OozeBath","floor":18,"key":"SMITH"}],"circlet_count":0,"master_deck":["Slimebound:Strike_Slimebound","Slimebound:Strike_Slimebound","Slimebound:Strike_Slimebound","Slimebound:Defend_Slimebound","Slimebound:Defend_Slimebound","Slimebound:Defend_Slimebound","Slimebound:Defend_Slimebound","Slimebound:Split","Slimebound:CorrosiveSpit+1","Slimebound:SplitMire","Slimebound:ProtectTheBoss+1","Slimebound:GoopSpray","Slimebound:SplitLeeching","Slimebound:MassRepurpose","Slimebound:Nibble","Slimebound:Nibble","Slimebound:PressTheAttack","Slimebound:ItLooksTasty","Slimebound:OozeBath+1","Slimebound:CheckThePlaybook","Slimebound:PressTheAttack","Slimebound:SplitSpecialist","Slimebound:SamplingLick+1"],"relics":["Slimebound:AbsorbEndCombat","downfall:HeartsMalice","Slimebound:GreedOozeRelic","infinitespire:CheckeredPen","DemoMod:PoisonVial","Empty Cage","Oddly Smooth Stone","DemoMod:GlassGuonStoneRelic"],"acts_visited":["Exordium","TheCity"],"potions_floor_usage":[],"damage_taken":[{"damage":0,"enemies":"ats:Genji","floor":2,"turns":1},{"damage":0,"enemies":"infinitespire:Voidling","floor":4,"turns":1},{"damage":0,"enemies":"2 Louse","floor":5,"turns":1},{"damage":16,"enemies":"2 Fungi Beasts","floor":6,"turns":4},{"damage":10,"enemies":"3 Louse","floor":9,"turns":4},{"damage":0,"enemies":"Exordium Wildlife","floor":10,"turns":3},{"damage":10,"enemies":"Gremlin Nob","floor":11,"turns":4},{"damage":3,"enemies":"2 Fungi Beasts","floor":12,"turns":3},{"damage":13,"enemies":"downfall:FleeingMerchant","floor":14,"turns":4},{"damage":1,"enemies":"Red Slaver","floor":15,"turns":3},{"damage":47,"enemies":"DF_ARCHETYPE_STREAMLINE","floor":16,"turns":8},{"damage":0,"enemies":"Chosen","floor":19,"turns":4},{"damage":19,"enemies":"conspire:FuzzyDice","floor":22,"turns":4},{"damage":13,"enemies":"3 Cultists","floor":23,"turns":4},{"damage":10,"enemies":"Centurion and Healer","floor":25,"turns":6},{"damage":28,"enemies":"Sentry and Sphere","floor":26,"turns":3}],"seed_played":"-196482443620982883","potions_obtained":[{"floor":6,"key":"Fire Potion"},{"floor":9,"key":"conspire:TimeTravelPotion"},{"floor":15,"key":"Energy Potion"}],"is_trial":false,"path_per_floor":["R","M","?","M","M","M","T","?","M","M","?","M","R","$","M","B",null,"R","M","?","?","M","M","T","M","M"],"character_chosen":"SLIMEBOUND","items_purchased":[],"campfire_rested":0,"item_purchase_floors":[],"current_hp_per_floor":[65,65,65,65,65,53,53,60,56,60,56,57,57,50,53,14,65,65,65,65,43,32,27,27,25,0,0,0],"gold":202,"neow_bonus":"THREE_ENEMY_KILL","is_daily":false,"chose_seed":false,"campfire_upgraded":3,"win_rate":0.0,"timestamp":1613037052,"path_taken":["R","M","?","M","M","M","T","?","M","?","?","M","R","$","M","BOSS","R","M","?","?","M","M","T","M","M"],"items_purchased_type":[],"build_version":"2020-12-22","purchased_purges":0,"victory":false,"max_hp_per_floor":[65,65,65,65,65,65,65,65,65,65,65,65,65,65,65,65,65,65,65,65,65,65,65,65,65,65,65,65],"card_choices":[{"not_picked":["Slimebound:ViciousTackle","Slimebound:RainOfGoop"],"picked":"Slimebound:SplitMire","floor":2},{"not_picked":["Slimebound:ViciousTackle","Slimebound:MegaLick"],"picked":"Slimebound:ProtectTheBoss","floor":4},{"not_picked":["Slimebound:ForwardTackle","Slimebound:ComboTackle"],"picked":"Slimebound:Grow","floor":5},{"not_picked":["Slimebound:Dissolve","Slimebound:SlimeSpikes"],"picked":"Slimebound:GoopSpray","floor":6},{"not_picked":["Slimebound:SlimeBarrage","Slimebound:RollThrough"],"picked":"Slimebound:SplitLeeching","floor":9},{"not_picked":["Slimebound:ViciousTackle","Slimebound:Schlurp"],"picked":"Slimebound:MassRepurpose","floor":10},{"not_picked":["Slimebound:SplitLeeching","Slimebound:HauntingLick"],"picked":"Slimebound:Nibble","floor":11},{"not_picked":["Slimebound:MegaLick","Slimebound:SplitMire"],"picked":"Slimebound:Nibble","floor":12},{"not_picked":["Slimebound:ComboTackle","Slimebound:DisruptingSlam"],"picked":"Slimebound:PressTheAttack","floor":14},{"not_picked":["Slimebound:Prepare","Slimebound:RollThrough"],"picked":"Slimebound:ItLooksTasty","floor":15},{"not_picked":["Slimebound:FirmFortitude","Slimebound:SlimeSlap"],"picked":"Slimebound:OozeBath","floor":16},{"not_picked":["Slimebound:SplitBruiser+1","Slimebound:Grow","Slimebound:SplitMire"],"picked":"SKIP","floor":19},{"not_picked":["Slimebound:LeechingTouch+1","Slimebound:GoopTackle"],"picked":"Slimebound:PressTheAttack","floor":22},{"not_picked":["Slimebound:Schlurp","Slimebound:PressTheAttack+1"],"picked":"Slimebound:SplitSpecialist","floor":23},{"not_picked":["Slimebound:Prepare","Slimebound:FinishingTackle"],"picked":"Slimebound:SamplingLick+1","floor":25}],"player_experience":394613,"relics_obtained":[{"floor":7,"key":"infinitespire:CheckeredPen"},{"floor":11,"key":"DemoMod:PoisonVial"},{"floor":24,"key":"Oddly Smooth Stone"}],"event_choices":[{"damage_healed":0,"gold_gain":0,"player_choice":"Ignored","damage_taken":0,"max_hp_gain":0,"max_hp_loss":0,"event_name":"Ghosts","floor":20,"gold_loss":0}],"is_beta":false,"boss_relics":[{"not_picked":["infinitespire:Cupcake","Sozu"],"picked":"Empty Cage"}],"items_purged_floors":[],"is_endless":false,"potions_floor_spawned":[6,9,15,16,22,25],"killed_by":"Sentry and Sphere","ascension_level":0}}