{"host":"l85rtarfuh0ld3b1","time":1613017309,"event":{"mods":["Act Like it!","BaseMod","BetterRewards","CapriCore","Chen","Decade(王小明)","Gensokyo","KinomotoSakuraMod(木之本樱)","Koishi","Marisa（F雨　魔理沙）","Minty Spire (QoL Compilation)","Permanent Neow","Reimu（博丽灵梦）","Remilia（蕾米莉亚）","Shop Mod","StSLib","TestMod","The Administrix","The Immortal","The Servant 0.9.4","Yakumo Yukari mod"],"gold_per_floor":[109,31,31,31,50,50,61,29,29,37,61,61,101,118,118,221,221,237,237,237,245,170,170,203,203,203,171,171,197,197,160,160,260,260,276,276,285,59,59,59,89,115,115,33,70,70,23,88,88,88,88,88,56,92,92],"floor_reached":56,"language":"ZHS","playtime":3483,"items_purged":["Decade_Defend","Decade_Defend","Decade_Defend","Decade_Attack","Decade_Attack","Decade_Attack","Decade_Attack","Decade_Defend","RideBooker"],"score":1940,"play_id":"c5a5f333-6200-4523-a3fb-f4e209f53d09","local_time":"20210211122149","is_ascension_mode":true,"campfire_choices":[{"floor":6.0,"key":"RECALL"},{"data":"Decade_SpecialSkill","floor":15,"key":"SMITH"},{"floor":23,"key":"REST"},{"floor":25,"key":"REST"},{"floor":32,"key":"REST"},{"floor":40,"key":"REST"},{"floor":46,"key":"REST"},{"floor":49,"key":"REST"},{"floor":52,"key":"REST"}],"circlet_count":0,"master_deck":["KamenRide+1","Decade_SpecialSkill+1","KamenRideDecade+1","NMDAZYYGL+1","DenO_Climax+1","Decade_Illusion+1","KamenRideKuuga+1","RideBooker+1","HalloweenModTrick+1","RitualDagger+1","Master of Strategy+1","AttackRide+1","Gensokyo:CustomPotion","Gensokyo:Shovel","Kuuga_Rising+1","RideBooker_Skill_1+1","RideBooker_Skill_3","HalloweenModGhostCostume+1"],"relics":["Decadriver","TOEIDeficitBill","testmod-TestBox","HalloweenModHalloween","Blue Candle","MerchantsRug","testmod-Charity","CeramicFish","Mastiff:ReiMu","testmod-Alchemist","Bottled Tornado","White Beast Statue","Blood Vial","Bag of Preparation","Question Card","Membership Card","Chemical X","Tiny Chest","Singing Bowl","Gensokyo:CelestialsFlawlessClothing","Gensokyo:PortableGap","testmod-InjuryResistance","testmod-Acrobat","Gensokyo:Justice","Orichalcum","Vajra","SlaversCollar","Anchor","Meat on the Bone","OrangePellets","MealTicket","Toy Ornithopter","Frozen Eye","Black Star","Akabeko","Shuriken","Toolbox","testmod-CrystalShield","testmod-ArcanaOfDestiny","testmod-TurbochargingSystem","Centennial Puzzle","Eternal Feather","Happy Flower","Oddly Smooth Stone","testmod-Fortitude"],"acts_visited":["Gensokyo:Gensokyo","TheCity","Gensokyo:Gensokyoest","TheEnding"],"potions_floor_usage":[18],"damage_taken":[{"damage":0.0,"enemies":"Gensokyo:3_Fairies","floor":1.0,"turns":2.0},{"damage":0.0,"enemies":"Gensokyo:Gryphon","floor":5.0,"turns":1.0},{"damage":6.0,"enemies":"Gensokyo:2_Kodama","floor":7.0,"turns":3.0},{"damage":0,"enemies":"Gensokyo:Kitsune","floor":10,"turns":1},{"damage":0,"enemies":"Gensokyo:Aya","floor":13,"turns":2},{"damage":0,"enemies":"Gensokyo:Gryphon_and_Rabbit","floor":14,"turns":2},{"damage":0,"enemies":"Gensokyo:Reimu","floor":16,"turns":4},{"damage":0,"enemies":"3 Byrds","floor":18,"turns":2},{"damage":16,"enemies":"Slavers","floor":24,"turns":2},{"damage":0,"enemies":"Gremlin Leader","floor":29,"turns":1},{"damage":0,"enemies":"Champ","floor":33,"turns":6},{"damage":0,"enemies":"Gensokyo:3_Bats","floor":35,"turns":2},{"damage":14,"enemies":"Gensokyo:3_Bats","floor":36,"turns":9},{"damage":0,"enemies":"Gensokyo:3_Boulders","floor":37,"turns":2},{"damage":0,"enemies":"Gensokyo:Doremy","floor":41,"turns":2},{"damage":0,"enemies":"Gensokyo:4_Bats","floor":45,"turns":2},{"damage":20,"enemies":"Gensokyo:Scarlet_Devils","floor":50,"turns":3},{"damage":0,"enemies":"Shield and Spear","floor":54,"turns":2},{"damage":60,"enemies":"The Heart","floor":55,"turns":4}],"seed_played":"7913095385848685288","potions_obtained":[{"floor":0.0,"key":"CultistPotion"},{"floor":0.0,"key":"Energy Potion"},{"floor":0.0,"key":"Ancient Potion"},{"floor":0.0,"key":"SkillPotion"},{"floor":0.0,"key":"Regen Potion"},{"floor":0.0,"key":"CultistPotion"},{"floor":0.0,"key":"Energy Potion"},{"floor":0.0,"key":"Ancient Potion"},{"floor":0.0,"key":"SkillPotion"},{"floor":0.0,"key":"Regen Potion"},{"floor":1.0,"key":"Block Potion"},{"floor":5.0,"key":"ZuzhouPotion:ReiMu"},{"floor":7.0,"key":"PanachePotion"},{"floor":10,"key":"Dexterity Potion"},{"floor":13,"key":"SteroidPotion"},{"floor":14,"key":"Regen Potion"},{"floor":16,"key":"ZuzhouPotion:ReiMu"},{"floor":18,"key":"DistilledChaos"},{"floor":24,"key":"BlessingOfTheForge"},{"floor":29,"key":"Weak Potion"},{"floor":33,"key":"testmod-TimePotion"},{"floor":35,"key":"Block Potion"},{"floor":37,"key":"Ancient Potion"},{"floor":41,"key":"LiquidMemories"},{"floor":45,"key":"Explosive Potion"},{"floor":54,"key":"BlessingOfTheForge"}],"is_trial":false,"path_per_floor":["M","COS","?","?","M","R","M","$","T","M","T","?","E","M","R","B",null,"M","?","T","?","?","R","E","R","T","$","?","E","T","$","R","B",null,"M","?","M","$","?","R","E","T","T","?","M","R","COS","$","R","B",null,"R","$","E","B",null],"character_chosen":"Decade","items_purchased":["MerchantsRug","HandOfGreed","Flash of Steel","testmod-Hope","Hibiki_Attack2","UnarmedAttack6","Decade_Dash1","Decade_Illusion","KamenRideHibiki","EntropicBrew","Frozen Egg 2","KamenRideDecade+1","testmod-Charity","testmod-SpacePotion","Lee\u0027s Waffle","testmod-SpacePotion","Molten Egg 2","Decade_Dash1","CeramicFish","testmod-SpacePotion","testmod-SpacePotion","testmod-SpacePotion","Mastiff:ReiMu","testmod-SpacePotion","testmod-Alchemist","Cauldron","Panache+1","Bottled Tornado","White Beast Statue","Potion Belt","Fruit Juice","NMDAZYYGL","Blood Vial","RideBooker","Bag of Preparation","EntropicBrew","Question Card","DenO_Climax+1","Membership Card","Toxic Egg 2","Fruit Juice","Chemical X","Tiny Chest","Decade_Illusion+1","War Paint","KamenRideKuuga+1","Mango","EntropicBrew","DenO_Ax+1","RideBooker+1","Pear","Singing Bowl","EntropicBrew","Orrery","Kiva_Swallow+1","Kiva_Frozen+1","DenO_Ax+1","testmod-Collector+1","testmod-PowerStrike+1","Master of Strategy+1","OrangePellets","Toy Ornithopter","Frozen Eye","Akabeko","AttackRide+1","Shuriken","Toolbox","Kuuga_Rising+1","RideBooker_Skill_1+1","Happy Flower","RideBooker_Skill_3"],"campfire_rested":7,"item_purchase_floors":[0,0,0,0,0,0,0,0,0,0,0,0,0,0,0,0,0,0,0,0,0,0,0,0,0,0,0,0,0,0,0,0,0,0,0,0,0,0,0,0,0,0,0,0,0,0,0,0,0,0,0,0,0,0,8,8,8,8,8,27,27,31,31,38,38,38,38,48,48,48,53],"current_hp_per_floor":[173,175,132,132,137,137,147,158,158,162,170,170,189,206,206,223,223,235,235,235,230,230,236,234,247,247,252,249,266,263,266,266,290,290,298,297,314,315,190,284,304,305,305,306,326,337,335,342,342,346,358,358,359,371,340],"gold":92,"neow_bonus":"","is_daily":false,"chose_seed":false,"campfire_upgraded":1,"win_rate":0.0,"timestamp":1613017309,"path_taken":["M","COS","?","?","?","R","M","$","T","M","?","?","E","?","R","BOSS","M","?","?","?","?","R","E","R","T","$","?","E","?","$","R","BOSS","M","?","?","$","?","R","E","?","T","?","?","R","COS","$","R","BOSS","R","$","E","BOSS"],"items_purchased_type":["Relic","Card","Card","Relic","Card","Card","Card","Card","Card","Potion","Relic","Card","Relic","Potion","Relic","Potion","Relic","Card","Relic","Potion","Potion","Potion","Relic","Potion","Relic","Relic","Card","Relic","Relic","Relic","Potion","Card","Relic","Card","Relic","Potion","Relic","Card","Relic","Relic","Potion","Relic","Relic","Card","Relic","Card","Relic","Potion","Card","Card","Relic","Relic","Potion","Relic","Card","Card","Card","Card","Card","Card","Relic","Relic","Relic","Relic","Card","Relic","Relic","Card","Card","Relic","Card"],"build_version":"2020-12-22","purchased_purges":9,"victory":true,"max_hp_per_floor":[173,175,175,158,161,161,166,177,177,179,187,187,192,206,206,223,223,235,235,235,236,236,236,247,247,247,252,249,266,263,266,266,290,290,298,297,314,315,315,315,328,329,329,330,340,337,335,342,342,358,358,358,359,371,392],"card_choices":[{"not_picked":["KamenRideDecade+1","UnarmedAttack3+1","Blade_Slash+1"],"picked":"Decade_Defend3+1","floor":0.0},{"not_picked":["UnarmedAttack8+1","PrometheusPower+1","FormRideTitan+1","DenO_Rod+1"],"picked":"Singing Bowl","floor":0.0},{"not_picked":["FormRideDragon+1","PrometheusPower+1","Kiva_Eat+1","Blade_Slash+1"],"picked":"Singing Bowl","floor":0.0},{"not_picked":["UnarmedAttack5+1","Blade_Slash+1","UnarmedAttack3+1","FormRideDragon+1"],"picked":"Singing Bowl","floor":0.0},{"not_picked":["HalloweenModCandy+1","HalloweenModTrick+1","HalloweenModGhostCostume+1","HalloweenModTrick+1"],"picked":"Singing Bowl","floor":1.0},{"not_picked":["HalloweenModGhostCostume+1","HalloweenModTrick+1","HalloweenModCandy+1","HalloweenModTrick+1"],"picked":"Singing Bowl","floor":1.0},{"not_picked":["HalloweenModCandy+1","HalloweenModTrick+1","HalloweenModGhostCostume+1","HalloweenModTrick+1"],"picked":"Singing Bowl","floor":5.0},{"not_picked":["HalloweenModGhostCostume+1","HalloweenModCandy+1","HalloweenModTrick+1","HalloweenModCandy+1"],"picked":"Singing Bowl","floor":7.0},{"not_picked":["HalloweenModGhostCostume+1","HalloweenModTrick+1","HalloweenModCandy+1","HalloweenModGhostCostume+1"],"picked":"Singing Bowl","floor":7.0},{"not_picked":["HalloweenModGhostCostume+1","HalloweenModTrick+1","HalloweenModGhostCostume+1"],"picked":"HalloweenModCandy+1","floor":10},{"not_picked":["HalloweenModCandy+1","HalloweenModGhostCostume+1","HalloweenModCandy+1"],"picked":"HalloweenModTrick+1","floor":13},{"not_picked":["HalloweenModCandy+1","HalloweenModGhostCostume+1","HalloweenModTrick+1","HalloweenModTrick+1"],"picked":"Singing Bowl","floor":13},{"not_picked":["HalloweenModTrick+1","HalloweenModGhostCostume+1","HalloweenModCandy+1","HalloweenModGhostCostume+1"],"picked":"Singing Bowl","floor":14},{"not_picked":["HalloweenModGhostCostume+1","HalloweenModCandy+1","HalloweenModTrick+1","HalloweenModTrick+1"],"picked":"Singing Bowl","floor":14},{"not_picked":["HalloweenModTrick+1","HalloweenModGhostCostume+1","HalloweenModCandy+1","HalloweenModCandy+1"],"picked":"Singing Bowl","floor":16},{"not_picked":["HalloweenModTrick+1","HalloweenModCandy+1","HalloweenModGhostCostume+1","HalloweenModGhostCostume+1"],"picked":"Singing Bowl","floor":16},{"not_picked":["HalloweenModCandy+1","HalloweenModTrick+1","HalloweenModGhostCostume+1","HalloweenModTrick+1"],"picked":"Singing Bowl","floor":18},{"not_picked":["HalloweenModCandy+1","HalloweenModTrick+1","HalloweenModGhostCostume+1","HalloweenModGhostCostume+1"],"picked":"Singing Bowl","floor":24},{"not_picked":["HalloweenModGhostCostume+1","HalloweenModTrick+1","HalloweenModCandy+1","HalloweenModCandy+1"],"picked":"Singing Bowl","floor":24},{"not_picked":["HalloweenModCandy+1","HalloweenModTrick+1","HalloweenModGhostCostume+1","HalloweenModGhostCostume+1"],"picked":"Singing Bowl","floor":29},{"not_picked":["HalloweenModGhostCostume+1","HalloweenModTrick+1","HalloweenModCandy+1","HalloweenModGhostCostume+1"],"picked":"Singing Bowl","floor":29},{"not_picked":["HalloweenModGhostCostume+1","HalloweenModCandy+1","HalloweenModTrick+1","HalloweenModTrick+1"],"picked":"Singing Bowl","floor":33},{"not_picked":["HalloweenModCandy+1","HalloweenModTrick+1","HalloweenModGhostCostume+1","HalloweenModGhostCostume+1"],"picked":"Singing Bowl","floor":33},{"not_picked":["HalloweenModTrick+1","HalloweenModCandy+1","HalloweenModGhostCostume+1","HalloweenModTrick+1"],"picked":"Singing Bowl","floor":35},{"not_picked":["HalloweenModCandy+1","HalloweenModTrick+1","HalloweenModGhostCostume+1","HalloweenModTrick+1"],"picked":"Singing Bowl","floor":36},{"not_picked":["HalloweenModTrick+1","HalloweenModCandy+1","HalloweenModGhostCostume+1","HalloweenModCandy+1"],"picked":"Singing Bowl","floor":37},{"not_picked":["HalloweenModTrick+1","HalloweenModCandy+1","HalloweenModGhostCostume+1","HalloweenModCandy+1"],"picked":"Singing Bowl","floor":37},{"not_picked":["HalloweenModGhostCostume+1","HalloweenModTrick+1","HalloweenModCandy+1","HalloweenModTrick+1"],"picked":"Singing Bowl","floor":41},{"not_picked":["HalloweenModTrick+1","HalloweenModCandy+1","HalloweenModGhostCostume+1","HalloweenModTrick+1"],"picked":"Singing Bowl","floor":41},{"not_picked":["HalloweenModCandy+1","HalloweenModTrick+1","HalloweenModGhostCostume+1","HalloweenModGhostCostume+1"],"picked":"Singing Bowl","floor":45},{"not_picked":["HalloweenModTrick+1","HalloweenModCandy+1","HalloweenModGhostCostume+1","HalloweenModCandy+1"],"picked":"Singing Bowl","floor":45},{"not_picked":["HalloweenModCandy+1","HalloweenModTrick+1","HalloweenModGhostCostume+1","HalloweenModCandy+1"],"picked":"Singing Bowl","floor":54},{"not_picked":["HalloweenModCandy+1","HalloweenModTrick+1","HalloweenModCandy+1"],"picked":"HalloweenModGhostCostume+1","floor":54}],"player_experience":618693,"relics_obtained":[{"floor":9,"key":"testmod-InjuryResistance"},{"floor":11,"key":"Strawberry"},{"floor":13,"key":"Orichalcum"},{"floor":24,"key":"Anchor"},{"floor":26,"key":"Meat on the Bone"},{"floor":29,"key":"MealTicket"},{"floor":30,"key":"StrikeDummy"},{"floor":41,"key":"testmod-ArcanaOfDestiny"},{"floor":41,"key":"testmod-TurbochargingSystem"},{"floor":42,"key":"Centennial Puzzle"},{"floor":43,"key":"Eternal Feather"},{"floor":54,"key":"Oddly Smooth Stone"},{"floor":54,"key":"testmod-Fortitude"}],"event_choices":[{"damage_healed":0,"gold_gain":0,"player_choice":"Ignored","damage_taken":0,"max_hp_gain":0,"max_hp_loss":0,"event_name":"Vampires","floor":19,"gold_loss":0},{"damage_healed":0,"gold_gain":0,"player_choice":"Joined the Cult","damage_taken":6,"max_hp_gain":0,"max_hp_loss":0,"event_name":"Nest","floor":21,"gold_loss":0,"cards_obtained":["RitualDagger"]},{"cards_removed":["HalloweenModCandy"],"damage_healed":0,"gold_gain":0,"player_choice":"Gave Gold","damage_taken":0,"max_hp_gain":0,"max_hp_loss":0,"event_name":"Beggar","floor":22,"gold_loss":75},{"damage_healed":0,"gold_gain":0,"player_choice":"Ignored","damage_taken":0,"max_hp_gain":0,"max_hp_loss":0,"event_name":"Ghosts","floor":28,"gold_loss":0}],"is_beta":false,"boss_relics":[{"not_picked":["Velvet Choker","testmod-EnergyCheck"],"picked":"SlaversCollar"},{"not_picked":["Tiny House","testmod-StringDisintegrator"],"picked":"Black Star"}],"items_purged_floors":[0,0,0,0,0,0,0,0,0],"is_endless":false,"potions_floor_spawned":[1,5,7,10,13,14,16,18,24,29,33,35,37,41,45,54],"ascension_level":1}}