{"host":"126yiuos2nq86se7","time":1613026439,"event":{"mods":["2.2 Compatiblity","AchievementEnabler","Act Like it!","BaseMod","BetterRewards","Colored Map","Colored Powertips","Friendly Minions","Highlight Path","Hubris","Minty Spire (QoL Compilation)","Reimu??????","Remilia??????","StSLib","SuperFastMode","Td1madao Mod","The Animator","The Bug Knight","The Hierophant","The Mystic"],"gold_per_floor":[116,116,136,148,148,148,181,181,181,199,90,105,105,125,125,228,228,246,263,263,263],"floor_reached":20,"language":"ENG","playtime":865,"items_purged":["Strike_Lin:ReiMu"],"score":290,"play_id":"ec821577-4b8d-4dfb-8888-18b329884dbb","local_time":"20210211175359","is_ascension_mode":true,"campfire_choices":[{"floor":6,"key":"REST"},{"floor":8,"key":"REST"},{"floor":13,"key":"REST"},{"data":"DependentForm:ReiMu","floor":15,"key":"SMITH"}],"circlet_count":0,"master_deck":["Strike_Lin:ReiMu","Strike_Lin:ReiMu","Strike_Lin:ReiMu","Defend_Lin:ReiMu","Defend_Lin:ReiMu","Defend_Lin:ReiMu","Defend_Lin:ReiMu","NB:ReiMu","Stagnation:ReiMu","DependentForm:ReiMu+1","Conquer:ReiMu","SpreadBorder2:ReiMu","FineLineFantasy:ReiMu","AirManeuver:ReiMu","SafetyPray:ReiMu","PayForSelf:ReiMu","FoulBorder2:ReiMu","UniversalSpiritual:ReiMu","CleanRite:ReiMu","CeremonyResonance:ReiMu"],"relics":["FlyPower:ReiMu","Akabeko","FaceOfCleric","Potion Belt","hubris:CrystalStatue","CrownOfHeavens:ReiMu"],"acts_visited":["Exordium","TheCity"],"potions_floor_usage":[4,7],"damage_taken":[{"damage":0,"enemies":"Small Slimes","floor":1,"turns":5},{"damage":19,"enemies":"Cultist","floor":3,"turns":6},{"damage":1,"enemies":"Jaw Worm","floor":4,"turns":8},{"damage":43,"enemies":"Lagavulin","floor":7,"turns":7},{"damage":2,"enemies":"Looter","floor":10,"turns":4},{"damage":5,"enemies":"3 Louse","floor":12,"turns":8},{"damage":0,"enemies":"2 Fungi Beasts","floor":14,"turns":6},{"damage":13,"enemies":"The Guardian","floor":16,"turns":12},{"damage":78,"enemies":"3 Byrds","floor":18,"turns":10},{"damage":18,"enemies":"Shell Parasite","floor":19,"turns":11},{"damage":10,"enemies":"Cultist and Chosen","floor":20,"turns":3}],"seed_played":"2162595136795574514","potions_obtained":[{"floor":1,"key":"FairyPotion"},{"floor":3,"key":"BlessingOfTheForge"},{"floor":4,"key":"Fruit Juice"},{"floor":12,"key":"ZuzhouPotion:ReiMu"},{"floor":14,"key":"SneckoOil"}],"is_trial":false,"path_per_floor":["M","?","M","M","?","R","E","R","T","M","$","M","R","M","R","B",null,"M","M","M"],"character_chosen":"REIMU","items_purchased":["DependentForm:ReiMu","Conquer:ReiMu","SpreadBorder2:ReiMu","Explosive Potion","FoulBorder2:ReiMu"],"campfire_rested":3,"item_purchase_floors":[0,0,0,0,11],"current_hp_per_floor":[57,57,38,42,42,63,21,42,42,41,41,37,58,59,59,47,75,20,3,0,0],"gold":263,"neow_bonus":"","is_daily":false,"chose_seed":false,"campfire_upgraded":1,"win_rate":0.0,"timestamp":1613026439,"path_taken":["M","?","M","?","?","R","E","R","T","M","$","M","R","M","R","BOSS","M","M","M"],"items_purchased_type":["Card","Card","Card","Potion","Card"],"build_version":"2020-12-22","purchased_purges":1,"victory":false,"max_hp_per_floor":[65,65,65,70,70,70,71,71,71,72,72,73,73,74,74,75,75,76,77,77,77],"card_choices":[{"not_picked":["CareerPray:ReiMu","EmergencyTakeOff:ReiMu"],"picked":"FineLineFantasy:ReiMu","floor":1},{"not_picked":["TightArray:ReiMu","Enchanting:ReiMu"],"picked":"AirManeuver:ReiMu","floor":3},{"not_picked":["AlertArray:ReiMu","RainPray2:ReiMu"],"picked":"SafetyPray:ReiMu","floor":4},{"not_picked":["Meditation:ReiMu","UpKicking:ReiMu","DoubleButterfly:ReiMu"],"picked":"SKIP","floor":7},{"not_picked":["Amulet:ReiMu","TightArray:ReiMu"],"picked":"PayForSelf:ReiMu","floor":10},{"not_picked":["LovePray:ReiMu","SubcavityInstant:ReiMu"],"picked":"UniversalSpiritual:ReiMu","floor":12},{"not_picked":["FantasyBorder:ReiMu","MountainWay:ReiMu"],"picked":"CleanRite:ReiMu","floor":14},{"not_picked":["CleanRite:ReiMu","BlastKick2:ReiMu"],"picked":"CeremonyResonance:ReiMu","floor":16},{"not_picked":["TightArray:ReiMu+1","Intuition:ReiMu","EmergencyTakeOff:ReiMu"],"picked":"SKIP","floor":18},{"not_picked":["AlertArray:ReiMu","SubcavityInstant:ReiMu","PrepareRite:ReiMu+1"],"picked":"SKIP","floor":19}],"player_experience":1726850,"relics_obtained":[{"floor":7,"key":"Potion Belt"},{"floor":9,"key":"hubris:CrystalStatue"}],"event_choices":[{"damage_healed":0,"gold_gain":0,"player_choice":"Gave Potion","damage_taken":0,"relics_obtained":["Akabeko"],"max_hp_gain":0,"max_hp_loss":0,"event_name":"WeMeetAgain","floor":2,"gold_loss":0},{"damage_healed":0,"gold_gain":0,"player_choice":"Trade","damage_taken":0,"relics_obtained":["FaceOfCleric"],"max_hp_gain":0,"max_hp_loss":0,"event_name":"FaceTrader","floor":5,"gold_loss":0}],"is_beta":false,"boss_relics":[{"not_picked":["hubris:BlackHole","Snecko Eye"],"picked":"CrownOfHeavens:ReiMu"}],"items_purged_floors":[11],"is_endless":false,"potions_floor_spawned":[1,3,4,12,14],"killed_by":"Cultist and Chosen","ascension_level":1}}