{"host":"f5n4tidiz2n5sooh","time":1613022417,"event":{"mods":["BaseMod","Colored Map","Minty Spire (QoL Compilation)","Relic Stats","StSLib"],"gold_per_floor":[14,14,26,39,39,39,66,66,119,119,147,158,176,176,176],"floor_reached":14,"language":"ENG","playtime":341,"items_purged":[],"score":200,"play_id":"e04b5469-a9b9-41b7-8304-257bf74d8c0c","local_time":"20210210234657","is_ascension_mode":true,"campfire_choices":[{"data":"Immolate","floor":6,"key":"SMITH"},{"data":"Bash","floor":8,"key":"SMITH"}],"circlet_count":0,"master_deck":["AscendersBane","Strike_R","Strike_R","Strike_R","Defend_R","Defend_R","Defend_R","Defend_R","Bash+1","Immolate+1","Armaments","Entrench","Thunderclap","Evolve","Impervious","Shrug It Off","Anger"],"relics":["Burning Blood","Nunchaku","Omamori","Bag of Marbles"],"acts_visited":["Exordium"],"potions_floor_usage":[10,11,14],"damage_taken":[{"damage":14,"enemies":"Jaw Worm","floor":1,"turns":3},{"damage":0,"enemies":"Small Slimes","floor":3,"turns":3},{"damage":11,"enemies":"Cultist","floor":4,"turns":4},{"damage":32,"enemies":"Gremlin Nob","floor":7,"turns":4},{"damage":29,"enemies":"Lagavulin","floor":11,"turns":6},{"damage":26,"enemies":"Exordium Thugs","floor":12,"turns":4},{"damage":3,"enemies":"Blue Slaver","floor":13,"turns":3},{"damage":27,"enemies":"Gremlin Nob","floor":14,"turns":3}],"seed_played":"258008839296109666","potions_obtained":[{"floor":3,"key":"BloodPotion"},{"floor":4,"key":"Strength Potion"},{"floor":10,"key":"Regen Potion"},{"floor":10,"key":"Strength Potion"},{"floor":12,"key":"CultistPotion"}],"is_trial":false,"path_per_floor":["M","?","M","M","?","R","E","R","T","?","E","M","M","E"],"character_chosen":"IRONCLAD","items_purchased":[],"campfire_rested":0,"item_purchase_floors":[],"current_hp_per_floor":[60,60,66,61,54,54,28,28,28,43,35,15,18,0,0],"gold":176,"neow_bonus":"THREE_RARE_CARDS","is_daily":false,"chose_seed":false,"campfire_upgraded":2,"win_rate":0.0,"timestamp":1613022417,"path_taken":["M","?","M","M","?","R","E","R","T","?","E","M","M","E"],"items_purchased_type":[],"build_version":"2020-12-22","purchased_purges":0,"victory":false,"max_hp_per_floor":[75,75,75,75,75,75,75,75,75,75,75,75,75,75,75],"relic_stats":{"Nunchaku":[1],"counters":[8,30],"obtain_stats":[{"Nunchaku":7,"Omamori":9,"Bag of Marbles":11,"Burning Blood":0},{"Nunchaku":4,"Omamori":4,"Bag of Marbles":5,"Burning Blood":0},{"Nunchaku":14,"Omamori":14,"Bag of Marbles":20,"Burning Blood":0}],"Burning Blood":42},"card_choices":[{"not_picked":["Reaper","Double Tap"],"picked":"Immolate","floor":0},{"not_picked":["Sever Soul","Body Slam"],"picked":"Armaments","floor":1},{"not_picked":["Sword Boomerang","Fire Breathing"],"picked":"Thunderclap","floor":3},{"not_picked":["Dark Embrace","Perfected Strike","Iron Wave"],"picked":"SKIP","floor":4},{"not_picked":["Thunderclap","Bludgeon"],"picked":"Evolve","floor":7},{"not_picked":["Sever Soul","Sword Boomerang"],"picked":"Impervious","floor":11},{"not_picked":["Twin Strike","Dropkick"],"picked":"Shrug It Off","floor":12},{"not_picked":["Body Slam","Clothesline"],"picked":"Anger","floor":13}],"player_experience":2046815,"relics_obtained":[{"floor":7,"key":"Nunchaku"},{"floor":9,"key":"Omamori"},{"floor":11,"key":"Bag of Marbles"}],"event_choices":[{"damage_healed":0,"gold_gain":0,"cards_transformed":["Strike_R"],"player_choice":"Change","damage_taken":0,"max_hp_gain":0,"max_hp_loss":0,"event_name":"Living Wall","floor":2,"gold_loss":0,"cards_obtained":["Entrench"]},{"cards_removed":["Strike_R"],"damage_healed":0,"gold_gain":0,"player_choice":"Card Removal","damage_taken":7,"max_hp_gain":0,"max_hp_loss":0,"event_name":"Golden Wing","floor":5,"gold_loss":0},{"damage_healed":0,"gold_gain":0,"player_choice":"Got Potions","damage_taken":0,"max_hp_gain":0,"max_hp_loss":0,"event_name":"Lab","floor":10,"gold_loss":0}],"is_beta":false,"boss_relics":[],"items_purged_floors":[],"is_endless":false,"potions_floor_spawned":[3,4,12],"killed_by":"Gremlin Nob","ascension_level":20}}