{"host":"b4oqa93y40rb9616","time":1613070618,"event":{"mods":["BaseMod","Colored Map","Custom Start","DeckTracker","Keyboard Shortcuts","Minty Spire (QoL Compilation)","Permanent Neow","Quick Restart","StSLib","SuperFastMode","everything is the same but u backflip on backflip"],"gold_per_floor":[116,127,52,66,83,83,96,96,96,96,128,68,82,93,93,168,168,180,196,214,224,241,241,90,90,90,90,123,133,133,133],"floor_reached":30,"language":"KOR","playtime":683,"items_purged":["Defend_R","Defend_R"],"score":511,"play_id":"d00a56f7-bcb7-4f97-b516-abf0b4b5ca7b","local_time":"20210212041018","is_ascension_mode":true,"campfire_choices":[{"data":"Perfected Strike","floor":6.0,"key":"SMITH"},{"data":"Offering","floor":8.0,"key":"SMITH"},{"data":"Intimidate","floor":10.0,"key":"SMITH"},{"data":"Disarm","floor":15.0,"key":"SMITH"},{"floor":23,"key":"REST"},{"data":"Perfected Strike","floor":25,"key":"SMITH"},{"floor":27,"key":"REST"}],"circlet_count":0,"master_deck":["AscendersBane","Strike_R","Strike_R","Strike_R","Strike_R","Strike_R","Defend_R","Bash","Offering+1","Shrug It Off","Perfected Strike+1","Intimidate+1","Battle Trance","Disarm+1","Berserk","Perfected Strike+1","Armaments+1","Perfected Strike","Perfected Strike+1","Finesse"],"relics":["Burning Blood","Sundial","The Courier","Sozu","Pear"],"acts_visited":["Exordium","TheCity"],"potions_floor_usage":[],"damage_taken":[{"damage":2.0,"enemies":"2 Louse","floor":1.0,"turns":3.0},{"damage":6.0,"enemies":"Cultist","floor":2.0,"turns":3.0},{"damage":8.0,"enemies":"Small Slimes","floor":4.0,"turns":2.0},{"damage":8.0,"enemies":"3 Louse","floor":5.0,"turns":3.0},{"damage":8.0,"enemies":"Exordium Wildlife","floor":7.0,"turns":3.0},{"damage":11.0,"enemies":"Lagavulin","floor":11.0,"turns":5.0},{"damage":8.0,"enemies":"Red Slaver","floor":13.0,"turns":2.0},{"damage":3.0,"enemies":"2 Fungi Beasts","floor":14.0,"turns":3.0},{"damage":36.0,"enemies":"Hexaghost","floor":16.0,"turns":11.0},{"damage":21.0,"enemies":"Spheric Guardian","floor":18.0,"turns":4.0},{"damage":23.0,"enemies":"2 Thieves","floor":19.0,"turns":2.0},{"damage":14.0,"enemies":"Centurion and Healer","floor":20.0,"turns":5.0},{"damage":17.0,"enemies":"Snake Plant","floor":21.0,"turns":2.0},{"damage":6,"enemies":"Snecko","floor":22,"turns":3},{"damage":18,"enemies":"Book of Stabbing","floor":28,"turns":3},{"damage":6,"enemies":"3 Cultists","floor":29,"turns":3},{"damage":24,"enemies":"Slavers","floor":30,"turns":3}],"seed_played":"-7750613453787054266","potions_obtained":[{"floor":1.0,"key":"Dexterity Potion"},{"floor":2.0,"key":"SteroidPotion"}],"is_trial":false,"path_per_floor":["M","M","?","M","M","R","M","R","T","R","E","$","M","M","R","B",null,"M","M","M","M","M","R","$","R","T","R","E","M","E"],"character_chosen":"IRONCLAD","items_purchased":["Finesse"],"campfire_rested":2,"item_purchase_floors":[24],"current_hp_per_floor":[68,68,68,66,64,64,62,62,62,62,57,57,55,58,58,28,58,43,26,18,7,7,27,27,27,27,47,45,45,21,21],"gold":133,"neow_bonus":"THREE_RARE_CARDS","is_daily":false,"chose_seed":false,"campfire_upgraded":5,"win_rate":0.0,"timestamp":1613070618,"path_taken":["M","M","?","M","M","R","M","R","T","R","E","$","M","M","R","BOSS","M","M","M","M","M","R","$","R","T","R","E","M","E"],"items_purchased_type":["Card"],"build_version":"2020-12-22","purchased_purges":2,"victory":false,"max_hp_per_floor":[68,68,68,68,68,68,68,68,68,68,68,68,68,68,68,68,68,68,68,68,68,68,68,68,68,68,68,78,78,78,78],"card_choices":[{"not_picked":["Corruption","Brutality"],"picked":"Offering","floor":0.0},{"not_picked":["Rage","Infernal Blade"],"picked":"Shrug It Off","floor":1.0},{"not_picked":["Inflame","Hemokinesis"],"picked":"Perfected Strike","floor":2.0},{"not_picked":["Rampage","Headbutt"],"picked":"Intimidate","floor":4.0},{"not_picked":["Armaments","Rupture"],"picked":"Battle Trance","floor":5.0},{"not_picked":["Reckless Charge","Havoc"],"picked":"Disarm","floor":7.0},{"not_picked":["Spot Weakness","Cleave","Metallicize"],"picked":"SKIP","floor":11.0},{"not_picked":["Sword Boomerang","Cleave","Thunderclap"],"picked":"SKIP","floor":13.0},{"not_picked":["Headbutt","Heavy Blade","Uppercut"],"picked":"SKIP","floor":14.0},{"not_picked":["Limit Break","Demon Form"],"picked":"Berserk","floor":16.0},{"not_picked":["Headbutt","Havoc"],"picked":"Perfected Strike+1","floor":18.0},{"not_picked":["Spot Weakness","Sever Soul"],"picked":"Armaments+1","floor":19.0},{"not_picked":["Shrug It Off","Flex"],"picked":"Perfected Strike","floor":20.0},{"not_picked":["Flame Barrier","Heavy Blade"],"picked":"Perfected Strike","floor":21.0},{"not_picked":["Armaments","Ghostly Armor","Sword Boomerang"],"picked":"SKIP","floor":22},{"not_picked":["Wild Strike","Havoc","Perfected Strike"],"picked":"SKIP","floor":28},{"not_picked":["Dual Wield","Sword Boomerang","Ghostly Armor"],"picked":"SKIP","floor":29}],"player_experience":428414,"relics_obtained":[{"floor":9.0,"key":"Sundial"},{"floor":11.0,"key":"The Courier"},{"floor":28,"key":"Pear"}],"event_choices":[{"cards_removed":["Defend_R"],"damage_healed":0.0,"max_hp_gain":0.0,"max_hp_loss":0.0,"gold_gain":0.0,"event_name":"The Cleric","player_choice":"Card Removal","floor":3.0,"gold_loss":75.0,"damage_taken":0.0}],"is_beta":false,"boss_relics":[{"not_picked":["Snecko Eye","Calling Bell"],"picked":"Sozu"}],"items_purged_floors":[12,24],"is_endless":false,"potions_floor_spawned":[1,2,11,16,18,20,21,28],"killed_by":"Slavers","ascension_level":18}}