{"host":"gbsupkmj5cka9iw4","time":1613074255,"event":{"mods":["BaseMod","BetterRewards","Minty Spire (QoL Compilation)","Say the Spire","Shop Mod","StSLib"],"gold_per_floor":[117,217,230,25,39,68,88,105,131,131,131,131,156,174,174,249,249,262,622,606,419,344,344,363,391,416,450,468,499,499,312,312,384,384,413,471,483,231,244,271,120,138,138,193,223,223,236,39,39,39],"floor_reached":51,"language":"ENG","playtime":4255,"items_purged":["Strike_B","Strike_B","Defend_B","Defend_B","Strike_B","Strike_B+1"],"score":2281,"play_id":"17fafa7e-d0b6-4a6d-858a-564a35ebf194","local_time":"20210212051055","is_ascension_mode":true,"campfire_choices":[{"data":"Apotheosis","floor":11.0,"key":"SMITH"},{"data":"Steam Power","floor":15.0,"key":"SMITH"},{"data":"Sunder","floor":23.0,"key":"SMITH"},{"floor":30,"key":"RECALL"},{"data":"Reinforced Body","floor":32,"key":"SMITH"},{"floor":49,"key":"REST"}],"circlet_count":0,"master_deck":["AscendersBane","Zap","Dualcast","Undo","Sunder+1","Turbo","Ball Lightning","Self Repair","Undo","Stack","Apotheosis+1","Conserve Battery","Ball Lightning","Steam Power+1","Reinforced Body+1","Cold Snap+1","Aggregate","BootSequence","Loop","Undo","Hologram","Buffer","Buffer","Beam Cell","Apotheosis+1","Loop","Conserve Battery","Coolheaded","Aggregate","Hologram","Sweeping Beam","Mind Blast","Creative AI","CurseOfTheBell","Coolheaded+1","Electrodynamics","Deep Breath+1","Chaos+1","Coolheaded+1","FTL+1","Turbo+1","BootSequence+1","Storm","Redo+1","Fission+1","Steam Power+1","Metamorphosis+1","Metamorphosis+1","Secret Technique+1","Skim+1","Machine Learning","Redo+1","Transmutation+1"],"relics":["Cracked Core","Orichalcum","Membership Card","Bag of Preparation","Gambling Chip","Toy Ornithopter","Dead Branch","Lantern","Smiling Mask","Nuclear Battery","DollysMirror","Anchor","Akabeko","Bottled Lightning","Pen Nib","Chemical X","Calling Bell","MawBank","Toxic Egg 2","Lizard Tail","Thread and Needle","Orrery","Bronze Scales","Happy Flower","Pantograph","Oddly Smooth Stone","Boot"],"acts_visited":["Exordium","TheCity","TheBeyond"],"potions_floor_usage":[29,50],"damage_taken":[{"damage":2.0,"enemies":"2 Louse","floor":1.0,"turns":3.0},{"damage":0.0,"enemies":"Cultist","floor":3.0,"turns":3.0},{"damage":2.0,"enemies":"Jaw Worm","floor":5.0,"turns":4.0},{"damage":0.0,"enemies":"Gremlin Nob","floor":6.0,"turns":3.0},{"damage":0.0,"enemies":"Blue Slaver","floor":7.0,"turns":3.0},{"damage":0.0,"enemies":"Looter","floor":8.0,"turns":2.0},{"damage":0.0,"enemies":"Lagavulin","floor":13.0,"turns":4.0},{"damage":0.0,"enemies":"Lots of Slimes","floor":14.0,"turns":3.0},{"damage":0.0,"enemies":"Hexaghost","floor":16.0,"turns":8.0},{"damage":0.0,"enemies":"3 Byrds","floor":18.0,"turns":4.0},{"damage":0.0,"enemies":"2 Thieves","floor":20.0,"turns":4.0},{"damage":0.0,"enemies":"Cultist and Chosen","floor":24.0,"turns":6.0},{"damage":13.0,"enemies":"Gremlin Leader","floor":25.0,"turns":10.0},{"damage":0,"enemies":"Slavers","floor":27,"turns":6},{"damage":0,"enemies":"Centurion and Healer","floor":28,"turns":5},{"damage":0,"enemies":"Gremlin Leader","floor":29,"turns":6},{"damage":0,"enemies":"Automaton","floor":33,"turns":11},{"damage":0,"enemies":"3 Darklings","floor":35,"turns":4},{"damage":0,"enemies":"2 Orb Walkers","floor":36,"turns":3},{"damage":0,"enemies":"Orb Walker","floor":39,"turns":4},{"damage":0,"enemies":"Giant Head","floor":40,"turns":8},{"damage":0,"enemies":"3 Darklings","floor":42,"turns":3},{"damage":0,"enemies":"Nemesis","floor":45,"turns":3},{"damage":0,"enemies":"4 Shapes","floor":47,"turns":2},{"damage":22,"enemies":"Time Eater","floor":50,"turns":10}],"seed_played":"-7010706590470005793","potions_obtained":[{"floor":1.0,"key":"Ancient Potion"},{"floor":6.0,"key":"DistilledChaos"},{"floor":7.0,"key":"Explosive Potion"},{"floor":20.0,"key":"PotionOfCapacity"},{"floor":25.0,"key":"EssenceOfSteel"},{"floor":40,"key":"EssenceOfSteel"}],"is_trial":false,"path_per_floor":["M","?","M","$","M","E","M","M","T","?","R","?","E","M","R","B",null,"M","?","M","$","?","R","M","E","T","E","M","E","R","$","R","B",null,"M","?","?","$","M","E","$","M","T","T","E","?","M","$","R","B",null],"character_chosen":"DEFECT","items_purchased":["Orichalcum","Undo","Sunder","Turbo","Ball Lightning","Membership Card","Self Repair","Undo","Bag of Preparation","Stack","Gambling Chip","Apotheosis","Toy Ornithopter","Steam Power","Reinforced Body","DollysMirror","Loop","Conserve Battery","Chemical X","Mind Blast","Electrodynamics","Deep Breath+1","Orrery","Storm","Happy Flower","Redo+1","Machine Learning","Redo+1","Transmutation+1"],"campfire_rested":1,"item_purchase_floors":[0,0,0,0,0,0,0,0,0,0,0,0,4,4,4,21,21,21,31,31,38,38,38,41,41,41,48,48,48],"current_hp_per_floor":[41,41,51,51,59,69,71,71,71,71,71,50,60,60,60,71,71,71,35,45,45,45,45,55,57,57,67,71,71,71,71,71,71,71,71,71,71,71,71,71,71,71,71,71,71,61,61,61,71,49],"gold":39,"neow_bonus":"","is_daily":false,"chose_seed":false,"campfire_upgraded":4,"win_rate":0.0,"timestamp":1613074255,"path_taken":["M","?","?","$","?","E","M","M","T","?","R","?","E","M","R","BOSS","M","?","?","$","?","R","M","E","T","E","M","E","R","$","R","BOSS","M","?","?","$","?","E","$","M","T","?","E","?","M","?","R","BOSS"],"items_purchased_type":["Relic","Card","Card","Card","Card","Relic","Card","Card","Relic","Card","Relic","Card","Relic","Card","Card","Relic","Card","Card","Relic","Card","Card","Card","Relic","Card","Relic","Card","Card","Card","Card"],"build_version":"2020-12-22","purchased_purges":6,"victory":true,"max_hp_per_floor":[71,71,71,71,71,71,71,71,71,71,71,71,71,71,71,71,71,71,71,71,71,71,71,71,71,71,71,71,71,71,71,71,71,71,71,71,71,71,71,71,71,71,71,71,71,71,71,71,71,71],"card_choices":[{"not_picked":["Sweeping Beam","Heatsinks"],"picked":"Conserve Battery","floor":1.0},{"not_picked":["Stack","Hello World"],"picked":"Ball Lightning","floor":3.0},{"not_picked":["Ball Lightning","Conserve Battery"],"picked":"Cold Snap","floor":5.0},{"not_picked":["Coolheaded","Lockon"],"picked":"Aggregate","floor":6.0},{"not_picked":["Leap","Force Field"],"picked":"BootSequence","floor":7.0},{"not_picked":["Steam","Stack"],"picked":"Loop","floor":8.0},{"not_picked":["Cold Snap","Beam Cell"],"picked":"Hologram","floor":13.0},{"not_picked":["Turbo","Streamline"],"picked":"Buffer","floor":14.0},{"not_picked":["Rainbow","Multi-Cast"],"picked":"Buffer","floor":16.0},{"not_picked":["Steam","Ball Lightning"],"picked":"Beam Cell","floor":18.0},{"not_picked":["Beam Cell","Rip and Tear+1","Steam"],"picked":"SKIP","floor":20.0},{"not_picked":["Compile Driver","Stack"],"picked":"Coolheaded","floor":24.0},{"not_picked":["Turbo","Conserve Battery+1","Streamline"],"picked":"SKIP","floor":25.0},{"not_picked":["Conserve Battery","Stack"],"picked":"Aggregate","floor":27},{"not_picked":["Consume","Glacier"],"picked":"Hologram","floor":28},{"not_picked":["Streamline","Sunder"],"picked":"Sweeping Beam","floor":29},{"not_picked":["Biased Cognition","Seek"],"picked":"Creative AI","floor":33},{"not_picked":["Compile Driver","Ball Lightning"],"picked":"Coolheaded+1","floor":35},{"not_picked":["Sweeping Beam","Beam Cell"],"picked":"Chaos+1","floor":38},{"not_picked":["Sweeping Beam","Ball Lightning"],"picked":"Coolheaded+1","floor":38},{"not_picked":["Ball Lightning+1","Melter"],"picked":"FTL+1","floor":38},{"not_picked":["Reprogram+1","Hyperbeam"],"picked":"Turbo+1","floor":38},{"not_picked":["Rebound+1","Meteor Strike"],"picked":"BootSequence+1","floor":38},{"not_picked":["Reprogram+1","Gash+1","Steam+1"],"picked":"SKIP","floor":39},{"not_picked":["Rebound","Beam Cell","Hologram+1"],"picked":"SKIP","floor":40},{"not_picked":["Steam+1","Stack+1"],"picked":"Fission+1","floor":42},{"not_picked":["Consume+1","Lockon"],"picked":"Steam Power+1","floor":45},{"not_picked":["Good Instincts+1","Forethought+1"],"picked":"Metamorphosis+1","floor":46},{"not_picked":["Jack Of All Trades+1","Good Instincts+1"],"picked":"Metamorphosis+1","floor":46},{"not_picked":["Panache","Panacea+1"],"picked":"Secret Technique+1","floor":46},{"not_picked":["White Noise+1","Go for the Eyes"],"picked":"Skim+1","floor":47}],"player_experience":844294,"relics_obtained":[{"floor":6.0,"key":"Dead Branch"},{"floor":9.0,"key":"Lantern"},{"floor":13.0,"key":"Smiling Mask"},{"floor":25.0,"key":"Anchor"},{"floor":26.0,"key":"Akabeko"},{"floor":27,"key":"Bottled Lightning"},{"floor":29,"key":"Pen Nib"},{"floor":34,"key":"MawBank"},{"floor":34,"key":"Toxic Egg 2"},{"floor":34,"key":"Lizard Tail"},{"floor":36,"key":"Thread and Needle"},{"floor":40,"key":"Bronze Scales"},{"floor":43,"key":"Pantograph"},{"floor":44,"key":"Oddly Smooth Stone"},{"floor":45,"key":"Boot"}],"event_choices":[{"damage_healed":0.0,"max_hp_gain":0.0,"max_hp_loss":0.0,"gold_gain":100.0,"event_name":"Wheel of Change","player_choice":"Gold","floor":2.0,"gold_loss":0.0,"damage_taken":0.0},{"damage_healed":0.0,"max_hp_gain":0.0,"max_hp_loss":0.0,"gold_gain":0.0,"cards_transformed":["Defend_B"],"event_name":"Living Wall","player_choice":"Change","floor":10.0,"gold_loss":0.0,"damage_taken":0.0,"cards_obtained":["Undo"]},{"damage_healed":0.0,"max_hp_gain":0.0,"max_hp_loss":0.0,"gold_gain":0.0,"event_name":"Shining Light","player_choice":"Entered Light","floor":12.0,"gold_loss":0.0,"damage_taken":21.0,"cards_upgraded":["Cold Snap","Strike_B"]},{"damage_healed":0.0,"max_hp_gain":0.0,"max_hp_loss":0.0,"gold_gain":360.0,"event_name":"Knowing Skull","player_choice":"GOLD GOLD GOLD GOLD ","floor":19.0,"potions_obtained":[],"gold_loss":0.0,"damage_taken":36.0,"cards_obtained":[]},{"cards_removed":["Defend_B"],"damage_healed":0.0,"max_hp_gain":0.0,"max_hp_loss":0.0,"gold_gain":0.0,"event_name":"Beggar","player_choice":"Gave Gold","floor":22.0,"gold_loss":75.0,"damage_taken":0.0},{"damage_healed":0,"gold_gain":0,"player_choice":"Fight","damage_taken":0,"max_hp_gain":0,"max_hp_loss":0,"event_name":"Mysterious Sphere","floor":36,"gold_loss":0},{"damage_healed":0,"gold_gain":0,"player_choice":"Ignored","damage_taken":0,"max_hp_gain":0,"max_hp_loss":0,"event_name":"Tomb of Lord Red Mask","floor":37,"gold_loss":0},{"damage_healed":0,"gold_gain":0,"player_choice":"Memory 3","damage_taken":10,"max_hp_gain":0,"max_hp_loss":0,"event_name":"SensoryStone","floor":46,"gold_loss":0}],"is_beta":false,"boss_relics":[{"not_picked":["Velvet Choker","Empty Cage"],"picked":"Nuclear Battery"},{"not_picked":["Tiny House","Pandora\u0027s Box"],"picked":"Calling Bell"}],"items_purged_floors":[0,0,4,21,31,38],"is_endless":false,"potions_floor_spawned":[1,6,7,13,14,20,25,28,40,42,45],"ascension_level":16}}