{"host":"92108ef2q9tm8rod","time":1613059470,"event":{"mods":["BaseMod","Defuse TimeMaze Blight","Minty Spire (QoL Compilation)","StSLib","The Jungle"],"gold_per_floor":[111,184,195,108,120,120,150,150,197,197,223,237,237,237,237,339,339,349,349,449,225,243,277,277,277,356,382,382,398,398,253,253,353,353,363,263,274,0,50,82,98,118,143,143,143,173,203,216,216,216],"floor_reached":51,"language":"ENG","playtime":3514,"items_purged":["Conserve Battery","BootSequence"],"score":1129,"play_id":"a0823e7e-d02b-4e84-a0d7-857051431316","local_time":"20210211160430","daily_mods":["SealedDeck","Purple Cards","Heirloom","Flight"],"is_ascension_mode":false,"campfire_choices":[{"data":"Finesse","floor":6.0,"key":"SMITH"},{"data":"Defragment","floor":8.0,"key":"SMITH"},{"data":"PathToVictory","floor":13.0,"key":"SMITH"},{"data":"Coolheaded","floor":15.0,"key":"SMITH"},{"data":"Chill","floor":24.0,"key":"SMITH"},{"data":"Streamline","floor":25.0,"key":"SMITH"},{"data":"Protect","floor":28.0,"key":"SMITH"},{"data":"Glacier","floor":30.0,"key":"SMITH"},{"data":"Genetic Algorithm","floor":32.0,"key":"SMITH"},{"floor":44,"key":"REST"},{"floor":45,"key":"REST"},{"floor":49,"key":"REST"}],"circlet_count":0,"master_deck":["Streamline+1","Protect+1","Genetic Algorithm+1","Glacier+1","Coolheaded+1","PathToVictory+1","Chill+1","Finesse+1","Defragment+1","Loop+1","PathToVictory+1"],"relics":["Cracked Core","Torii","Toy Ornithopter","MealTicket","Juzu Bracelet","Art of War","Empty Cage","Medical Kit","Vajra","Pear","Centennial Puzzle","ClockworkSouvenir","Busted Crown","Red Mask","Mango","Orichalcum","Anchor","Singing Bowl"],"acts_visited":["Exordium","Exordium","TheBeyond"],"potions_floor_usage":[50,50,50],"damage_taken":[{"damage":0.0,"enemies":"2 Louse","floor":1.0,"turns":2.0},{"damage":0.0,"enemies":"Small Slimes","floor":3.0,"turns":3.0},{"damage":0.0,"enemies":"Jaw Worm","floor":5.0,"turns":3.0},{"damage":1.0,"enemies":"Lagavulin","floor":7.0,"turns":6.0},{"damage":0.0,"enemies":"3 Sentries","floor":11.0,"turns":10.0},{"damage":0.0,"enemies":"Red Slaver","floor":12.0,"turns":4.0},{"damage":15.0,"enemies":"Hexaghost","floor":16.0,"turns":10.0},{"damage":0.0,"enemies":"theJungle:MUSHROOMGANG","floor":18.0,"turns":4.0},{"damage":0.0,"enemies":"Shell Parasite","floor":22.0,"turns":3.0},{"damage":0.0,"enemies":"theJungle:2_Phrogs","floor":23.0,"turns":6.0},{"damage":0.0,"enemies":"theJungle:MamaSnecko","floor":27.0,"turns":5.0},{"damage":0.0,"enemies":"theJungle:Lyon","floor":29.0,"turns":3.0},{"damage":0.0,"enemies":"theJungle:QueenSpyder","floor":33.0,"turns":6.0},{"damage":0.0,"enemies":"3 Darklings","floor":35.0,"turns":4.0},{"damage":0.0,"enemies":"3 Shapes","floor":37.0,"turns":3.0},{"damage":0.0,"enemies":"Mind Bloom Boss Battle","floor":39.0,"turns":4.0},{"damage":0.0,"enemies":"Nemesis","floor":40.0,"turns":5.0},{"damage":0,"enemies":"Jaw Worm Horde","floor":41,"turns":3},{"damage":0,"enemies":"3 Darklings","floor":42,"turns":3},{"damage":0,"enemies":"Giant Head","floor":46,"turns":4},{"damage":0,"enemies":"Reptomancer","floor":47,"turns":4},{"damage":0,"enemies":"Transient","floor":48,"turns":5},{"damage":0,"enemies":"Donu and Deca","floor":50,"turns":7}],"seed_played":"-5226482909868861235","potions_obtained":[{"floor":5.0,"key":"FearPotion"},{"floor":12.0,"key":"SteroidPotion"},{"floor":16.0,"key":"Fire Potion"},{"floor":35.0,"key":"SteroidPotion"},{"floor":37.0,"key":"SteroidPotion"},{"floor":39.0,"key":"Strength Potion"},{"floor":41,"key":"FocusPotion"},{"floor":46,"key":"EssenceOfDarkness"}],"is_trial":true,"path_per_floor":["M","?","M","$","M","R","E","R","T","?","E","M","R","?","R","B",null,"M","$","?","$","M","E","R","R","T","E","R","M","R","$","R","B",null,"M","$","M","?","?","E","M","M","T","R","R","E","E","M","R","B",null],"character_chosen":"DEFECT","items_purchased":["Finesse","Medical Kit","ClockworkSouvenir"],"campfire_rested":3,"item_purchase_floors":[4,21,31],"current_hp_per_floor":[75,75,75,75,75,75,74,74,74,67,67,67,67,72,72,62,80,80,80,75,80,80,80,80,80,90,90,90,90,90,90,90,90,90,90,90,90,90,104,104,104,104,104,104,104,106,108,110,110,110],"gold":216,"neow_bonus":"","is_daily":false,"chose_seed":false,"campfire_upgraded":9,"win_rate":0.0,"timestamp":1613059470,"path_taken":["M","?","M","$","M","R","E","R","T","?","E","M","R","?","R","BOSS","M","$","?","$","M","E","R","R","T","E","R","M","R","$","R","BOSS","M","$","M","?","?","E","M","M","T","R","R","E","E","M","R","BOSS"],"items_purchased_type":["Card","Relic","Relic"],"build_version":"2020-12-22","purchased_purges":2,"victory":true,"max_hp_per_floor":[75,75,75,75,75,75,75,75,75,75,75,75,75,80,80,80,80,80,80,80,80,80,80,80,80,90,90,90,90,90,90,90,90,90,90,90,90,90,104,104,104,104,104,104,104,106,108,110,110,110],"card_choices":[{"not_picked":["Leap","WheelKick","CutThroughFate"],"picked":"SKIP","floor":1.0},{"not_picked":["SashWhip","DeceiveReality"],"picked":"Chill","floor":3.0},{"not_picked":["ForeignInfluence","Crescendo","Conserve Battery"],"picked":"SKIP","floor":5.0},{"not_picked":["CarveReality","Auto Shields"],"picked":"Defragment","floor":7.0},{"not_picked":["CutThroughFate","Steam","Halt"],"picked":"SKIP","floor":11.0},{"not_picked":["FlyingSleeves","Indignation","Steam"],"picked":"SKIP","floor":12.0},{"not_picked":["FollowUp","Stack","Hello World"],"picked":"SKIP","floor":18.0},{"not_picked":["Genetic Algorithm+1","Study+1","Prostrate"],"picked":"SKIP","floor":22.0},{"not_picked":["Barrage","Consecrate","Crescendo"],"picked":"SKIP","floor":23.0},{"not_picked":["Tempest","ConjureBlade"],"picked":"Loop+1","floor":27.0},{"not_picked":["InnerPeace+1","FlyingSleeves+1","Protect"],"picked":"SKIP","floor":29.0},{"not_picked":["Steam Power+1"],"picked":"SKIP","floor":35.0},{"not_picked":["Leap"],"picked":"SKIP","floor":37.0},{"not_picked":[],"picked":"PathToVictory+1","floor":39.0},{"not_picked":["Redo+1"],"picked":"SKIP","floor":40},{"not_picked":["Go for the Eyes+1"],"picked":"SKIP","floor":41},{"not_picked":["BowlingBash"],"picked":"SKIP","floor":42},{"not_picked":["Leap+1"],"picked":"Singing Bowl","floor":46},{"not_picked":["Sanctity+1"],"picked":"Singing Bowl","floor":47},{"not_picked":["Gash+1"],"picked":"Singing Bowl","floor":48}],"player_experience":3410441,"relics_obtained":[{"floor":7.0,"key":"Toy Ornithopter"},{"floor":9.0,"key":"MealTicket"},{"floor":11.0,"key":"Art of War"},{"floor":23.0,"key":"Vajra"},{"floor":26.0,"key":"Pear"},{"floor":27.0,"key":"Centennial Puzzle"},{"floor":39.0,"key":"Mango"},{"floor":40,"key":"Orichalcum"},{"floor":43,"key":"Anchor"},{"floor":46,"key":"Singing Bowl"}],"event_choices":[{"damage_healed":0.0,"max_hp_gain":0.0,"max_hp_loss":0.0,"gold_gain":73.0,"event_name":"Golden Wing","player_choice":"Gained Gold","floor":2.0,"gold_loss":0.0,"damage_taken":0.0},{"damage_healed":0.0,"max_hp_gain":0.0,"max_hp_loss":0.0,"gold_gain":0.0,"event_name":"Scrap Ooze","player_choice":"Success","floor":10.0,"gold_loss":0.0,"damage_taken":7.0,"relics_obtained":["Juzu Bracelet"]},{"damage_healed":0.0,"max_hp_gain":5.0,"max_hp_loss":0.0,"gold_gain":0.0,"event_name":"Big Fish","player_choice":"Donut","floor":14.0,"gold_loss":0.0,"damage_taken":0.0},{"damage_healed":0.0,"max_hp_gain":0.0,"max_hp_loss":0.0,"gold_gain":0.0,"event_name":"Tomb of Lord Red Mask","player_choice":"Paid","floor":38.0,"gold_loss":274.0,"damage_taken":0.0,"relics_obtained":["Red Mask"]},{"damage_healed":0.0,"max_hp_gain":0.0,"max_hp_loss":0.0,"gold_gain":0.0,"event_name":"MindBloom","player_choice":"Fight","floor":39.0,"gold_loss":0.0,"damage_taken":0.0}],"is_beta":false,"boss_relics":[{"not_picked":["Runic Dome","FrozenCore"],"picked":"Empty Cage"},{"not_picked":["Calling Bell","SlaversCollar"],"picked":"Busted Crown"}],"items_purged_floors":[21,36],"is_endless":false,"potions_floor_spawned":[5,12,16,27,35,37,39,41,46],"ascension_level":0}}