{"host":"m0bekkrd201b63ug","time":1613050429,"event":{"mods":["AchievementEnabler","BaseMod","Colored Powertips","Minty Spire (QoL Compilation)","Rare Cards Sparkle","StSLib","SuperFastMode","everything is the same but u backflip on backflip","slay the spire mod where everything is the same but ironclad has a cowboy hat"],"gold_per_floor":[113,188,188,203,128,128,53,53,53,64,64,81,109,124,124,203,203,216,60,74,74,74,103,103,137,137,169,169,201,201,217,217,290,290,307,332,43,43,43,72,87,117,142,142,112,112,112,112,112,112,112],"floor_reached":50,"language":"ENG","playtime":1958,"items_purged":["Strike_G","Strike_G","Strike_G"],"score":1210,"play_id":"6dbd6ddd-9d6f-4025-a1fd-84bddf2a78aa","local_time":"20210211113349","is_ascension_mode":true,"campfire_choices":[{"floor":6.0,"key":"REST"},{"data":"Dagger Spray","floor":8.0,"key":"SMITH"},{"data":"Survivor","floor":11.0,"key":"SMITH"},{"data":"Adrenaline","floor":15.0,"key":"SMITH"},{"floor":24.0,"key":"REST"},{"data":"Skewer","floor":28.0,"key":"SMITH"},{"data":"Eviscerate","floor":32.0,"key":"SMITH"},{"data":"Eviscerate","floor":44.0,"key":"SMITH"},{"data":"Acrobatics","floor":46.0,"key":"SMITH"},{"data":"Backflip","floor":49,"key":"SMITH"}],"circlet_count":0,"master_deck":["AscendersBane","Defend_G+1","Defend_G+1","Defend_G+1","Defend_G","Survivor+1","Neutralize","Cloak And Dagger","Dagger Spray+1","Eviscerate+1","Adrenaline+1","Eviscerate+1","Phantasmal Killer+1","Escape Plan+1","Backflip+1","Calculated Gamble+1","Skewer+1","Escape Plan","Acrobatics+1"],"relics":["Ring of the Snake","Gambling Chip","Thread and Needle","WristBlade","MutagenicStrength","Oddly Smooth Stone","Darkstone Periapt","Blue Candle","Pear","Unceasing Top","Empty Cage","Calipers","War Paint","Eternal Feather","Bottled Flame","Bronze Scales"],"acts_visited":["Exordium","TheCity","TheBeyond"],"potions_floor_usage":[48,50],"damage_taken":[{"damage":0.0,"enemies":"Jaw Worm","floor":1.0,"turns":7.0},{"damage":0.0,"enemies":"Small Slimes","floor":4.0,"turns":4.0},{"damage":0.0,"enemies":"2 Louse","floor":10.0,"turns":2.0},{"damage":0.0,"enemies":"Blue Slaver","floor":12.0,"turns":5.0},{"damage":11.0,"enemies":"Lagavulin","floor":13.0,"turns":5.0},{"damage":0.0,"enemies":"3 Louse","floor":14.0,"turns":2.0},{"damage":34.0,"enemies":"The Guardian","floor":16.0,"turns":19.0},{"damage":0.0,"enemies":"3 Byrds","floor":18.0,"turns":2.0},{"damage":0.0,"enemies":"Shell Parasite","floor":20.0,"turns":2.0},{"damage":13.0,"enemies":"Book of Stabbing","floor":23.0,"turns":3.0},{"damage":0.0,"enemies":"Gremlin Leader","floor":25.0,"turns":3.0},{"damage":0.0,"enemies":"Slavers","floor":27.0,"turns":4.0},{"damage":17.0,"enemies":"Book of Stabbing","floor":29.0,"turns":3.0},{"damage":0.0,"enemies":"Centurion and Healer","floor":31.0,"turns":1.0},{"damage":0.0,"enemies":"Automaton","floor":33.0,"turns":3.0},{"damage":0.0,"enemies":"Orb Walker","floor":35.0,"turns":1.0},{"damage":0.0,"enemies":"Mind Bloom Boss Battle","floor":36.0,"turns":6.0},{"damage":35.0,"enemies":"Giant Head","floor":40.0,"turns":7.0},{"damage":0.0,"enemies":"3 Shapes","floor":41.0,"turns":3.0},{"damage":7.0,"enemies":"Nemesis","floor":42.0,"turns":3.0},{"damage":0,"enemies":"Maw","floor":48,"turns":2},{"damage":66,"enemies":"Time Eater","floor":50,"turns":8}],"seed_played":"2881766364588255726","potions_obtained":[{"floor":12.0,"key":"FearPotion"},{"floor":13.0,"key":"SneckoOil"},{"floor":16.0,"key":"ColorlessPotion"},{"floor":20.0,"key":"FearPotion"},{"floor":23.0,"key":"Weak Potion"},{"floor":25.0,"key":"FearPotion"},{"floor":29.0,"key":"Fruit Juice"},{"floor":42.0,"key":"SmokeBomb"}],"is_trial":false,"path_per_floor":["M","?","?","M","?","R","$","R","T","M","R","M","E","M","R","B",null,"M","$","M","?","?","E","R","E","T","E","R","E","?","M","R","B",null,"M","?","$","?","?","E","M","E","T","R","$","R","?","M","R","B"],"character_chosen":"THE_SILENT","items_purchased":["Backflip","War Paint","Acrobatics"],"campfire_rested":2,"item_purchase_floors":[19,37,45],"current_hp_per_floor":[59,48,28,28,28,47,47,47,47,47,47,47,36,36,36,2,50,50,50,50,50,50,37,56,56,56,66,66,49,49,49,49,49,69,69,69,69,69,69,34,34,32,32,41,41,50,50,50,59,0,0],"gold":112,"neow_bonus":"ONE_RARE_RELIC","is_daily":false,"chose_seed":false,"campfire_upgraded":8,"win_rate":0.0,"timestamp":1613050429,"path_taken":["M","?","?","M","?","R","$","R","T","M","R","?","E","M","R","BOSS","M","$","M","?","?","E","R","E","T","E","R","E","?","?","R","BOSS","M","?","$","?","?","E","M","E","T","R","$","R","?","M","R","BOSS"],"items_purchased_type":["Card","Relic","Card"],"build_version":"2020-12-22","purchased_purges":3,"victory":false,"max_hp_per_floor":[66,66,66,66,66,66,66,66,66,66,66,66,66,66,66,66,66,66,66,66,66,66,66,66,66,66,76,76,76,76,76,76,76,76,76,76,76,76,76,76,76,81,81,81,81,81,77,77,77,77,77],"card_choices":[{"not_picked":["PiercingWail","Prepared"],"picked":"Cloak And Dagger","floor":1.0},{"not_picked":["Prepared","Underhanded Strike"],"picked":"Dagger Spray","floor":4.0},{"not_picked":["Prepared","Setup","Dagger Spray"],"picked":"SKIP","floor":10.0},{"not_picked":["Finisher","Prepared"],"picked":"Eviscerate","floor":12.0},{"not_picked":["Crippling Poison","Bullet Time"],"picked":"Adrenaline","floor":13.0},{"not_picked":["Reflex","Dash"],"picked":"Eviscerate","floor":14.0},{"not_picked":["A Thousand Cuts","Wraith Form v2"],"picked":"Phantasmal Killer","floor":16.0},{"not_picked":["Dodge and Roll","Flying Knee"],"picked":"Escape Plan","floor":18.0},{"not_picked":["Endless Agony","Acrobatics","Outmaneuver"],"picked":"SKIP","floor":20.0},{"not_picked":["Outmaneuver","Dodge and Roll","Cloak And Dagger"],"picked":"SKIP","floor":23.0},{"not_picked":["Skewer","Underhanded Strike"],"picked":"Calculated Gamble+1","floor":25.0},{"not_picked":["Dagger Throw","Bouncing Flask"],"picked":"Skewer","floor":27.0},{"not_picked":["Grand Finale","Bane","Glass Knife"],"picked":"SKIP","floor":29.0},{"not_picked":["Flying Knee","Sucker Punch","Dash"],"picked":"SKIP","floor":31.0},{"not_picked":["Deflect","Skewer","Blade Dance"],"picked":"SKIP","floor":35.0},{"not_picked":["All Out Attack","Tactician","Slice"],"picked":"SKIP","floor":40.0},{"not_picked":["Cloak And Dagger","Escape Plan","Infinite Blades+1"],"picked":"SKIP","floor":41.0},{"not_picked":["Cloak And Dagger","Infinite Blades+1"],"picked":"Escape Plan","floor":41.0},{"not_picked":["Doppelganger","Blur","PiercingWail"],"picked":"SKIP","floor":42.0}],"player_experience":234682,"relics_obtained":[{"floor":9.0,"key":"Thread and Needle"},{"floor":23.0,"key":"Oddly Smooth Stone"},{"floor":25.0,"key":"Darkstone Periapt"},{"floor":26.0,"key":"Blue Candle"},{"floor":27.0,"key":"Pear"},{"floor":29.0,"key":"Unceasing Top"},{"floor":36.0,"key":"Calipers"},{"floor":40.0,"key":"Eternal Feather"},{"floor":42.0,"key":"Bottled Flame"},{"floor":43.0,"key":"Bronze Scales"}],"event_choices":[{"damage_healed":0.0,"max_hp_gain":0.0,"max_hp_loss":0.0,"gold_gain":75.0,"event_name":"World of Goop","player_choice":"Gather Gold","floor":2.0,"gold_loss":0.0,"damage_taken":11.0},{"damage_healed":0.0,"max_hp_gain":0.0,"max_hp_loss":0.0,"gold_gain":0.0,"event_name":"Shining Light","player_choice":"Entered Light","floor":3.0,"gold_loss":0.0,"damage_taken":20.0,"cards_upgraded":["Defend_G","Defend_G"]},{"cards_removed":["Injury"],"damage_healed":0.0,"max_hp_gain":0.0,"max_hp_loss":0.0,"gold_gain":0.0,"event_name":"The Cleric","player_choice":"Card Removal","floor":5.0,"gold_loss":75.0,"damage_taken":0.0},{"damage_healed":0.0,"max_hp_gain":0.0,"max_hp_loss":0.0,"gold_gain":0.0,"event_name":"Drug Dealer","player_choice":"Inject Mutagens","floor":21.0,"gold_loss":0.0,"damage_taken":0.0,"relics_obtained":["MutagenicStrength"]},{"damage_healed":0.0,"max_hp_gain":0.0,"max_hp_loss":0.0,"gold_gain":0.0,"event_name":"Ghosts","player_choice":"Ignored","floor":22.0,"gold_loss":0.0,"damage_taken":0.0},{"damage_healed":0.0,"max_hp_gain":0.0,"max_hp_loss":0.0,"gold_gain":0.0,"event_name":"Upgrade Shrine","player_choice":"Upgraded","floor":30.0,"gold_loss":0.0,"damage_taken":0.0,"cards_upgraded":["Phantasmal Killer"]},{"damage_healed":0.0,"max_hp_gain":0.0,"max_hp_loss":0.0,"gold_gain":0.0,"event_name":"MindBloom","player_choice":"Fight","floor":36.0,"gold_loss":0.0,"damage_taken":0.0},{"cards_removed":["Defend_G"],"damage_healed":0.0,"max_hp_gain":0.0,"max_hp_loss":0.0,"gold_gain":0.0,"event_name":"Falling","player_choice":"Removed Skill","floor":38.0,"gold_loss":0.0,"damage_taken":0.0},{"damage_healed":0.0,"max_hp_gain":0.0,"max_hp_loss":0.0,"gold_gain":0.0,"event_name":"SensoryStone","player_choice":"Memory 1","floor":39.0,"gold_loss":0.0,"damage_taken":0.0},{"damage_healed":0.0,"max_hp_gain":0.0,"max_hp_loss":4.0,"gold_gain":0.0,"event_name":"Winding Halls","player_choice":"Max HP","floor":47.0,"gold_loss":0.0,"damage_taken":0.0}],"is_beta":false,"boss_relics":[{"not_picked":["SlaversCollar","Busted Crown"],"picked":"WristBlade"},{"not_picked":["Black Star","Pandora\u0027s Box"],"picked":"Empty Cage"}],"items_purged_floors":[7,19,37],"is_endless":false,"potions_floor_spawned":[12,13,16,20,23,25,29,42,48],"killed_by":"Time Eater","ascension_level":16}}