{"host":"fl6c84p0pqwjbhud","time":1613063336,"event":{"mods":["AchievementEnabler","BaseMod","Better Altar","Better Match","Better Note","Better Sensory Stone","Better Skull","Better Third Choice","Better Vampires","Better-Laid Plans","Colored Map","Defuse TimeMaze Blight","Displayed Cursed Tome","Energized Spire","Highlight Path","Minty Spire (QoL Compilation)","Permanent Neow","Quick Restart","Relic Sorter","StSLib","Synergy Search","Transform Curses"],"gold_per_floor":[118,118,128,128,146,146,164,174,197,197,231,231,241,241,241,340,390,408,408,8,22,22,22,22,22,94,113,113,35,35,50,50,154,154,169,169,169,182,199,199,199],"floor_reached":40,"language":"ENG","playtime":1825,"items_purged":[],"score":405,"play_id":"e4ba0da1-8948-4e38-8a4c-9805f7f9e6f2","local_time":"20210211180856","is_ascension_mode":true,"campfire_choices":[{"floor":6.0,"key":"REST"},{"floor":10.0,"key":"REST"},{"floor":12.0,"key":"REST"},{"data":"Go for the Eyes","floor":15.0,"key":"SMITH"},{"data":"Storm","floor":23,"key":"SMITH"},{"data":"Blizzard","floor":25,"key":"SMITH"},{"floor":28,"key":"REST"},{"floor":32,"key":"REST"}],"circlet_count":0,"master_deck":["Strike_B","Strike_B","Strike_B","Strike_B+1","Defend_B","Defend_B","Defend_B","Defend_B","Zap+1","Dualcast","Beam Cell+1","Stack","Cold Snap","Seek","Compile Driver","Go for the Eyes+1","Seek","Chill","Ball Lightning+1","Dramatic Entrance+1","Violence","The Bomb","Storm+1","White Noise+1","Blizzard+1","Capacitor","Defragment","Beam Cell","Buffer","Ball Lightning","Redo+1","Rebound+1"],"relics":["Cracked Core","Bronze Scales","Orichalcum","Tiny Chest","Pen Nib","Tiny House","Whetstone","Kunai","Bottled Tornado","Torii","energizedSpire:RedRose","Emotion Chip"],"acts_visited":["Exordium","TheCity","TheBeyond"],"potions_floor_usage":[18,31,33,40],"damage_taken":[{"damage":6.0,"enemies":"2 Louse","floor":1.0,"turns":2.0},{"damage":0.0,"enemies":"Small Slimes","floor":3.0,"turns":2.0},{"damage":0.0,"enemies":"Cultist","floor":5.0,"turns":3.0},{"damage":14.0,"enemies":"Lots of Slimes","floor":7.0,"turns":3.0},{"damage":13.0,"enemies":"Red Slaver","floor":8.0,"turns":2.0},{"damage":3.0,"enemies":"3 Sentries","floor":11.0,"turns":6.0},{"damage":1.0,"enemies":"2 Fungi Beasts","floor":13.0,"turns":2.0},{"damage":41.0,"enemies":"The Guardian","floor":16.0,"turns":10.0},{"damage":3,"enemies":"Spheric Guardian","floor":18,"turns":3},{"damage":1,"enemies":"Chosen","floor":21,"turns":4},{"damage":15,"enemies":"3 Cultists","floor":27,"turns":4},{"damage":15,"enemies":"Snake Plant","floor":31,"turns":3},{"damage":54,"enemies":"Automaton","floor":33,"turns":8},{"damage":16,"enemies":"3 Shapes","floor":35,"turns":3},{"damage":28,"enemies":"3 Darklings","floor":38,"turns":4},{"damage":14,"enemies":"Spire Growth","floor":39,"turns":4},{"damage":27,"enemies":"Giant Head","floor":40,"turns":7}],"seed_played":"-4038354105590089084","potions_obtained":[{"floor":1.0,"key":"FearPotion"},{"floor":3.0,"key":"ColorlessPotion"},{"floor":8.0,"key":"DuplicationPotion"},{"floor":17,"key":"DuplicationPotion"},{"floor":27,"key":"SkillPotion"},{"floor":31,"key":"PowerPotion"},{"floor":33,"key":"BlessingOfTheForge"},{"floor":38,"key":"Block Potion"}],"is_trial":false,"path_per_floor":["M","?","M","?","M","R","M","M","T","R","E","R","M","?","R","B",null,"M","?","$","M","?","R","T","R","T","M","R","$","T","M","R","B",null,"M","?","T","M","M","E"],"character_chosen":"DEFECT","items_purchased":["The Bomb","Storm","Whetstone","Defragment"],"campfire_rested":5,"item_purchase_floors":[20,20,20,29],"current_hp_per_floor":[69,69,69,69,69,75,61,48,48,70,67,75,74,74,74,33,80,77,77,77,76,76,76,76,76,76,61,80,80,80,65,80,26,80,64,64,64,36,22,0,0],"gold":199,"neow_bonus":"RANDOM_COMMON_RELIC","is_daily":false,"chose_seed":false,"campfire_upgraded":3,"win_rate":0.0,"timestamp":1613063336,"path_taken":["M","?","M","?","M","R","M","M","T","R","E","R","M","?","R","BOSS","BOSS","M","?","$","M","?","R","?","R","T","?","R","$","?","M","R","BOSS","M","?","?","M","M","E"],"items_purchased_type":["Card","Card","Relic","Card"],"build_version":"2020-12-22","purchased_purges":0,"victory":false,"max_hp_per_floor":[75,75,75,75,75,75,75,75,75,75,75,75,75,75,75,75,80,80,80,80,80,80,80,80,80,80,80,80,80,80,80,80,80,80,80,76,76,76,76,76,76],"card_choices":[{"not_picked":["Melter","Leap"],"picked":"Beam Cell","floor":1.0},{"not_picked":["Leap","Compile Driver"],"picked":"Stack","floor":3.0},{"not_picked":["Rebound","Sunder"],"picked":"Cold Snap","floor":5.0},{"not_picked":["Rebound","Force Field"],"picked":"Seek","floor":7.0},{"not_picked":["Glacier","Barrage"],"picked":"Compile Driver","floor":8.0},{"not_picked":["Force Field","Reprogram","Tempest"],"picked":"SKIP","floor":11.0},{"not_picked":["Streamline","Lockon"],"picked":"Go for the Eyes","floor":13.0},{"not_picked":["Fission","Thunder Strike"],"picked":"Seek","floor":16},{"not_picked":["Auto Shields","Sweeping Beam"],"picked":"Chill","floor":17},{"not_picked":["Consume","Aggregate+1"],"picked":"Ball Lightning+1","floor":18},{"not_picked":["Flash of Steel","Finesse"],"picked":"Dramatic Entrance","floor":19},{"not_picked":["Blind","Madness"],"picked":"Violence","floor":19},{"not_picked":["Stack+1","Doom and Gloom"],"picked":"White Noise+1","floor":21},{"not_picked":["Beam Cell+1","Leap"],"picked":"Capacitor","floor":27},{"not_picked":["Double Energy","Leap+1"],"picked":"Beam Cell","floor":31},{"not_picked":["Reboot","Meteor Strike"],"picked":"Buffer","floor":33},{"not_picked":["Streamline+1","Steam Power"],"picked":"Ball Lightning","floor":35},{"not_picked":["Steam","Genetic Algorithm"],"picked":"Redo+1","floor":38},{"not_picked":["Tempest+1","Reprogram+1"],"picked":"Rebound+1","floor":39}],"player_experience":503438,"relics_obtained":[{"floor":9.0,"key":"Orichalcum"},{"floor":11.0,"key":"Tiny Chest"},{"floor":24,"key":"Kunai"},{"floor":26,"key":"Bottled Tornado"},{"floor":30,"key":"Torii"},{"floor":37,"key":"Emotion Chip"}],"event_choices":[{"damage_healed":0.0,"max_hp_gain":0.0,"max_hp_loss":0.0,"gold_gain":0.0,"event_name":"Golden Wing","player_choice":"Ignored","floor":2.0,"gold_loss":0.0,"damage_taken":0.0},{"damage_healed":0.0,"max_hp_gain":0.0,"max_hp_loss":0.0,"gold_gain":0.0,"event_name":"Living Wall","player_choice":"Grow","floor":4.0,"gold_loss":0.0,"damage_taken":0.0,"cards_upgraded":["Zap"]},{"damage_healed":0.0,"max_hp_gain":0.0,"max_hp_loss":0.0,"gold_gain":0.0,"event_name":"Big Fish","player_choice":"Box","floor":14.0,"gold_loss":0.0,"damage_taken":0.0,"relics_obtained":["Pen Nib"],"cards_obtained":["Regret"]},{"damage_healed":0,"gold_gain":2,"player_choice":"1","damage_taken":0,"max_hp_gain":0,"max_hp_loss":0,"event_name":"betterStone:BetterStone","floor":19,"gold_loss":0},{"damage_healed":0,"gold_gain":0,"cards_transformed":["Regret"],"player_choice":"Transformed","damage_taken":0,"max_hp_gain":0,"max_hp_loss":0,"event_name":"Transmorgrifier","floor":22,"gold_loss":0,"cards_obtained":["Blizzard"]},{"damage_healed":0,"gold_gain":0,"player_choice":"Max HP","damage_taken":0,"max_hp_gain":0,"max_hp_loss":4,"event_name":"Winding Halls","floor":36,"gold_loss":0}],"is_beta":false,"boss_relics":[{"not_picked":["SacredBark","Runic Pyramid"],"picked":"Tiny House"},{"not_picked":["energizedSpire:DeadBattery","Cursed Key"],"picked":"energizedSpire:RedRose"}],"items_purged_floors":[],"is_endless":false,"potions_floor_spawned":[1,3,8,27,31,33,38],"killed_by":"Giant Head","ascension_level":1}}