{"host":"9kesdg97wkrx2bva","time":1613084513,"event":{"mods":["AchievementEnabler","BaseMod","Colored Map","GifTheSpireLib","Infinite Spire","Minty Spire (QoL Compilation)","Replay The Spire","StSLib"],"gold_per_floor":[115,133,30,30,45,45,64,83,163,163,163,179,179,179,179,253,253,269,269,286,111,129,129,147,166,247,247,247,247,259,259,259],"floor_reached":31,"language":"ENG","playtime":868,"items_purged":["Strike_G","Strike_G","Strike_G"],"score":412,"play_id":"e7f63b2b-4d2f-450a-a9be-f6675c9fe76f","local_time":"20210211170153","is_ascension_mode":true,"campfire_choices":[{"data":"Deadly Poison","floor":6,"key":"SMITH"},{"data":"Prepared","floor":10,"key":"SMITH"},{"data":"Bouncing Flask","floor":13,"key":"SMITH"},{"data":"Replay:Poison Smokescreen","floor":15,"key":"SMITH"},{"data":"Envenom","floor":23,"key":"SMITH"},{"floor":27,"key":"REST"}],"circlet_count":0,"master_deck":["AscendersBane","Strike_G","Strike_G","Defend_G","Defend_G","Defend_G","Defend_G","Defend_G","Survivor","Neutralize","ReplayTheSpireMod:Speed Training","Sucker Punch","Deadly Poison+1","Dagger Throw","Replay:Poison Smokescreen+1","Prepared+1","Bouncing Flask+1","Spreading Infection","Envenom+1","Prepared+1","ReplayTheSpireMod:Scrap Shanks","Accuracy"],"relics":["Ring of the Snake","NeowsBlessing","infinitespire:Golems Mask","infinitespire:CheckeredPen","Oddly Smooth Stone","Ring of Peace","Philosopher\u0027s Stone","Singing Bowl","infinitespire:Satchel"],"acts_visited":["Exordium","TheCity"],"potions_floor_usage":[16,20,20,24,25,31,31],"damage_taken":[{"damage":0,"enemies":"2 Louse","floor":1,"turns":1},{"damage":0,"enemies":"Cultist","floor":2,"turns":1},{"damage":0,"enemies":"Small Slimes","floor":5,"turns":1},{"damage":4,"enemies":"Looter","floor":7,"turns":4},{"damage":9,"enemies":"Blue Slaver","floor":8,"turns":3},{"damage":0,"enemies":"2 Fungi Beasts","floor":12,"turns":3},{"damage":4,"enemies":"Hexaghost","floor":16,"turns":7},{"damage":5,"enemies":"Shell Parasite","floor":18,"turns":4},{"damage":12,"enemies":"3 Byrds","floor":20,"turns":4},{"damage":0,"enemies":"Centurion and Healer","floor":22,"turns":6},{"damage":42,"enemies":"3 Cultists","floor":24,"turns":6},{"damage":0,"enemies":"Snake Plant","floor":25,"turns":3},{"damage":0,"enemies":"Snecko","floor":30,"turns":4},{"damage":24,"enemies":"Sentry and Sphere","floor":31,"turns":3}],"seed_played":"-1300392211934053908","potions_obtained":[{"floor":1,"key":"ColorlessPotion"},{"floor":12,"key":"AttackPotion"},{"floor":16,"key":"Poison Potion"},{"floor":18,"key":"BlessingOfTheForge"},{"floor":22,"key":"Swift Potion"},{"floor":24,"key":"Dexterity Potion"},{"floor":25,"key":"SneckoOil"},{"floor":30,"key":"Ancient Potion"}],"is_trial":false,"path_per_floor":["M","M","$","?","M","R","M","M","T","R","?","M","R","?","R","B",null,"M","?","M","$","M","R","M","M","T","R","AVR","?","M","M"],"character_chosen":"THE_SILENT","items_purchased":["Deadly Poison","ReplayTheSpireMod:Scrap Shanks"],"campfire_rested":1,"item_purchase_floors":[3,21],"current_hp_per_floor":[59,59,59,59,59,59,55,46,46,46,46,46,46,46,46,42,60,55,55,43,43,43,43,1,1,1,20,20,20,22,0,0],"gold":259,"neow_bonus":"THREE_ENEMY_KILL","is_daily":false,"chose_seed":false,"campfire_upgraded":5,"win_rate":0.0,"timestamp":1613084513,"path_taken":["M","M","$","?","?","R","M","M","T","R","?","?","R","?","R","BOSS","M","?","M","$","M","R","M","M","T","R","AVR","?","M","?"],"items_purchased_type":["Card","Card"],"build_version":"2020-12-22","purchased_purges":3,"victory":false,"max_hp_per_floor":[66,66,66,66,66,66,66,66,66,66,66,66,66,66,66,66,66,66,66,66,66,66,66,66,66,66,66,66,66,68,68,68],"card_choices":[{"not_picked":["ReplayTheSpireMod:The Works","Backflip"],"picked":"ReplayTheSpireMod:Speed Training","floor":1},{"not_picked":["Sneak Up","Cloak And Dagger"],"picked":"Sucker Punch","floor":2},{"not_picked":["Accuracy","Endless Agony"],"picked":"Dagger Throw","floor":5},{"not_picked":["Quick Slash","Dagger Spray"],"picked":"Replay:Poison Smokescreen","floor":7},{"not_picked":["Sneak Up","Deflect"],"picked":"Prepared","floor":8},{"not_picked":["ReplayTheSpireMod:Scrap Shanks","Blade Dance"],"picked":"Bouncing Flask","floor":12},{"not_picked":["Doppelganger","ReplayTheSpireMod:Necrosis"],"picked":"Envenom","floor":16},{"not_picked":["Outmaneuver","Underhanded Strike","Dodge and Roll+1"],"picked":"SKIP","floor":18},{"not_picked":["Outmaneuver","Acrobatics"],"picked":"Prepared","floor":20},{"not_picked":["ReplayTheSpireMod:Exploit Weakness","Distraction","Reflex"],"picked":"SKIP","floor":22},{"not_picked":["Escape Plan","Dodge and Roll","Dagger Throw"],"picked":"SKIP","floor":24},{"not_picked":["Setup","Concentrate"],"picked":"Accuracy","floor":25},{"not_picked":["PiercingWail","Sucker Punch","Setup"],"picked":"Singing Bowl","floor":30}],"player_experience":1030851,"relics_obtained":[{"floor":4,"key":"infinitespire:Golems Mask"},{"floor":9,"key":"infinitespire:CheckeredPen"},{"floor":14,"key":"Ring of Peace"},{"floor":26,"key":"Singing Bowl"}],"event_choices":[{"damage_healed":0,"gold_gain":0,"player_choice":"Relic","damage_taken":0,"max_hp_gain":0,"max_hp_loss":0,"event_name":"Wheel of Change","floor":4,"gold_loss":0},{"damage_healed":0,"gold_gain":0,"player_choice":"Gave Potion","damage_taken":0,"relics_obtained":["Oddly Smooth Stone"],"max_hp_gain":0,"max_hp_loss":0,"event_name":"WeMeetAgain","floor":11,"gold_loss":0},{"damage_healed":0,"gold_gain":0,"player_choice":"Ignored","damage_taken":0,"max_hp_gain":0,"max_hp_loss":0,"event_name":"The Mausoleum","floor":19,"gold_loss":0},{"damage_healed":0,"gold_gain":0,"player_choice":"Upgraded","damage_taken":0,"max_hp_gain":0,"max_hp_loss":0,"event_name":"Upgrade Shrine","floor":29,"gold_loss":0,"cards_upgraded":["Prepared"]}],"is_beta":false,"boss_relics":[{"not_picked":["Painkiller Herb","Coffee Dripper"],"picked":"Philosopher\u0027s Stone"}],"items_purged_floors":[3,21,28],"is_endless":false,"potions_floor_spawned":[1,12,16,18,22,24,25,30],"killed_by":"Sentry and Sphere","ascension_level":16}}