{"host":"0hb9w7uizu7y13wj","time":1613066609,"event":{"mods":["Act Like it!","Aspiration","BaseMod","BetterRewards","Colored Map","Conspire","Downfall","Energized Spire","FTL Soundtrack","Friendly Minions","Halation","Hubris","Infinite Spire","Minty Spire (QoL Compilation)","Quick Restart","Replay The Spire","StSLib","Synergy Search","The Hierophant","The Jungle","The Poker Player","Trackpad","everything is the same but u backflip on backflip"],"gold_per_floor":[119,194,205,219,219,249,249,274,301,331,331,331,360,379,379,455,455,475,475,491,491,491,491,491],"floor_reached":23,"language":"ENG","playtime":762,"items_purged":[],"score":984,"play_id":"5816430f-c448-445d-b9a4-d61d7380b671","local_time":"20210211180329","is_ascension_mode":true,"campfire_choices":[{"data":"Bash","floor":7,"key":"SMITH"},{"data":"Limit Break","floor":7,"key":"SMITH"},{"data":"Metallicize","floor":12,"key":"SMITH"},{"floor":15,"key":"DIG"}],"circlet_count":0,"master_deck":["AscendersBane","Strike_R","Strike_R","Strike_R","Strike_R","Defend_R","Defend_R","Defend_R","Defend_R","Bash+1","ReplayTheSpireMod:Private Reserves","Feel No Pain","Swift Strike","Bandage Up","Feel No Pain","Metallicize+1","Whirlwind","Swift Strike","Limit Break+1","Pummel","Infernal Blade+1","Replay:Many Hands+1"],"relics":["Burning Blood","Mummified Hand","halation:OrihimeAndHikoboshiSamaAndTears","Torii","Replay:Rubber Ducky","Brimstone","WingedGreaves","Bronze Scales","hubris:64BitClover","halation:PenCase","aspiration:ChemicalBlood","infinitespire:Beetle Shell","aspiration:Lifesprig","PreservedInsect","Shovel","trackpad:PetRock","conspire:RunicOctahedron","halation:KoshaPiece"],"acts_visited":["Exordium","TheCity"],"potions_floor_usage":[6,23,23],"damage_taken":[{"damage":0.0,"enemies":"Cultist","floor":1.0,"turns":3.0},{"damage":7.0,"enemies":"Jaw Worm","floor":3.0,"turns":3.0},{"damage":0.0,"enemies":"Small Slimes","floor":4.0,"turns":1.0},{"damage":0,"enemies":"Gremlin Nob","floor":6,"turns":3},{"damage":0,"enemies":"Lagavulin","floor":8,"turns":4},{"damage":0,"enemies":"Gremlin Nob","floor":10,"turns":3},{"damage":0,"enemies":"3 Sentries","floor":13,"turns":2},{"damage":0,"enemies":"Exordium Thugs","floor":14,"turns":2},{"damage":0,"enemies":"Fading Forest","floor":16,"turns":10},{"damage":0,"enemies":"Chosen","floor":18,"turns":2},{"damage":6,"enemies":"3 Byrds","floor":20,"turns":3},{"damage":44,"enemies":"Nightmare","floor":23,"turns":4}],"seed_played":"8752011053584527731","potions_obtained":[{"floor":1.0,"key":"Regen Potion"},{"floor":4.0,"key":"EntropicBrew"},{"floor":13,"key":"ColorlessPotion"}],"is_trial":false,"path_per_floor":["M","?","M","M","$","E","R","E","T","E","?","R","E","M","R","B",null,"M","?","M","?","HB","NM"],"character_chosen":"IRONCLAD","items_purchased":["Mummified Hand","Torii","Replay:Rubber Ducky","Brimstone","ReplayTheSpireMod:Private Reserves","Feel No Pain","Bronze Scales","Swift Strike","Bandage Up","Feel No Pain","Metallicize","Whirlwind","Swift Strike"],"campfire_rested":0,"item_purchase_floors":[0,0,0,0,0,0,0,0,0,0,0,0,0],"current_hp_per_floor":[31,20,23,29,29,48,48,58,58,68,68,68,75,75,75,75,75,75,75,75,75,38,0,0],"gold":491,"neow_bonus":"","is_daily":false,"chose_seed":false,"campfire_upgraded":3,"win_rate":0.0,"timestamp":1613066609,"path_taken":["M","?","M","M","$","E","R","E","T","E","?","R","E","M","R","BOSS","M","?","?","?","HB","NM"],"items_purchased_type":["Relic","Relic","Relic","Relic","Card","Card","Relic","Card","Card","Card","Card","Card","Card"],"build_version":"2020-12-22","purchased_purges":0,"victory":false,"max_hp_per_floor":[75,75,75,75,75,75,75,75,75,75,75,75,75,75,75,75,75,75,75,75,75,38,38,38],"card_choices":[{"not_picked":["Infernal Blade","Anger","ReplayTheSpireMod:Strike From Hell"],"picked":"SKIP","floor":1.0},{"not_picked":["Headbutt","Shrug It Off"],"picked":"Limit Break","floor":3.0},{"not_picked":["Abandon","hubris:SharpeningStone","Clothesline"],"picked":"SKIP","floor":4.0},{"not_picked":["Shrug It Off","Intimidate"],"picked":"Pummel","floor":6},{"not_picked":["Blood for Blood","Combust","Replay:Undeath\u0027s Touch"],"picked":"SKIP","floor":8},{"not_picked":["ReplayTheSpireMod:Muscle Training","Fire Breathing","Shockwave"],"picked":"SKIP","floor":10},{"not_picked":["hubris:ReadiedAction","Replay:Undeath\u0027s Touch","Cleave"],"picked":"SKIP","floor":13},{"not_picked":["Intimidate","Wild Strike","Armaments"],"picked":"SKIP","floor":14},{"not_picked":["Juggernaut","Bludgeon"],"picked":"Replay:Many Hands","floor":16},{"not_picked":["Havoc","Shrug It Off","Heavy Blade"],"picked":"SKIP","floor":18},{"not_picked":["Entrench+1","Headbutt","hubris:CleavingFinish"],"picked":"SKIP","floor":20}],"player_experience":988339,"relics_obtained":[{"floor":6,"key":"aspiration:ChemicalBlood"},{"floor":8,"key":"infinitespire:Beetle Shell"},{"floor":9,"key":"aspiration:Lifesprig"},{"floor":10,"key":"PreservedInsect"},{"floor":13,"key":"Shovel"},{"floor":15,"key":"trackpad:PetRock"},{"floor":20,"key":"halation:KoshaPiece"}],"event_choices":[{"damage_healed":0.0,"max_hp_gain":0.0,"max_hp_loss":0.0,"gold_gain":75.0,"event_name":"World of Goop","player_choice":"Gather Gold","floor":2.0,"gold_loss":0.0,"damage_taken":11.0},{"damage_healed":0,"gold_gain":0,"player_choice":"Upgraded","damage_taken":0,"max_hp_gain":0,"max_hp_loss":0,"event_name":"Upgrade Shrine","floor":19,"gold_loss":0,"cards_upgraded":["Replay:Many Hands"]}],"is_beta":false,"boss_relics":[{"not_picked":["Ooze Armor","Velvet Choker"],"picked":"conspire:RunicOctahedron"}],"items_purged_floors":[],"is_endless":false,"potions_floor_spawned":[1,4,13,14,16,20],"killed_by":"Nightmare","ascension_level":20}}