{"host":"4atjpfa3b4v97p31","time":1613048048,"event":{"mods":["AchievementEnabler","Act Like it!","BaseMod","BetterRewards","Colored Map","Downfall","Friendly Minions","Minty Spire (QoL Compilation)","Shop Mod","StSLib","The Animator"],"gold_per_floor":[109,109,138,158,74,74,107,107,107,143,176,201,236,258,258,389,439,473,473,481,515,133,133,181,205,228,228,269,269,281,293,293],"floor_reached":31,"language":"ZHS","playtime":3232,"items_purged":["animator:Verdia"],"score":415,"play_id":"9ea4467d-fcdd-4780-88c4-8c773f4c65aa","local_time":"20210211205408","is_ascension_mode":true,"campfire_choices":[{"data":"animator:Aqua","floor":6,"key":"SMITH"},{"data":"animator:Eris","floor":15,"key":"SMITH"},{"data":"animator:Albedo","floor":23,"key":"SMITH"},{"data":"animator:Darkness","floor":27,"key":"SMITH"}],"circlet_count":0,"master_deck":["animator:Strike_Konosuba+1","animator:Defend_Konosuba+1","animator:Strike","animator:Strike+1","animator:Strike","animator:Defend","animator:Kazuma","animator:Aqua+1","animator:Fredrika","animator:Elesis+1","animator:Chris","animator:Canti+1","animator:PandorasActor","animator:Eris+1","animator:Chris","animator:Shuna","animator:Albedo+1","animator:Ara","animator:Darkness+1","animator:Guy","animator:Raven","animator:Tet+1","animator:Viivi","animator:Darkness"],"relics":["animator:LivingPicture","animator:TheMissingPiece","Strawberry","animator:OldCoffin","Bag of Marbles","Tiny House","Paper Frog","Whetstone","InkBottle"],"acts_visited":["Exordium","TheCity"],"potions_floor_usage":[11,13,20,21,28,30],"damage_taken":[{"damage":0,"enemies":"Small Slimes","floor":1,"turns":5},{"damage":0,"enemies":"2 Louse","floor":3,"turns":2},{"damage":4,"enemies":"Cultist","floor":4,"turns":3},{"damage":23,"enemies":"Lagavulin","floor":7,"turns":5},{"damage":2,"enemies":"Lots of Slimes","floor":10,"turns":5},{"damage":2,"enemies":"Large Slime","floor":11,"turns":3},{"damage":2,"enemies":"Exordium Thugs","floor":12,"turns":5},{"damage":13,"enemies":"Gremlin Nob","floor":13,"turns":3},{"damage":2,"enemies":"3 Louse","floor":14,"turns":2},{"damage":45,"enemies":"Hexaghost","floor":16,"turns":12},{"damage":5,"enemies":"Shell Parasite","floor":18,"turns":7},{"damage":2,"enemies":"3 Byrds","floor":20,"turns":2},{"damage":60,"enemies":"Centurion and Healer","floor":21,"turns":13},{"damage":23,"enemies":"Book of Stabbing","floor":24,"turns":6},{"damage":10,"enemies":"Snake Plant","floor":25,"turns":3},{"damage":29,"enemies":"Slavers","floor":28,"turns":6},{"damage":2,"enemies":"Snecko","floor":30,"turns":3},{"damage":12,"enemies":"Centurion and Healer","floor":31,"turns":5}],"seed_played":"-8107598719795169806","potions_obtained":[{"floor":1,"key":"SmokeBomb"},{"floor":7,"key":"PowerPotion"},{"floor":10,"key":"Dexterity Potion"},{"floor":11,"key":"Fire Potion"},{"floor":16,"key":"FearPotion"},{"floor":18,"key":"Regen Potion"},{"floor":24,"key":"CultistPotion"},{"floor":25,"key":"BlessingOfTheForge"},{"floor":28,"key":"AttackPotion"}],"is_trial":false,"path_per_floor":["M","?","M","M","$","R","E","?","T","M","M","M","E","M","R","B",null,"M","?","M","M","$","R","E","M","T","R","E","?","M","M"],"character_chosen":"THE_ANIMATOR","items_purchased":["animator:Canti","Paper Frog","animator:Guy"],"campfire_rested":0,"item_purchase_floors":[5,22,22],"current_hp_per_floor":[61,61,63,61,61,61,49,49,49,50,51,55,45,46,46,11,64,68,68,75,38,38,38,25,24,24,24,4,4,8,5,5],"gold":293,"neow_bonus":"REMOVE_CARD","is_daily":false,"chose_seed":false,"campfire_upgraded":4,"win_rate":0.0,"timestamp":1613048048,"path_taken":["M","?","M","M","$","R","E","?","T","M","M","M","E","M","R","BOSS","M","?","?","M","$","R","E","M","T","R","E","?","M","M"],"items_purchased_type":["Card","Relic","Card"],"build_version":"2020-12-22","purchased_purges":1,"victory":false,"max_hp_per_floor":[66,66,66,66,66,66,74,74,74,74,74,74,74,74,74,75,80,80,80,80,81,81,81,82,82,82,82,82,82,82,82,82],"card_choices":[{"not_picked":["animator:Raven","animator:Kazuma"],"picked":"animator:Fredrika","floor":1},{"not_picked":["animator:Tatsumaki","animator:DolaRiku"],"picked":"animator:Chris","floor":3},{"not_picked":["animator:Fredrika","animator:Aisha","animator:Tatsumaki"],"picked":"SKIP","floor":4},{"not_picked":["animator:Chris","animator:Mitsurugi"],"picked":"animator:Verdia","floor":7},{"not_picked":["animator:Guy","animator:Tatsumaki"],"picked":"animator:PandorasActor","floor":10},{"not_picked":["animator:MetalKnight","animator:Shuna"],"picked":"animator:Eris","floor":11},{"not_picked":["animator:Vanir","animator:Shion","animator:SilverFang"],"picked":"SKIP","floor":12},{"not_picked":["animator:Vanir","animator:Kazuma"],"picked":"animator:Chris","floor":13},{"not_picked":["animator:Genos","animator:Kaijin"],"picked":"animator:Shuna","floor":14},{"not_picked":["animator:Sora","animator:Eris"],"picked":"animator:Albedo","floor":16},{"not_picked":["animator:Aqua","animator:Ciel"],"picked":"animator:Ara","floor":18},{"not_picked":["animator:Vanir","animator:Verdia"],"picked":"animator:Darkness","floor":21},{"not_picked":["animator:Chung","animator:Benimaru"],"picked":"animator:Raven","floor":24},{"not_picked":["animator:MetalKnight","animator:Gillette"],"picked":"animator:Tet+1","floor":25},{"not_picked":["animator:DolaCouronne","animator:MumenRider"],"picked":"animator:Viivi","floor":28},{"not_picked":["animator:Verdia","animator:Mitsurugi"],"picked":"animator:Darkness","floor":30}],"player_experience":805863,"relics_obtained":[{"floor":7,"key":"Strawberry"},{"floor":9,"key":"animator:OldCoffin"},{"floor":13,"key":"Bag of Marbles"},{"floor":24,"key":"Whetstone"},{"floor":28,"key":"InkBottle"}],"event_choices":[{"damage_healed":0,"gold_gain":0,"cards_transformed":["animator:Defend"],"player_choice":"Change","damage_taken":0,"max_hp_gain":0,"max_hp_loss":0,"event_name":"Living Wall","floor":2,"gold_loss":0,"cards_obtained":["animator:Elesis"]},{"damage_healed":0,"gold_gain":0,"player_choice":"Upgraded","damage_taken":0,"max_hp_gain":0,"max_hp_loss":0,"event_name":"Upgrade Shrine","floor":8,"gold_loss":0,"cards_upgraded":["animator:Elesis"]},{"damage_healed":0,"gold_gain":0,"player_choice":"Bought 0 Potions","damage_taken":0,"max_hp_gain":0,"max_hp_loss":0,"event_name":"The Woman in Blue","floor":19,"gold_loss":0},{"damage_healed":0,"gold_gain":0,"player_choice":"Upgraded","damage_taken":0,"max_hp_gain":0,"max_hp_loss":0,"event_name":"Upgrade Shrine","floor":29,"gold_loss":0,"cards_upgraded":["animator:Canti"]}],"is_beta":false,"boss_relics":[{"not_picked":["Fusion Hammer","bronze:MakeshiftBattery"],"picked":"Tiny House"}],"items_purged_floors":[22],"is_endless":false,"potions_floor_spawned":[1,7,10,11,16,18,24,25,28],"killed_by":"Centurion and Healer","ascension_level":7}}