{"host":"ajxvnmsjfcleb5r5","time":1613021829,"event":{"mods":["2.2 Compatiblity","AchievementEnabler","BaseMod","Beaked The Cultist","Better Note","BetterRewards","Card Forge","Clockwork Mod","Colored Powertips","DNKmod","Friendly Minions","Infinite Spire","Minty Spire (QoL Compilation)","Quick Restart","Shop Mod","StSLib","SuperFastMode"],"gold_per_floor":[112,132,150,150,169,203,203,215,242,260,292,292,367,113,113,217,267,284,284,307,307,307,335,335,352,352,352,352,387,387,387,387,485,485,502,502,514,514,529,555,603,631,685,685,685,685,685,703,703,703],"floor_reached":51,"language":"KOR","playtime":1970,"items_purged":[],"score":1074,"play_id":"244ada6a-8c04-48f9-940b-cf1295c4ec65","local_time":"20210211143709","is_ascension_mode":false,"campfire_choices":[{"floor":15.0,"key":"REST"},{"data":"Clockwork:SystemScan","floor":24.0,"key":"SMITH"},{"data":"Clockwork:UnlimitedCogworks","floor":27.0,"key":"SMITH"},{"data":"Clockwork:SystemHardening","floor":32.0,"key":"SMITH"},{"data":"Clockwork:Handicap","floor":45,"key":"SMITH"},{"floor":49,"key":"RECALL"}],"circlet_count":1,"master_deck":["Clockwork:WarmUp+1","Clockwork:AssemblyLine+1","Clockwork:AssemblyLine+1","Clockwork:AssemblyLine+1","Clockwork:SystemHardening+1","Clockwork:CogBarrier+1","Clockwork:Inspiration+1","Clockwork:UnlimitedCogworks+1","infinitespire:Collect+1"],"relics":["Clockwork:MomentumEngine","Hammer of Thor","Seething Fire","Anvil of the Gods","infinitespire:PuzzleCube","Tiny Chest","NeowsBlessing","Juzu Bracelet","Oddly Smooth Stone","Circlet","Toxic Egg 2","Letter Opener","infinitespire:Lucky Rock","Clockwork:SomewhatSmoothStone","WingedGreaves","Shuriken","Tiny House","Clockwork:Varja","Nloth\u0027s Gift","Orichalcum","PreservedInsect","HornCleat","Black Star","Calipers","Matryoshka","Pen Nib","TungstenRod","Philosopher\u0027s Stone","Gremlin Horn","Du-Vu Doll","Ice Cream","InkBottle","Eternal Feather","Whetstone","MealTicket"],"acts_visited":["Exordium","TheCity","TheBeyond"],"potions_floor_usage":[41],"damage_taken":[{"damage":0.0,"enemies":"Jaw Worm","floor":1.0,"turns":3.0},{"damage":0.0,"enemies":"Small Slimes","floor":2.0,"turns":3.0},{"damage":0.0,"enemies":"infinitespire:Voidling","floor":3.0,"turns":1.0},{"damage":41.0,"enemies":"Exordium Wildlife","floor":5.0,"turns":6.0},{"damage":18.0,"enemies":"3 Sentries","floor":6.0,"turns":4.0},{"damage":0.0,"enemies":"2 Fungi Beasts","floor":8.0,"turns":3.0},{"damage":19.0,"enemies":"3 Louse","floor":10.0,"turns":4.0},{"damage":0.0,"enemies":"Gremlin Nob","floor":11.0,"turns":4.0},{"damage":0.0,"enemies":"Slime Boss","floor":16.0,"turns":4.0},{"damage":0.0,"enemies":"Shell Parasite","floor":18.0,"turns":3.0},{"damage":0.0,"enemies":"Book of Stabbing","floor":23.0,"turns":5.0},{"damage":0.0,"enemies":"Spheric Guardian","floor":25.0,"turns":3.0},{"damage":0.0,"enemies":"Slavers","floor":29.0,"turns":3.0},{"damage":11.0,"enemies":"Champ","floor":33.0,"turns":4.0},{"damage":0.0,"enemies":"3 Shapes","floor":35.0,"turns":2.0},{"damage":0,"enemies":"3 Darklings","floor":37,"turns":2},{"damage":0,"enemies":"Writhing Mass","floor":39,"turns":2},{"damage":0,"enemies":"Nemesis","floor":40,"turns":3},{"damage":0,"enemies":"2 Orb Walkers","floor":41,"turns":2},{"damage":0,"enemies":"Reptomancer","floor":42,"turns":2},{"damage":0,"enemies":"4 Shapes","floor":48,"turns":2},{"damage":0,"enemies":"Donu and Deca","floor":50,"turns":2}],"seed_played":"-8294737585686620723","potions_obtained":[{"floor":2.0,"key":"Explosive Potion"},{"floor":3.0,"key":"Weak Potion"},{"floor":6.0,"key":"Energy Potion"},{"floor":17.0,"key":"BlessingOfTheForge"},{"floor":39,"key":"PowerPotion"},{"floor":48,"key":"Strength Potion"}],"is_trial":false,"path_per_floor":["M","M","M","?","M","E","?","M","T","M","E","$","?","$","R","B",null,"M","?","T","$","?","E","R","M","T","R","AVR","E","?","T","R","B",null,"M","?","M","?","M","E","?","E","T","T","R","?","?","M","R","B",null],"character_chosen":"CLOCKWORK","items_purchased":["Shuriken"],"campfire_rested":1,"item_purchase_floors":[14],"current_hp_per_floor":[85,85,85,85,48,32,32,34,34,17,19,19,8,8,33,35,90,90,90,90,90,90,90,90,90,90,90,90,90,90,90,90,79,90,90,69,69,69,69,69,69,69,69,69,75,75,75,75,81,81],"gold":703,"neow_bonus":"THREE_ENEMY_KILL","is_daily":false,"chose_seed":false,"campfire_upgraded":4,"win_rate":0.0,"timestamp":1613021829,"path_taken":["M","M","M","?","M","E","?","M","T","M","E","$","?","$","R","BOSS","M","?","?","?","?","E","R","M","T","R","AVR","E","?","?","R","BOSS","M","?","M","?","M","E","?","E","T","?","R","?","?","M","R","BOSS"],"items_purchased_type":["Relic"],"build_version":"2020-12-22","purchased_purges":0,"victory":true,"max_hp_per_floor":[85,85,85,85,85,85,85,85,85,85,85,85,85,85,85,85,90,90,90,90,90,90,90,90,90,90,90,90,90,90,90,90,90,90,90,90,90,90,90,90,90,90,90,90,90,85,85,85,85,85],"card_choices":[{"not_picked":["Clockwork:ForgeStrike","Clockwork:Enhance"],"picked":"Clockwork:SystemHardening","floor":1.0},{"not_picked":["Clockwork:SpurOn","Clockwork:Friction"],"picked":"Clockwork:EnthusiasticStrike","floor":2.0},{"not_picked":["Clockwork:Friction","Clockwork:SearchingStrike"],"picked":"Clockwork:CraftBloodPhial","floor":3.0},{"not_picked":["Clockwork:ReserveSystems","Clockwork:SpurOn"],"picked":"Clockwork:SystemScan","floor":5.0},{"not_picked":["Clockwork:QuantumStrike","Clockwork:DefectiveParts"],"picked":"Clockwork:CraftSomewhatSmoothStone","floor":6.0},{"not_picked":["Clockwork:Roundhouse","Clockwork:CogToss","Clockwork:SnapKeep"],"picked":"SKIP","floor":8.0},{"not_picked":["Clockwork:TestingEnvironment+1","Clockwork:Redundancy"],"picked":"Clockwork:CogBarrier+1","floor":10.0},{"not_picked":["Clockwork:Roundhouse","Clockwork:HoardingStrike","Clockwork:SnapKeep"],"picked":"SKIP","floor":11.0},{"not_picked":["Clockwork:TimeWalk+1","Clockwork:Halt+1"],"picked":"Clockwork:Inspiration+1","floor":16.0},{"not_picked":["Clockwork:CogShield+1","Clockwork:CogBarrier+1"],"picked":"Clockwork:CraftVarja+1","floor":17.0},{"not_picked":["Clockwork:Pluck","Clockwork:ReserveSystems+1"],"picked":"Clockwork:CraftSomewhatSmoothStone+1","floor":18.0},{"not_picked":["Clockwork:Randomization","Clockwork:RevUp","Clockwork:StasisBreak+1"],"picked":"SKIP","floor":23.0},{"not_picked":["Clockwork:CogToss+1","Clockwork:Roundhouse"],"picked":"Clockwork:UnlimitedCogworks","floor":25.0},{"not_picked":["Clockwork:StasisBreak","Clockwork:TiltAWhirl","Clockwork:CogShield+1"],"picked":"SKIP","floor":29.0},{"not_picked":["Clockwork:SpurOn+1","Clockwork:ChargingBlade","Clockwork:SystemHardening+1"],"picked":"SKIP","floor":35.0},{"not_picked":["infinitespire:UltimateForm","infinitespire:Punishment"],"picked":"infinitespire:Collect","floor":36.0},{"not_picked":["Clockwork:OccamsRazor+1","Clockwork:Minimalism+1","Clockwork:Redundancy+1"],"picked":"SKIP","floor":37},{"not_picked":["Clockwork:AdaptiveCannon","Clockwork:TestingEnvironment+1","Clockwork:Enhance+1"],"picked":"SKIP","floor":39},{"not_picked":["Clockwork:LiteraryArmor","Clockwork:ZeroPointEnergy"],"picked":"Clockwork:CraftVarja+1","floor":40},{"not_picked":["Clockwork:Pluck","Clockwork:Roundhouse+1"],"picked":"Clockwork:CraftSomewhatSmoothStone+1","floor":41},{"not_picked":["Clockwork:TimeOut+1","Clockwork:Efficiency","Clockwork:SystemScan+1"],"picked":"SKIP","floor":42},{"not_picked":["Clockwork:TimeOut+1","Clockwork:Minimalism+1","Clockwork:CogToss"],"picked":"SKIP","floor":48}],"player_experience":185576,"relics_obtained":[{"floor":4.0,"key":"Juzu Bracelet"},{"floor":6.0,"key":"Oddly Smooth Stone"},{"floor":9.0,"key":"infinitespire:Lucky Rock"},{"floor":11.0,"key":"WingedGreaves"},{"floor":20.0,"key":"Orichalcum"},{"floor":23.0,"key":"PreservedInsect"},{"floor":26.0,"key":"HornCleat"},{"floor":29.0,"key":"Calipers"},{"floor":29.0,"key":"Matryoshka"},{"floor":31.0,"key":"Pen Nib"},{"floor":31.0,"key":"TungstenRod"},{"floor":40,"key":"Dead Branch"},{"floor":40,"key":"Gremlin Horn"},{"floor":41,"key":"Du-Vu Doll"},{"floor":42,"key":"Ice Cream"},{"floor":42,"key":"InkBottle"},{"floor":43,"key":"Eternal Feather"},{"floor":43,"key":"Whetstone"},{"floor":44,"key":"MealTicket"}],"event_choices":[{"damage_healed":0.0,"max_hp_gain":0.0,"max_hp_loss":0.0,"gold_gain":0.0,"event_name":"WeMeetAgain","player_choice":"Gave Potion","floor":7.0,"gold_loss":0.0,"damage_taken":0.0,"relics_obtained":["Letter Opener"]},{"damage_healed":0.0,"max_hp_gain":0.0,"max_hp_loss":0.0,"gold_gain":75.0,"event_name":"World of Goop","player_choice":"Gather Gold","floor":13.0,"gold_loss":0.0,"damage_taken":11.0},{"damage_healed":0.0,"max_hp_gain":0.0,"max_hp_loss":0.0,"gold_gain":0.0,"event_name":"N\u0027loth","player_choice":"Traded Relic","floor":19.0,"relics_lost":["Clockwork:BloodPhial"],"gold_loss":0.0,"damage_taken":0.0,"relics_obtained":["Nloth\u0027s Gift"]},{"damage_healed":0.0,"max_hp_gain":0.0,"max_hp_loss":0.0,"gold_gain":0.0,"event_name":"Lab","player_choice":"Got Potions","floor":22.0,"gold_loss":0.0,"damage_taken":0.0},{"cards_removed":["Clockwork:WarmUp"],"damage_healed":0.0,"max_hp_gain":0.0,"max_hp_loss":0.0,"gold_gain":0.0,"event_name":"betterNote:BetterNote","player_choice":"Give","floor":30.0,"gold_loss":0.0,"damage_taken":0.0,"cards_obtained":["None"]},{"damage_healed":0,"gold_gain":0,"player_choice":"Bought 0 Potions","damage_taken":0,"max_hp_gain":0,"max_hp_loss":0,"event_name":"The Woman in Blue","floor":38,"gold_loss":0},{"damage_healed":0,"gold_gain":0,"player_choice":"Fight","damage_taken":0,"max_hp_gain":0,"max_hp_loss":0,"event_name":"Mysterious Sphere","floor":41,"gold_loss":0},{"damage_healed":0,"gold_gain":0,"player_choice":"Max HP","damage_taken":0,"max_hp_gain":0,"max_hp_loss":5,"event_name":"Winding Halls","floor":46,"gold_loss":0},{"damage_healed":0,"gold_gain":0,"player_choice":"Ignored","damage_taken":0,"max_hp_gain":0,"max_hp_loss":0,"event_name":"SecretPortal","floor":47,"gold_loss":0}],"is_beta":false,"boss_relics":[{"not_picked":["SacredBark","Snecko Eye"],"picked":"Tiny House"},{"not_picked":["SlaversCollar","Clockwork:BootleggersToolkit"],"picked":"Philosopher\u0027s Stone"}],"items_purged_floors":[],"is_endless":false,"potions_floor_spawned":[2,3,6,25,29,39,40,48],"ascension_level":0}}