{"host":"yecadp3kwkksam5a","time":1613032805,"event":{"mods":["100% Spire Juice","BaseMod","Minty Spire (QoL Compilation)","StSLib","SuperFastMode","WarShipGirlsR/??á´Ò³R mod"],"gold_per_floor":[113,128,138,138,150,179,179,205,205,215,246,266,59,89,89,166,166,166],"floor_reached":17,"language":"KOR","playtime":400,"items_purged":["Bash"],"score":449,"play_id":"c0a3df41-c5de-4a1b-b3b0-5791ecd00fe1","local_time":"20210211174005","daily_mods":["Specialized","Vintage","Terminal"],"is_ascension_mode":true,"campfire_choices":[{"data":"Perfected Strike","floor":7,"key":"SMITH"},{"data":"Armaments","floor":15,"key":"SMITH"}],"circlet_count":0,"master_deck":["AscendersBane","Strike_R","Strike_R","Strike_R","Strike_R","Strike_R","Defend_R","Defend_R","Defend_R","Defend_R","Perfected Strike","Perfected Strike","Perfected Strike+1","Perfected Strike","Perfected Strike","Shockwave","Armaments+1","Shrug It Off","Evolve","Shrug It Off"],"relics":["Burning Blood","StrikeDummy","Pantograph","Molten Egg 2","Self Forming Clay","Blue Candle","Bag of Preparation","Mummified Hand","Ginger","Ornamental Fan","InkBottle","Oddly Smooth Stone","Velvet Choker"],"acts_visited":["Exordium","TheCity"],"potions_floor_usage":[],"damage_taken":[{"damage":0,"enemies":"Cultist","floor":1,"turns":2},{"damage":1,"enemies":"2 Louse","floor":2,"turns":2},{"damage":0,"enemies":"Small Slimes","floor":3,"turns":2},{"damage":4,"enemies":"Exordium Thugs","floor":5,"turns":3},{"damage":0,"enemies":"3 Sentries","floor":6,"turns":6},{"damage":5,"enemies":"Lagavulin","floor":8,"turns":4},{"damage":0,"enemies":"Blue Slaver","floor":10,"turns":2},{"damage":5,"enemies":"3 Sentries","floor":11,"turns":6},{"damage":0,"enemies":"2 Fungi Beasts","floor":12,"turns":2},{"damage":6,"enemies":"Lagavulin","floor":14,"turns":4},{"damage":14,"enemies":"Slime Boss","floor":16,"turns":9}],"seed_played":"-1788002978321355623","potions_obtained":[{"floor":1,"key":"FearPotion"},{"floor":2,"key":"ElixirPotion"}],"is_trial":true,"path_per_floor":["M","M","M","?","M","E","R","E","T","M","E","M","$","E","R","B",null],"character_chosen":"IRONCLAD","items_purchased":["Shrug It Off","Evolve"],"campfire_rested":0,"item_purchase_floors":[13,13],"current_hp_per_floor":[73,72,71,75,74,73,72,71,70,69,68,67,66,65,64,56,61,61],"gold":166,"neow_bonus":"","is_daily":false,"chose_seed":false,"campfire_upgraded":2,"win_rate":0.0,"timestamp":1613032805,"path_taken":["M","M","M","?","M","E","R","E","T","M","E","M","$","E","R","BOSS"],"items_purchased_type":["Card","Card"],"build_version":"2020-12-22","purchased_purges":1,"victory":false,"max_hp_per_floor":[73,72,71,75,74,73,72,71,70,69,68,67,66,65,64,63,63,63],"card_choices":[{"not_picked":["Power Through","Iron Wave+1"],"picked":"Shockwave","floor":6},{"not_picked":["Headbutt+1","Anger+1"],"picked":"Armaments","floor":8},{"not_picked":["Second Wind","Sword Boomerang+1","Seeing Red"],"picked":"SKIP","floor":11},{"not_picked":["Body Slam+1","Flex"],"picked":"Shrug It Off","floor":14}],"player_experience":590575,"relics_obtained":[{"floor":1,"key":"StrikeDummy"},{"floor":2,"key":"Pantograph"},{"floor":3,"key":"Molten Egg 2"},{"floor":5,"key":"Self Forming Clay"},{"floor":6,"key":"Blue Candle"},{"floor":8,"key":"Bag of Preparation"},{"floor":9,"key":"Mummified Hand"},{"floor":10,"key":"Ginger"},{"floor":11,"key":"Ornamental Fan"},{"floor":12,"key":"InkBottle"},{"floor":14,"key":"Oddly Smooth Stone"}],"event_choices":[{"damage_healed":0,"gold_gain":0,"player_choice":"Donut","damage_taken":0,"max_hp_gain":5,"max_hp_loss":0,"event_name":"Big Fish","floor":4,"gold_loss":0}],"is_beta":false,"boss_relics":[{"not_picked":["SacredBark","Tiny House"],"picked":"Velvet Choker"}],"items_purged_floors":[13],"is_endless":false,"potions_floor_spawned":[1,2,10,12,16],"ascension_level":20}}