{"host":"3jpcvpprzj9sjffh","time":1613045319,"event":{"mods":["AchievementEnabler","BaseMod","Colored Map","Minty Spire (QoL Compilation)","Rare Cards Sparkle","SuperFastMode","everything is the same but u backflip on backflip"],"gold_per_floor":[113,113,127,139,139,139,20,20,45,86,16,41,14,27,27,27,27],"floor_reached":16,"language":"KOR","playtime":390,"items_purged":[],"score":98,"play_id":"cc8d3273-8338-4059-a72a-75501f9581b6","local_time":"20210211210839","is_ascension_mode":false,"campfire_choices":[{"data":"Burning Pact","floor":6,"key":"SMITH"},{"floor":15,"key":"REST"}],"circlet_count":0,"master_deck":["Strike_R","Strike_R","Strike_R","Strike_R","Strike_R","Defend_R","Defend_R","Defend_R","Defend_R","Bash","Burning Pact+1","Flex","Spot Weakness","Reaper","Anger","Limit Break","Inflame","Heavy Blade","Headbutt","Flame Barrier"],"relics":["Burning Blood","NeowsBlessing","Strawberry","Golden Idol","Lantern","Question Card","Odd Mushroom"],"acts_visited":["Exordium"],"potions_floor_usage":[16,16],"damage_taken":[{"damage":0,"enemies":"Jaw Worm","floor":1,"turns":1},{"damage":0,"enemies":"Cultist","floor":3,"turns":1},{"damage":0,"enemies":"Small Slimes","floor":4,"turns":1},{"damage":45,"enemies":"Lagavulin","floor":10,"turns":6},{"damage":31,"enemies":"The Mushroom Lair","floor":12,"turns":4},{"damage":9,"enemies":"2 Fungi Beasts","floor":14,"turns":3},{"damage":40,"enemies":"Slime Boss","floor":16,"turns":9}],"seed_played":"-3488889279759492240","potions_obtained":[{"floor":12,"key":"Block Potion"},{"floor":14,"key":"SteroidPotion"}],"is_trial":false,"path_per_floor":["M","?","M","M","?","R","$","?","T","E","$","?","$","M","R","B"],"character_chosen":"IRONCLAD","items_purchased":["Reaper","Anger","Inflame","Headbutt"],"campfire_rested":1,"item_purchase_floors":[7,7,11,13],"current_hp_per_floor":[80,72,78,80,75,75,75,54,54,19,19,12,12,16,42,6,6],"gold":27,"neow_bonus":"THREE_ENEMY_KILL","is_daily":false,"chose_seed":false,"campfire_upgraded":1,"win_rate":0.0,"timestamp":1613045319,"path_taken":["M","?","M","?","?","R","$","?","T","E","$","?","$","M","R","BOSS"],"items_purchased_type":["Card","Card","Card","Card"],"build_version":"2020-12-22","purchased_purges":0,"victory":false,"max_hp_per_floor":[80,80,80,80,87,87,87,87,87,87,87,87,87,87,87,87,87],"card_choices":[{"not_picked":["True Grit","Shrug It Off"],"picked":"Burning Pact","floor":1},{"not_picked":["Clothesline","Perfected Strike"],"picked":"Flex","floor":3},{"not_picked":["Flex","Reckless Charge"],"picked":"Spot Weakness","floor":4},{"not_picked":["Searing Blow","Iron Wave"],"picked":"Limit Break","floor":10},{"not_picked":["Clothesline","Thunderclap","Headbutt"],"picked":"Heavy Blade","floor":12},{"not_picked":["Whirlwind","Sword Boomerang","Blood for Blood"],"picked":"Flame Barrier","floor":14}],"player_experience":315588,"relics_obtained":[{"floor":9,"key":"Lantern"},{"floor":10,"key":"Question Card"},{"floor":12,"key":"Odd Mushroom"}],"event_choices":[{"damage_healed":0,"gold_gain":0,"player_choice":"Damaged","damage_taken":8,"max_hp_gain":0,"max_hp_loss":0,"event_name":"Wheel of Change","floor":2,"gold_loss":0},{"damage_healed":0,"gold_gain":0,"player_choice":"Success","damage_taken":12,"relics_obtained":["Strawberry"],"max_hp_gain":0,"max_hp_loss":0,"event_name":"Scrap Ooze","floor":5,"gold_loss":0},{"damage_healed":0,"gold_gain":0,"player_choice":"Take Damage","damage_taken":21,"relics_obtained":["Golden Idol"],"max_hp_gain":0,"max_hp_loss":0,"event_name":"Golden Idol","floor":8,"gold_loss":0},{"damage_healed":0,"gold_gain":0,"player_choice":"Fought Mushrooms","damage_taken":0,"max_hp_gain":0,"max_hp_loss":0,"event_name":"Mushrooms","floor":12,"gold_loss":0}],"is_beta":false,"boss_relics":[],"items_purged_floors":[],"is_endless":false,"potions_floor_spawned":[12,14],"killed_by":"Slime Boss","ascension_level":0}}