{"host":"vyjryxuuuxkt43k4","time":1613066023,"event":{"mods":["AchievementEnabler","BaseMod","Colored Map","DeckTracker","Keyboard Shortcuts","Minty Spire (QoL Compilation)","Permanent Neow","Quick Restart","StSLib","SuperFastMode","everything is the same but u backflip on backflip"],"gold_per_floor":[15,15,26,26,26,26,54,54,81,98,124,138,138,152,152,152,152],"floor_reached":16,"language":"KOR","playtime":431,"items_purged":[],"score":220,"play_id":"34515005-5a29-4db5-b2ef-0c5d516d65a8","local_time":"20210212025343","is_ascension_mode":true,"campfire_choices":[{"data":"Bash","floor":6.0,"key":"SMITH"},{"data":"Carnage","floor":8.0,"key":"SMITH"},{"data":"Barricade","floor":13.0,"key":"SMITH"},{"data":"Body Slam","floor":15.0,"key":"SMITH"}],"circlet_count":0,"master_deck":["AscendersBane","Strike_R","Strike_R","Strike_R","Strike_R","Defend_R","Defend_R+1","Defend_R+1","Defend_R","Bash+1","Feed+1","Dual Wield","Carnage+1","Pummel","Barricade+1","Body Slam+1"],"relics":["Burning Blood","War Paint","Blood Vial","MealTicket"],"acts_visited":["Exordium"],"potions_floor_usage":[],"damage_taken":[{"damage":9.0,"enemies":"2 Louse","floor":1.0,"turns":4.0},{"damage":14.0,"enemies":"Jaw Worm","floor":3.0,"turns":4.0},{"damage":40.0,"enemies":"3 Sentries","floor":7.0,"turns":14.0},{"damage":0.0,"enemies":"Cultist","floor":10.0,"turns":4.0},{"damage":27.0,"enemies":"Lagavulin","floor":11.0,"turns":4.0},{"damage":11.0,"enemies":"Exordium Thugs","floor":12.0,"turns":4.0},{"damage":3.0,"enemies":"2 Fungi Beasts","floor":14.0,"turns":3.0},{"damage":28,"enemies":"The Guardian","floor":16,"turns":5}],"seed_played":"-5511024759537903277","potions_obtained":[{"floor":3.0,"key":"Block Potion"},{"floor":5.0,"key":"Ancient Potion"},{"floor":5.0,"key":"DuplicationPotion"},{"floor":10.0,"key":"ColorlessPotion"}],"is_trial":false,"path_per_floor":["M","?","M","?","?","R","E","R","T","M","E","M","R","M","R","B"],"character_chosen":"IRONCLAD","items_purchased":[],"campfire_rested":0,"item_purchase_floors":[],"current_hp_per_floor":[68,68,64,57,57,57,27,27,27,39,20,21,21,26,26,0,0],"gold":152,"neow_bonus":"THREE_RARE_CARDS","is_daily":false,"chose_seed":false,"campfire_upgraded":4,"win_rate":0.0,"timestamp":1613066023,"path_taken":["M","?","M","?","?","R","E","R","T","M","E","?","R","M","R","BOSS"],"items_purchased_type":[],"build_version":"2020-12-22","purchased_purges":0,"victory":false,"max_hp_per_floor":[78,78,82,82,82,82,86,86,86,90,90,94,94,94,94,94,94],"card_choices":[{"not_picked":["Reaper","Impervious"],"picked":"Feed","floor":0.0},{"not_picked":["Twin Strike","Headbutt"],"picked":"Dual Wield","floor":1.0},{"not_picked":["Whirlwind","Havoc","True Grit"],"picked":"SKIP","floor":3.0},{"not_picked":["Combust","Searing Blow"],"picked":"Carnage","floor":7.0},{"not_picked":["Havoc","Second Wind"],"picked":"Pummel","floor":10.0},{"not_picked":["Power Through","Whirlwind"],"picked":"Barricade","floor":11.0},{"not_picked":["Dropkick","Whirlwind","Metallicize"],"picked":"SKIP","floor":12.0},{"not_picked":["Iron Wave","Sever Soul"],"picked":"Body Slam","floor":14.0}],"player_experience":960082,"relics_obtained":[{"floor":7.0,"key":"War Paint"},{"floor":9.0,"key":"Blood Vial"},{"floor":11.0,"key":"MealTicket"}],"event_choices":[{"damage_healed":0.0,"max_hp_gain":0.0,"max_hp_loss":0.0,"gold_gain":0.0,"event_name":"Living Wall","player_choice":"Grow","floor":2.0,"gold_loss":0.0,"damage_taken":0.0,"cards_upgraded":["Feed"]},{"cards_removed":["Strike_R"],"damage_healed":0.0,"max_hp_gain":0.0,"max_hp_loss":0.0,"gold_gain":0.0,"event_name":"Golden Wing","player_choice":"Card Removal","floor":4.0,"gold_loss":0.0,"damage_taken":7.0},{"damage_healed":0.0,"max_hp_gain":0.0,"max_hp_loss":0.0,"gold_gain":0.0,"event_name":"Lab","player_choice":"Got Potions","floor":5.0,"gold_loss":0.0,"damage_taken":0.0}],"is_beta":false,"boss_relics":[],"items_purged_floors":[],"is_endless":false,"potions_floor_spawned":[3,10],"killed_by":"The Guardian","ascension_level":20}}