{"host":"xy5qih4nvxccm4rc","time":1613037865,"event":{"mods":["AchievementEnabler","BaseMod","Minty Spire (QoL Compilation)","StSLib"],"gold_per_floor":[112,128,203,203,34,34,62,126,126,144,144,175,202,202,202,304,304,319,319,319,329,329,329,359,373,452,422,436,436,469,149,149,254,254,271,271,287,136,0,0,25,25,48,110,122,151,163,190,202,214,214],"floor_reached":50,"language":"ENG","playtime":1910,"items_purged":["Shame"],"score":588,"play_id":"40711194-1b66-472d-a6a8-67f4b57c25b3","local_time":"20210211040425","is_ascension_mode":true,"campfire_choices":[{"data":"Self Repair","floor":6,"key":"SMITH"},{"floor":15,"key":"REST"},{"data":"Seek","floor":23,"key":"SMITH"},{"floor":32,"key":"REST"},{"floor":40,"key":"RECALL"},{"data":"Defragment","floor":47,"key":"SMITH"},{"data":"Turbo","floor":49,"key":"SMITH"}],"circlet_count":0,"master_deck":["Strike_B","Strike_B","Defend_B+1","Defend_B","Defend_B+1","Zap+1","Dualcast","Ball Lightning","Redo","Self Repair+1","Core Surge","Cold Snap+1","Heatsinks+1","Turbo+1","Electrodynamics","Streamline+1","Hello World","Hello World","Seek+1","Electrodynamics","Cold Snap","Conserve Battery","Seek+1","Heatsinks+1","Machine Learning","Echo Form","Fusion+1","Defragment+1","Defragment","Consume","Biased Cognition","Normality","Redo+1","Writhe","Coolheaded","Streamline+1"],"relics":["Cracked Core","Torii","Juzu Bracelet","MealTicket","Akabeko","War Paint","Cursed Key","Whetstone","Mercury Hourglass","Pear","Inserter","Potion Belt","Red Mask","PreservedInsect","MawBank","TungstenRod"],"acts_visited":["Exordium","TheCity","TheBeyond"],"potions_floor_usage":[8,24,28,33,33,33,41,46,46],"damage_taken":[{"damage":7,"enemies":"2 Louse","floor":1,"turns":3},{"damage":6,"enemies":"Jaw Worm","floor":2,"turns":3},{"damage":37,"enemies":"Gremlin Nob","floor":7,"turns":4},{"damage":21,"enemies":"Gremlin Nob","floor":8,"turns":4},{"damage":11,"enemies":"Small Slimes","floor":10,"turns":3},{"damage":33,"enemies":"Lagavulin","floor":12,"turns":6},{"damage":32,"enemies":"Hexaghost","floor":16,"turns":12},{"damage":17,"enemies":"3 Byrds","floor":18,"turns":3},{"damage":29,"enemies":"Chosen","floor":21,"turns":5},{"damage":28,"enemies":"Gremlin Leader","floor":24,"turns":4},{"damage":0,"enemies":"Centurion and Healer","floor":25,"turns":5},{"damage":16,"enemies":"Snecko","floor":28,"turns":4},{"damage":18,"enemies":"Book of Stabbing","floor":30,"turns":5},{"damage":53,"enemies":"Champ","floor":33,"turns":9},{"damage":26,"enemies":"3 Shapes","floor":35,"turns":3},{"damage":18,"enemies":"Orb Walker","floor":37,"turns":3},{"damage":38,"enemies":"Reptomancer","floor":41,"turns":5},{"damage":9,"enemies":"Mind Bloom Boss Battle","floor":44,"turns":5},{"damage":0,"enemies":"Sphere and 2 Shapes","floor":46,"turns":5},{"damage":53,"enemies":"Spire Growth","floor":48,"turns":5},{"damage":40,"enemies":"Awakened One","floor":50,"turns":3}],"seed_played":"5506648369368011968","potions_obtained":[{"floor":7,"key":"Weak Potion"},{"floor":8,"key":"FearPotion"},{"floor":12,"key":"BlessingOfTheForge"},{"floor":18,"key":"PotionOfCapacity"},{"floor":24,"key":"FearPotion"},{"floor":27,"key":"Regen Potion"},{"floor":30,"key":"SpeedPotion"},{"floor":33,"key":"EssenceOfSteel"},{"floor":41,"key":"PowerPotion"},{"floor":44,"key":"Block Potion"}],"is_trial":false,"path_per_floor":["M","M","?","?","$","R","E","?","T","M","?","E","T","?","R","B",null,"M","?","?","M","?","R","E","M","T","?","M","?","E","$","R","B",null,"M","?","M","$","?","R","E","$","T","?","?","M","R","M","R","B"],"character_chosen":"DEFECT","items_purchased":["Self Repair","FairyPotion","Machine Learning","PowerPotion","Coolheaded","Defragment","Consume"],"campfire_rested":2,"item_purchase_floors":[5,5,31,31,31,38,38],"current_hp_per_floor":[61,55,44,66,66,66,39,28,28,17,17,14,14,14,34,12,68,61,49,49,30,30,30,12,22,22,22,28,28,30,45,69,26,83,67,67,59,74,74,74,46,61,61,52,73,83,83,40,40,0,0],"gold":214,"neow_bonus":"ONE_RARE_RELIC","is_daily":false,"chose_seed":false,"campfire_upgraded":4,"win_rate":0.0,"timestamp":1613037865,"path_taken":["M","M","?","?","$","R","E","?","T","M","?","E","?","?","R","BOSS","M","?","?","M","?","R","E","M","T","?","M","?","E","?","R","BOSS","M","?","M","?","?","R","E","$","T","?","?","M","R","M","R","BOSS"],"items_purchased_type":["Card","Potion","Card","Potion","Card","Card","Card"],"build_version":"2020-12-22","purchased_purges":1,"victory":false,"max_hp_per_floor":[68,68,68,68,68,68,68,68,68,68,68,68,68,68,68,68,68,68,73,73,73,73,73,73,73,73,73,73,73,83,83,83,83,83,83,83,83,83,83,83,83,83,83,83,83,83,83,83,83,83,83],"card_choices":[{"not_picked":["Gash","Stack"],"picked":"Ball Lightning","floor":1},{"not_picked":["Blizzard","Ball Lightning"],"picked":"Redo","floor":2},{"not_picked":["Rip and Tear","Auto Shields"],"picked":"Core Surge","floor":7},{"not_picked":["Go for the Eyes","Chill"],"picked":"Cold Snap","floor":8},{"not_picked":["Auto Shields","Stack"],"picked":"Heatsinks","floor":10},{"not_picked":["Rebound","Sweeping Beam"],"picked":"Turbo","floor":12},{"not_picked":["All For One","Meteor Strike"],"picked":"Electrodynamics","floor":16},{"not_picked":["Hologram","Aggregate+1"],"picked":"Streamline","floor":18},{"not_picked":["Steam Power","Leap"],"picked":"Hello World","floor":21},{"not_picked":["Reinforced Body","Rebound"],"picked":"Electrodynamics","floor":24},{"not_picked":["Reinforced Body","Go for the Eyes+1"],"picked":"Cold Snap","floor":25},{"not_picked":["Core Surge","Hologram"],"picked":"Conserve Battery","floor":28},{"not_picked":["Rip and Tear","Chill"],"picked":"Heatsinks+1","floor":30},{"not_picked":["Rainbow","Electrodynamics"],"picked":"Echo Form","floor":33},{"not_picked":["Beam Cell","Hologram"],"picked":"Fusion+1","floor":35},{"not_picked":["Tempest+1","FTL+1"],"picked":"Defragment","floor":37},{"not_picked":["Blizzard+1","Skim+1"],"picked":"Biased Cognition","floor":41},{"not_picked":["Leap","Hologram+1"],"picked":"Redo+1","floor":44},{"not_picked":["Turbo","Go for the Eyes"],"picked":"Coolheaded","floor":46},{"not_picked":["FTL","Barrage"],"picked":"Streamline+1","floor":48}],"player_experience":334013,"relics_obtained":[{"floor":7,"key":"Juzu Bracelet"},{"floor":8,"key":"MealTicket"},{"floor":12,"key":"Akabeko"},{"floor":13,"key":"War Paint"},{"floor":24,"key":"Whetstone"},{"floor":26,"key":"Mercury Hourglass"},{"floor":30,"key":"Pear"},{"floor":41,"key":"PreservedInsect"},{"floor":43,"key":"MawBank"},{"floor":44,"key":"TungstenRod"}],"event_choices":[{"damage_healed":0,"gold_gain":75,"player_choice":"Gather Gold","damage_taken":11,"max_hp_gain":0,"max_hp_loss":0,"event_name":"World of Goop","floor":3,"gold_loss":0},{"damage_healed":22,"gold_gain":0,"player_choice":"Banana","damage_taken":0,"max_hp_gain":0,"max_hp_loss":0,"event_name":"Big Fish","floor":4,"gold_loss":0},{"damage_healed":0,"gold_gain":0,"player_choice":"Searched \u00271\u0027 times","damage_taken":0,"max_hp_gain":0,"max_hp_loss":0,"event_name":"Dead Adventurer","floor":8,"gold_loss":0},{"damage_healed":0,"gold_gain":0,"player_choice":"Grow","damage_taken":0,"max_hp_gain":0,"max_hp_loss":0,"event_name":"Living Wall","floor":11,"gold_loss":0,"cards_upgraded":["Zap"]},{"damage_healed":0,"gold_gain":0,"player_choice":"Upgraded","damage_taken":0,"max_hp_gain":0,"max_hp_loss":0,"event_name":"Upgrade Shrine","floor":14,"gold_loss":0,"cards_upgraded":["Heatsinks"]},{"damage_healed":0,"gold_gain":0,"player_choice":"Shed Blood","damage_taken":17,"max_hp_gain":5,"max_hp_loss":0,"event_name":"Forgotten Altar","floor":19,"gold_loss":0},{"cards_removed":["Strike_B"],"damage_healed":0,"gold_gain":0,"player_choice":"Elegance","damage_taken":0,"max_hp_gain":0,"max_hp_loss":0,"event_name":"Back to Basics","floor":20,"gold_loss":0},{"damage_healed":0,"gold_gain":0,"cards_transformed":["Strike_B","Defend_B"],"player_choice":"Became Test Subject","damage_taken":0,"max_hp_gain":0,"max_hp_loss":0,"event_name":"Drug Dealer","floor":22,"gold_loss":0,"cards_obtained":["Hello World","Seek"]},{"damage_healed":0,"gold_gain":0,"player_choice":"Bought 2 Potions","damage_taken":0,"max_hp_gain":0,"max_hp_loss":0,"event_name":"The Woman in Blue","floor":27,"gold_loss":0},{"damage_healed":0,"gold_gain":0,"player_choice":"Copied","damage_taken":0,"max_hp_gain":0,"max_hp_loss":0,"event_name":"Duplicator","floor":29,"gold_loss":0,"cards_obtained":["Seek"]},{"cards_removed":["Coolheaded"],"damage_healed":0,"gold_gain":0,"player_choice":"Gave Card","damage_taken":0,"relics_obtained":["Potion Belt"],"max_hp_gain":0,"max_hp_loss":0,"event_name":"WeMeetAgain","floor":36,"gold_loss":0},{"damage_healed":0,"gold_gain":0,"player_choice":"Paid","damage_taken":0,"relics_obtained":["Red Mask"],"max_hp_gain":0,"max_hp_loss":0,"event_name":"Tomb of Lord Red Mask","floor":39,"gold_loss":136},{"damage_healed":0,"gold_gain":0,"player_choice":"Fight","damage_taken":0,"max_hp_gain":0,"max_hp_loss":0,"event_name":"MindBloom","floor":44,"gold_loss":0},{"damage_healed":21,"gold_gain":0,"player_choice":"Writhe","damage_taken":0,"max_hp_gain":0,"max_hp_loss":0,"event_name":"Winding Halls","floor":45,"gold_loss":0,"cards_obtained":["Writhe"]}],"is_beta":false,"boss_relics":[{"not_picked":["Philosopher\u0027s Stone","Astrolabe"],"picked":"Cursed Key"},{"not_picked":["Fusion Hammer","Busted Crown"],"picked":"Inserter"}],"items_purged_floors":[31],"is_endless":false,"potions_floor_spawned":[7,8,12,18,24,30,33,41,44],"killed_by":"Awakened One","ascension_level":1}}