{"host":"76qcaerkv4ktjkdu","time":1613021584,"event":{"mods":["ATMod(°¢èªMod)","BaseMod","Downfall","Minty Spire (QoL Compilation)","MostiFishMod","StSLib","¡¾ÒÅÎï¿¨ÅÆ¡¿REMEMod"],"gold_per_floor":[99,119,29,29,14,26,26,36,69,82,82,82,82,113,125,220,220,20,34,49,34,53,87,87,99,99,99,99],"floor_reached":26,"language":"ZHS","playtime":1668,"items_purged":["champ:Strike"],"score":302,"play_id":"6daa219a-50e2-4425-9dab-b9c18e3962a1","local_time":"20210211133304","is_ascension_mode":true,"campfire_choices":[{"floor":1,"key":"RECALL"},{"data":"champ:EnchantCrown","floor":13,"key":"SMITH"},{"data":"champ:EnchantSword","floor":18,"key":"SMITH"}],"circlet_count":0,"master_deck":["champ:Strike","champ:Strike","champ:Strike","champ:Defend","champ:Defend","champ:Defend","champ:Execute","champ:Taunt","AT_FamilyPortrait","champ:StrikeOfGenius+1","champ:GutPunch","champ:Parry","champ:CalledShot","champ:PreciseThrust","champ:EnchantCrown+1","champ:Backstep","champ:EnchantSword+1","champ:RisingSlash","champ:IgnorePain","champ:ArenaPreparation","champ:CrownThrow+1","champ:Encircle+1","champ:BringItOn","champ:FocusedDefense"],"relics":["champ:ChampionCrown","AT_ATBox","DaveBox","REME_ComplimentaryCards","MostiFishMod:Haymaker","AT_RedNoBalance","Unceasing Top","CultistMask","Bottled Tornado","xbg","downfall:HeartBlessingRed","downfall:HeartBlessingGreen","Boot","AT_SilvercatRing"],"acts_visited":["Exordium","TheCity"],"potions_floor_usage":[10,16,20,23,23],"damage_taken":[{"damage":14,"enemies":"Jaw Worm","floor":2,"turns":3},{"damage":15,"enemies":"downfall:FleeingMerchant","floor":3,"turns":4},{"damage":25,"enemies":"downfall:FleeingMerchant","floor":5,"turns":4},{"damage":10,"enemies":"Cultist","floor":6,"turns":3},{"damage":7,"enemies":"2 Louse","floor":8,"turns":3},{"damage":5,"enemies":"Lagavulin","floor":9,"turns":3},{"damage":23,"enemies":"Gremlin Gang","floor":10,"turns":3},{"damage":15,"enemies":"Gremlin Nob","floor":14,"turns":4},{"damage":13,"enemies":"Lots of Slimes","floor":15,"turns":3},{"damage":34,"enemies":"SI_SHIV_ARCHETYPE","floor":16,"turns":4},{"damage":10,"enemies":"Chosen","floor":19,"turns":3},{"damage":16,"enemies":"Centurion and Healer","floor":20,"turns":4},{"damage":10,"enemies":"downfall:FleeingMerchant","floor":21,"turns":4},{"damage":30,"enemies":"Shelled Parasite and Fungi","floor":22,"turns":3},{"damage":18,"enemies":"Gremlin Leader","floor":23,"turns":2},{"damage":23,"enemies":"Cultist and Chosen","floor":25,"turns":3},{"damage":18,"enemies":"REME_1_Revenger","floor":26,"turns":2}],"seed_played":"5625188015590801183","potions_obtained":[{"floor":2,"key":"SpeedPotion"},{"floor":6,"key":"DistilledChaos"},{"floor":10,"key":"champ:UltimateStancePotion"},{"floor":14,"key":"AttackPotion"},{"floor":15,"key":"Swift Potion"},{"floor":20,"key":"FearPotion"},{"floor":23,"key":"GamblersBrew"}],"is_trial":false,"path_per_floor":["R","M","$","?","$","M","T","M","E","M","?","?","R","E","M","B",null,"R","M","M","$","M","E","T","M","E"],"character_chosen":"THE_CHAMP","items_purchased":[],"campfire_rested":0,"item_purchase_floors":[],"current_hp_per_floor":[99,95,90,90,80,80,80,42,49,36,36,36,36,49,36,45,99,99,49,48,48,38,20,20,16,0,0,0],"gold":99,"neow_bonus":"TEN_PERCENT_HP_BONUS","is_daily":false,"chose_seed":false,"campfire_upgraded":2,"win_rate":0.0,"timestamp":1613021584,"path_taken":["R","M","$","?","?","M","T","M","E","M","?","?","R","E","M","BOSS","R","M","?","$","M","E","T","M","E"],"items_purchased_type":[],"build_version":"2020-12-22","purchased_purges":1,"victory":false,"max_hp_per_floor":[99,99,99,99,99,99,99,99,99,99,99,99,99,99,99,99,99,99,99,99,99,99,99,99,99,99,99,99],"card_choices":[{"not_picked":["champ:CrownThrow","champ:ShieldSigil"],"picked":"champ:GutPunch","floor":2},{"not_picked":["champ:DancingMaster","champ:ViciousMockery"],"picked":"champ:Parry","floor":3},{"not_picked":["champ:DefensiveShout","champ:Circumvent"],"picked":"champ:CalledShot","floor":5},{"not_picked":["champ:PerfectedStrike","champ:Shatter"],"picked":"champ:PreciseThrust","floor":6},{"not_picked":["champ:Parry","champ:Endure","champ:GladiatorStyle"],"picked":"SKIP","floor":8},{"not_picked":["champ:Shatter","champ:Lariat"],"picked":"champ:EnchantCrown","floor":9},{"not_picked":["champ:PerfectedStrike","champ:Haymaker"],"picked":"champ:Backstep","floor":10},{"not_picked":["champ:AdrenalArmor","champ:Backstep"],"picked":"champ:EnchantSword","floor":14},{"not_picked":["champ:FocusedBerserking","champ:CrookedStrike"],"picked":"champ:RisingSlash","floor":15},{"not_picked":["champ:HeavySlash","champ:Devastate"],"picked":"champ:IgnorePain","floor":16},{"not_picked":["champ:Circumvent+1","champ:EnGarde"],"picked":"champ:ArenaPreparation","floor":19},{"not_picked":["champ:MurderStrike","champ:PreemptiveStrike"],"picked":"champ:CrownThrow+1","floor":20},{"not_picked":["champ:DefensiveShout+1","champ:Circumvent"],"picked":"champ:Encircle+1","floor":21},{"not_picked":["champ:TornadoPunch+1","champ:AdrenalArmor"],"picked":"champ:BringItOn","floor":22},{"not_picked":["champ:Haymaker+1","champ:StanceDance","champ:DefensiveShout"],"picked":"SKIP","floor":23},{"not_picked":["champ:CrownThrow","champ:Parry"],"picked":"champ:FocusedDefense","floor":25}],"player_experience":119108,"relics_obtained":[{"floor":7,"key":"AT_SilverBalance"},{"floor":9,"key":"Unceasing Top"},{"floor":14,"key":"Bottled Tornado"},{"floor":23,"key":"Boot"},{"floor":24,"key":"AT_SilvercatRing"}],"event_choices":[{"damage_healed":0,"gold_gain":0,"player_choice":"Grow","damage_taken":0,"max_hp_gain":0,"max_hp_loss":0,"event_name":"Living Wall","floor":11,"gold_loss":0,"cards_upgraded":["champ:StrikeOfGenius"]},{"damage_healed":0,"gold_gain":0,"player_choice":"Trade","damage_taken":0,"relics_obtained":["CultistMask"],"max_hp_gain":0,"max_hp_loss":0,"event_name":"FaceTrader","floor":12,"gold_loss":0}],"is_beta":false,"boss_relics":[{"not_picked":["GreenFoldingFan","Calling Bell"],"picked":"xbg"}],"items_purged_floors":[3],"is_endless":false,"potions_floor_spawned":[2,6,10,14,15,20,23],"killed_by":"REME_1_Revenger","ascension_level":1}}