{"host":"bpnwh7vpv9k3tssc","time":1613057269,"event":{"mods":["BaseMod","Colored Map","Colored Powertips","Curses Come First","Highlight Path","Minty Spire (QoL Compilation)","Quick Restart","Random Character Button","Relic Sorter","StSLib"],"gold_per_floor":[155,155,194,194,227,227,295,295,295,315,386,386,425,470,470,591,591,632,656,156,156,156],"floor_reached":21,"language":"ENG","playtime":1082,"items_purged":["Strike_B"],"score":254,"play_id":"fc426e86-de5d-4f02-8fdd-1111c0608a58","local_time":"20210211162749","is_ascension_mode":true,"campfire_choices":[{"data":"HandOfGreed","floor":6,"key":"SMITH"},{"data":"Beam Cell","floor":8,"key":"SMITH"},{"floor":15,"key":"REST"}],"circlet_count":0,"master_deck":["Strike_B","Strike_B","Defend_B","Defend_B","Defend_B","Defend_B","Zap","Dualcast","HandOfGreed+1","Steam","Beam Cell+1","Loop","Turbo","Undo","Self Repair","BootSequence","Chaos","Heatsinks","Echo Form","Redo"],"relics":["Cracked Core","Golden Idol","Mango","Smiling Mask","Velvet Choker","Runic Capacitor","Regal Pillow","Anchor"],"acts_visited":["Exordium","TheCity"],"potions_floor_usage":[16,18,19],"damage_taken":[{"damage":11,"enemies":"Small Slimes","floor":1,"turns":5},{"damage":1,"enemies":"Jaw Worm","floor":3,"turns":2},{"damage":0,"enemies":"Cultist","floor":5,"turns":5},{"damage":9,"enemies":"2 Fungi Beasts","floor":7,"turns":3},{"damage":9,"enemies":"Red Slaver","floor":10,"turns":2},{"damage":6,"enemies":"Gremlin Gang","floor":11,"turns":6},{"damage":0,"enemies":"Looter","floor":13,"turns":2},{"damage":0,"enemies":"3 Louse","floor":14,"turns":4},{"damage":34,"enemies":"The Guardian","floor":16,"turns":11},{"damage":37,"enemies":"3 Byrds","floor":18,"turns":5},{"damage":28,"enemies":"Shell Parasite","floor":19,"turns":6},{"damage":26,"enemies":"Snecko","floor":21,"turns":5}],"seed_played":"6424659163124118055","potions_obtained":[{"floor":10,"key":"Fire Potion"},{"floor":11,"key":"PowerPotion"},{"floor":16,"key":"ColorlessPotion"}],"is_trial":false,"path_per_floor":["M","?","M","T","M","R","M","R","T","M","M","?","M","M","R","B",null,"M","M","$","M"],"character_chosen":"DEFECT","items_purchased":["Runic Capacitor","Regal Pillow","Anchor"],"campfire_rested":1,"item_purchase_floors":[20,20,20],"current_hp_per_floor":[57,40,39,53,53,53,44,44,44,35,29,29,29,29,53,26,68,38,24,24,0,0],"gold":156,"neow_bonus":"RANDOM_COLORLESS_2","is_daily":false,"chose_seed":false,"campfire_upgraded":2,"win_rate":0.0,"timestamp":1613057269,"path_taken":["M","?","M","?","M","R","M","R","T","?","M","?","M","?","R","BOSS","M","?","$","?"],"items_purchased_type":["Relic","Relic","Relic"],"build_version":"2020-12-22","purchased_purges":1,"victory":false,"max_hp_per_floor":[68,68,68,82,82,82,82,82,82,82,82,82,82,82,82,82,82,82,82,82,82,82],"card_choices":[{"not_picked":["Secret Technique","Metamorphosis"],"picked":"HandOfGreed","floor":0},{"not_picked":["Beam Cell","Undo"],"picked":"Steam","floor":1},{"not_picked":["Lockon","Sweeping Beam"],"picked":"Beam Cell","floor":3},{"not_picked":["Stack","Sweeping Beam"],"picked":"Loop","floor":5},{"not_picked":["Double Energy","Chill"],"picked":"Turbo","floor":7},{"not_picked":["Double Energy","Rip and Tear"],"picked":"Undo","floor":10},{"not_picked":["Redo","Turbo"],"picked":"Self Repair","floor":11},{"not_picked":["Compile Driver","Gash"],"picked":"Chaos","floor":13},{"not_picked":["Sunder","Steam"],"picked":"Heatsinks","floor":14},{"not_picked":["Machine Learning","Fission"],"picked":"Echo Form","floor":16},{"not_picked":["Gash","Rebound"],"picked":"Redo","floor":18},{"not_picked":["Barrage+1","Sweeping Beam","Compile Driver"],"picked":"SKIP","floor":19}],"player_experience":371760,"relics_obtained":[{"floor":4,"key":"Mango"},{"floor":9,"key":"Smiling Mask"}],"event_choices":[{"damage_healed":0,"gold_gain":0,"player_choice":"Take Damage","damage_taken":17,"relics_obtained":["Golden Idol"],"max_hp_gain":0,"max_hp_loss":0,"event_name":"Golden Idol","floor":2,"gold_loss":0},{"damage_healed":0,"gold_gain":0,"cards_transformed":["Strike_B"],"player_choice":"Transformed","damage_taken":0,"max_hp_gain":0,"max_hp_loss":0,"event_name":"Transmorgrifier","floor":12,"gold_loss":0,"cards_obtained":["BootSequence"]}],"is_beta":false,"boss_relics":[{"not_picked":["Fusion Hammer","Nuclear Battery"],"picked":"Velvet Choker"}],"items_purged_floors":[20],"is_endless":false,"potions_floor_spawned":[10,11,16],"killed_by":"Snecko","ascension_level":9}}