{"host":"vrsxkkch9ccrec7k","time":1613002095,"event":{"mods":["Act Like it!","BaseMod","Bestiary","Better Altar","Better Match","Better Note","Better Sensory Stone","Better Skull","Better Third Choice","Better Vampires","Downfall","Minty Spire (QoL Compilation)","Permanent Neow","Relic Stats","Spicy Shops","StSLib"],"gold_per_floor":[99,99,119,29,45,58,58,85,104,139,139,153,153,188,200,275,275,275,294,307,28,43,61,61,61,61,161,172,239,239,272,291,365,365,365,381,394,394,394,394],"floor_reached":38,"language":"ENG","playtime":3160,"items_purged":["downfall:Malfunctioning"],"score":842,"play_id":"0a19411a-3ad0-4d8d-9708-cdcd08f70ac4","local_time":"20210210190815","is_ascension_mode":true,"campfire_choices":[{"data":"champ:TripleStrike","floor":1,"key":"SMITH"},{"data":"champ:UltimateStance","floor":11,"key":"SMITH"},{"floor":13,"key":"REST"},{"data":"champ:IgnorePain","floor":18,"key":"SMITH"},{"data":"champ:Taunt","floor":26,"key":"SMITH"},{"floor":30,"key":"REST"},{"data":"champ:GladiatorForm","floor":35,"key":"SMITH"}],"circlet_count":0,"master_deck":["AscendersBane","champ:Strike","champ:Strike","champ:Strike","champ:Defend","champ:Defend+1","champ:Defend+1","champ:Defend","champ:Execute+1","champ:Taunt+1","champ:TripleStrike+1","champ:PerfectedStrike","champ:StanceDance","champ:GladiatorStyle","champ:DeathBlow","champ:UltimateStance+1","champ:BerserkersShout","champ:Backstep","champ:LastStand","champ:CheapShot","champ:AdrenalArmor","champ:IgnorePain+1","champ:ShieldSlam+1","champ:Backstep","champ:Endure","champ:RageSigil+1","champ:ShieldWall","champ:ShieldSigil+1","champ:Lariat","champ:BerserkerStyle","champ:GladiatorForm+1","CurseOfTheBell","champ:StanceDance+1","champ:RapidStrikes"],"relics":["champ:ChampionCrown","Guardian:GemstoneGun","Dream Catcher","hexamod:BolsterEngine","bronze:DecasWashers","Cursed Key","Membership Card","sneckomod:BlankCard","downfall:CloakOfManyFaces","CultistMask","FaceOfCleric","NlothsMask","GremlinMask","SsserpentHead","Girya","Calling Bell","champ:FightingForDummies","Sundial","Prayer Wheel"],"acts_visited":["Exordium","TheCity","TheBeyond"],"potions_floor_usage":[10,16,16,38],"damage_taken":[{"damage":0,"enemies":"2 Louse","floor":3,"turns":2},{"damage":2,"enemies":"downfall:FleeingMerchant","floor":4,"turns":4},{"damage":15,"enemies":"Jaw Worm","floor":5,"turns":2},{"damage":0,"enemies":"Cultist","floor":6,"turns":2},{"damage":35,"enemies":"Lagavulin","floor":8,"turns":6},{"damage":31,"enemies":"Exordium Wildlife","floor":9,"turns":4},{"damage":67,"enemies":"3 Sentries","floor":10,"turns":6},{"damage":34,"enemies":"Large Slime","floor":12,"turns":4},{"damage":9,"enemies":"Gremlin Nob","floor":14,"turns":4},{"damage":10,"enemies":"Gremlin Gang","floor":15,"turns":4},{"damage":117,"enemies":"WA_ARCHETYPE_RETAIN","floor":16,"turns":14},{"damage":34,"enemies":"Spheric Guardian","floor":19,"turns":4},{"damage":25,"enemies":"Chosen","floor":20,"turns":4},{"damage":65,"enemies":"downfall:FleeingMerchant","floor":21,"turns":5},{"damage":50,"enemies":"Snecko","floor":22,"turns":3},{"damage":15,"enemies":"Cultist and Chosen","floor":23,"turns":5},{"damage":70,"enemies":"downfall:FaceTrader","floor":27,"turns":6},{"damage":35,"enemies":"3 Cultists","floor":28,"turns":5},{"damage":35,"enemies":"Snecko","floor":29,"turns":3},{"damage":71,"enemies":"Slavers","floor":31,"turns":7},{"damage":25,"enemies":"Sentry and Sphere","floor":32,"turns":4},{"damage":106,"enemies":"IC_MUSHROOM_ARCHETYPE","floor":33,"turns":8},{"damage":75,"enemies":"3 Darklings","floor":36,"turns":6},{"damage":105,"enemies":"3 Shapes","floor":37,"turns":9},{"damage":108,"enemies":"Transient","floor":38,"turns":4}],"seed_played":"-2389211539965549276","potions_obtained":[{"floor":5,"key":"DuplicationPotion"},{"floor":8,"key":"SkillPotion"},{"floor":12,"key":"Strength Potion"},{"floor":14,"key":"Dexterity Potion"},{"floor":19,"key":"FearPotion"},{"floor":20,"key":"Ancient Potion"},{"floor":27,"key":"champ:TechniquePotion"},{"floor":32,"key":"GamblersBrew"}],"is_trial":false,"path_per_floor":["R","?","M","$","M","M","T","E","M","E","R","M","R","E","M","B",null,"R","M","M","$","M","M","T","?","R","?","M","M","R","E","M","B",null,"R","M","M","M"],"character_chosen":"THE_CHAMP","items_purchased":["Membership Card","champ:Endure","sneckomod:BlankCard"],"campfire_rested":2,"item_purchase_floors":[21,21,21],"current_hp_per_floor":[73,73,73,71,71,71,71,71,65,58,58,49,73,64,64,42,71,71,62,62,57,57,57,57,57,57,57,58,59,83,58,59,60,80,80,76,73,0,0,0],"gold":394,"neow_bonus":"ONE_RANDOM_RARE_CARD","is_daily":false,"chose_seed":false,"campfire_upgraded":5,"win_rate":0.0,"timestamp":1613002095,"path_taken":["R","?","M","$","M","M","T","E","M","E","R","M","R","E","M","BOSS","R","M","M","$","M","M","T","?","R","?","M","?","R","E","M","BOSS","R","M","M","M"],"items_purchased_type":["Relic","Card","Relic"],"build_version":"2020-12-22","purchased_purges":1,"victory":false,"max_hp_per_floor":[81,81,81,81,81,81,81,81,81,81,81,81,81,81,81,81,81,81,81,81,81,81,81,81,81,81,81,82,83,83,84,85,86,86,86,87,88,88,88,88],"relic_stats":{"SsserpentHead":50,"Dream Catcher":2,"FaceOfCleric":7,"counters":[25,125],"Sundial":[2],"Prayer Wheel":2,"Cursed Key":0,"obtain_stats":[{"Girya":31,"Guardian:GemstoneGun":7,"bronze:DecasWashers":14,"sneckomod:BlankCard":21,"champ:ChampionCrown":0,"GremlinMask":27,"Cursed Key":17,"Calling Bell":34,"SsserpentHead":27,"Dream Catcher":8,"FaceOfCleric":27,"Sundial":34,"Prayer Wheel":34,"CultistMask":27,"downfall:CloakOfManyFaces":27,"Membership Card":21,"hexamod:BolsterEngine":10,"champ:FightingForDummies":34,"NlothsMask":27},{"Girya":20,"Guardian:GemstoneGun":4,"bronze:DecasWashers":9,"sneckomod:BlankCard":14,"champ:ChampionCrown":0,"GremlinMask":17,"Cursed Key":11,"Calling Bell":22,"SsserpentHead":17,"Dream Catcher":5,"FaceOfCleric":17,"Sundial":22,"Prayer Wheel":22,"CultistMask":17,"downfall:CloakOfManyFaces":17,"Membership Card":14,"hexamod:BolsterEngine":7,"champ:FightingForDummies":22,"NlothsMask":17},{"Girya":94,"Guardian:GemstoneGun":10,"bronze:DecasWashers":34,"sneckomod:BlankCard":65,"champ:ChampionCrown":0,"GremlinMask":79,"Cursed Key":52,"Calling Bell":106,"SsserpentHead":79,"Dream Catcher":16,"FaceOfCleric":79,"Sundial":106,"Prayer Wheel":106,"CultistMask":79,"downfall:CloakOfManyFaces":79,"Membership Card":65,"hexamod:BolsterEngine":26,"champ:FightingForDummies":106,"NlothsMask":79}]},"card_choices":[{"not_picked":["champ:Circumvent","champ:ViciousMockery"],"picked":"champ:PerfectedStrike","floor":3},{"not_picked":["champ:HeartStrike","champ:ViciousMockery"],"picked":"champ:StanceDance","floor":4},{"not_picked":["champ:Haymaker","champ:DefensiveShout"],"picked":"champ:GladiatorStyle","floor":5},{"not_picked":["champ:FancyFootwork","champ:Encircle"],"picked":"champ:DeathBlow","floor":6},{"not_picked":["champ:TornadoPunch","champ:BerserkersShout"],"picked":"champ:UltimateStance","floor":8},{"not_picked":["champ:StanceDance","champ:GutPunch"],"picked":"champ:BerserkersShout","floor":9},{"not_picked":["champ:Encircle","champ:EnGarde"],"picked":"champ:Backstep","floor":10},{"not_picked":["champ:Shatter","champ:RecklessLeap"],"picked":"champ:LastStand","floor":12},{"not_picked":["champ:PerfectedStrike","champ:ViciousMockery"],"picked":"champ:CheapShot","floor":14},{"not_picked":["champ:EndlessRage","champ:DeathBlow"],"picked":"champ:AdrenalArmor","floor":15},{"not_picked":["champ:LastStand","champ:EnchantShield"],"picked":"champ:IgnorePain","floor":16},{"not_picked":["champ:BringItOn+1","champ:DefensiveShout"],"picked":"champ:ShieldSlam+1","floor":19},{"not_picked":["champ:BladeFlurry","champ:RapidStrikes","champ:Encircle"],"picked":"SKIP","floor":20},{"not_picked":["champ:Circumvent","champ:BerserkersShout"],"picked":"champ:Backstep","floor":21},{"not_picked":["champ:VampiricStrike","champ:Circumvent"],"picked":"champ:RageSigil+1","floor":22},{"not_picked":["champ:TornadoPunch","champ:HeartStrike"],"picked":"champ:ShieldWall","floor":23},{"not_picked":["champ:PreciseThrust","champ:Backstep","champ:DefensiveShout"],"picked":"SKIP","floor":28},{"not_picked":["champ:Duel","champ:Backstep"],"picked":"champ:ShieldSigil+1","floor":29},{"not_picked":["champ:PerfectedStrike","champ:Duel"],"picked":"champ:Lariat","floor":30},{"not_picked":["champ:BerserkersShout","champ:BladeFlurry"],"picked":"champ:BerserkerStyle","floor":31},{"not_picked":["champ:GutPunch","champ:ViciousMockery","champ:ShieldSlam"],"picked":"SKIP","floor":32},{"not_picked":["champ:CheapShot","champ:MurderStrike"],"picked":"champ:GladiatorForm","floor":33},{"not_picked":["champ:FlashCut+1","champ:BerserkersShout"],"picked":"champ:StanceDance+1","floor":36},{"not_picked":["champ:PreciseThrust+1","champ:EnragedBash+1","champ:Endure"],"picked":"SKIP","floor":36},{"not_picked":["champ:ViciousMockery","champ:ShieldSlam"],"picked":"champ:RapidStrikes","floor":37},{"not_picked":["champ:ShieldSigil","champ:TornadoPunch","champ:Encircle"],"picked":"SKIP","floor":37}],"player_experience":1883361,"relics_obtained":[{"floor":7,"key":"Guardian:GemstoneGun"},{"floor":8,"key":"Dream Catcher"},{"floor":10,"key":"hexamod:BolsterEngine"},{"floor":14,"key":"bronze:DecasWashers"},{"floor":27,"key":"downfall:CloakOfManyFaces"},{"floor":31,"key":"Girya"},{"floor":34,"key":"champ:FightingForDummies"},{"floor":34,"key":"Sundial"},{"floor":34,"key":"Prayer Wheel"}],"event_choices":[],"is_beta":false,"boss_relics":[{"not_picked":["Runic Dome","Empty Cage"],"picked":"Cursed Key"},{"not_picked":["Philosopher\u0027s Stone","Pandora\u0027s Box"],"picked":"Calling Bell"}],"items_purged_floors":[4],"is_endless":false,"potions_floor_spawned":[5,8,12,14,15,19,20,27,32,36],"killed_by":"Transient","ascension_level":14}}