{"host":"rolltorest","time":1613032538,"event":{"mods":["BaseMod","Minty Spire (QoL Compilation)","Relic Stats","Slay the Relics Exporter","StSLib"],"gold_per_floor":[112,125,10,24,24,24,58,58,84,98,426,125,125,142,142,216,216,230,35,35,45,3,3,3],"floor_reached":23,"language":"ENG","playtime":554,"items_purged":["Strike_B"],"score":398,"play_id":"6f6bf395-c476-4dac-bb69-4816e9b8e344","local_time":"20210211003538","is_ascension_mode":true,"campfire_choices":[{"floor":6,"key":"REST"},{"data":"Rainbow","floor":13,"key":"SMITH"},{"data":"Recycle","floor":15,"key":"SMITH"}],"circlet_count":0,"master_deck":["AscendersBane","Strike_B","Strike_B","Strike_B","Defend_B","Defend_B","Defend_B+1","Defend_B","Zap","Dualcast","Streamline+1","BootSequence","Hologram","Rainbow+1","Lockon","Beam Cell","Electrodynamics","Barrage","Recycle+1","Seek","HandOfGreed","Reinforced Body+1","Self Repair"],"relics":["SlaversCollar","Bag of Marbles","Vajra","Old Coin","Snecko Eye"],"acts_visited":["Exordium","TheCity"],"potions_floor_usage":[10,11,23,23],"damage_taken":[{"damage":14,"enemies":"Small Slimes","floor":1,"turns":6},{"damage":0,"enemies":"Cultist","floor":2,"turns":3},{"damage":0,"enemies":"2 Louse","floor":4,"turns":2},{"damage":15,"enemies":"3 Sentries","floor":7,"turns":9},{"damage":11,"enemies":"Exordium Thugs","floor":10,"turns":5},{"damage":4,"enemies":"Lagavulin","floor":11,"turns":5},{"damage":1,"enemies":"Red Slaver","floor":14,"turns":3},{"damage":15,"enemies":"Slime Boss","floor":16,"turns":7},{"damage":22,"enemies":"2 Thieves","floor":18,"turns":4},{"damage":17,"enemies":"Shell Parasite","floor":21,"turns":3},{"damage":21,"enemies":"Slavers","floor":23,"turns":2}],"seed_played":"-2212330546057405362","potions_obtained":[{"floor":2,"key":"ColorlessPotion"},{"floor":10,"key":"FearPotion"},{"floor":14,"key":"FocusPotion"},{"floor":21,"key":"DuplicationPotion"}],"is_trial":false,"path_per_floor":["M","M","$","M","?","R","E","?","T","M","E","$","R","M","R","B",null,"M","$","?","M","$","E"],"character_chosen":"DEFECT","items_purchased":["Streamline","ColorlessPotion","Electrodynamics","Barrage","HandOfGreed","Self Repair"],"campfire_rested":1,"item_purchase_floors":[3,3,12,12,19,22],"current_hp_per_floor":[50,50,50,50,29,50,35,40,40,29,25,25,25,24,24,9,56,34,34,34,17,17,0,0],"gold":3,"neow_bonus":"BOSS_RELIC","is_daily":false,"chose_seed":false,"campfire_upgraded":2,"win_rate":0.0,"timestamp":1613032538,"path_taken":["M","M","$","M","?","R","E","?","T","?","E","$","R","M","R","BOSS","M","$","?","M","?","E"],"items_purchased_type":["Card","Potion","Card","Card","Card","Card"],"build_version":"2020-12-18","purchased_purges":1,"victory":false,"max_hp_per_floor":[71,71,71,71,71,71,71,71,71,71,71,71,71,71,71,71,71,71,71,71,71,71,71,71],"relic_stats":{"counters":[11,49],"Snecko Eye":[14,13,15,17],"obtain_stats":[{"SlaversCollar":0,"Vajra":9,"Snecko Eye":17,"Bag of Marbles":7,"Cracked Core":0,"Old Coin":11},{"SlaversCollar":0,"Vajra":4,"Snecko Eye":8,"Bag of Marbles":4,"Cracked Core":0,"Old Coin":6},{"SlaversCollar":0,"Vajra":20,"Snecko Eye":40,"Bag of Marbles":20,"Cracked Core":0,"Old Coin":30}]},"card_choices":[{"not_picked":["Undo","Cold Snap"],"picked":"Streamline","floor":1},{"not_picked":["Leap","Steam"],"picked":"BootSequence","floor":2},{"not_picked":["Barrage","Tempest"],"picked":"Hologram","floor":4},{"not_picked":["Barrage","Redo"],"picked":"Rainbow","floor":7},{"not_picked":["Conserve Battery","Gash"],"picked":"Lockon","floor":10},{"not_picked":["Leap","Compile Driver"],"picked":"Beam Cell","floor":11},{"not_picked":["Stack","Hello World"],"picked":"Recycle","floor":14},{"not_picked":["Buffer","Rainbow"],"picked":"Seek","floor":16},{"not_picked":["Steam","Chill","Chaos"],"picked":"SKIP","floor":18},{"not_picked":["Ball Lightning","Barrage"],"picked":"Reinforced Body+1","floor":21}],"player_experience":1952840,"relics_obtained":[{"floor":7,"key":"Bag of Marbles"},{"floor":9,"key":"Vajra"},{"floor":11,"key":"Old Coin"}],"event_choices":[{"damage_healed":0,"gold_gain":0,"player_choice":"Entered Light","damage_taken":21,"max_hp_gain":0,"max_hp_loss":0,"event_name":"Shining Light","floor":5,"gold_loss":0,"cards_upgraded":["Defend_B","Streamline"]},{"cards_removed":["Streamline"],"damage_healed":5,"gold_gain":0,"player_choice":"Offered Common","damage_taken":0,"max_hp_gain":0,"max_hp_loss":0,"event_name":"Bonfire Elementals","floor":8,"gold_loss":0},{"cards_removed":["Streamline"],"damage_healed":5,"gold_gain":0,"player_choice":"Offered Special","damage_taken":0,"max_hp_gain":0,"max_hp_loss":0,"event_name":"Bonfire Elementals","floor":8,"gold_loss":0},{"damage_healed":0,"gold_gain":0,"player_choice":"Got Potions","damage_taken":0,"max_hp_gain":0,"max_hp_loss":0,"event_name":"Lab","floor":20,"gold_loss":0}],"is_beta":true,"boss_relics":[{"not_picked":["Cursed Key","Ectoplasm"],"picked":"Snecko Eye"}],"items_purged_floors":[12],"is_endless":false,"potions_floor_spawned":[2,7,10,14,21],"killed_by":"Slavers","ascension_level":20}}