{"host":"xkmvu47k9fdstweo","time":1613064373,"event":{"mods":["BaseMod","Colored Map","Conspire","HololiveMod","Hubris","Minty Spire (QoL Compilation)","Quick Restart","Shop Mod","StSLib"],"gold_per_floor":[80,99,99,24,38,38,67,16,16,16,16,16,62,93,93,182,182,259,259,259,259,297,297,362,362,362,460,385,454,500,878,878,999,999,1031,1151,1151,1250,1525,1601,1601,1694,1721,1753,1813,1813,1813,1867,1879,2025,2085,2085],"floor_reached":51,"language":"ENG","playtime":1890,"items_purged":[],"score":2357,"play_id":"473aee51-b554-4d66-8f47-3805498d41a9","local_time":"20210211122613","is_ascension_mode":true,"campfire_choices":[{"data":"Hololive_HuntDinosaur","floor":6,"key":"SMITH"},{"data":"Hololive_CallDoris","floor":10,"key":"SMITH"},{"data":"Hololive_CallSakuraMiko","floor":12,"key":"SMITH"},{"data":"Hololive_RevenueBasedLive","floor":15,"key":"SMITH"},{"floor":23,"key":"REST"},{"floor":25,"key":"REST"},{"data":"Hololive_DiamondStrike","floor":32,"key":"SMITH"},{"data":"Hololive_BeCareful","floor":41,"key":"SMITH"},{"data":"Hololive_CallHoshimachiSuisei","floor":46,"key":"SMITH"},{"data":"Hololive_CandyCastle","floor":49,"key":"SMITH"}],"circlet_count":0,"master_deck":["AscendersBane","Hololive_Defend","Hololive_Defend","Hololive_CandyCastle+1","Hololive_CallNatsuiroMatsuri","Hololive_CallTokoyamiTowa","Hololive_CallCivia","Hololive_CallSakuraMiko+1","Hololive_CallDoris+1","Hololive_Psychosis+1","Hololive_CallOkamiMio","Hololive_HuntDinosaur+1","Hololive_CallInugamiKorone","Hololive_FlyingPonyTail","Hololive_RevenueBasedLive+1","Hololive_HuntDinosaur","Hololive_DiamondStrike+1","Hololive_HuntDinosaur","Hololive_CallSakuraMiko+1","Hololive_Trident+1","Hololive_RevenueBasedLive+1","Hololive_Rebirth","Hololive_CandyCastle","Hololive_BeCareful+1","Hololive_CallHoshimachiSuisei+1","Hololive_Rebound+1","Regret","Hololive_CallShirakamiFubuki+1","Hololive_RevenueBasedLive","Hololive_RevenueBasedLive"],"relics":["Hololive_TheStar","NeowsBlessing","Singing Bowl","Strawberry","Gremlin Horn","Sozu","Enchiridion","Bottled Tornado","Mango","Hololive_LightStick","hubris:ToyBattleship","Old Coin","hubris:Backtick","Mummified Hand","hubris:SlimyHat","hubris:BundleOfHerbs","Whetstone","MawBank"],"acts_visited":["Exordium","TheCity","TheBeyond"],"potions_floor_usage":[24,51],"damage_taken":[{"damage":0,"enemies":"conspire:RoseBush","floor":1,"turns":1},{"damage":0,"enemies":"Small Slimes","floor":2,"turns":3},{"damage":0,"enemies":"Jaw Worm","floor":5,"turns":1},{"damage":0,"enemies":"Gremlin Nob","floor":7,"turns":4},{"damage":0,"enemies":"3 Sentries","floor":13,"turns":5},{"damage":0,"enemies":"Exordium Thugs","floor":14,"turns":4},{"damage":0,"enemies":"Slime Boss","floor":16,"turns":6},{"damage":0,"enemies":"conspire:FuzzyDice","floor":18,"turns":7},{"damage":0,"enemies":"Shell Parasite","floor":22,"turns":3},{"damage":1,"enemies":"Gremlin Leader","floor":24,"turns":6},{"damage":0,"enemies":"conspire:Head Lice","floor":27,"turns":7},{"damage":6,"enemies":"Slavers","floor":29,"turns":4},{"damage":0,"enemies":"Cultist and Chosen","floor":30,"turns":4},{"damage":0,"enemies":"Book of Stabbing","floor":31,"turns":4},{"damage":0,"enemies":"hubris:MusketHawk","floor":33,"turns":6},{"damage":0,"enemies":"Orb Walker","floor":35,"turns":4},{"damage":0,"enemies":"3 Darklings","floor":36,"turns":7},{"damage":0,"enemies":"Sphere and 2 Shapes","floor":38,"turns":3},{"damage":0,"enemies":"Giant Head","floor":40,"turns":6},{"damage":0,"enemies":"Nemesis","floor":42,"turns":5},{"damage":0,"enemies":"Spire Growth","floor":44,"turns":3},{"damage":5,"enemies":"4 Shapes","floor":45,"turns":5},{"damage":8,"enemies":"Jaw Worm Horde","floor":48,"turns":4},{"damage":0,"enemies":"hubris:GrandSnecko","floor":50,"turns":9},{"damage":64,"enemies":"Awakened One","floor":51,"turns":3}],"seed_played":"8725611091680670103","potions_obtained":[{"floor":1,"key":"SpeedPotion"},{"floor":2,"key":"FearPotion"}],"is_trial":false,"path_per_floor":["M","M","?","?","M","R","E","$","T","R","?","R","E","M","R","B",null,"M","?","?","?","M","R","E","R","T","E","?","E","M","E","R","B",null,"M","M","$","M","?","E","R","E","T","M","M","R","T","M","R","B","B"],"character_chosen":"Hololive_HololiveCharacter","items_purchased":["Hololive_FlyingPonyTail"],"campfire_rested":2,"item_purchase_floors":[8],"current_hp_per_floor":[27,27,32,32,32,32,32,32,39,39,39,39,39,39,39,39,41,43,43,22,12,12,26,25,39,53,53,53,47,47,47,47,47,59,59,59,59,61,61,63,63,63,63,63,60,60,60,52,52,52,0,0],"gold":2085,"neow_bonus":"THREE_ENEMY_KILL","is_daily":false,"chose_seed":false,"campfire_upgraded":8,"win_rate":0.0,"timestamp":1613064373,"path_taken":["M","M","?","?","?","R","E","?","T","R","?","R","E","M","R","BOSS","M","?","?","?","M","R","E","R","T","E","?","E","M","E","R","BOSS","M","M","$","M","?","E","R","E","T","M","?","R","?","?","R","BOSS","BOSS"],"items_purchased_type":["Card"],"build_version":"2020-12-22","purchased_purges":0,"victory":false,"max_hp_per_floor":[30,30,35,35,35,35,35,35,42,42,42,42,42,42,42,42,42,44,44,44,49,49,49,49,49,63,63,63,63,63,63,63,63,63,63,63,63,65,65,67,67,67,67,67,69,69,69,69,69,69,69,69],"card_choices":[{"not_picked":["Hololive_CallAyundaRisu","Hololive_Breathe","Hololive_Teleport"],"picked":"Hololive_Psychosis","floor":1},{"not_picked":["Hololive_Sequa","Hololive_OvertimeWork","Hololive_Psychosis"],"picked":"Hololive_CallOkamiMio","floor":2},{"not_picked":["Hololive_Sequa","Hololive_Psychosis","Hololive_StrengthChampion"],"picked":"Hololive_HuntDinosaur","floor":5},{"not_picked":["Hololive_ManjiGathering","Hololive_Drill","Hololive_Trident"],"picked":"Hololive_CallInugamiKorone","floor":7},{"not_picked":["Hololive_CallYuzukiChoco","Hololive_CallManoAloe","Hololive_CallMinatoAqua"],"picked":"Hololive_RevenueBasedLive","floor":13},{"not_picked":["Hololive_Rebound","Hololive_Sequa","Hololive_CallAiraniIofifteen"],"picked":"Hololive_HuntDinosaur","floor":14},{"not_picked":["Hololive_StarCraft","Hololive_IdolExercise","Hololive_ASMR"],"picked":"Hololive_DiamondStrike","floor":16},{"not_picked":["Hololive_StrengthChampion","Hololive_CallUruhaRushia","Hololive_CallAiraniIofifteen","Hololive_CallInugamiKorone"],"picked":"Singing Bowl","floor":18},{"not_picked":["Hololive_LuckPotion","Hololive_FlyingPonyTail","Hololive_CallAyundaRisu"],"picked":"Hololive_HuntDinosaur","floor":22},{"not_picked":["Hololive_CocoNews+1","Hololive_CallRosalyn","Hololive_Trident"],"picked":"Hololive_CallSakuraMiko+1","floor":24},{"not_picked":["Hololive_CallYogiri","Hololive_OvertimeWork","Hololive_Sequa"],"picked":"Hololive_Trident","floor":27},{"not_picked":["Hololive_CallCivia+1","Hololive_Rebound","Hololive_Sequa"],"picked":"Hololive_RevenueBasedLive+1","floor":29},{"not_picked":["Hololive_Sequa","Hololive_CocoNews","Hololive_Trident"],"picked":"Hololive_Rebirth","floor":30},{"not_picked":["Hololive_CallRoboco","Hololive_Rebound","Hololive_Psychosis+1"],"picked":"Hololive_CandyCastle","floor":31},{"not_picked":["Hololive_Recruit","Hololive_Nanodesu","Hololive_HighAtkLowDef"],"picked":"Hololive_BeCareful","floor":33},{"not_picked":["Hololive_Drill+1","Hololive_CallKiryuuCoco","Hololive_Sequa"],"picked":"Hololive_CallHoshimachiSuisei","floor":35},{"not_picked":["Hololive_ManjiGathering","Hololive_CallHoushouMarine","Hololive_StrengthChampion"],"picked":"Hololive_Rebound+1","floor":36},{"not_picked":["Hololive_CallYogiri","Hololive_FlyingPonyTail","Hololive_LuckPotion","Hololive_Psychosis"],"picked":"Singing Bowl","floor":38},{"not_picked":["Hololive_CallYogiri+1","Hololive_WolfAndLamb","Hololive_Drill","Hololive_CallOmaruPolka"],"picked":"Singing Bowl","floor":40},{"not_picked":["Hololive_FlyingPonyTail","Hololive_Breathe","Hololive_IdolExercise"],"picked":"Hololive_CallShirakamiFubuki+1","floor":42},{"not_picked":["Hololive_CallTokoyamiTowa","Hololive_CallMoonaHoshinova","Hololive_CallCivia+1"],"picked":"Hololive_RevenueBasedLive","floor":44},{"not_picked":["Hololive_Psychosis+1","Hololive_Breathe","Hololive_Sequa","Hololive_BringToTrial"],"picked":"Singing Bowl","floor":45},{"not_picked":["Hololive_Breathe+1","Hololive_Teleport+1","Hololive_CallCivia"],"picked":"Hololive_RevenueBasedLive","floor":48}],"player_experience":355114,"relics_obtained":[{"floor":7,"key":"Singing Bowl"},{"floor":9,"key":"Strawberry"},{"floor":13,"key":"Gremlin Horn"},{"floor":20,"key":"Enchiridion"},{"floor":24,"key":"Bottled Tornado"},{"floor":26,"key":"Mango"},{"floor":27,"key":"Hololive_LightStick"},{"floor":29,"key":"hubris:ToyBattleship"},{"floor":31,"key":"Old Coin"},{"floor":40,"key":"hubris:SlimyHat"},{"floor":42,"key":"hubris:BundleOfHerbs"},{"floor":43,"key":"Whetstone"},{"floor":47,"key":"MawBank"}],"event_choices":[{"damage_healed":0,"gold_gain":0,"player_choice":"Donut","damage_taken":0,"max_hp_gain":5,"max_hp_loss":0,"event_name":"Big Fish","floor":3,"gold_loss":0},{"cards_removed":["Hololive_Strike"],"damage_healed":0,"gold_gain":0,"player_choice":"Card Removal","damage_taken":0,"max_hp_gain":0,"max_hp_loss":0,"event_name":"The Cleric","floor":4,"gold_loss":75},{"damage_healed":0,"gold_gain":0,"player_choice":"Ignored","damage_taken":0,"max_hp_gain":0,"max_hp_loss":0,"event_name":"Liars Game","floor":11,"gold_loss":0},{"damage_healed":0,"gold_gain":0,"player_choice":"Obtained Book","damage_taken":21,"max_hp_gain":0,"max_hp_loss":0,"event_name":"Cursed Tome","floor":20,"gold_loss":0},{"damage_healed":0,"gold_gain":0,"player_choice":"Shed Blood","damage_taken":15,"max_hp_gain":5,"max_hp_loss":0,"event_name":"Forgotten Altar","floor":21,"gold_loss":0},{"cards_removed":["Hololive_Strike"],"damage_healed":0,"gold_gain":0,"player_choice":"Gave Gold","damage_taken":0,"max_hp_gain":0,"max_hp_loss":0,"event_name":"Beggar","floor":28,"gold_loss":75},{"damage_healed":0,"gold_gain":275,"player_choice":"Desecrate","damage_taken":0,"max_hp_gain":0,"max_hp_loss":0,"event_name":"Golden Shrine","floor":39,"gold_loss":0,"cards_obtained":["Regret"]}],"is_beta":false,"boss_relics":[{"not_picked":["Velvet Choker","conspire:RunicOctahedron"],"picked":"Sozu"},{"not_picked":["hubris:RunicObelisk","Hololive_TopUpMoneyS"],"picked":"hubris:Backtick"}],"items_purged_floors":[],"is_endless":false,"potions_floor_spawned":[1,2,7,18,29,31,33,38,44,45],"killed_by":"Awakened One","ascension_level":20}}