{"host":"5y2vm16xfq9gfmb2","time":1613006980,"event":{"mods":["AchievementEnabler","BaseMod","Better Third Choice","Colored Map","Colored Powertips","DeckTracker","Minty Spire (QoL Compilation)","Rare Cards Sparkle","Relic Stats","StSLib","The Alterego","The Servant 0.9.4"],"gold_per_floor":[112,112,128,35,52,52,81,113,150,237,265,297,292,304,316,425,487,515,538,550,562,574,586,597,628,640,670,682,694,706,706,718,730,730],"floor_reached":33,"language":"ENG","playtime":2062,"items_purged":[],"score":369,"play_id":"94934f02-5dcc-4474-a6b3-9be5ce4d628b","local_time":"20210210202940","is_ascension_mode":false,"campfire_choices":[{"data":"alterego_mod:BiFurious","floor":6.0,"key":"SMITH"},{"floor":15.0,"key":"REST"},{"floor":23,"key":"REST"},{"floor":29,"key":"REST"},{"data":"alterego_mod:STier","floor":32,"key":"SMITH"}],"circlet_count":0,"master_deck":["alterego_mod:Strike+1","alterego_mod:Strike","alterego_mod:Strike","alterego_mod:Defend","alterego_mod:Defend+1","alterego_mod:Defend","alterego_mod:Defend","alterego_mod:Impale","alterego_mod:BigMeatyClaws","alterego_mod:BrynhildrsRune","alterego_mod:BiFurious+1","alterego_mod:Smother","alterego_mod:GoddessCore","alterego_mod:SakuraFive+1","alterego_mod:PerceptionDisorder","alterego_mod:InsideBaseball","alterego_mod:Mirror","alterego_mod:Birthday","alterego_mod:GachaTicket","alterego_mod:Undulate","alterego_mod:STier+1","alterego_mod:Pet","alterego_mod:TrashNCrash","alterego_mod:Clap+1","J.A.X.","alterego_mod:STier","alterego_mod:Cushion","alterego_mod:Santa","alterego_mod:MaintainEyeContact"],"relics":["Philosopher\u0027s Stone","MawBank","Whetstone","White Beast Statue","Tiny House","Nilry\u0027s Codex","Bottled Lightning","Ancient Tea Set","Bronze Scales","alterego_mod:SomeoneToFightFor"],"acts_visited":["TheCity"],"potions_floor_usage":[24,24,25,33],"damage_taken":[{"damage":8.0,"enemies":"Jaw Worm","floor":1.0,"turns":4.0},{"damage":0.0,"enemies":"Cultist","floor":3.0,"turns":4.0},{"damage":0.0,"enemies":"2 Louse","floor":5.0,"turns":2.0},{"damage":15.0,"enemies":"Gremlin Nob","floor":7.0,"turns":3.0},{"damage":15.0,"enemies":"Gremlin Gang","floor":8.0,"turns":3.0},{"damage":10.0,"enemies":"2 Fungi Beasts","floor":11.0,"turns":3.0},{"damage":8.0,"enemies":"Blue Slaver","floor":12.0,"turns":3.0},{"damage":11.0,"enemies":"Exordium Thugs","floor":13.0,"turns":3.0},{"damage":39.0,"enemies":"The Guardian","floor":16.0,"turns":8.0},{"damage":0.0,"enemies":"Chosen","floor":18.0,"turns":3.0},{"damage":12.0,"enemies":"3 Byrds","floor":19.0,"turns":7.0},{"damage":78,"enemies":"Slavers","floor":24,"turns":7},{"damage":37,"enemies":"Snake Plant","floor":25,"turns":5},{"damage":21,"enemies":"Sentry and Sphere","floor":27,"turns":4},{"damage":5,"enemies":"Centurion and Healer","floor":31,"turns":4},{"damage":124,"enemies":"Collector","floor":33,"turns":6}],"seed_played":"-1742836384581695004","potions_obtained":[{"floor":2.0,"key":"Ancient Potion"},{"floor":2.0,"key":"CultistPotion"},{"floor":2.0,"key":"Fire Potion"},{"floor":11.0,"key":"Energy Potion"},{"floor":12.0,"key":"DuplicationPotion"},{"floor":16.0,"key":"AttackPotion"},{"floor":17.0,"key":"FairyPotion"},{"floor":18.0,"key":"PowerPotion"},{"floor":24,"key":"SteroidPotion"},{"floor":25,"key":"Dexterity Potion"},{"floor":27,"key":"SpeedPotion"},{"floor":31,"key":"SteroidPotion"}],"is_trial":false,"path_per_floor":["M","?","M","$","M","R","E","M","T","T","M","M","M","?","R","B",null,"M","M","?","?","T","R","E","M","T","M","?","R","?","M","R","B"],"character_chosen":"The_Alterego","items_purchased":["alterego_mod:GoddessCore","alterego_mod:SakuraFive"],"campfire_rested":3,"item_purchase_floors":[4,4],"current_hp_per_floor":[62,62,69,69,69,69,54,39,39,39,29,30,28,28,49,19,75,75,70,54,54,54,75,16,48,48,43,43,65,65,60,60,0,0],"gold":730,"neow_bonus":"BOSS_RELIC","is_daily":false,"chose_seed":false,"campfire_upgraded":2,"win_rate":0.0,"timestamp":1613006980,"path_taken":["M","?","?","$","M","R","E","M","T","?","M","M","M","?","R","BOSS","M","?","?","?","?","R","E","M","T","?","?","R","?","M","R","BOSS"],"items_purchased_type":["Card","Card"],"build_version":"2020-12-22","purchased_purges":0,"victory":false,"max_hp_per_floor":[70,70,70,70,70,70,70,70,70,70,70,70,70,70,70,70,75,75,75,75,75,75,75,75,75,75,75,75,75,75,75,75,75,75],"relic_stats":{"counters":[16,68],"Bronze Scales":[51],"Whetstone":["alterego_mod:SakuraFive","alterego_mod:Strike"],"MawBank":312,"obtain_stats":[{"Tiny House":17,"Nilry\u0027s Codex":20,"Bronze Scales":26,"Philosopher\u0027s Stone":0,"Whetstone":9,"Bottled Lightning":22,"alterego_mod:SomeoneToFightFor":30,"MawBank":7,"Ancient Tea Set":24,"White Beast Statue":10},{"Tiny House":9,"Nilry\u0027s Codex":11,"Bronze Scales":13,"Philosopher\u0027s Stone":0,"Whetstone":5,"Bottled Lightning":11,"alterego_mod:SomeoneToFightFor":14,"MawBank":4,"Ancient Tea Set":12,"White Beast Statue":5},{"Tiny House":33,"Nilry\u0027s Codex":42,"Bronze Scales":54,"Philosopher\u0027s Stone":0,"Whetstone":16,"Bottled Lightning":42,"alterego_mod:SomeoneToFightFor":58,"MawBank":13,"Ancient Tea Set":49,"White Beast Statue":16}]},"card_choices":[{"not_picked":["alterego_mod:Undulate","alterego_mod:Punishment"],"picked":"alterego_mod:BiFurious","floor":1.0},{"not_picked":["alterego_mod:Maid","alterego_mod:Lingerie"],"picked":"alterego_mod:Smother","floor":3.0},{"not_picked":["alterego_mod:Undulate","alterego_mod:Bounce"],"picked":"alterego_mod:PerceptionDisorder","floor":5.0},{"not_picked":["alterego_mod:TrashNCrash","alterego_mod:Collar"],"picked":"alterego_mod:InsideBaseball","floor":7.0},{"not_picked":["alterego_mod:Valentines","alterego_mod:PresenceConcealment"],"picked":"alterego_mod:Mirror","floor":8.0},{"not_picked":["alterego_mod:Skirt","alterego_mod:DiscoLights"],"picked":"alterego_mod:Birthday","floor":11.0},{"not_picked":["alterego_mod:Punishment","alterego_mod:Mirror"],"picked":"alterego_mod:GachaTicket","floor":12.0},{"not_picked":["alterego_mod:Cycle","alterego_mod:DiscoLights"],"picked":"alterego_mod:Undulate","floor":13.0},{"not_picked":["alterego_mod:GIGAMILK","alterego_mod:VirginLaserPalladion"],"picked":"alterego_mod:STier","floor":16.0},{"not_picked":["alterego_mod:Skirt","alterego_mod:Maid"],"picked":"alterego_mod:Pet","floor":17.0},{"not_picked":["alterego_mod:Mirror+1","alterego_mod:Jiggle+1"],"picked":"alterego_mod:TrashNCrash","floor":18.0},{"not_picked":["alterego_mod:GoddessCore","alterego_mod:Birthday"],"picked":"alterego_mod:Clap+1","floor":19.0},{"not_picked":["alterego_mod:IndependentAction+1","alterego_mod:DeftHands"],"picked":"alterego_mod:STier","floor":24},{"not_picked":["alterego_mod:GoddessCore","alterego_mod:DiscoLights"],"picked":"alterego_mod:Cushion","floor":25},{"not_picked":["alterego_mod:Punishment+1","alterego_mod:MagicResistance"],"picked":"alterego_mod:Santa","floor":27},{"not_picked":["alterego_mod:Pet","alterego_mod:DeftHands"],"picked":"alterego_mod:MaintainEyeContact","floor":31}],"player_experience":18441,"relics_obtained":[{"floor":7.0,"key":"MawBank"},{"floor":9.0,"key":"Whetstone"},{"floor":10.0,"key":"White Beast Statue"},{"floor":20.0,"key":"Nilry\u0027s Codex"},{"floor":22.0,"key":"Bottled Lightning"},{"floor":24,"key":"Ancient Tea Set"},{"floor":26,"key":"Bronze Scales"}],"event_choices":[{"damage_healed":0.0,"max_hp_gain":0.0,"max_hp_loss":0.0,"gold_gain":0.0,"event_name":"Lab","player_choice":"Got Potions","floor":2.0,"gold_loss":0.0,"damage_taken":0.0},{"cards_removed":["alterego_mod:Strike"],"damage_healed":0.0,"max_hp_gain":0.0,"max_hp_loss":0.0,"gold_gain":0.0,"event_name":"Purifier","player_choice":"Purged","floor":14.0,"gold_loss":0.0,"damage_taken":0.0},{"damage_healed":0.0,"max_hp_gain":0.0,"max_hp_loss":0.0,"gold_gain":0.0,"event_name":"Cursed Tome","player_choice":"Obtained Book","floor":20.0,"gold_loss":0.0,"damage_taken":16.0},{"damage_healed":0.0,"max_hp_gain":0.0,"max_hp_loss":0.0,"gold_gain":0.0,"event_name":"Drug Dealer","player_choice":"Obtain J.A.X.","floor":21.0,"gold_loss":0.0,"damage_taken":0.0,"cards_obtained":["J.A.X."]},{"damage_healed":0,"gold_gain":0,"player_choice":"Ignored","damage_taken":0,"max_hp_gain":0,"max_hp_loss":0,"event_name":"Ghosts","floor":28,"gold_loss":0},{"damage_healed":0,"gold_gain":0,"player_choice":"Choice 2","damage_taken":0,"relics_obtained":["alterego_mod:SomeoneToFightFor"],"max_hp_gain":0,"max_hp_loss":0,"event_name":"Secret Garden","floor":30,"gold_loss":0}],"is_beta":false,"boss_relics":[{"not_picked":["Coffee Dripper","Fusion Hammer"],"picked":"Tiny House"}],"items_purged_floors":[],"is_endless":false,"potions_floor_spawned":[5,11,12,13,16,18,19,24,25,27,31],"killed_by":"Collector","ascension_level":0}}