{"host":"p1xsuo25udtrkbq2","time":1613030209,"event":{"mods":["BaseMod","Colored Map","Googly Eyes","Highlight Path","Minty Spire (QoL Compilation)","Quick Restart","Rare Cards Sparkle","Relic Stats","Slay the Relics Exporter","StSLib","everything is the same but u backflip on backflip"],"gold_per_floor":[116,116,132,149,168,168,183,208,235,268,11,11,41,41,41,140,190,200,211,211,223,20,52,52,83,133,143,143,169,169,169,169,269,269,285,285,29,43,60,95,95,115,115,115,115,0,18,47,47,47,47,47,22,22,22],"floor_reached":54,"language":"ENG","playtime":8914,"items_purged":["Pain","Parasite","Strike_G"],"score":1147,"play_id":"d5de991f-8431-432b-89c5-0248564b657c","local_time":"20210211025649","is_ascension_mode":true,"campfire_choices":[{"floor":6.0,"key":"REST"},{"data":"Leg Sweep","floor":15.0,"key":"SMITH"},{"data":"Venomology","floor":24,"key":"SMITH"},{"data":"Envenom","floor":30,"key":"SMITH"},{"data":"Phantasmal Killer","floor":32,"key":"SMITH"},{"data":"Accuracy","floor":41,"key":"SMITH"},{"floor":45,"key":"REST"},{"floor":49,"key":"RECALL"},{"data":"PanicButton","floor":52,"key":"SMITH"}],"circlet_count":0,"master_deck":["AscendersBane","Strike_G","Defend_G","Defend_G","Defend_G+1","Defend_G","Defend_G+1","Survivor","Neutralize","Cloak And Dagger+1","Acrobatics+1","Blade Dance","PiercingWail","Blade Dance","Underhanded Strike","Backflip","Choke+1","Leg Sweep+1","Venomology+1","Outmaneuver","Venomology","Accuracy+1","Envenom+1","Phantasmal Killer+1","Deadly Poison+1","Bouncing Flask","Unload","Masterful Stab","Unload","Calculated Gamble+1","Flash of Steel","Swift Strike+1","PanicButton+1","Well Laid Plans+1","Backflip","Blade Dance","Footwork+1","Acrobatics","Eviscerate","Flying Knee+1"],"relics":["Ring of the Snake","WarpedTongs","Bronze Scales","Toy Ornithopter","Vajra","Membership Card","Bag of Marbles","Tiny House","Matryoshka","The Specimen","Bag of Preparation","War Paint","InkBottle","Frozen Egg 2","Empty Cage","Tingsha","Lantern","Whetstone","Medical Kit","HornCleat"],"acts_visited":["Exordium","TheCity","TheBeyond","TheEnding"],"potions_floor_usage":[23,23,25,25,27,29,29,29,33,33,33,38,38,38,39,40,40,42,47,47,47,48,48,48,50,50,50,50,50,50,54,54],"damage_taken":[{"damage":4.0,"enemies":"Jaw Worm","floor":1.0,"turns":6.0},{"damage":1.0,"enemies":"Cultist","floor":3.0,"turns":4.0},{"damage":1.0,"enemies":"2 Louse","floor":4.0,"turns":3.0},{"damage":14.0,"enemies":"2 Fungi Beasts","floor":5.0,"turns":5.0},{"damage":8.0,"enemies":"Blue Slaver","floor":7.0,"turns":4.0},{"damage":12.0,"enemies":"3 Sentries","floor":8.0,"turns":8.0},{"damage":22.0,"enemies":"Lagavulin","floor":10.0,"turns":8.0},{"damage":12.0,"enemies":"Gremlin Nob","floor":13.0,"turns":3.0},{"damage":16.0,"enemies":"Hexaghost","floor":16.0,"turns":9.0},{"damage":0.0,"enemies":"Chosen","floor":18.0,"turns":5.0},{"damage":13.0,"enemies":"Shell Parasite","floor":19.0,"turns":6.0},{"damage":7.0,"enemies":"Cultist and Chosen","floor":21.0,"turns":4.0},{"damage":18,"enemies":"Gremlin Leader","floor":23,"turns":8},{"damage":21,"enemies":"Book of Stabbing","floor":25,"turns":5},{"damage":0,"enemies":"Centurion and Healer","floor":27,"turns":5},{"damage":32,"enemies":"Gremlin Leader","floor":29,"turns":6},{"damage":30,"enemies":"Champ","floor":33,"turns":10},{"damage":6,"enemies":"Orb Walker","floor":35,"turns":4},{"damage":3,"enemies":"3 Shapes","floor":38,"turns":7},{"damage":0,"enemies":"Sphere and 2 Shapes","floor":39,"turns":4},{"damage":19,"enemies":"Reptomancer","floor":40,"turns":4},{"damage":26,"enemies":"3 Darklings","floor":42,"turns":4},{"damage":12,"enemies":"Maw","floor":47,"turns":5},{"damage":30,"enemies":"Giant Head","floor":48,"turns":7},{"damage":59,"enemies":"Time Eater","floor":50,"turns":11},{"damage":83,"enemies":"Shield and Spear","floor":54,"turns":6}],"seed_played":"2401761610135985055","potions_obtained":[{"floor":0.0,"key":"SneckoOil"},{"floor":0.0,"key":"Explosive Potion"},{"floor":0.0,"key":"Fire Potion"},{"floor":1.0,"key":"FearPotion"},{"floor":3.0,"key":"SteroidPotion"},{"floor":17.0,"key":"AttackPotion"},{"floor":19.0,"key":"Strength Potion"},{"floor":27,"key":"Regen Potion"},{"floor":35,"key":"AttackPotion"},{"floor":40,"key":"BlessingOfTheForge"},{"floor":42,"key":"Fire Potion"}],"is_trial":false,"path_per_floor":["M","?","M","M","M","R","M","E","T","E","$","?","E","?","R","B",null,"M","M","?","M","$","E","R","E","T","M","?","E","R","?","R","B",null,"M","?","$","M","M","E","R","M","T","?","R","$","M","E","R","B",null,"R","$","E"],"character_chosen":"THE_SILENT","items_purchased":["Membership Card","FearPotion","Choke","Envenom","Phantasmal Killer","Tingsha","Well Laid Plans+1","Backflip","Eviscerate","Medical Kit","Weak Potion"],"campfire_rested":2,"item_purchase_floors":[11,11,11,22,22,37,37,37,46,46,53],"current_hp_per_floor":[59,59,58,57,43,64,56,44,44,32,32,18,11,28,28,12,61,66,53,53,61,61,53,53,42,42,47,47,45,45,45,45,30,62,56,46,46,70,72,58,58,37,37,37,58,58,60,45,45,13,57,57,57,0,0],"gold":22,"neow_bonus":"THREE_SMALL_POTIONS","is_daily":false,"chose_seed":false,"campfire_upgraded":6,"win_rate":0.0,"timestamp":1613030209,"path_taken":["M","?","M","M","?","R","M","E","T","E","$","?","E","?","R","BOSS","M","M","?","M","$","E","R","E","T","M","?","E","R","?","R","BOSS","M","?","$","M","M","E","R","M","T","?","R","$","M","E","R","BOSS","R","$","E"],"items_purchased_type":["Relic","Potion","Card","Card","Card","Relic","Card","Card","Card","Relic","Potion"],"build_version":"2020-12-22","purchased_purges":3,"victory":false,"max_hp_per_floor":[70,70,70,70,70,70,70,70,70,70,70,70,70,70,70,70,75,75,75,75,75,72,72,72,72,72,72,72,72,72,72,72,72,72,72,72,72,72,72,72,72,72,72,72,72,72,72,72,72,72,72,72,72,72,72],"relic_stats":{"counters":[26,151],"Bronze Scales":[331],"Tingsha":[250],"Bag of Preparation":[24],"Whetstone":["Choke","Swift Strike"],"War Paint":["Deadly Poison","Defend_G"],"Medical Kit":[0],"obtain_stats":[{"Lantern":40,"Tiny House":17,"The Specimen":25,"Vajra":10,"Tingsha":37,"Bag of Preparation":26,"Whetstone":43,"War Paint":26,"Frozen Egg 2":29,"Empty Cage":34,"Medical Kit":46,"WarpedTongs":2,"Matryoshka":23,"HornCleat":48,"Bronze Scales":8,"Bag of Marbles":13,"Membership Card":11,"Toy Ornithopter":9,"InkBottle":28,"Ring of the Snake":0},{"Lantern":21,"Tiny House":9,"The Specimen":14,"Vajra":7,"Tingsha":18,"Bag of Preparation":14,"Whetstone":22,"War Paint":14,"Frozen Egg 2":16,"Empty Cage":17,"Medical Kit":22,"WarpedTongs":1,"Matryoshka":13,"HornCleat":24,"Bronze Scales":6,"Bag of Marbles":8,"Membership Card":7,"Toy Ornithopter":6,"InkBottle":15,"Ring of the Snake":0},{"Lantern":118,"Tiny House":50,"The Specimen":78,"Vajra":38,"Tingsha":103,"Bag of Preparation":78,"Whetstone":122,"War Paint":78,"Frozen Egg 2":89,"Empty Cage":99,"Medical Kit":122,"WarpedTongs":6,"Matryoshka":73,"HornCleat":134,"Bronze Scales":30,"Bag of Marbles":41,"Membership Card":38,"Toy Ornithopter":30,"InkBottle":83,"Ring of the Snake":0}],"Toy Ornithopter":183,"InkBottle":[35],"Ring of the Snake":[52],"WarpedTongs":[145]},"card_choices":[{"not_picked":["Bane","Blur"],"picked":"Cloak And Dagger","floor":1.0},{"not_picked":["Accuracy","Outmaneuver"],"picked":"Acrobatics","floor":3.0},{"not_picked":["Slice","Dodge and Roll"],"picked":"Blade Dance","floor":4.0},{"not_picked":["Prepared","Outmaneuver"],"picked":"PiercingWail","floor":5.0},{"not_picked":["Predator","Malaise"],"picked":"Blade Dance","floor":7.0},{"not_picked":["Dagger Spray","Flying Knee"],"picked":"Underhanded Strike","floor":8.0},{"not_picked":["Acrobatics","Sucker Punch"],"picked":"Backflip","floor":10.0},{"not_picked":["Deadly Poison","Deflect"],"picked":"Leg Sweep","floor":13.0},{"not_picked":["Burst","Bullet Time"],"picked":"Venomology","floor":16.0},{"not_picked":["Sucker Punch","Blade Dance"],"picked":"Outmaneuver","floor":17.0},{"not_picked":["PiercingWail","Dodge and Roll+1","Sucker Punch"],"picked":"SKIP","floor":18.0},{"not_picked":["PiercingWail","Skewer+1","Backflip"],"picked":"SKIP","floor":19.0},{"not_picked":["Bane","Masterful Stab+1"],"picked":"Accuracy","floor":21.0},{"not_picked":["Riddle With Holes","Dagger Spray","Flying Knee"],"picked":"SKIP","floor":23},{"not_picked":["Flying Knee","Backflip"],"picked":"Deadly Poison","floor":25},{"not_picked":["Slice","Backflip"],"picked":"Bouncing Flask","floor":27},{"not_picked":["Sucker Punch","Masterful Stab","Storm of Steel"],"picked":"SKIP","floor":29},{"not_picked":["A Thousand Cuts+1","Grand Finale"],"picked":"Unload","floor":33},{"not_picked":["Endless Agony","Quick Slash"],"picked":"Calculated Gamble+1","floor":35},{"not_picked":["Secret Weapon","Mayhem+1"],"picked":"Flash of Steel","floor":36},{"not_picked":["Bandage Up","Purity"],"picked":"Swift Strike","floor":36},{"not_picked":["Trip","Mind Blast"],"picked":"PanicButton","floor":36},{"not_picked":["Sucker Punch+1","Finisher"],"picked":"Blade Dance","floor":38},{"not_picked":["Backflip","Eviscerate"],"picked":"Footwork+1","floor":39},{"not_picked":["Deadly Poison","Grand Finale"],"picked":"Acrobatics","floor":40},{"not_picked":["Flechettes+1","Well Laid Plans+1","Backflip+1"],"picked":"SKIP","floor":42},{"not_picked":["Dash+1","Blade Dance+1"],"picked":"Flying Knee+1","floor":47},{"not_picked":["Deflect","Distraction","Slice"],"picked":"SKIP","floor":48}],"player_experience":1056462,"relics_obtained":[{"floor":8.0,"key":"Bronze Scales"},{"floor":9.0,"key":"Toy Ornithopter"},{"floor":10.0,"key":"Vajra"},{"floor":13.0,"key":"Bag of Marbles"},{"floor":23,"key":"Matryoshka"},{"floor":25,"key":"The Specimen"},{"floor":26,"key":"Bag of Preparation"},{"floor":26,"key":"War Paint"},{"floor":29,"key":"Frozen Egg 2"},{"floor":40,"key":"Lantern"},{"floor":43,"key":"Whetstone"},{"floor":48,"key":"HornCleat"}],"event_choices":[{"damage_healed":0.0,"max_hp_gain":0.0,"max_hp_loss":0.0,"gold_gain":0.0,"event_name":"Accursed Blacksmith","player_choice":"Rummage","floor":2.0,"gold_loss":0.0,"damage_taken":0.0,"relics_obtained":["WarpedTongs"],"cards_obtained":["Pain"]},{"damage_healed":0.0,"max_hp_gain":0.0,"max_hp_loss":0.0,"gold_gain":0.0,"event_name":"Shining Light","player_choice":"Entered Light","floor":12.0,"gold_loss":0.0,"damage_taken":14.0,"cards_upgraded":["Defend_G","Cloak And Dagger"]},{"damage_healed":17.0,"max_hp_gain":0.0,"max_hp_loss":0.0,"gold_gain":0.0,"event_name":"Mushrooms","player_choice":"Healed and dodged fight","floor":14.0,"gold_loss":0.0,"damage_taken":0.0,"cards_obtained":["Parasite"]},{"damage_healed":0.0,"max_hp_gain":0.0,"max_hp_loss":0.0,"gold_gain":0.0,"event_name":"The Library","player_choice":"Read","floor":20.0,"gold_loss":0.0,"damage_taken":0.0,"cards_obtained":["Venomology"]},{"damage_healed":0,"gold_gain":0,"player_choice":"Opened","damage_taken":0,"relics_obtained":["InkBottle"],"max_hp_gain":0,"max_hp_loss":0,"event_name":"The Mausoleum","floor":28,"gold_loss":0,"cards_obtained":["Writhe"]},{"damage_healed":0,"gold_gain":0,"cards_transformed":["Strike_G","Strike_G"],"player_choice":"Became Test Subject","damage_taken":0,"max_hp_gain":0,"max_hp_loss":0,"event_name":"Drug Dealer","floor":31,"gold_loss":0,"cards_obtained":["Unload","Masterful Stab"]},{"damage_healed":0,"gold_gain":0,"player_choice":"Memory 3","damage_taken":10,"max_hp_gain":0,"max_hp_loss":0,"event_name":"SensoryStone","floor":36,"gold_loss":0},{"damage_healed":0,"gold_gain":0,"player_choice":"Ignored","damage_taken":0,"max_hp_gain":0,"max_hp_loss":0,"event_name":"Mysterious Sphere","floor":44,"gold_loss":0}],"is_beta":false,"boss_relics":[{"not_picked":["Runic Dome","Ring of the Serpent"],"picked":"Tiny House"},{"not_picked":["WristBlade","Snecko Eye"],"picked":"Empty Cage"}],"items_purged_floors":[11,22,37],"is_endless":false,"potions_floor_spawned":[1,3,5,7,19,27,35,40,42],"killed_by":"Shield and Spear","ascension_level":10}}