{"host":"coame8l8goqx0svj","time":1613043418,"event":{"mods":["BaseMod","Downfall","Minty Spire (QoL Compilation)","StSLib"],"gold_per_floor":[349,361,361,661,661,661,738,755,765,796,796,513,538,305,322,419,419,419,436,436,436,436,449,449,467,103,114,114,114,114,114,114],"floor_reached":30,"language":"ENG","playtime":1667,"items_purged":["downfall:Malfunctioning","bronze:Strike"],"score":321,"play_id":"07cea498-575b-45a3-9eb5-8fd755fd9c03","local_time":"20210211123658","is_ascension_mode":true,"campfire_choices":[{"data":"bronze:Replicate","floor":1,"key":"SMITH"},{"data":"bronze:Repulsor","floor":11,"key":"SMITH"},{"data":"bronze:Library","floor":18,"key":"SMITH"}],"circlet_count":0,"master_deck":["bronze:Strike","bronze:Strike","bronze:Strike+1","bronze:Defend","bronze:Defend","bronze:Defend","bronze:Defend+1","bronze:Replicate+1","bronze:Goto+1","bronze:Repulsor+1","downfall:Icky","downfall:Icky","bronze:Turbo","bronze:InfiniteBeams","bronze:InfiniteLoop","bronze:MaxOutput+1","bronze:Frontload","bronze:Library+1","bronze:HardenedForm","bronze:Shield","bronze:Repulsor+1","bronze:Repulsor+1","bronze:Constructor","bronze:BronzeArmor+1"],"relics":["bronze:BronzeCore","Question Card","bronze:DecasWashers","Nunchaku","Pantograph","ClockworkSouvenir","expansioncontent:StudyCardRelic","Matryoshka"],"acts_visited":["Exordium","TheCity"],"potions_floor_usage":[9,10,16,19,22,25,30],"damage_taken":[{"damage":5,"enemies":"Small Slimes","floor":2,"turns":3},{"damage":3,"enemies":"2 Louse","floor":8,"turns":5},{"damage":6,"enemies":"Jaw Worm","floor":9,"turns":4},{"damage":4,"enemies":"Lagavulin","floor":10,"turns":7},{"damage":0,"enemies":"downfall:FleeingMerchant","floor":12,"turns":4},{"damage":8,"enemies":"Gremlin Nob","floor":13,"turns":3},{"damage":2,"enemies":"downfall:FleeingMerchant","floor":14,"turns":4},{"damage":0,"enemies":"Red Slaver","floor":15,"turns":3},{"damage":34,"enemies":"DF_ARCHETYPE_STREAMLINE","floor":16,"turns":11},{"damage":5,"enemies":"Spheric Guardian","floor":19,"turns":4},{"damage":0,"enemies":"Chosen","floor":21,"turns":1},{"damage":0,"enemies":"3 Cultists","floor":22,"turns":2},{"damage":11,"enemies":"Centurion and Healer","floor":23,"turns":6},{"damage":12,"enemies":"Cultist and Chosen","floor":25,"turns":4},{"damage":0,"enemies":"downfall:FleeingMerchant","floor":26,"turns":4},{"damage":16,"enemies":"Snake Plant","floor":27,"turns":5},{"damage":16,"enemies":"Sentry and Sphere","floor":30,"turns":2}],"seed_played":"8259880966602657411","potions_obtained":[{"floor":6,"key":"bronze:CleanCodePotion"},{"floor":6,"key":"Fire Potion"},{"floor":6,"key":"DistilledChaos"},{"floor":9,"key":"Strength Potion"},{"floor":15,"key":"SmokeBomb"},{"floor":16,"key":"AttackPotion"},{"floor":27,"key":"bronze:FreeFunctionsPotion"}],"is_trial":false,"path_per_floor":["R","M","?","?","?","?","T","M","M","E","R","$","E","$","M","B",null,"R","M","?","M","M","M","T","M","$","M","?","?","M"],"character_chosen":"THE_AUTOMATON","items_purchased":["Nunchaku","bronze:MaxOutput","bronze:Library","ClockworkSouvenir","Matryoshka"],"campfire_rested":0,"item_purchase_floors":[12,12,14,14,26],"current_hp_per_floor":[63,58,58,58,58,58,58,55,49,45,45,45,37,35,35,26,54,54,49,49,49,49,38,38,26,26,10,10,10,0,0,0],"gold":114,"neow_bonus":"TWO_FIFTY_GOLD","is_daily":false,"chose_seed":false,"campfire_upgraded":3,"win_rate":0.0,"timestamp":1613043418,"path_taken":["R","M","?","?","?","?","T","?","M","E","R","$","E","$","M","BOSS","R","M","?","M","?","M","T","M","$","M","?","?","M"],"items_purchased_type":["Relic","Card","Card","Relic","Relic"],"build_version":"2020-12-22","purchased_purges":2,"victory":false,"max_hp_per_floor":[63,63,63,63,63,63,63,63,63,63,63,63,63,63,63,63,63,63,63,63,63,63,63,63,63,63,63,63,63,63,63,63],"card_choices":[{"not_picked":["bronze:Invalidate","bronze:Terminator"],"picked":"bronze:Repulsor","floor":2},{"not_picked":["bronze:DelayedGuard","bronze:Separator","bronze:OilSpill"],"picked":"bronze:Turbo","floor":8},{"not_picked":["bronze:BronzeOrb","bronze:ChildClass","bronze:Turbo"],"picked":"bronze:InfiniteBeams","floor":9},{"not_picked":["bronze:FollowUp","bronze:Return","bronze:Mutator"],"picked":"bronze:InfiniteLoop","floor":10},{"not_picked":["bronze:Philosophize","bronze:CloningBeam","bronze:Frontload","bronze:CutThrough"],"picked":"SKIP","floor":12},{"not_picked":["bronze:BitShift","bronze:OilSpill","bronze:InfiniteBeams","bronze:Separator"],"picked":"SKIP","floor":13},{"not_picked":["bronze:Overload","bronze:AlphaBuild","bronze:ForLoop"],"picked":"bronze:Frontload","floor":14},{"not_picked":["bronze:Terminator","bronze:WildBeam","bronze:Invalidate","bronze:DelayedGuard"],"picked":"SKIP","floor":15},{"not_picked":["bronze:Hardcode","bronze:Break","bronze:Format"],"picked":"bronze:HardenedForm","floor":16},{"not_picked":["bronze:Frontload","bronze:Philosophize","bronze:Refactor"],"picked":"bronze:Shield","floor":19},{"not_picked":["bronze:BitShift","bronze:OilSpill+1","bronze:Break","bronze:BugBarrage"],"picked":"SKIP","floor":21},{"not_picked":["bronze:DelayedGuard","bronze:Shield+1","bronze:Philosophize"],"picked":"bronze:Repulsor+1","floor":23},{"not_picked":["bronze:Invalidate","bronze:Allocate","bronze:Deprecate"],"picked":"bronze:Constructor","floor":25},{"not_picked":["bronze:Shell","bronze:ChosenStrike+1","bronze:DelayedSlice"],"picked":"bronze:BronzeArmor+1","floor":26},{"not_picked":["bronze:GetLatest","bronze:Overload","bronze:WildBeam","bronze:CleanCode"],"picked":"SKIP","floor":27}],"player_experience":1798724,"relics_obtained":[{"floor":7,"key":"Question Card"},{"floor":10,"key":"bronze:DecasWashers"},{"floor":13,"key":"Pantograph"}],"event_choices":[{"damage_healed":0,"gold_gain":0,"player_choice":"Got Potions","damage_taken":0,"max_hp_gain":0,"max_hp_loss":0,"event_name":"Lab","floor":6,"gold_loss":0}],"is_beta":false,"boss_relics":[{"not_picked":["Runic Dome","Snecko Eye"],"picked":"expansioncontent:StudyCardRelic"}],"items_purged_floors":[12,26],"is_endless":false,"potions_floor_spawned":[8,9,15,16,22,27],"killed_by":"Sentry and Sphere","ascension_level":7}}