{"host":"xc18ixkpjvqrt8st","time":1613069519,"event":{"mods":["Act Like it!","BaseMod","Better Match","Better Third Choice","Conspire","Downfall","Hallownest","Hermit","Hubris","Minty Spire (QoL Compilation)","Reliquary","Robot Space Explorer","Shop Mod","Spicy Shops","Spire Arcade","StSLib","The Animator","The Edgeheg","The Jungle","The Sage"],"gold_per_floor":[129,151,171,171,15,54,54,86,86,86,86,117,136,162,162,288,288,292,292],"floor_reached":18,"language":"ENG","playtime":963,"items_purged":[],"score":189,"play_id":"d650fba3-8e59-4be0-92b7-9ee4462b6248","local_time":"20210211125159","is_ascension_mode":true,"campfire_choices":[{"floor":11,"key":"REST"},{"floor":15,"key":"REST"}],"circlet_count":0,"master_deck":["animator:Strike_Overlord","animator:Defend_Overlord","animator:Strike","animator:Strike","animator:Strike","animator:Defend","animator:Defend","animator:Defend","animator:Cocytus","animator:Demiurge","animator:UneriGinkaku","animator:Chris","animator:Witch","animator:Tet","animator:ItamiYouji","animator:Mitsurugi","animator:PandorasActor","animator:YaoHaDucy","animator:LeleiLaLalena","animator:IrohaTamaki","animator:Eris"],"relics":["animator:LivingPicture","animator:TheMissingPiece","NeowsBlessing","Paper Frog","ClockworkSouvenir","Dream Catcher","hubris:Spice","Happy Flower","reliquary:TridentHead","reliquary:KinkedSpring"],"acts_visited":["Exordium","TheCity"],"potions_floor_usage":[8,8,8],"damage_taken":[{"damage":0,"enemies":"Cultist","floor":1,"turns":1},{"damage":0,"enemies":"2 Louse","floor":2,"turns":1},{"damage":0,"enemies":"Small Slimes","floor":3,"turns":1},{"damage":23,"enemies":"3 Sentries","floor":6,"turns":9},{"damage":7,"enemies":"Gremlin Nob","floor":8,"turns":3},{"damage":10,"enemies":"Blue Slaver","floor":12,"turns":3},{"damage":1,"enemies":"2 Fungi Beasts","floor":13,"turns":3},{"damage":1,"enemies":"3 Louse","floor":14,"turns":2},{"damage":14,"enemies":"Hexaghost","floor":16,"turns":11},{"damage":0,"enemies":"conspire:FuzzyDice","floor":18,"turns":3}],"seed_played":"7992429025768023109","potions_obtained":[{"floor":2,"key":"FearPotion"},{"floor":8,"key":"CultistPotion"},{"floor":12,"key":"Strength Potion"}],"is_trial":false,"path_per_floor":["M","M","M","T","$","E","?","E","T","?","R","M","M","M","R","B",null,"M"],"character_chosen":"THE_ANIMATOR","items_purchased":["ClockworkSouvenir"],"campfire_rested":2,"item_purchase_floors":[5],"current_hp_per_floor":[66,66,66,66,66,43,26,19,19,19,42,32,31,30,52,38,75,75,75],"gold":292,"neow_bonus":"THREE_ENEMY_KILL","is_daily":false,"chose_seed":false,"campfire_upgraded":0,"win_rate":0.0,"timestamp":1613069519,"path_taken":["M","M","?","?","$","E","?","E","T","?","R","?","M","M","R","BOSS","M"],"items_purchased_type":["Relic"],"build_version":"2020-12-22","purchased_purges":0,"victory":false,"max_hp_per_floor":[66,66,66,66,66,66,74,74,74,74,75,75,75,75,75,75,75,75,75],"card_choices":[{"not_picked":["animator:Azekura","animator:DwarfShaman"],"picked":"animator:UneriGinkaku","floor":1},{"not_picked":["animator:KyokoSakura","animator:YuiTsuruno"],"picked":"animator:Chris","floor":2},{"not_picked":["animator:Verdia","animator:TsurugaMeisai"],"picked":"animator:Witch","floor":3},{"not_picked":["animator:Jibril","animator:DolaRiku"],"picked":"animator:Tet","floor":6},{"not_picked":["animator:Verdia","animator:GuildGirl"],"picked":"animator:ItamiYouji","floor":8},{"not_picked":["animator:DolaSchwi","animator:Vanir"],"picked":"animator:Mitsurugi","floor":11},{"not_picked":["animator:LizardPriest","animator:ZankiKiguchi"],"picked":"animator:PandorasActor","floor":12},{"not_picked":["animator:Mitsurugi","animator:Sora"],"picked":"animator:YaoHaDucy","floor":13},{"not_picked":["animator:Bozes","animator:Tyuule"],"picked":"animator:LeleiLaLalena","floor":14},{"not_picked":["animator:Jibril","animator:Demiurge"],"picked":"animator:IrohaTamaki","floor":15},{"not_picked":["animator:GoblinSlayer","animator:Sora"],"picked":"animator:Eris","floor":16}],"player_experience":707558,"relics_obtained":[{"floor":4,"key":"Paper Frog"},{"floor":6,"key":"Dream Catcher"},{"floor":8,"key":"Happy Flower"},{"floor":9,"key":"reliquary:TridentHead"}],"event_choices":[{"damage_healed":0,"gold_gain":1,"player_choice":"Relic ","damage_taken":25,"max_hp_gain":0,"max_hp_loss":0,"event_name":"betterThird:BetterScrap","floor":7,"gold_loss":0,"cards_obtained":["hubris:Counter"]},{"damage_healed":0,"gold_gain":0,"player_choice":"Ignored","damage_taken":0,"max_hp_gain":0,"max_hp_loss":0,"event_name":"Purifier","floor":10,"gold_loss":0}],"is_beta":false,"boss_relics":[{"not_picked":["hubris:TerracottaHorce","hubris:BlackHole"],"picked":"reliquary:KinkedSpring"}],"items_purged_floors":[],"is_endless":false,"potions_floor_spawned":[2,8,12],"killed_by":"conspire:FuzzyDice","ascension_level":2}}