{"host":"ydh61a5ftgdajrbo","time":1613068781,"event":{"mods":["BaseMod","Colored Map","Colored Powertips","DeckTracker","Downfall","Hermit","Hubris","Koishi","Minty Spire (QoL Compilation)","Prisma Mod","Relic Stats","Spire Arcade","StSLib","SuperFastMode","The Cursed","The Jungle","The Mystic","The Runesmith","The Senshi","The Servant 0.9.4","WarShipGirlsR/??¤Ö¤kR mod"],"gold_per_floor":[112,122,122,122,122,122,134,134,134,151,181,181,214,143,143,244,244,259,290,308,308,323,353,370,398,398,416,416,428,428,130,130,231,231,249,249,95,95,95,123,135,150,177,206,206,220,15,34,34,34,34],"floor_reached":50,"language":"ZHS","playtime":2540,"items_purged":[],"score":575,"play_id":"c8bb273d-36ca-4e40-b158-827364c9c3c7","local_time":"20210212023941","is_ascension_mode":false,"campfire_choices":[{"data":"theSenshi:SailorMarsAssists","floor":6.0,"key":"SMITH"},{"data":"theSenshi:MoonPrismPowerMakeUp","floor":8.0,"key":"SMITH"},{"data":"theSenshi:SailorStarMakerAssists","floor":12.0,"key":"SMITH"},{"data":"theSenshi:MoonPrincessHalation","floor":15.0,"key":"SMITH"},{"floor":28.0,"key":"REST"},{"floor":30.0,"key":"REST"},{"data":"theSenshi:MoonPrincessHalation","floor":32.0,"key":"SMITH"},{"floor":45,"key":"REST"},{"floor":49,"key":"REST"}],"circlet_count":0,"master_deck":["theSenshi:SailorKick","theSenshi:SailorKick","theSenshi:SailorKick","theSenshi:SailorBlock","theSenshi:SailorBlock","theSenshi:SailorBlock+1","theSenshi:RoseThrow+1","theSenshi:MoonPrismPowerMakeUp+1","theSenshi:SailorMarsAssists+1","theSenshi:SailorChibiMoonAssists","theSenshi:SailorStarMakerAssists+1","theSenshi:SupersonicWaves","theSenshi:MoonCrystalPowerMakeUp","theSenshi:MoonPrincessHalation+1","theSenshi:MoonTwilightFlash","theSenshi:StudyParty","theSenshi:MoonPrincessHalation+1","theSenshi:SilverMoonCrystalPowerKiss","theSenshi:MoonCosmicPowerMakeUp","theSenshi:SailorStarHealerAssists","theSenshi:SailorMarsAssists","theSenshi:MoonGorgeousMeditation","CurseOfTheBell","theSenshi:MoonPrincessHalation+1","Madness","Madness","theSenshi:MoonSpiralHeartAttack+1","Parasite"],"relics":["theSenshi:TransformationBroochRelic","Mango","theSenshi:CutieMoonRodRelic","hubris:MysteriousPyramids","Runesmith:AutoHammer","hubris:ScarierMask","Red Mask","StoneCalendar","War Paint","WingedGreaves","hexamod:Sixitude","Calling Bell","theSenshi:CosmicHeartCompactRelic","hubris:SphereOfDissonance","hubris:64BitClover","Bronze Scales","hubris:Towel","hubris:Icosahedron","hubris:CuriousFeather","Lantern","Girya","hexamod:BolsterEngine"],"acts_visited":["Exordium","TheCity","TheBeyond"],"potions_floor_usage":[44,44,50,50],"damage_taken":[{"damage":0.0,"enemies":"Jaw Worm","floor":1.0,"turns":5.0},{"damage":0.0,"enemies":"Small Slimes","floor":2.0,"turns":4.0},{"damage":0.0,"enemies":"Cultist","floor":7.0,"turns":3.0},{"damage":0.0,"enemies":"Large Slime","floor":10.0,"turns":5.0},{"damage":24.0,"enemies":"Lagavulin","floor":11.0,"turns":7.0},{"damage":12.0,"enemies":"Gremlin Nob","floor":13.0,"turns":3.0},{"damage":19.0,"enemies":"The Guardian","floor":16.0,"turns":6.0},{"damage":4.0,"enemies":"Chosen","floor":18.0,"turns":3.0},{"damage":5.0,"enemies":"Masked Bandits","floor":19.0,"turns":3.0},{"damage":0.0,"enemies":"3 Byrds","floor":20.0,"turns":3.0},{"damage":9.0,"enemies":"Snake Plant","floor":22.0,"turns":2.0},{"damage":6.0,"enemies":"Slavers","floor":23.0,"turns":3.0},{"damage":9.0,"enemies":"Centurion and Healer","floor":24.0,"turns":2.0},{"damage":26.0,"enemies":"Gremlin Leader","floor":25.0,"turns":4.0},{"damage":8.0,"enemies":"Shelled Parasite and Fungi","floor":27.0,"turns":4.0},{"damage":22.0,"enemies":"Snake Plant","floor":29.0,"turns":4.0},{"damage":79.0,"enemies":"Automaton","floor":33.0,"turns":8.0},{"damage":2.0,"enemies":"Orb Walker","floor":35.0,"turns":2.0},{"damage":35.0,"enemies":"Nemesis","floor":40.0,"turns":7.0},{"damage":0.0,"enemies":"3 Darklings","floor":41.0,"turns":2.0},{"damage":12.0,"enemies":"Writhing Mass","floor":42.0,"turns":3.0},{"damage":23,"enemies":"Reptomancer","floor":44,"turns":4},{"damage":28,"enemies":"4 Shapes","floor":46,"turns":5},{"damage":25,"enemies":"Maw","floor":48,"turns":6},{"damage":54,"enemies":"Time Eater","floor":50,"turns":6}],"seed_played":"1826537454644443901","potions_obtained":[{"floor":2.0,"key":"FairyPotion"},{"floor":11.0,"key":"Fire Potion"},{"floor":19.0,"key":"Ancient Potion"},{"floor":33.0,"key":"Block Potion"}],"is_trial":false,"path_per_floor":["M","M","?","T","?","R","M","R","T","M","E","R","E","$","R","B",null,"M","?","M","?","M","E","M","E","T","M","R","M","R","$","R","B",null,"M","?","$","?","?","E","M","M","T","E","R","M","$","M","R","B"],"character_chosen":"THE_SENSHI","items_purchased":["theSenshi:MoonTwilightFlash","hexamod:Sixitude","Bronze Scales","hexamod:BolsterEngine","BlessingOfTheForge"],"campfire_rested":4,"item_purchase_floors":[14,31,37,47,47],"current_hp_per_floor":[82,82,82,96,96,96,96,96,96,96,72,72,60,60,60,41,96,92,87,87,68,59,53,44,18,18,15,45,28,58,58,58,30,101,99,86,86,86,86,56,56,49,49,31,61,38,38,18,48,0,0],"gold":34,"neow_bonus":"TEN_PERCENT_HP_BONUS","is_daily":false,"chose_seed":false,"campfire_upgraded":5,"win_rate":0.0,"timestamp":1613068781,"path_taken":["M","M","?","?","?","R","?","R","T","M","E","R","E","$","R","BOSS","M","?","M","?","M","E","M","E","T","M","R","M","R","$","R","BOSS","M","?","$","?","?","E","?","M","T","E","R","M","$","M","R","BOSS"],"items_purchased_type":["Card","Relic","Relic","Relic","Potion"],"build_version":"2020-12-22","purchased_purges":0,"victory":false,"max_hp_per_floor":[82,82,82,96,96,96,96,96,96,96,96,96,96,96,96,96,96,96,96,96,101,101,101,101,101,101,101,101,101,101,101,101,101,101,101,101,101,101,101,101,101,101,101,101,101,101,101,101,101,101,101],"relic_stats":{"counters":[25,104],"Bronze Scales":[76],"StoneCalendar":[52],"War Paint":["theSenshi:SailorBlock","theSenshi:RoseThrow"],"obtain_stats":[{"theSenshi:CutieMoonRodRelic":9,"Girya":44,"Lantern":43,"hubris:64BitClover":34,"hexamod:Sixitude":31,"hubris:SphereOfDissonance":34,"Mango":4,"StoneCalendar":23,"hubris:MysteriousPyramids":11,"War Paint":25,"hubris:Towel":38,"Calling Bell":34,"theSenshi:TransformationBroochRelic":0,"hubris:Icosahedron":39,"Bronze Scales":37,"hubris:ScarierMask":17,"WingedGreaves":26,"hubris:CuriousFeather":40,"Red Mask":19,"Runesmith:AutoHammer":13,"hexamod:BolsterEngine":47,"theSenshi:CosmicHeartCompactRelic":34},{"theSenshi:CutieMoonRodRelic":3,"Girya":22,"Lantern":21,"hubris:64BitClover":17,"hexamod:Sixitude":16,"hubris:SphereOfDissonance":17,"Mango":2,"StoneCalendar":12,"hubris:MysteriousPyramids":5,"War Paint":14,"hubris:Towel":18,"Calling Bell":17,"theSenshi:TransformationBroochRelic":0,"hubris:Icosahedron":18,"Bronze Scales":18,"hubris:ScarierMask":7,"WingedGreaves":14,"hubris:CuriousFeather":19,"Red Mask":9,"Runesmith:AutoHammer":6,"hexamod:BolsterEngine":23,"theSenshi:CosmicHeartCompactRelic":17},{"theSenshi:CutieMoonRodRelic":12,"Girya":87,"Lantern":83,"hubris:64BitClover":69,"hexamod:Sixitude":61,"hubris:SphereOfDissonance":69,"Mango":9,"StoneCalendar":47,"hubris:MysteriousPyramids":24,"War Paint":53,"hubris:Towel":71,"Calling Bell":69,"theSenshi:TransformationBroochRelic":0,"hubris:Icosahedron":71,"Bronze Scales":71,"hubris:ScarierMask":33,"WingedGreaves":53,"hubris:CuriousFeather":78,"Red Mask":39,"Runesmith:AutoHammer":27,"hexamod:BolsterEngine":92,"theSenshi:CosmicHeartCompactRelic":69}]},"card_choices":[{"not_picked":["theSenshi:MoonPunch","theSenshi:CrisisMakeUp"],"picked":"theSenshi:SailorMarsAssists","floor":1.0},{"not_picked":["theSenshi:MoonPunch","theSenshi:DramaticEntrance"],"picked":"theSenshi:SailorChibiMoonAssists","floor":2.0},{"not_picked":["theSenshi:SailorPlanetAttack","theSenshi:SailorStarFighterAssists"],"picked":"theSenshi:SupersonicWaves","floor":7.0},{"not_picked":["theSenshi:GatheringStrength","theSenshi:MoonKick"],"picked":"theSenshi:MoonCrystalPowerMakeUp","floor":10.0},{"not_picked":["theSenshi:SchoolBag","theSenshi:LateForSchool","theSenshi:Sidestep"],"picked":"SKIP","floor":11.0},{"not_picked":["theSenshi:SailorChibiMoonAssists","theSenshi:SailorMercuryAssists"],"picked":"theSenshi:MoonPrincessHalation","floor":13.0},{"not_picked":["theSenshi:FatedKiss","theSenshi:SailorStarHealerAssists"],"picked":"theSenshi:StudyParty","floor":16.0},{"not_picked":["theSenshi:YouCanTalk","theSenshi:MoonPunch","theSenshi:SailorV"],"picked":"SKIP","floor":18.0},{"not_picked":["theSenshi:SailorStarMakerAssists","theSenshi:EncouragingSpeech+1","theSenshi:SailorV"],"picked":"SKIP","floor":20.0},{"not_picked":["theSenshi:LateForSchool","theSenshi:MoonTiaraMagic"],"picked":"theSenshi:MoonPrincessHalation","floor":22.0},{"not_picked":["theSenshi:SupersonicWaves","theSenshi:SteeledNerves"],"picked":"theSenshi:SilverMoonCrystalPowerKiss","floor":23.0},{"not_picked":["theSenshi:SailorChibiMoonAssists+1","theSenshi:TallSilhouette"],"picked":"theSenshi:MoonCosmicPowerMakeUp","floor":24.0},{"not_picked":["theSenshi:SailorVenusAssists+1","theSenshi:OdangoHead"],"picked":"theSenshi:SailorStarHealerAssists","floor":25.0},{"not_picked":["theSenshi:MoonPunch","theSenshi:SupersonicWaves","theSenshi:EncouragingSpeech"],"picked":"SKIP","floor":27.0},{"not_picked":["theSenshi:SchoolBag","theSenshi:PlutosSolemnity"],"picked":"theSenshi:SailorMarsAssists","floor":29.0},{"not_picked":["theSenshi:SailorStarHealerAssists","theSenshi:InTheNameOfTheMoon"],"picked":"theSenshi:MoonGorgeousMeditation","floor":33.0},{"not_picked":["theSenshi:SupersonicWaves+1","theSenshi:SailorPlanetAttack"],"picked":"theSenshi:MoonPrincessHalation+1","floor":35.0},{"not_picked":["theSenshi:LunasBite","theSenshi:MoonTwilightFlash+1","theSenshi:PlutosSolemnity+1"],"picked":"SKIP","floor":40.0},{"not_picked":["theSenshi:SailorChibiMoonAssists","theSenshi:SupersonicWaves+1"],"picked":"theSenshi:MoonSpiralHeartAttack+1","floor":41.0},{"not_picked":["theSenshi:Sidestep+1","theSenshi:LunasBite","theSenshi:MoonsReflection+1"],"picked":"SKIP","floor":42.0},{"not_picked":["theSenshi:GatheringStrength","theSenshi:Sidestep","theSenshi:MoonKick"],"picked":"SKIP","floor":44},{"not_picked":["theSenshi:LunasBite","theSenshi:Sidestep","theSenshi:EncouragingSpeech"],"picked":"SKIP","floor":46},{"not_picked":["theSenshi:SailorVenusAssists","theSenshi:MoonPunch","theSenshi:SailorUranusAssists"],"picked":"SKIP","floor":48}],"player_experience":394499,"relics_obtained":[{"floor":4.0,"key":"Mango"},{"floor":9.0,"key":"theSenshi:CutieMoonRodRelic"},{"floor":11.0,"key":"hubris:MysteriousPyramids"},{"floor":13.0,"key":"Runesmith:AutoHammer"},{"floor":19.0,"key":"Red Mask"},{"floor":23.0,"key":"StoneCalendar"},{"floor":25.0,"key":"War Paint"},{"floor":26.0,"key":"WingedGreaves"},{"floor":34.0,"key":"theSenshi:CosmicHeartCompactRelic"},{"floor":34.0,"key":"hubris:SphereOfDissonance"},{"floor":34.0,"key":"hubris:64BitClover"},{"floor":40.0,"key":"hubris:CuriousFeather"},{"floor":43.0,"key":"Lantern"},{"floor":44,"key":"Girya"}],"event_choices":[{"damage_healed":0.0,"max_hp_gain":0.0,"max_hp_loss":0.0,"gold_gain":0.0,"cards_transformed":["theSenshi:SailorKick"],"event_name":"Living Wall","player_choice":"Change","floor":3.0,"gold_loss":0.0,"damage_taken":0.0,"cards_obtained":["theSenshi:SailorStarMakerAssists"]},{"cards_removed":["theSenshi:SailorBlock"],"damage_healed":0.0,"max_hp_gain":0.0,"max_hp_loss":0.0,"gold_gain":0.0,"event_name":"Bonfire Elementals","player_choice":"Offered Basic","floor":5.0,"gold_loss":0.0,"damage_taken":0.0},{"damage_healed":0.0,"max_hp_gain":0.0,"max_hp_loss":0.0,"gold_gain":0.0,"event_name":"Masked Bandits","player_choice":"Fought Bandits","floor":19.0,"gold_loss":0.0,"damage_taken":0.0},{"damage_healed":0.0,"max_hp_gain":5.0,"max_hp_loss":0.0,"gold_gain":0.0,"event_name":"Forgotten Altar","player_choice":"Shed Blood","floor":21.0,"gold_loss":0.0,"damage_taken":24.0},{"damage_healed":0.0,"max_hp_gain":0.0,"max_hp_loss":0.0,"gold_gain":0.0,"event_name":"Winding Halls","player_choice":"Embrace Madness","floor":36.0,"gold_loss":0.0,"damage_taken":13.0,"cards_obtained":["Madness","Madness"]}],"is_beta":false,"boss_relics":[{"not_picked":["Coffee Dripper","hubris:RunicObelisk"],"picked":"hubris:ScarierMask"},{"not_picked":["hubris:HollowSoul","Black Star"],"picked":"Calling Bell"}],"items_purged_floors":[],"is_endless":false,"potions_floor_spawned":[2,11,19,25,33,35,42],"killed_by":"Time Eater","ascension_level":0}}