{"host":"ababi7n1w04ome7c","time":1613032465,"event":{"mods":["AchievementEnabler","BaseMod","Colored Map","Minty Spire (QoL Compilation)","Permanent Neow","StSLib","everything is the same but u backflip on backflip"],"gold_per_floor":[113,113,128,128,53,81,9,26,26,57,57,71,82,82,82,82,82],"floor_reached":16,"language":"KOR","playtime":369,"items_purged":["Defend_G"],"score":135,"play_id":"8771cf67-1452-47cb-bafb-c6c25ec2de91","local_time":"20210211173425","is_ascension_mode":false,"campfire_choices":[{"data":"Masterful Stab","floor":11,"key":"SMITH"},{"data":"Riddle With Holes","floor":15,"key":"SMITH"}],"circlet_count":0,"master_deck":["Strike_G","Strike_G","Strike_G","Strike_G","Defend_G","Defend_G","Defend_G","Defend_G+1","Survivor","Neutralize","Riddle With Holes+1","Accuracy+1","Masterful Stab+1"],"relics":["Ring of the Snake","NeowsBlessing","Ornamental Fan","Bronze Scales","Eternal Feather","Smiling Mask"],"acts_visited":["Exordium"],"potions_floor_usage":[12],"damage_taken":[{"damage":0,"enemies":"Jaw Worm","floor":1,"turns":1},{"damage":0,"enemies":"Cultist","floor":3,"turns":1},{"damage":0,"enemies":"Lagavulin","floor":6,"turns":1},{"damage":0,"enemies":"2 Louse","floor":8,"turns":2},{"damage":17,"enemies":"Gremlin Nob","floor":10,"turns":4},{"damage":8,"enemies":"Exordium Thugs","floor":12,"turns":3},{"damage":0,"enemies":"3 Louse","floor":13,"turns":3},{"damage":40,"enemies":"Hexaghost","floor":16,"turns":11}],"seed_played":"2659881516745931700","potions_obtained":[{"floor":1,"key":"Block Potion"},{"floor":8,"key":"Dexterity Potion"},{"floor":12,"key":"Swift Potion"},{"floor":13,"key":"CultistPotion"}],"is_trial":false,"path_per_floor":["M","?","M","?","$","E","$","M","T","E","R","M","M","?","R","B"],"character_chosen":"THE_SILENT","items_purchased":["Accuracy"],"campfire_rested":0,"item_purchase_floors":[7],"current_hp_per_floor":[70,70,70,70,70,70,70,70,70,53,59,51,51,37,43,3,3],"gold":82,"neow_bonus":"THREE_ENEMY_KILL","is_daily":false,"chose_seed":false,"campfire_upgraded":2,"win_rate":0.0,"timestamp":1613032465,"path_taken":["M","?","M","?","$","E","$","M","T","E","R","?","M","?","R","BOSS"],"items_purchased_type":["Card"],"build_version":"2020-12-22","purchased_purges":1,"victory":false,"max_hp_per_floor":[70,70,70,70,70,70,70,70,70,70,70,70,70,70,70,70,70],"card_choices":[{"not_picked":["Choke","Crippling Poison"],"picked":"PiercingWail","floor":1},{"not_picked":["Underhanded Strike","Calculated Gamble","Bane"],"picked":"SKIP","floor":3},{"not_picked":["Endless Agony","Reflex"],"picked":"Riddle With Holes","floor":6},{"not_picked":["Eviscerate","Backstab","Prepared"],"picked":"SKIP","floor":8},{"not_picked":["Heel Hook","PiercingWail"],"picked":"Masterful Stab","floor":10},{"not_picked":["Heel Hook","Deflect","Escape Plan"],"picked":"SKIP","floor":12},{"not_picked":["Quick Slash","PiercingWail","Deadly Poison"],"picked":"SKIP","floor":13}],"player_experience":333251,"relics_obtained":[{"floor":6,"key":"Bronze Scales"},{"floor":9,"key":"Eternal Feather"},{"floor":10,"key":"Smiling Mask"}],"event_choices":[{"cards_removed":["Strike_G"],"damage_healed":0,"gold_gain":0,"player_choice":"Forget","damage_taken":0,"max_hp_gain":0,"max_hp_loss":0,"event_name":"Living Wall","floor":2,"gold_loss":0},{"cards_removed":["PiercingWail"],"damage_healed":0,"gold_gain":0,"player_choice":"Gave Card","damage_taken":0,"relics_obtained":["Ornamental Fan"],"max_hp_gain":0,"max_hp_loss":0,"event_name":"WeMeetAgain","floor":4,"gold_loss":0},{"damage_healed":0,"gold_gain":0,"player_choice":"Entered Light","damage_taken":14,"max_hp_gain":0,"max_hp_loss":0,"event_name":"Shining Light","floor":14,"gold_loss":0,"cards_upgraded":["Accuracy","Defend_G"]}],"is_beta":false,"boss_relics":[],"items_purged_floors":[5],"is_endless":false,"potions_floor_spawned":[1,8,12,13],"killed_by":"Hexaghost","ascension_level":0}}