{"host":"njruw0b0uprlitpx","time":1613068830,"event":{"mods":["2.2 Compatiblity","Act Like it!","Aspiration","Bartender","BaseMod","Better Altar","Better Match","Better Note","Better Sensory Stone","Better Skull","Better Third Choice","BetterRewards","Block Reminder","Colored Map","Colored Powertips","Curses Come First","Energized Spire","Hallownest","Jedi Mod","Keyboard Shortcuts","Minty Spire (QoL Compilation)","Quick Restart","Rare Cards Sparkle","Relic Stats","Replay The Spire","SacredBarkPlus","Spicy Shops","StSLib","SuperFastMode","The Blackbeard"],"gold_per_floor":[115,133,133,147,219,219,253,253,277,13,13,42,42,70,70,147,147,165,165,184,184,8,40,40,68,80,92,129,5,15,34,34,108,108,122,12,0,18,18,18,69,98,122,122,139,139,139,150,150,150,150],"floor_reached":50,"language":"ENG","playtime":1598,"items_purged":["Defend_P","Defend_P"],"score":1456,"play_id":"eb985188-3a91-4c96-9834-9ffec7413a16","local_time":"20210211124030","is_ascension_mode":true,"campfire_choices":[{"data":"Eruption","floor":6,"key":"SMITH"},{"data":"CrushJoints","floor":13,"key":"SMITH"},{"data":"Tantrum","floor":15,"key":"SMITH"},{"floor":24,"key":"REST"},{"data":"Weave","floor":27,"key":"SMITH"},{"data":"SignatureMove","floor":27,"key":"SMITH"},{"floor":32,"key":"REST"},{"data":"CutThroughFate","floor":40,"key":"SMITH"},{"data":"Vigilance","floor":40,"key":"SMITH"},{"data":"EmptyFist","floor":44,"key":"SMITH"},{"data":"Strike_P","floor":44,"key":"SMITH"},{"data":"Defend_P","floor":49,"key":"PURGE"}],"circlet_count":1,"master_deck":["AscendersBane","Strike_P","Strike_P","Strike_P","Strike_P+1","Defend_P","Eruption+1","Vigilance+1","CutThroughFate+1","Sanctity+1","ThirdEye+1","ClearTheMind+1","Alacrity+1","Crescendo+1","SignatureMove+1","CrushJoints+1","Study+1","Weave+1","Tantrum+1","DevaForm+1","EmptyFist+1","Fasting2+1","BattleHymn+1","EmptyBody+1","ConjureBlade+1","WaveOfTheHand+1","Replay:Hum+1","Wireheading+1","Sanctity+1","Indignation+1","Scrawl+1","FlyingSleeves+1","Wish+1","InnerPeace+1","Establishment+1","FlyingSleeves+1","Wallop+1"],"relics":["PureWater","Toxic Egg 2","jedi:crownofsimplicity","Replay:Multitool","Eternal Feather","Pen Nib","Frozen Egg 2","Boot","Vajra","Blood Vial","ReplayTheSpireMod:Lightbulb","Black Star","aspiration:SeaSaltIceCream","Circlet","Lantern","Replay:Arrowhead","MawBank","Golden Egg","Onion Ring","jedi:bottledfury","jedi:paperlyon","Red Mask","jedi:cryingmask","jedi:firstaidkit","Replay:Bottled Steam","Damaru"],"acts_visited":["Exordium","TheCity","TheBeyond"],"potions_floor_usage":[12,23,23,25,30,48,50,50],"damage_taken":[{"damage":0,"enemies":"Jaw Worm","floor":1,"turns":2},{"damage":0,"enemies":"Small Slimes","floor":2,"turns":1},{"damage":0,"enemies":"2 Louse","floor":4,"turns":1},{"damage":0,"enemies":"Replay:BlueRogue","floor":7,"turns":3},{"damage":0,"enemies":"Gremlin Nob","floor":12,"turns":1},{"damage":9,"enemies":"Lagavulin","floor":14,"turns":5},{"damage":21,"enemies":"The Guardian","floor":16,"turns":3},{"damage":12,"enemies":"Chosen","floor":18,"turns":3},{"damage":17,"enemies":"Shell Parasite","floor":20,"turns":3},{"damage":12,"enemies":"Slavers","floor":23,"turns":3},{"damage":9,"enemies":"Gremlin Leader","floor":25,"turns":5},{"damage":33,"enemies":"Slavers","floor":28,"turns":4},{"damage":6,"enemies":"Snake Plant","floor":30,"turns":2},{"damage":10,"enemies":"Snecko","floor":31,"turns":3},{"damage":15,"enemies":"Collector","floor":33,"turns":5},{"damage":0,"enemies":"3 Shapes","floor":35,"turns":2},{"damage":0,"enemies":"Orb Walker","floor":38,"turns":2},{"damage":8,"enemies":"R_Hoarder","floor":42,"turns":5},{"damage":10,"enemies":"Jaw Worm Horde","floor":45,"turns":2},{"damage":0,"enemies":"3 Darklings","floor":48,"turns":3},{"damage":113,"enemies":"Time Eater","floor":50,"turns":5}],"seed_played":"-2036962217101345047","potions_obtained":[{"floor":1,"key":"jedi:StrikingPotion"},{"floor":2,"key":"SkillPotion"},{"floor":16,"key":"FearPotion"},{"floor":23,"key":"Block Potion"},{"floor":28,"key":"BottledMiracle"},{"floor":31,"key":"Energy Potion"},{"floor":33,"key":"jedi:wingpotion"},{"floor":47,"key":"Strength Potion"},{"floor":48,"key":"Dexterity Potion"}],"is_trial":false,"path_per_floor":["M","M","?","M","T","R","E","?","T","$","?","E","R","E","R","B",null,"M","?","M","?","$","E","R","E","T","R","E","$","M","M","R","B",null,"M","$","?","M","?","R","T","E","T","R","M","?","R","M","R","B"],"character_chosen":"WATCHER","items_purchased":["Toxic Egg 2","jedi:crownofsimplicity","CutThroughFate","Sanctity+1","CrushJoints","Study+1","Vajra","BattleHymn+1","EmptyBody+1","Wireheading+1","Wish+1"],"campfire_rested":2,"item_purchase_floors":[0,0,0,0,10,10,10,22,22,29,36],"current_hp_per_floor":[61,61,61,61,61,68,68,68,68,68,73,73,73,64,73,52,68,58,58,43,43,43,33,69,62,62,73,40,40,36,28,67,54,68,70,70,70,72,72,73,73,65,65,73,63,63,73,73,73,0,0],"gold":150,"neow_bonus":"","is_daily":false,"chose_seed":false,"campfire_upgraded":9,"win_rate":0.0,"timestamp":1613068830,"path_taken":["M","M","?","M","?","R","E","?","T","$","?","E","R","E","R","BOSS","M","?","?","?","?","E","R","E","T","R","E","$","?","M","R","BOSS","M","$","?","M","?","R","?","E","T","R","M","?","R","?","R","BOSS"],"items_purchased_type":["Relic","Relic","Card","Card","Card","Card","Relic","Card","Card","Card","Card"],"build_version":"2020-12-22","purchased_purges":2,"victory":false,"max_hp_per_floor":[68,68,68,68,68,68,68,68,68,68,73,73,73,73,73,73,73,73,73,73,73,73,73,73,73,73,73,73,73,73,73,73,73,73,73,73,73,73,73,73,73,73,73,73,73,73,73,73,73,73,73],"relic_stats":{"Blood Vial":24,"counters":[46,151],"Eternal Feather":79,"Pen Nib":[14],"Black Star":4,"Boot":[69],"MawBank":60,"obtain_stats":[{"jedi:angrymask":14,"Golden Egg":48,"Lantern":9,"beaked:ShinyBauble":44,"Tiny House":17,"Singing Bowl":39,"CeramicFish":8,"Vajra":10,"Replay:Multitool":0,"jedi:bottledfury":28,"Cursed Key":34,"Boot":9,"Blood Vial":12,"jedi:paperlyon":34,"jedi:firstaidkit":42,"Tiny Chest":26,"jedi:cryingmask":41,"Red Mask":37,"Toxic Egg 2":20,"Replay:Wax Seal":47,"aspiration:DSix":6,"aspiration:ChemicalBlood":43,"Replay:Bottled Steam":42,"Potion Belt":3,"Girya":31,"Guide Book":20,"Circlet":23,"Damaru":43,"Eternal Feather":5,"Pen Nib":7,"jedi:crownofsimplicity":0,"aspiration:SeaSaltIceCream":23,"Frozen Egg 2":8,"MawBank":38,"Replay:Arrowhead":25,"Du-Vu Doll":3,"Replay:Baseball":30,"Onion Ring":28,"Black Star":17,"Bottled Lightning":4,"PureWater":0,"ReplayTheSpireMod:Lightbulb":14},{"jedi:angrymask":8,"Golden Egg":24,"Lantern":5,"beaked:ShinyBauble":21,"Tiny House":9,"Singing Bowl":19,"CeramicFish":5,"Vajra":29,"Replay:Multitool":25,"jedi:bottledfury":37,"Cursed Key":17,"Boot":29,"Blood Vial":30,"jedi:paperlyon":40,"jedi:firstaidkit":43,"Tiny Chest":11,"jedi:cryingmask":42,"Red Mask":41,"Toxic Egg 2":11,"Replay:Wax Seal":23,"aspiration:DSix":3,"aspiration:ChemicalBlood":20,"Replay:Bottled Steam":43,"Potion Belt":2,"Girya":16,"Guide Book":11,"Circlet":35,"Damaru":43,"Eternal Feather":28,"Pen Nib":29,"jedi:crownofsimplicity":25,"aspiration:SeaSaltIceCream":35,"Frozen Egg 2":29,"MawBank":19,"Replay:Arrowhead":36,"Du-Vu Doll":2,"Replay:Baseball":15,"Onion Ring":37,"Black Star":32,"Bottled Lightning":2,"PureWater":0,"ReplayTheSpireMod:Lightbulb":31},{"jedi:angrymask":18,"Golden Egg":84,"Lantern":12,"beaked:ShinyBauble":73,"Tiny House":25,"Singing Bowl":64,"CeramicFish":12,"Vajra":95,"Replay:Multitool":88,"jedi:bottledfury":122,"Cursed Key":58,"Boot":95,"Blood Vial":96,"jedi:paperlyon":132,"jedi:firstaidkit":141,"Tiny Chest":32,"jedi:cryingmask":136,"Red Mask":134,"Toxic Egg 2":32,"Replay:Wax Seal":79,"aspiration:DSix":8,"aspiration:ChemicalBlood":69,"Replay:Bottled Steam":141,"Potion Belt":4,"Girya":49,"Guide Book":32,"Circlet":113,"Damaru":141,"Eternal Feather":92,"Pen Nib":95,"jedi:crownofsimplicity":88,"aspiration:SeaSaltIceCream":113,"Frozen Egg 2":95,"MawBank":64,"Replay:Arrowhead":118,"Du-Vu Doll":4,"Replay:Baseball":46,"Onion Ring":122,"Black Star":104,"Bottled Lightning":4,"PureWater":0,"ReplayTheSpireMod:Lightbulb":101}]},"card_choices":[{"not_picked":["Worship+1","Sanctity+1"],"picked":"ThirdEye+1","floor":1},{"not_picked":["Replay:ManipulateFuture+1","Halt+1"],"picked":"ClearTheMind+1","floor":2},{"not_picked":["Protect+1","ReachHeaven"],"picked":"Crescendo+1","floor":4},{"not_picked":["Swivel+1","Replay:ManipulateFuture+1"],"picked":"SignatureMove","floor":7},{"not_picked":["Replay:DivineShield+1","WaveOfTheHand+1"],"picked":"Weave","floor":12},{"not_picked":["Replay:Vibes+1","Replay:BluntJabs"],"picked":"Tantrum","floor":14},{"not_picked":["MasterReality+1","Scrawl+1"],"picked":"DevaForm+1","floor":16},{"not_picked":["Vengeance+1","ClearTheMind+1"],"picked":"EmptyFist","floor":18},{"not_picked":["Collect+1","CutThroughFate"],"picked":"Fasting2+1","floor":20},{"not_picked":["Pray+1","FlyingSleeves"],"picked":"ConjureBlade+1","floor":23},{"not_picked":["Perseverance+1","ClearTheMind+1"],"picked":"WaveOfTheHand+1","floor":25},{"not_picked":["WaveOfTheHand+1","SignatureMove"],"picked":"Replay:Hum+1","floor":28},{"not_picked":["Collect+1","WheelKick"],"picked":"Sanctity+1","floor":30},{"not_picked":["FlyingSleeves","PathToVictory+1"],"picked":"Indignation+1","floor":31},{"not_picked":["MasterReality+1","jedi:nirvanicrebirth+1"],"picked":"Scrawl+1","floor":33},{"not_picked":["EmptyBody+1","Vengeance+1"],"picked":"FlyingSleeves+1","floor":35},{"not_picked":["Crescendo+1","Consecrate"],"picked":"InnerPeace+1","floor":38},{"not_picked":["JustLucky","Perseverance+1"],"picked":"Establishment+1","floor":42},{"not_picked":["Evaluate+1","Adaptation+1"],"picked":"FlyingSleeves","floor":45},{"not_picked":["PathToVictory+1","EmptyBody+1"],"picked":"Wallop+1","floor":48}],"player_experience":1214593,"relics_obtained":[{"floor":5,"key":"Eternal Feather"},{"floor":7,"key":"Pen Nib"},{"floor":9,"key":"Boot"},{"floor":12,"key":"Blood Vial"},{"floor":14,"key":"ReplayTheSpireMod:Lightbulb"},{"floor":23,"key":"aspiration:SeaSaltIceCream"},{"floor":23,"key":"Lantern"},{"floor":25,"key":"Replay:Arrowhead"},{"floor":25,"key":"MawBank"},{"floor":26,"key":"Golden Egg"},{"floor":28,"key":"Onion Ring"},{"floor":28,"key":"jedi:bottledfury"},{"floor":41,"key":"jedi:cryingmask"},{"floor":42,"key":"jedi:firstaidkit"},{"floor":42,"key":"Replay:Bottled Steam"},{"floor":43,"key":"Damaru"}],"event_choices":[{"damage_healed":0,"gold_gain":1,"player_choice":"4","damage_taken":0,"max_hp_gain":0,"max_hp_loss":0,"event_name":"betterStone:BetterStone","floor":3,"gold_loss":0,"cards_obtained":["Alacrity"]},{"damage_healed":0,"gold_gain":0,"player_choice":"Donut","damage_taken":0,"max_hp_gain":5,"max_hp_loss":0,"event_name":"Big Fish","floor":11,"gold_loss":0},{"cards_removed":["Injury"],"damage_healed":0,"gold_gain":0,"player_choice":"Card Removal","damage_taken":0,"max_hp_gain":0,"max_hp_loss":0,"event_name":"Wheel of Change","floor":19,"gold_loss":0},{"cards_removed":["Alacrity"],"damage_healed":0,"gold_gain":0,"player_choice":"Give","damage_taken":0,"max_hp_gain":0,"max_hp_loss":0,"event_name":"betterNote:BetterNote","floor":21,"gold_loss":0,"cards_obtained":["None"]},{"damage_healed":0,"gold_gain":0,"player_choice":"Paid","damage_taken":0,"relics_obtained":["Red Mask"],"max_hp_gain":0,"max_hp_loss":0,"event_name":"Tomb of Lord Red Mask","floor":37,"gold_loss":12},{"damage_healed":0,"gold_gain":0,"player_choice":"Forge","damage_taken":0,"max_hp_gain":0,"max_hp_loss":0,"event_name":"Accursed Blacksmith","floor":46,"gold_loss":0,"cards_upgraded":["FlyingSleeves"]}],"is_beta":false,"boss_relics":[{"not_picked":["Replay:Wanted Poster","Painkiller Herb"],"picked":"Black Star"},{"not_picked":["energizedSpire:CrystalSphere","energizedSpire:OgreHead"],"picked":"jedi:paperlyon"}],"items_purged_floors":[0,29],"is_endless":false,"potions_floor_spawned":[1,2,16,18,23,28,31,33,48],"killed_by":"Time Eater","ascension_level":16}}