{"host":"l6elh4j9kblzg1qy","time":1613039000,"event":{"mods":["BaseMod","Downfall","Minty Spire (QoL Compilation)","Replay The Spire","StSLib"],"gold_per_floor":[99,114,127,302,302,27,51,151,165,177,77,24,24,44,54,54,54,54],"floor_reached":16,"language":"SPA","playtime":730,"items_purged":["Doubt"],"score":92,"play_id":"a52528d3-4981-4da6-84c9-f42e26f82ad7","local_time":"20210211112320","is_ascension_mode":false,"campfire_choices":[{"floor":1,"key":"RECALL"},{"data":"bronze:MaxOutput","floor":11,"key":"SMITH"},{"floor":13,"key":"REST"}],"circlet_count":0,"master_deck":["bronze:Strike","bronze:Strike","bronze:Strike","bronze:Strike","bronze:Defend","bronze:Defend","bronze:Defend","bronze:Defend","bronze:Replicate","bronze:Goto+1","bronze:WildBeam","bronze:ClassDefault+1","bronze:DigitalCarnage+1","bronze:ItsAFeature","bronze:BugBarrage","bronze:BugBarrage","bronze:WhirlingStrike","bronze:MaxOutput+1","bronze:SpaghettiCode","bronze:Optimize","bronze:DelayedSlice"],"relics":["bronze:BronzeCore","Guide Book","downfall:HeartBlessingRed"],"acts_visited":["Exordium"],"potions_floor_usage":[16,16],"damage_taken":[{"damage":1,"enemies":"Cultist","floor":2,"turns":3},{"damage":7,"enemies":"2 Louse","floor":3,"turns":3},{"damage":5,"enemies":"downfall:FleeingMerchant","floor":6,"turns":4},{"damage":6,"enemies":"Jaw Worm","floor":9,"turns":3},{"damage":15,"enemies":"Exordium Thugs","floor":10,"turns":3},{"damage":10,"enemies":"downfall:FleeingMerchant","floor":12,"turns":4},{"damage":7,"enemies":"Blue Slaver","floor":14,"turns":2},{"damage":16,"enemies":"Lots of Slimes","floor":15,"turns":2},{"damage":28,"enemies":"DF_ARCHETYPE_STREAMLINE","floor":16,"turns":4}],"seed_played":"-8295703297170119861","potions_obtained":[{"floor":2,"key":"SteroidPotion"},{"floor":14,"key":"SkillPotion"}],"is_trial":false,"path_per_floor":["R","M","M","?","?","$","T","?","M","M","R","$","R","M","M","B"],"character_chosen":"THE_AUTOMATON","items_purchased":["Guide Book","bronze:BugBarrage","bronze:Optimize"],"campfire_rested":1,"item_purchase_floors":[6,6,12],"current_hp_per_floor":[70,69,62,62,62,57,57,57,51,36,36,26,47,40,24,0,0,0],"gold":54,"neow_bonus":"THREE_CARDS","is_daily":false,"chose_seed":false,"campfire_upgraded":1,"win_rate":0.0,"timestamp":1613039000,"path_taken":["R","M","M","?","?","$","T","?","M","M","R","$","R","M","M","BOSS"],"items_purchased_type":["Relic","Card","Card"],"build_version":"2020-12-22","purchased_purges":1,"victory":false,"max_hp_per_floor":[70,70,70,70,70,70,70,70,70,70,70,70,70,70,70,70,70,70],"card_choices":[{"not_picked":["bronze:FineTuning","bronze:DarkDash"],"picked":"bronze:WildBeam","floor":0},{"not_picked":["bronze:BuggyMess","bronze:Turbo"],"picked":"bronze:ClassDefault","floor":2},{"not_picked":["bronze:DarkDash","bronze:CutThrough"],"picked":"bronze:DigitalCarnage","floor":3},{"not_picked":["bronze:Repair","bronze:DelayedSlice"],"picked":"bronze:ItsAFeature","floor":6},{"not_picked":["bronze:DelayedGuard","bronze:FineTuning"],"picked":"bronze:WhirlingStrike","floor":9},{"not_picked":["bronze:CloningBeam","bronze:DelayedGuard"],"picked":"bronze:MaxOutput","floor":10},{"not_picked":["bronze:Shield","bronze:DigitalCarnage"],"picked":"bronze:SpaghettiCode","floor":12},{"not_picked":["bronze:Overheat","bronze:DelayedGuard"],"picked":"bronze:DelayedSlice","floor":14},{"not_picked":["bronze:NullPointer","bronze:Iterate","bronze:ItsAFeature"],"picked":"SKIP","floor":15}],"player_experience":99929,"relics_obtained":[],"event_choices":[],"is_beta":false,"boss_relics":[],"items_purged_floors":[6],"is_endless":false,"potions_floor_spawned":[2,14],"killed_by":"DF_ARCHETYPE_STREAMLINE","ascension_level":0}}