{"host":"mgc7o2tpy0ck407l","time":1613049549,"event":{"mods":["Alarm Clock","BaseMod","Better Altar","Better Match","Better Note","Better Sensory Stone","Better Skull","Better Third Choice","Better Vampires","BetterRewards","Block Reminder","Bossed Relics","Challenge The Spire","Colored Map","Colored Powertips","Curses Come First","DeckTracker","Disable Question Mark Monsters","Displayed Cursed Tome","Infinite Spire","Key Reminder","Minty Spire (QoL Compilation)","Permanent Neow","Quick Restart","Rare Cards Sparkle","Relic Sorter","Reliquary","Reorder Act Four","Replay The Spire","Shop Mod","Spicy Shops","StSLib","SuperFastMode","Transform Curses","Unceasing Turn Reminder"],"gold_per_floor":[568,139,166,191,226,226,226,7,33,68,97,97,45,45,71,96,126,151],"floor_reached":19,"language":"ENG","playtime":978,"items_purged":["ReplayTheSpireMod:Doomed","Strike_R","Defend_R"],"score":345,"play_id":"f7e7ef7a-1fdf-4c8e-a125-b2f06b5c102a","local_time":"20210211081909","daily_mods":["challengethespire:Bronze Difficulty","challengethespire:Elite Rush","Uncertain Future"],"is_ascension_mode":false,"campfire_choices":[{"floor":14,"key":"REST"},{"data":"Pot Of Greed","floor":14,"key":"SMITH"}],"circlet_count":0,"master_deck":["Strike_R","Strike_R","Strike_R","Strike_R","Defend_R","Defend_R","Defend_R","Bash+1","Offering+1","Havoc","Warcry","Purity","ReplayTheSpireMod:Limb From Limb","Offering","Pot Of Greed+1","Pot Of Greed","Warcry","Pommel Strike","Juggernaut","Ghostly Armor","Juggernaut"],"relics":["Burning Blood","Black Star","Sling","PreservedInsect","ReplayTheSpireMod:CursedCoin","reliquary:Sideboard","Oddly Smooth Stone","reliquary:BoilingFlask","reliquary:MedicineBall","reliquary:Buckler","CaptainsWheel","Torii","reliquary:HotPoker","Happy Flower","SlaversCollar","BargainBundle","infinitespire:Magic Flask","Garlic","Orichalcum","Omamori","Grinning Jar","infinitespire:Lucky Rock","reliquary:WritOfMandamus","reliquary:FeatherDuster","Red Skull","Ice Cream","reliquary:TridentHead","infinitespire:Eraser","reliquary:NewFriend","King of Hearts","Iron Hammer"],"acts_visited":["Exordium"],"potions_floor_usage":[18,18,18],"damage_taken":[{"damage":18,"enemies":"Lagavulin","floor":3,"turns":4},{"damage":6,"enemies":"Gremlin Nob","floor":4,"turns":2},{"damage":22,"enemies":"3 Sentries","floor":5,"turns":5},{"damage":6,"enemies":"Book of Stabbing","floor":9,"turns":2},{"damage":14,"enemies":"Slavers","floor":10,"turns":3},{"damage":27,"enemies":"Gremlin Leader","floor":11,"turns":3},{"damage":23,"enemies":"Giant Head","floor":15,"turns":3},{"damage":14,"enemies":"Nemesis","floor":16,"turns":3},{"damage":28,"enemies":"Reptomancer","floor":17,"turns":3},{"damage":21,"enemies":"Shield and Spear","floor":18,"turns":3}],"seed_played":"-9141320318975239928","potions_obtained":[{"floor":5,"key":"SteroidPotion"},{"floor":9,"key":"PowerPotion"}],"is_trial":true,"path_per_floor":["$","$","E","E","E","T","$","$","E","E","E","T","$","R","E","E","E","E",null],"character_chosen":"IRONCLAD","items_purchased":["ReplayTheSpireMod:CursedCoin","reliquary:Sideboard","Oddly Smooth Stone","ReplayTheSpireMod:Stacked","reliquary:BoilingFlask","Elixir","BloodPotion","BargainBundle","Warcry","Purity","ReplayTheSpireMod:Limb From Limb","Warcry"],"campfire_rested":1,"item_purchase_floors":[1,1,1,1,2,2,2,8,8,8,8,13],"current_hp_per_floor":[80,80,68,68,52,52,52,52,60,52,31,31,31,55,46,46,32,41],"gold":151,"neow_bonus":"","is_daily":false,"chose_seed":false,"campfire_upgraded":1,"win_rate":0.0,"timestamp":1613049549,"path_taken":["$","$","E","E","E","T","$","$","E","E","E","T","$","R","E","E","E","E"],"items_purchased_type":["Relic","Relic","Relic","Card","Relic","Potion","Potion","Relic","Card","Card","Card","Card"],"build_version":"2020-12-22","purchased_purges":3,"victory":true,"max_hp_per_floor":[80,80,80,80,80,80,80,80,80,80,80,80,80,80,80,80,80,80],"card_choices":[],"player_experience":764592,"relics_obtained":[{"floor":3,"key":"reliquary:MedicineBall"},{"floor":3,"key":"reliquary:Buckler"},{"floor":4,"key":"CaptainsWheel"},{"floor":4,"key":"Torii"},{"floor":5,"key":"reliquary:HotPoker"},{"floor":5,"key":"Happy Flower"},{"floor":9,"key":"infinitespire:Magic Flask"},{"floor":9,"key":"Garlic"},{"floor":10,"key":"Orichalcum"},{"floor":10,"key":"Omamori"},{"floor":11,"key":"Grinning Jar"},{"floor":11,"key":"infinitespire:Lucky Rock"},{"floor":15,"key":"reliquary:FeatherDuster"},{"floor":15,"key":"Red Skull"},{"floor":16,"key":"Ice Cream"},{"floor":16,"key":"reliquary:TridentHead"},{"floor":17,"key":"infinitespire:Eraser"},{"floor":17,"key":"reliquary:NewFriend"},{"floor":18,"key":"King of Hearts"},{"floor":18,"key":"Iron Hammer"}],"event_choices":[],"is_beta":false,"boss_relics":[{"not_picked":["Ooze Armor","reliquary:Ember"],"picked":"SlaversCollar"},{"not_picked":["Black Blood","Empty Cage"],"picked":"reliquary:WritOfMandamus"}],"items_purged_floors":[1,2,8],"is_endless":false,"potions_floor_spawned":[5,9,10,17],"ascension_level":0}}