{"host":"lf1yj6sxagf80nuh","time":1613076298,"event":{"mods":["BaseMod","Colored Map","Colored Powertips","DeckTracker","Hermit","Highlight Path","Lobotomy","Minty Spire (QoL Compilation)","Quick Restart","StSLib","The Animator"],"gold_per_floor":[119,130,130,205,219,245,245,258,258,291,304,335,335,368,368,472,472,486,486,486,506,105,105,105],"floor_reached":23,"language":"ENG","playtime":1579,"items_purged":[],"score":211,"play_id":"d495b112-f72d-4798-b9b4-d443b2250748","local_time":"20210211174458","is_ascension_mode":false,"campfire_choices":[{"floor":7,"key":"REST"},{"floor":13,"key":"REST"},{"data":"hermit:Dive","floor":15,"key":"SMITH"}],"circlet_count":0,"master_deck":["hermit:Strike_Hermit","hermit:Strike_Hermit","hermit:Strike_Hermit","hermit:Strike_Hermit","hermit:Defend_Hermit","hermit:Defend_Hermit","hermit:Defend_Hermit","hermit:Snapshot+1","hermit:Covet","hermit:OverwhelmingPower+1","hermit:LoneWolf","hermit:Gestalt","hermit:TrackingShot","hermit:Dive+1","hermit:Cheat","hermit:Enervate","hermit:RoundhouseKick","hermit:Combo","RitualDagger","hermit:Reprieve"],"relics":["hermit:Momento","Oddly Smooth Stone","Boot","HornCleat","Bottled Tornado","Cursed Key","Nilry\u0027s Codex","Eternal Feather"],"acts_visited":["Exordium","TheCity"],"potions_floor_usage":[10,12,12,16],"damage_taken":[{"damage":2,"enemies":"Small Slimes","floor":1,"turns":3},{"damage":0,"enemies":"2 Louse","floor":2,"turns":3},{"damage":3,"enemies":"Jaw Worm","floor":5,"turns":3},{"damage":17,"enemies":"Gremlin Nob","floor":6,"turns":5},{"damage":5,"enemies":"Looter","floor":8,"turns":4},{"damage":2,"enemies":"3 Louse","floor":10,"turns":2},{"damage":2,"enemies":"Blue Slaver","floor":11,"turns":3},{"damage":6,"enemies":"Lagavulin","floor":12,"turns":5},{"damage":2,"enemies":"Gremlin Nob","floor":14,"turns":5},{"damage":40,"enemies":"The Guardian","floor":16,"turns":11},{"damage":15,"enemies":"Chosen","floor":18,"turns":6},{"damage":7,"enemies":"Shell Parasite","floor":21,"turns":4},{"damage":51,"enemies":"Book of Stabbing","floor":23,"turns":5}],"seed_played":"-6792429315630721078","potions_obtained":[{"floor":1,"key":"LiquidBronze"},{"floor":8,"key":"ColorlessPotion"},{"floor":10,"key":"AttackPotion"},{"floor":11,"key":"DistilledChaos"},{"floor":12,"key":"SpeedPotion"},{"floor":21,"key":"FairyPotion"}],"is_trial":false,"path_per_floor":["M","M","?","?","M","E","R","M","T","M","M","E","R","E","R","B",null,"M","?","?","M","$","E"],"character_chosen":"HERMIT","items_purchased":["hermit:Reprieve","Eternal Feather"],"campfire_rested":2,"item_purchase_floors":[22,22],"current_hp_per_floor":[73,73,58,47,44,27,49,44,44,42,40,34,56,54,54,14,75,60,44,38,31,31,2,2],"gold":105,"neow_bonus":"TRANSFORM_CARD","is_daily":false,"chose_seed":false,"campfire_upgraded":1,"win_rate":0.0,"timestamp":1613076298,"path_taken":["M","M","?","?","M","E","R","M","T","M","M","E","R","E","R","BOSS","M","?","?","M","$","E"],"items_purchased_type":["Card","Relic"],"build_version":"2020-12-22","purchased_purges":0,"victory":false,"max_hp_per_floor":[75,75,75,75,75,75,75,75,75,75,75,75,75,75,75,75,75,75,75,75,75,75,75,75],"card_choices":[{"not_picked":["hermit:Misfire","hermit:Dive"],"picked":"hermit:LoneWolf","floor":1},{"not_picked":["hermit:WideOpen","hermit:Scavenge"],"picked":"hermit:Gestalt","floor":2},{"not_picked":["hermit:HoleUp","hermit:Coalescence"],"picked":"hermit:TrackingShot","floor":5},{"not_picked":["hermit:PistolWhip","hermit:Shortfuse"],"picked":"hermit:Dive","floor":6},{"not_picked":["hermit:LoneWolf","hermit:Dive","hermit:Vantage"],"picked":"SKIP","floor":8},{"not_picked":["hermit:Misfire","hermit:BodyArmor","hermit:CalledShot"],"picked":"SKIP","floor":10},{"not_picked":["hermit:Malice","hermit:FullyLoaded"],"picked":"hermit:Cheat","floor":11},{"not_picked":["hermit:Purgatory","hermit:Glare"],"picked":"hermit:Enervate","floor":12},{"not_picked":["hermit:Malice","hermit:Snipe","hermit:Dive"],"picked":"SKIP","floor":14},{"not_picked":["hermit:Roughhouse","hermit:DeadOrAlive"],"picked":"hermit:RoundhouseKick","floor":16},{"not_picked":["hermit:ItchyTrigger","hermit:Roulette"],"picked":"hermit:Combo","floor":18},{"not_picked":["hermit:SprayPray","hermit:Combo+1","hermit:CursedWeapon"],"picked":"SKIP","floor":21}],"player_experience":504509,"relics_obtained":[{"floor":6,"key":"Oddly Smooth Stone"},{"floor":9,"key":"Boot"},{"floor":12,"key":"HornCleat"},{"floor":14,"key":"Bottled Tornado"},{"floor":19,"key":"Nilry\u0027s Codex"}],"event_choices":[{"damage_healed":0,"gold_gain":0,"player_choice":"Entered Light","damage_taken":15,"max_hp_gain":0,"max_hp_loss":0,"event_name":"Shining Light","floor":3,"gold_loss":0,"cards_upgraded":["hermit:OverwhelmingPower","hermit:Snapshot"]},{"damage_healed":0,"gold_gain":75,"player_choice":"Gather Gold","damage_taken":11,"max_hp_gain":0,"max_hp_loss":0,"event_name":"World of Goop","floor":4,"gold_loss":0},{"damage_healed":0,"gold_gain":0,"player_choice":"Obtained Book","damage_taken":16,"max_hp_gain":0,"max_hp_loss":0,"event_name":"Cursed Tome","floor":19,"gold_loss":0},{"damage_healed":0,"gold_gain":0,"player_choice":"Joined the Cult","damage_taken":6,"max_hp_gain":0,"max_hp_loss":0,"event_name":"Nest","floor":20,"gold_loss":0,"cards_obtained":["RitualDagger"]}],"is_beta":false,"boss_relics":[{"not_picked":["Runic Dome","Snecko Eye"],"picked":"Cursed Key"}],"items_purged_floors":[],"is_endless":false,"potions_floor_spawned":[1,8,10,11,12,21],"killed_by":"Book of Stabbing","ascension_level":0}}