{"host":"fj5i6t4nkss7815d","time":1613022091,"event":{"mods":["AchievementEnabler","BaseMod","Minty Spire (QoL Compilation)","Quick Restart","Relic Stats"],"gold_per_floor":[118,129,129,145,54,54,204,230,230,230,230,248,9,24,24,103,103,121,171,185,201,38,38,38,73,73,107,118,118,118],"floor_reached":29,"language":"ENG","playtime":1588,"items_purged":["Doubt"],"score":576,"play_id":"8b90d1e0-4deb-4ae8-96a1-870f73d58da2","local_time":"20210210214131","is_ascension_mode":true,"campfire_choices":[{"floor":6.0,"key":"REST"},{"floor":10.0,"key":"REST"},{"data":"Creative AI","floor":15.0,"key":"SMITH"},{"floor":23,"key":"REST"}],"circlet_count":0,"master_deck":["AscendersBane","Strike_B","Strike_B","Strike_B","Strike_B","Defend_B+1","Defend_B+1","Defend_B","Zap","Dualcast","Sunder","Rip and Tear","Dramatic Entrance","Hologram","Creative AI+1","Streamline","Ball Lightning","Core Surge","CurseOfTheBell","Sweeping Beam+1","Conserve Battery","Seek","Double Energy","Loop"],"relics":["Cracked Core","Ice Cream","War Paint","Unceasing Top","Akabeko","Calling Bell","Nunchaku","StrikeDummy","Dead Branch","Regal Pillow","PreservedInsect","Happy Flower","Blood Vial"],"acts_visited":["Exordium","TheCity"],"potions_floor_usage":[16,16,27,29],"damage_taken":[{"damage":2.0,"enemies":"Cultist","floor":1.0,"turns":4.0},{"damage":5.0,"enemies":"Small Slimes","floor":2.0,"turns":2.0},{"damage":0.0,"enemies":"2 Louse","floor":4.0,"turns":1.0},{"damage":35.0,"enemies":"Lagavulin","floor":8.0,"turns":5.0},{"damage":1.0,"enemies":"Red Slaver","floor":12.0,"turns":3.0},{"damage":0.0,"enemies":"2 Fungi Beasts","floor":14.0,"turns":1.0},{"damage":31,"enemies":"The Guardian","floor":16,"turns":9},{"damage":6,"enemies":"3 Byrds","floor":18,"turns":2},{"damage":33,"enemies":"2 Thieves","floor":20,"turns":3},{"damage":10,"enemies":"Chosen and Byrds","floor":21,"turns":5},{"damage":0,"enemies":"Gremlin Leader","floor":25,"turns":7},{"damage":45,"enemies":"Book of Stabbing","floor":27,"turns":5},{"damage":5,"enemies":"Sentry and Sphere","floor":28,"turns":5},{"damage":0,"enemies":"Cultist and Chosen","floor":29,"turns":3}],"seed_played":"4501405206148817429","potions_obtained":[{"floor":4.0,"key":"Swift Potion"},{"floor":8.0,"key":"BlessingOfTheForge"},{"floor":14.0,"key":"BlessingOfTheForge"},{"floor":21,"key":"LiquidBronze"},{"floor":25,"key":"Ancient Potion"}],"is_trial":false,"path_per_floor":["M","M","?","M","$","R","?","E","T","R","?","M","$","M","R","B",null,"M","?","M","M","$","R","?","E","T","E","M","M"],"character_chosen":"DEFECT","items_purchased":["Dramatic Entrance","Akabeko","Regal Pillow"],"campfire_rested":3,"item_purchase_floors":[5,13,22],"current_hp_per_floor":[69,64,29,29,29,52,52,17,17,40,40,39,39,39,39,8,61,55,55,22,12,12,50,50,50,50,5,2,4,4],"gold":118,"neow_bonus":"TEN_PERCENT_HP_BONUS","is_daily":false,"chose_seed":false,"campfire_upgraded":1,"win_rate":0.0,"timestamp":1613022091,"path_taken":["M","M","?","M","$","R","?","E","T","R","?","?","$","M","R","BOSS","M","?","M","?","?","R","?","E","T","E","M","M"],"items_purchased_type":["Card","Relic","Relic"],"build_version":"2020-12-22","purchased_purges":1,"victory":false,"max_hp_per_floor":[78,78,78,78,78,78,78,78,78,78,78,78,78,78,78,78,78,78,78,78,78,78,78,78,78,78,78,78,78,78],"relic_stats":{"Blood Vial":4,"Nunchaku":[5],"Regal Pillow":15,"Happy Flower":[4],"counters":[14,55],"Dead Branch":[26],"PreservedInsect":43,"War Paint":["Defend_B","Defend_B"],"obtain_stats":[{"Ice Cream":3,"Regal Pillow":22,"Happy Flower":26,"Dead Branch":17,"PreservedInsect":25,"War Paint":8,"Akabeko":13,"Calling Bell":17,"Blood Vial":27,"Nunchaku":17,"Cracked Core":0,"StrikeDummy":17,"Unceasing Top":9},{"Ice Cream":2,"Regal Pillow":10,"Happy Flower":11,"Dead Branch":7,"PreservedInsect":11,"War Paint":4,"Akabeko":5,"Calling Bell":7,"Blood Vial":12,"Nunchaku":7,"Cracked Core":0,"StrikeDummy":7,"Unceasing Top":4},{"Ice Cream":6,"Regal Pillow":35,"Happy Flower":42,"Dead Branch":25,"PreservedInsect":42,"War Paint":12,"Akabeko":15,"Calling Bell":25,"Blood Vial":47,"Nunchaku":25,"Cracked Core":0,"StrikeDummy":25,"Unceasing Top":12}],"Unceasing Top":[0]},"card_choices":[{"not_picked":["Cold Snap","Stack"],"picked":"Sunder","floor":1.0},{"not_picked":["Turbo","Rebound"],"picked":"Rip and Tear","floor":2.0},{"not_picked":["BootSequence","Darkness","Compile Driver"],"picked":"SKIP","floor":4.0},{"not_picked":["Steam","Go for the Eyes"],"picked":"Hologram","floor":8.0},{"not_picked":["Skim","Doom and Gloom"],"picked":"Streamline","floor":12.0},{"not_picked":["Skim","Capacitor"],"picked":"Ball Lightning","floor":14.0},{"not_picked":["Amplify","Fission"],"picked":"Core Surge","floor":16},{"not_picked":["Coolheaded+1","Conserve Battery"],"picked":"Sweeping Beam+1","floor":18},{"not_picked":["Go for the Eyes","Defragment"],"picked":"Conserve Battery","floor":20},{"not_picked":["Stack","Skim","Ball Lightning"],"picked":"SKIP","floor":21},{"not_picked":["Beam Cell","Consume","Chaos"],"picked":"SKIP","floor":25},{"not_picked":["Leap","Blizzard"],"picked":"Double Energy","floor":27},{"not_picked":["Compile Driver","Go for the Eyes"],"picked":"Loop","floor":28}],"player_experience":1038922,"relics_obtained":[{"floor":8.0,"key":"War Paint"},{"floor":9.0,"key":"Unceasing Top"},{"floor":17,"key":"Nunchaku"},{"floor":17,"key":"StrikeDummy"},{"floor":17,"key":"Dead Branch"},{"floor":25,"key":"PreservedInsect"},{"floor":26,"key":"Happy Flower"},{"floor":27,"key":"Blood Vial"}],"event_choices":[{"damage_healed":0.0,"max_hp_gain":0.0,"max_hp_loss":0.0,"gold_gain":0.0,"event_name":"Scrap Ooze","player_choice":"Success","floor":3.0,"gold_loss":0.0,"damage_taken":35.0,"relics_obtained":["Ice Cream"]},{"damage_healed":0.0,"max_hp_gain":0.0,"max_hp_loss":0.0,"gold_gain":150.0,"event_name":"Liars Game","player_choice":"AGREE","floor":7.0,"gold_loss":0.0,"damage_taken":0.0,"cards_obtained":["Doubt"]},{"damage_healed":0.0,"max_hp_gain":0.0,"max_hp_loss":0.0,"gold_gain":0.0,"event_name":"Match and Keep!","player_choice":"1 cards matched","floor":11.0,"gold_loss":0.0,"damage_taken":0.0,"cards_obtained":["Creative AI"]},{"damage_healed":0,"gold_gain":100,"player_choice":"Bet on Murderer","damage_taken":0,"max_hp_gain":0,"max_hp_loss":0,"event_name":"The Joust","floor":19,"gold_loss":50},{"damage_healed":0,"gold_gain":0,"cards_transformed":["Defend_B"],"player_choice":"Transformed","damage_taken":0,"max_hp_gain":0,"max_hp_loss":0,"event_name":"Transmorgrifier","floor":24,"gold_loss":0,"cards_obtained":["Seek"]}],"is_beta":false,"boss_relics":[{"not_picked":["Fusion Hammer","Ectoplasm"],"picked":"Calling Bell"}],"items_purged_floors":[13],"is_endless":false,"potions_floor_spawned":[4,8,14,21,25],"killed_by":"Cultist and Chosen","ascension_level":20}}