{"host":"dvdvdvm357cut69v","time":1613035697,"event":{"mods":["BaseMod","Minty Spire (QoL Compilation)","StSLib"],"gold_per_floor":[114,189,13,13,28,28,43,8,8,23,1,16,28,58,58,58,58],"floor_reached":16,"language":"ENG","playtime":505,"items_purged":["Sadistic Nature"],"score":125,"play_id":"d73a022f-7b42-4c6e-8688-972ce7b57ca0","local_time":"20210211122817","daily_mods":["Allstar","Vintage","Binary"],"is_ascension_mode":false,"campfire_choices":[{"data":"CrushJoints","floor":6,"key":"SMITH"},{"data":"Eruption","floor":15,"key":"SMITH"}],"circlet_count":0,"master_deck":["Strike_P","Strike_P","Strike_P","Strike_P","Defend_P","Defend_P","Defend_P","Defend_P","Eruption+1","Vigilance","Swift Strike","Dark Shackles","Master of Strategy","Panacea","CrushJoints+1","Swivel","FollowUp","LikeWater+1","LessonLearned"],"relics":["PureWater","Frozen Egg 2","Anchor","Art of War","Matryoshka","Toy Ornithopter","Boot","Odd Mushroom","Akabeko"],"acts_visited":["Exordium"],"potions_floor_usage":[1,13,14,16],"damage_taken":[{"damage":0,"enemies":"2 Louse","floor":1,"turns":4},{"damage":3,"enemies":"Jaw Worm","floor":5,"turns":3},{"damage":7,"enemies":"Cultist","floor":7,"turns":3},{"damage":0,"enemies":"Exordium Wildlife","floor":10,"turns":4},{"damage":0,"enemies":"Looter","floor":12,"turns":2},{"damage":5,"enemies":"The Mushroom Lair","floor":13,"turns":3},{"damage":10,"enemies":"3 Sentries","floor":14,"turns":11},{"damage":68,"enemies":"Hexaghost","floor":16,"turns":12}],"seed_played":"-587577638262706789","potions_obtained":[{"floor":1,"key":"Fruit Juice"},{"floor":13,"key":"BlessingOfTheForge"},{"floor":14,"key":"Fruit Juice"}],"is_trial":false,"path_per_floor":["M","?","$","?","M","R","M","$","T","M","$","M","?","E","R","B"],"character_chosen":"WATCHER","items_purchased":["CrushJoints","Block Potion","Swivel","FollowUp"],"campfire_rested":0,"item_purchase_floors":[3,3,8,11],"current_hp_per_floor":[77,66,66,71,68,68,61,61,61,61,61,61,61,61,61,0,0],"gold":58,"neow_bonus":"","is_daily":true,"chose_seed":false,"campfire_upgraded":2,"win_rate":0.0,"timestamp":1613035697,"path_taken":["M","?","$","?","M","R","M","$","T","M","?","?","?","E","R","BOSS"],"items_purchased_type":["Card","Potion","Card","Card"],"build_version":"2020-12-13","purchased_purges":1,"victory":false,"max_hp_per_floor":[77,77,77,82,82,82,82,82,82,82,82,82,82,87,87,87,87],"card_choices":[{"not_picked":["Nirvana+1"],"picked":"LikeWater+1","floor":13},{"not_picked":["CarveReality"],"picked":"LessonLearned","floor":14}],"player_experience":130774,"relics_obtained":[{"floor":1,"key":"Frozen Egg 2"},{"floor":5,"key":"Anchor"},{"floor":7,"key":"Art of War"},{"floor":9,"key":"Matryoshka"},{"floor":10,"key":"Toy Ornithopter"},{"floor":12,"key":"Boot"},{"floor":13,"key":"Odd Mushroom"},{"floor":14,"key":"Akabeko"}],"event_choices":[{"damage_healed":0,"gold_gain":75,"player_choice":"Gather Gold","damage_taken":11,"max_hp_gain":0,"max_hp_loss":0,"event_name":"World of Goop","floor":2,"gold_loss":0},{"damage_healed":0,"gold_gain":0,"player_choice":"Donut","damage_taken":0,"max_hp_gain":5,"max_hp_loss":0,"event_name":"Big Fish","floor":4,"gold_loss":0},{"damage_healed":0,"gold_gain":0,"player_choice":"Fought Mushrooms","damage_taken":0,"max_hp_gain":0,"max_hp_loss":0,"event_name":"Mushrooms","floor":13,"gold_loss":0}],"is_beta":false,"boss_relics":[],"items_purged_floors":[3],"is_endless":false,"potions_floor_spawned":[1,13,14],"killed_by":"Hexaghost","ascension_level":0}}