{"host":"pgm1p3lvdjflie30","time":1613004631,"event":{"mods":["AchievementEnabler","Alarm Clock","Aspiration","BaseMod","Challenge The Spire","Colored Map","Colored Powertips","Dark Map","Energized Spire","Hermit","HornydragonMod","Minty Spire (QoL Compilation)","Quarter Circle Forward PUNCH!","Quick Restart","Relic Stats","Robot Space Explorer","Spicy Shops","StSLib","The Blackbeard","The IronCluck","Waifu the Spire","【功能Mod】混沌之?修复?丁","篝火指南"],"gold_per_floor":[116,116,116,130,130,130,148,163,163,163,163,238,238,258,258,360,360,370,382,382,394,21,21,21,5,5,5,17,34,44,44,44,44],"floor_reached":31,"language":"ZHS","playtime":1573,"items_purged":[],"score":227,"play_id":"d6306aa6-dab6-4537-b5fb-4140ff48c84e","local_time":"20210211085031","is_ascension_mode":false,"campfire_choices":[{"data":"blackbeard:Shrapnel","floor":6,"key":"SMITH"},{"data":"blackbeard:InfiniteBarrage","floor":10,"key":"SMITH"},{"data":"blackbeard:RearmingStrike","floor":13,"key":"SMITH"},{"data":"blackbeard:TerrorOfTheSeas","floor":15,"key":"SMITH"},{"floor":23,"key":"REST"},{"floor":27,"key":"REST"}],"circlet_count":0,"master_deck":["blackbeard:BlackbeardStrike","blackbeard:BlackbeardStrike","blackbeard:BlackbeardStrike","blackbeard:BlackbeardStrike","blackbeard:IntimidatingStrike","blackbeard:BlackbeardDefend","blackbeard:BlackbeardDefend","blackbeard:BlackbeardDefend","blackbeard:Cutlass","blackbeard:TerrorOfTheSeas+1","blackbeard:RearmingStrike+1","blackbeard:Shrapnel+1","blackbeard:InfiniteBarrage+1","blackbeard:GoldenStrike","blackbeard:CannonBarrage","blackbeard:ReapersScythe","blackbeard:InfiniteBarrage","blackbeard:Shrapnel+1","blackbeard:FinalBarrage","blackbeard:Boarding","Master of Strategy","blackbeard:FishingNets","blackbeard:CloakAndCannonball","Secret Technique","blackbeard:Upgrade+1","blackbeard:DangerousBlow","blackbeard:WeaponProficiency"],"relics":["blackbeard:LoadTheCannons"],"acts_visited":["Exordium","TheCity"],"potions_floor_usage":[18,28,29,30,31],"damage_taken":[{"damage":1,"enemies":"Cultist","floor":1,"turns":3},{"damage":0,"enemies":"Small Slimes","floor":4,"turns":3},{"damage":0,"enemies":"2 Louse","floor":7,"turns":2},{"damage":0,"enemies":"Large Slime","floor":8,"turns":4},{"damage":0,"enemies":"2 Fungi Beasts","floor":14,"turns":2},{"damage":57,"enemies":"Hexaghost","floor":16,"turns":8},{"damage":20,"enemies":"2 Thieves","floor":18,"turns":3},{"damage":10,"enemies":"Chosen","floor":19,"turns":3},{"damage":21,"enemies":"Snake Plant","floor":21,"turns":2},{"damage":15,"enemies":"Chosen and Byrds","floor":28,"turns":3},{"damage":15,"enemies":"Cultist and Chosen","floor":29,"turns":4},{"damage":30,"enemies":"Centurion and Healer","floor":30,"turns":4},{"damage":18,"enemies":"3 Cultists","floor":31,"turns":2}],"seed_played":"5048461182247339216","potions_obtained":[{"floor":1,"key":"Energy Potion"},{"floor":8,"key":"BlessingOfTheForge"},{"floor":16,"key":"Explosive Potion"},{"floor":19,"key":"Dexterity Potion"},{"floor":21,"key":"PowerPotion"},{"floor":29,"key":"blackbeard:OrangeJuicePotion"}],"is_trial":false,"path_per_floor":["M","?","?","M","?","R","M","M","T","R","?","?","R","M","R","B",null,"M","M","?","M","$","R","?","$","T","R","M","M","M","M"],"character_chosen":"BLACKBEARD_CLASS","items_purchased":["blackbeard:Boarding","Master of Strategy","blackbeard:FishingNets","blackbeard:CloakAndCannonball","Secret Technique"],"campfire_rested":2,"item_purchase_floors":[22,22,22,22,25],"current_hp_per_floor":[74,74,74,74,74,74,74,74,74,74,74,63,63,63,63,6,75,55,45,45,24,24,46,46,46,46,68,53,38,8,0,0,0],"gold":44,"neow_bonus":"THREE_CARDS","is_daily":false,"chose_seed":false,"campfire_upgraded":4,"win_rate":0.0,"timestamp":1613004631,"path_taken":["M","?","?","M","?","R","M","M","T","R","?","?","R","M","R","BOSS","M","M","?","M","?","R","?","?","T","R","M","M","M","M"],"items_purchased_type":["Card","Card","Card","Card","Card"],"build_version":"2020-12-22","purchased_purges":0,"victory":false,"max_hp_per_floor":[75,75,75,75,75,75,75,75,75,75,75,75,75,75,75,75,75,75,75,75,75,75,75,75,75,75,75,75,75,75,75,75,75],"relic_stats":{"counters":[13,43],"obtain_stats":[{"blackbeard:LoadTheCannons":0},{"blackbeard:LoadTheCannons":0},{"blackbeard:LoadTheCannons":0}]},"card_choices":[{"not_picked":["blackbeard:Spear","blackbeard:Toast"],"picked":"blackbeard:TerrorOfTheSeas","floor":0},{"not_picked":["blackbeard:Sharpening","blackbeard:SwordDance"],"picked":"blackbeard:RearmingStrike","floor":1},{"not_picked":["blackbeard:GoldenStrike","blackbeard:PiratesWill"],"picked":"blackbeard:Shrapnel","floor":4},{"not_picked":["blackbeard:FieryDefense","blackbeard:GoldenDefense"],"picked":"blackbeard:InfiniteBarrage","floor":7},{"not_picked":["blackbeard:Sword","blackbeard:PiratesWill"],"picked":"blackbeard:GoldenStrike","floor":8},{"not_picked":["blackbeard:RearmingStrike","blackbeard:TacticalRetreat"],"picked":"blackbeard:CannonBarrage","floor":14},{"not_picked":["blackbeard:PirateStrength","blackbeard:Murder"],"picked":"blackbeard:ReapersScythe","floor":16},{"not_picked":["blackbeard:SwordDance","blackbeard:Revenge"],"picked":"blackbeard:InfiniteBarrage","floor":18},{"not_picked":["blackbeard:DeadlyArsenal","blackbeard:Spear"],"picked":"blackbeard:Shrapnel+1","floor":19},{"not_picked":["blackbeard:TacticalRetreat","blackbeard:GhostInTheRum+1"],"picked":"blackbeard:FinalBarrage","floor":21},{"not_picked":["blackbeard:WiseDefense","blackbeard:Dagger"],"picked":"blackbeard:Upgrade+1","floor":28},{"not_picked":["blackbeard:Anchor","blackbeard:Provisioning"],"picked":"blackbeard:DangerousBlow","floor":29},{"not_picked":["blackbeard:TacticalRetreat","blackbeard:WiseDefense"],"picked":"blackbeard:WeaponProficiency","floor":30}],"player_experience":382298,"relics_obtained":[],"event_choices":[{"damage_healed":0,"gold_gain":0,"player_choice":"Ignored","damage_taken":0,"max_hp_gain":0,"max_hp_loss":0,"event_name":"Golden Idol","floor":3,"gold_loss":0},{"damage_healed":0,"gold_gain":0,"player_choice":"Fled","damage_taken":0,"max_hp_gain":0,"max_hp_loss":0,"event_name":"Scrap Ooze","floor":5,"gold_loss":0},{"damage_healed":0,"gold_gain":0,"player_choice":"Searched \u00270\u0027 times","damage_taken":0,"max_hp_gain":0,"max_hp_loss":0,"event_name":"Dead Adventurer","floor":11,"gold_loss":0},{"damage_healed":0,"gold_gain":75,"player_choice":"Gather Gold","damage_taken":11,"max_hp_gain":0,"max_hp_loss":0,"event_name":"World of Goop","floor":12,"gold_loss":0},{"cards_removed":["blackbeard:BlackbeardDefend"],"damage_healed":0,"gold_gain":0,"player_choice":"Purged","damage_taken":0,"max_hp_gain":0,"max_hp_loss":0,"event_name":"Purifier","floor":20,"gold_loss":0},{"damage_healed":0,"gold_gain":0,"player_choice":"Ignored","damage_taken":0,"max_hp_gain":0,"max_hp_loss":0,"event_name":"The Mausoleum","floor":24,"gold_loss":0}],"is_beta":false,"boss_relics":[{"not_picked":["Coffee Dripper","aspiration:WatcherSkillbook","aspiration:RitualDagger"]}],"items_purged_floors":[],"is_endless":false,"potions_floor_spawned":[1,8,16,19,21,29],"killed_by":"3 Cultists","ascension_level":0}}