{"host":"1i3835udr35woqc6","time":1613047841,"event":{"mods":["Act Like it!","Arknights","Aspiration","BaseMod","BetterRewards","Conspire","Downfall","Friendly Minions","GungeonMod","Hallownest","Hermit","Infinite Spire","Minty Spire (QoL Compilation)","Pale of the Ancients","Shop Mod","StSLib","The Cursed"],"gold_per_floor":[99,115,115,64,82,82,82,102,252,267,108,126,126,140,156,257,257,257,270,270,270,287,287,287,287],"floor_reached":23,"language":"ZHS","playtime":1327,"items_purged":[],"score":183,"play_id":"d9c2cc6b-e63b-4b8b-bbe5-ba7fcdfa395c","local_time":"20210211205041","is_ascension_mode":false,"campfire_choices":[{"data":"Guardian:Suspension","floor":1,"key":"SMITH"},{"data":"Guardian:PrimingBeam","floor":6,"key":"SMITH"},{"data":"Guardian:SpikerProtocol","floor":18,"key":"SMITH"}],"circlet_count":0,"master_deck":["Guardian:Strike_Guardian","Guardian:Strike_Guardian","Guardian:Strike_Guardian","Guardian:Defend_Guardian","Guardian:Defend_Guardian","Guardian:Defend_Guardian","Guardian:Defend_Guardian","Guardian:CurlUp","Guardian:TwinSlam","Guardian:Suspension+1","Guardian:TemporalStrike","Guardian:SpikerProtocol+1","Guardian:PrimingBeam+1","Guardian:Clone","Guardian:PiercingHide","Guardian:BaubleBeam","Guardian:StasisEngine","Guardian:Gem_Cyan","Guardian:PrismaticBeam"],"relics":["Guardian:ModeShifter","Mercury Hourglass","aspiration:Nostalgia","ats:Sanity","downfall:BrokenWingStatue","bronze:MakeshiftBattery"],"acts_visited":["Exordium","TheCity"],"potions_floor_usage":[14,16,16,23,23],"damage_taken":[{"damage":4,"enemies":"ats:Genji","floor":2,"turns":5},{"damage":5,"enemies":"downfall:FleeingMerchant","floor":4,"turns":4},{"damage":6,"enemies":"Jaw Worm","floor":5,"turns":3},{"damage":0,"enemies":"conspire:RoseBush","floor":8,"turns":2},{"damage":9,"enemies":"Blue Slaver","floor":10,"turns":4},{"damage":0,"enemies":"downfall:FleeingMerchant","floor":11,"turns":4},{"damage":1,"enemies":"2 Fungi Beasts","floor":12,"turns":2},{"damage":0,"enemies":"Exordium Wildlife","floor":14,"turns":3},{"damage":0,"enemies":"Lots of Slimes","floor":15,"turns":2},{"damage":28,"enemies":"DF_ARCHETYPE_STREAMLINE","floor":16,"turns":12},{"damage":5,"enemies":"3 Byrds","floor":19,"turns":4},{"damage":5,"enemies":"conspire:HollyBat","floor":22,"turns":10},{"damage":72,"enemies":"Nightmare","floor":23,"turns":18}],"seed_played":"-3858343370461797995","potions_obtained":[{"floor":5,"key":"champ:CounterPotion"},{"floor":10,"key":"PowerPotion"},{"floor":12,"key":"ColorlessPotion"},{"floor":15,"key":"Fire Potion"},{"floor":16,"key":"Strength Potion"}],"is_trial":false,"path_per_floor":["R","M","?","$","M","R","T","M","?","M","$","M","?","M","M","B",null,"R","M","?","T","M","NM"],"character_chosen":"GUARDIAN","items_purchased":["Guardian:SpikerProtocol","aspiration:Nostalgia"],"campfire_rested":0,"item_purchase_floors":[4,11],"current_hp_per_floor":[80,76,76,71,65,65,65,65,65,56,56,55,55,55,55,27,80,80,75,75,75,70,0,0,0],"gold":287,"neow_bonus":"THREE_CARDS","is_daily":false,"chose_seed":false,"campfire_upgraded":3,"win_rate":0.0,"timestamp":1613047841,"path_taken":["R","M","?","?","M","R","T","M","?","M","?","M","?","M","M","BOSS","R","M","?","?","M","NM"],"items_purchased_type":["Card","Relic"],"build_version":"2020-12-22","purchased_purges":0,"victory":false,"max_hp_per_floor":[80,80,80,80,80,80,80,80,80,80,80,80,80,80,80,80,80,80,80,80,80,80,80,80,80],"card_choices":[{"not_picked":["Guardian:Gem_Lightblue","Guardian:ChargeCore"],"picked":"Guardian:Suspension","floor":0},{"not_picked":["Guardian:WalkerClaw","Guardian:Gem_Cyan"],"picked":"Guardian:TemporalStrike","floor":2},{"not_picked":["Guardian:ArmoredProtocol","Guardian:Planning"],"picked":"Guardian:Gem_Lightblue","floor":4},{"not_picked":["Guardian:Planning","Guardian:ShieldSpikes"],"picked":"Guardian:PrimingBeam","floor":5},{"not_picked":["Guardian:PolyBeam","Guardian:ShieldCharger"],"picked":"Guardian:Clone","floor":8},{"not_picked":["Guardian:BodySlam","Guardian:VentSteam"],"picked":"Guardian:Gem_White","floor":10},{"not_picked":["Guardian:Emergency","Guardian:BronzeOrb"],"picked":"Guardian:PiercingHide","floor":11},{"not_picked":["Guardian:Gem_Red","Guardian:Gem_Yellow"],"picked":"Guardian:BaubleBeam","floor":12},{"not_picked":["Guardian:FuturePlans","Guardian:ShieldCharger","Guardian:VentSteam"],"picked":"SKIP","floor":14},{"not_picked":["Guardian:PrimingBeam","Guardian:Suspension"],"picked":"Guardian:Gem_Green","floor":15},{"not_picked":["Guardian:GemFire","Guardian:Gem_Synthetic"],"picked":"Guardian:StasisEngine","floor":16},{"not_picked":["Guardian:Gem_Red","Guardian:RollAttack"],"picked":"Guardian:Gem_Cyan","floor":19},{"not_picked":["Guardian:ShieldCharger","Guardian:Suspension"],"picked":"Guardian:PrismaticBeam","floor":22}],"player_experience":395650,"relics_obtained":[{"floor":7,"key":"Mercury Hourglass"}],"event_choices":[],"is_beta":false,"boss_relics":[{"not_picked":["Pandora\u0027s Box","Runic Pyramid"],"picked":"bronze:MakeshiftBattery"}],"items_purged_floors":[],"is_endless":false,"potions_floor_spawned":[5,10,12,15,16],"killed_by":"Nightmare","ascension_level":0}}