{"host":"3n5xmnb54n2y5mb4","time":1613055068,"event":{"mods":["BaseMod","Colored Map","Colored Powertips","Downfall","Minty Spire (QoL Compilation)","Permanent Neow","StSLib","Unceasing Turn Reminder","everything is the same but u backflip on backflip"],"gold_per_floor":[99,109,109,129,27,43,69,69,54,70,85,85,235,247,265,360,410,310,321,338,99,114,130,130,130,130,130,115,125,125,135,145,145,145,145],"floor_reached":33,"language":"ENG","playtime":1774,"items_purged":["sneckomod:Strike"],"score":293,"play_id":"00df26ff-9868-4e77-a2ca-f1c04ca7da3a","local_time":"20210211095108","is_ascension_mode":false,"campfire_choices":[{"data":"sneckomod:SnekBite","floor":1.0,"key":"SMITH"},{"floor":8.0,"key":"RECALL"},{"floor":12.0,"key":"REST"},{"data":"sneckomod:UnknownRareAttack","floor":18.0,"key":"SMITH"},{"floor":26.0,"key":"REST"}],"circlet_count":0,"master_deck":["sneckomod:Strike","sneckomod:Defend","sneckomod:Defend","sneckomod:Defend","sneckomod:TailWhip","sneckomod:SnekBite+1","sneckomod:Unknown","sneckomod:Unknown","sneckomod:DefensiveFlair","sneckomod:UnknownCommonSkill","sneckomod:UnknownRareAttack+1","sneckomod:UnknownDraw","sneckomod:UnendingSupply","sneckomod:SnekBeam","sneckomod:UnknownUncommonSkill","sneckomod:UnknownBlock+1","sneckomod:ImprovisedAttack","sneckomod:UnknownDraw","sneckomod:QuickBite","sneckomod:DangerNoodle","sneckomod:Unknown0Cost","sneckomod:PureSnecko","sneckomod:UnknownBlock","sneckomod:Restock+1","sneckomod:UnknownUncommonPower+1","sneckomod:UnknownBlock+1","sneckomod:UnknownBlock+1","sneckomod:UnknownClassGUARDIAN+1","sneckomod:Rotation"],"relics":["sneckomod:SneckoSoul","Potion Belt","Toy Ornithopter","Tiny House","downfall:HeartBlessingRed","Lee\u0027s Waffle","Eternal Feather","Nilry\u0027s Codex"],"acts_visited":["Exordium","TheCity"],"potions_floor_usage":[],"damage_taken":[{"damage":2.0,"enemies":"Small Slimes","floor":2.0,"turns":2.0},{"damage":0.0,"enemies":"Cultist","floor":4.0,"turns":4.0},{"damage":0.0,"enemies":"downfall:FleeingMerchant","floor":5.0,"turns":4.0},{"damage":3.0,"enemies":"Jaw Worm","floor":6.0,"turns":3.0},{"damage":11.0,"enemies":"downfall:FleeingMerchant","floor":9.0,"turns":4.0},{"damage":12.0,"enemies":"Large Slime","floor":10.0,"turns":4.0},{"damage":37.0,"enemies":"Exordium Thugs","floor":11.0,"turns":5.0},{"damage":18.0,"enemies":"Blue Slaver","floor":14.0,"turns":2.0},{"damage":0.0,"enemies":"Exordium Wildlife","floor":15.0,"turns":3.0},{"damage":16.0,"enemies":"IC_STATUS_ARCHETYPE","floor":16.0,"turns":7.0},{"damage":0.0,"enemies":"Shell Parasite","floor":19.0,"turns":3.0},{"damage":4.0,"enemies":"Chosen","floor":20.0,"turns":4.0},{"damage":18.0,"enemies":"downfall:FleeingMerchant","floor":21.0,"turns":4.0},{"damage":19.0,"enemies":"Shelled Parasite and Fungi","floor":22.0,"turns":4.0},{"damage":32.0,"enemies":"Cultist and Chosen","floor":23.0,"turns":8.0},{"damage":25.0,"enemies":"downfall:FleeingMerchant","floor":28.0,"turns":4.0},{"damage":13.0,"enemies":"Snake Plant","floor":29.0,"turns":5.0},{"damage":6.0,"enemies":"Centurion and Healer","floor":31.0,"turns":6.0},{"damage":26,"enemies":"Shelled Parasite and Fungi","floor":32,"turns":7},{"damage":37,"enemies":"SI_MIRROR_ARCHETYPE","floor":33,"turns":6}],"seed_played":"-8134505203497180434","potions_obtained":[{"floor":4.0,"key":"Ancient Potion"},{"floor":6.0,"key":"AttackPotion"},{"floor":10.0,"key":"PowerPotion"},{"floor":14.0,"key":"Dexterity Potion"},{"floor":17.0,"key":"Guardian:BlockOnCardUsePotion"},{"floor":19.0,"key":"Explosive Potion"},{"floor":22.0,"key":"Guardian:BlockOnCardUsePotion"},{"floor":32,"key":"Strength Potion"}],"is_trial":false,"path_per_floor":["R","M","?","M","$","M","T","R","$","M","M","R","?","M","M","B",null,"R","M","M","$","M","M","T","?","R","?","$","M","?","M","M","B"],"character_chosen":"THE_SNECKO","items_purchased":["sneckomod:UnknownDraw","sneckomod:UnendingSupply","Lee\u0027s Waffle"],"campfire_rested":2,"item_purchase_floors":[5,5,21],"current_hp_per_floor":[90,88,76,76,76,73,73,73,67,55,21,48,48,30,30,17,101,101,101,97,108,89,68,68,52,99,99,74,61,61,59,33,0,0,0],"gold":145,"neow_bonus":"RANDOM_COMMON_RELIC","is_daily":false,"chose_seed":false,"campfire_upgraded":2,"win_rate":0.0,"timestamp":1613055068,"path_taken":["R","M","?","M","$","M","T","R","$","M","M","R","?","?","M","BOSS","R","M","M","$","M","M","T","?","R","?","$","M","?","M","M","BOSS"],"items_purchased_type":["Card","Card","Relic"],"build_version":"2020-12-22","purchased_purges":1,"victory":false,"max_hp_per_floor":[90,90,90,90,90,90,90,90,90,90,93,93,93,93,93,96,101,101,101,101,108,108,108,108,108,108,108,108,108,108,112,112,112,112,112],"card_choices":[{"not_picked":["sneckomod:UnknownDraw","sneckomod:WideSting"],"picked":"sneckomod:DefensiveFlair","floor":2.0},{"not_picked":["sneckomod:Nope","sneckomod:DiceBoulder"],"picked":"sneckomod:UnknownCommonSkill","floor":4.0},{"not_picked":["sneckomod:DiceCrush","sneckomod:Unknown2Cost"],"picked":"sneckomod:UnknownRareAttack","floor":5.0},{"not_picked":["sneckomod:UnknownCommonAttack","sneckomod:Nope"],"picked":"sneckomod:SnekBeam","floor":6.0},{"not_picked":["sneckomod:UnknownCommonSkill","sneckomod:UnendingSupply"],"picked":"sneckomod:UnknownUncommonSkill","floor":9.0},{"not_picked":["sneckomod:WideSting","sneckomod:UnknownStrike"],"picked":"sneckomod:UnknownBlock","floor":10.0},{"not_picked":["sneckomod:MasterEye","sneckomod:WideSting"],"picked":"sneckomod:ImprovisedAttack","floor":11.0},{"not_picked":["sneckomod:WideSting","sneckomod:IronFang"],"picked":"sneckomod:UnknownDraw","floor":14.0},{"not_picked":["sneckomod:Memorize","sneckomod:RainOfDice"],"picked":"sneckomod:QuickBite","floor":15.0},{"not_picked":["sneckomod:SoulExchange","sneckomod:SerpentMind"],"picked":"sneckomod:DangerNoodle","floor":16.0},{"not_picked":["sneckomod:UnendingSupply","sneckomod:QuickMove"],"picked":"sneckomod:Unknown0Cost","floor":17.0},{"not_picked":["sneckomod:QuickBite","sneckomod:DiceBoulder+1"],"picked":"sneckomod:PureSnecko","floor":19.0},{"not_picked":["sneckomod:ImprovisedAttack","sneckomod:QuickMove"],"picked":"sneckomod:UnknownBlock","floor":20.0},{"not_picked":["sneckomod:QuickBite","sneckomod:UnknownVulnerable"],"picked":"sneckomod:Restock","floor":21.0},{"not_picked":["sneckomod:Unknown0Cost","sneckomod:UnknownBlock"],"picked":"sneckomod:UnknownUncommonPower+1","floor":22.0},{"not_picked":["sneckomod:UnknownClassRED","sneckomod:QuickMove"],"picked":"sneckomod:UnknownBlock+1","floor":23.0},{"not_picked":["sneckomod:ImprovisedAttack","sneckomod:MorePower"],"picked":"sneckomod:UnknownBlock+1","floor":28.0},{"not_picked":["sneckomod:WideSting","sneckomod:DiceCrush"],"picked":"sneckomod:UnknownClassGUARDIAN+1","floor":29.0},{"not_picked":["sneckomod:UnknownBlock","sneckomod:IronFang+1"],"picked":"sneckomod:Rotation","floor":31.0},{"not_picked":["sneckomod:QuickBite","sneckomod:RainOfDice","sneckomod:UnknownClassGUARDIAN"],"picked":"SKIP","floor":32}],"player_experience":1042047,"relics_obtained":[{"floor":7.0,"key":"Boot"},{"floor":24.0,"key":"Eternal Feather"},{"floor":25.0,"key":"Nilry\u0027s Codex"}],"event_choices":[{"damage_healed":0.0,"max_hp_gain":0.0,"max_hp_loss":0.0,"gold_gain":0.0,"event_name":"Scrap Ooze","player_choice":"Success","floor":3.0,"gold_loss":0.0,"damage_taken":12.0,"relics_obtained":["Toy Ornithopter"]}],"is_beta":false,"boss_relics":[{"not_picked":["Fusion Hammer","bronze:MakeshiftBattery"],"picked":"Tiny House"}],"items_purged_floors":[21],"is_endless":false,"potions_floor_spawned":[4,6,10,14,19,22,32],"killed_by":"SI_MIRROR_ARCHETYPE","ascension_level":0}}