{"host":"18wi9kpcl4eah7pe","time":1613077650,"event":{"mods":["BaseMod","Colored Powertips","Downfall","Minty Spire (QoL Compilation)","StSLib"],"gold_per_floor":[99,109,124,124,143,53,53,84,98,108,208,242,261,99,111,111,111,111],"floor_reached":16,"language":"ENG","playtime":678,"items_purged":["Regret"],"score":148,"play_id":"c0eb4ff7-cf4a-4bb5-a6e2-7ffc07a49255","local_time":"20210211150730","is_ascension_mode":true,"campfire_choices":[{"floor":1,"key":"RECALL"}],"circlet_count":0,"master_deck":["bronze:Strike","bronze:Strike","bronze:Strike","bronze:Strike","bronze:Defend","bronze:Defend","bronze:Defend","bronze:Defend","bronze:Replicate","bronze:Goto","bronze:DarkDash","bronze:Shield","bronze:DelayedGuard","bronze:Branch","bronze:FollowUp","bronze:Optimize","bronze:ChosenStrike","bronze:WildBeam","bronze:BuggyMess","bronze:OilSpill","bronze:Deprecate"],"relics":["bronze:BronzeCore","Turnip","Anchor","Blue Candle","Lantern"],"acts_visited":["Exordium"],"potions_floor_usage":[3,12,16],"damage_taken":[{"damage":3,"enemies":"Jaw Worm","floor":2,"turns":4},{"damage":0,"enemies":"Small Slimes","floor":3,"turns":2},{"damage":4,"enemies":"Cultist","floor":5,"turns":3},{"damage":5,"enemies":"downfall:FleeingMerchant","floor":6,"turns":4},{"damage":48,"enemies":"Gremlin Nob","floor":8,"turns":6},{"damage":0,"enemies":"3 Louse","floor":9,"turns":4},{"damage":6,"enemies":"Exordium Wildlife","floor":10,"turns":5},{"damage":12,"enemies":"Lagavulin","floor":12,"turns":7},{"damage":0,"enemies":"Blue Slaver","floor":13,"turns":3},{"damage":0,"enemies":"downfall:FleeingMerchant","floor":14,"turns":4},{"damage":2,"enemies":"Large Slime","floor":15,"turns":5},{"damage":24,"enemies":"DF_ARCHETYPE_STREAMLINE","floor":16,"turns":3}],"seed_played":"-89393224810091755","potions_obtained":[{"floor":2,"key":"Explosive Potion"},{"floor":8,"key":"FairyPotion"},{"floor":10,"key":"ColorlessPotion"},{"floor":15,"key":"hexamod:SoulburnPotion"}],"is_trial":false,"path_per_floor":["R","M","M","?","M","$","T","E","M","M","?","E","M","$","M","B"],"character_chosen":"THE_AUTOMATON","items_purchased":["Lantern"],"campfire_rested":0,"item_purchase_floors":[14],"current_hp_per_floor":[70,67,67,67,63,58,58,10,10,4,4,15,15,15,13,0,0,0],"gold":111,"neow_bonus":"TEN_PERCENT_HP_BONUS","is_daily":false,"chose_seed":false,"campfire_upgraded":0,"win_rate":0.0,"timestamp":1613077650,"path_taken":["R","M","M","?","M","$","T","E","M","M","?","E","?","$","M","BOSS"],"items_purchased_type":["Relic"],"build_version":"2020-12-22","purchased_purges":1,"victory":false,"max_hp_per_floor":[77,77,77,77,77,77,77,77,77,77,77,77,77,77,77,77,77,77],"card_choices":[{"not_picked":["bronze:BronzeArmor","bronze:Invalidate"],"picked":"bronze:DarkDash","floor":2},{"not_picked":["bronze:WildBeam","bronze:DarkDash"],"picked":"bronze:Shield","floor":3},{"not_picked":["bronze:FineTuning","bronze:Turbo"],"picked":"bronze:DelayedGuard","floor":5},{"not_picked":["bronze:Invalidate","bronze:ForceShield"],"picked":"bronze:Branch","floor":6},{"not_picked":["bronze:ForLoop","bronze:Separator"],"picked":"bronze:FollowUp","floor":8},{"not_picked":["bronze:DelayedGuard","bronze:HardenedForm"],"picked":"bronze:Optimize","floor":9},{"not_picked":["bronze:Boost","bronze:Fortify"],"picked":"bronze:ChosenStrike","floor":10},{"not_picked":["bronze:Break","bronze:BitShift"],"picked":"bronze:WildBeam","floor":12},{"not_picked":["bronze:Return","bronze:CutThrough"],"picked":"bronze:BuggyMess","floor":13},{"not_picked":["bronze:BitShift","bronze:BugBarrage"],"picked":"bronze:OilSpill","floor":14},{"not_picked":["bronze:BuggyMess","bronze:Shield"],"picked":"bronze:Deprecate","floor":15}],"player_experience":1012144,"relics_obtained":[{"floor":8,"key":"Anchor"},{"floor":12,"key":"Blue Candle"}],"event_choices":[{"damage_healed":0,"gold_gain":0,"player_choice":"Box","damage_taken":0,"relics_obtained":["Turnip"],"max_hp_gain":0,"max_hp_loss":0,"event_name":"Big Fish","floor":4,"gold_loss":0,"cards_obtained":["Regret"]}],"is_beta":false,"boss_relics":[],"items_purged_floors":[6],"is_endless":false,"potions_floor_spawned":[2,8,10,15],"killed_by":"DF_ARCHETYPE_STREAMLINE","ascension_level":6}}