{"host":"zjnmjbs15rdpqnz9","time":1613066192,"event":{"mods":["BaseMod","Downfall","Minty Spire (QoL Compilation)","StSLib"],"gold_per_floor":[99,109,124,124,136,153,153,188,208,222,672,672,683,743,761,761,761,761],"floor_reached":16,"language":"ENG","playtime":912,"items_purged":[],"score":106,"play_id":"379112a6-e66d-4b39-9cf0-5b8c258f4c56","local_time":"20210211105632","is_ascension_mode":false,"campfire_choices":[{"data":"sneckomod:TailWhip","floor":1,"key":"SMITH"},{"data":"sneckomod:UnknownVulnerable","floor":12,"key":"SMITH"}],"circlet_count":0,"master_deck":["sneckomod:Strike","sneckomod:Strike","sneckomod:Strike","sneckomod:Defend","sneckomod:Defend","sneckomod:Defend","sneckomod:TailWhip+1","sneckomod:SnekBite","sneckomod:Unknown","sneckomod:Unknown","sneckomod:SnakeSap","sneckomod:UnlimitedRolls","sneckomod:TailWhip+1","sneckomod:UnknownVulnerable+1","sneckomod:UnknownUncommonSkill","sneckomod:Nope","sneckomod:UnknownBlock","downfall:Icky","downfall:Icky","downfall:Icky","sneckomod:WideSting","sneckomod:UnknownUncommonAttack","sneckomod:SerpentMind+1"],"relics":["sneckomod:SneckoSoul","Bottled Lightning","Frozen Egg 2","Happy Flower"],"acts_visited":["Exordium"],"potions_floor_usage":[14,14,15],"damage_taken":[{"damage":0,"enemies":"2 Louse","floor":2,"turns":2},{"damage":0,"enemies":"Cultist","floor":3,"turns":3},{"damage":0,"enemies":"Small Slimes","floor":5,"turns":3},{"damage":11,"enemies":"2 Fungi Beasts","floor":6,"turns":3},{"damage":16,"enemies":"Lagavulin","floor":8,"turns":6},{"damage":20,"enemies":"Exordium Thugs","floor":9,"turns":6},{"damage":26,"enemies":"3 Louse","floor":10,"turns":4},{"damage":2,"enemies":"Blue Slaver","floor":13,"turns":3},{"damage":18,"enemies":"Lagavulin Event","floor":14,"turns":4},{"damage":9,"enemies":"Red Slaver","floor":15,"turns":3},{"damage":3,"enemies":"SI_SHIV_ARCHETYPE","floor":16,"turns":3}],"seed_played":"-7023712293511681604","potions_obtained":[{"floor":2,"key":"ColorlessPotion"},{"floor":8,"key":"Fire Potion"},{"floor":9,"key":"Swift Potion"},{"floor":14,"key":"sneckomod:CheatPotion"}],"is_trial":false,"path_per_floor":["R","M","M","?","M","M","T","E","M","M","?","R","M","?","M","B"],"character_chosen":"THE_SNECKO","items_purchased":[],"campfire_rested":0,"item_purchase_floors":[],"current_hp_per_floor":[99,99,99,99,99,88,88,72,52,31,31,31,29,11,2,0,0,0],"gold":761,"neow_bonus":"TEN_PERCENT_HP_BONUS","is_daily":false,"chose_seed":false,"campfire_upgraded":2,"win_rate":0.0,"timestamp":1613066192,"path_taken":["R","M","M","?","M","M","T","E","?","M","?","R","M","?","M","BOSS"],"items_purchased_type":[],"build_version":"2020-12-22","purchased_purges":0,"victory":false,"max_hp_per_floor":[99,99,99,99,99,99,99,99,99,99,99,99,99,99,99,99,99,99],"card_choices":[{"not_picked":["sneckomod:DiceCrush","sneckomod:UnknownBlock"],"picked":"sneckomod:SnakeSap","floor":2},{"not_picked":["sneckomod:Nope","sneckomod:UnknownCommonSkill"],"picked":"sneckomod:UnlimitedRolls","floor":3},{"not_picked":["sneckomod:Unknown1Cost","sneckomod:SoulDraw"],"picked":"sneckomod:UnknownVulnerable","floor":5},{"not_picked":["sneckomod:SerpentIdol","sneckomod:IronFang"],"picked":"sneckomod:UnknownUncommonSkill","floor":6},{"not_picked":["sneckomod:UnknownCommonSkill","sneckomod:DiceBlock","sneckomod:UnknownCommonAttack"],"picked":"SKIP","floor":8},{"not_picked":["sneckomod:UnknownCommonSkill","sneckomod:DiceCrush"],"picked":"sneckomod:Nope","floor":9},{"not_picked":["sneckomod:TrashToTreasure","sneckomod:SoulDraw"],"picked":"sneckomod:UnknownBlock","floor":10},{"not_picked":["sneckomod:TrashToTreasure","sneckomod:SoulDraw"],"picked":"sneckomod:WideSting","floor":13},{"not_picked":["sneckomod:QuickMove","sneckomod:SoulRoll"],"picked":"sneckomod:UnknownUncommonAttack","floor":14},{"not_picked":["sneckomod:RainOfDice","sneckomod:DiceBoulder"],"picked":"sneckomod:SerpentMind+1","floor":15}],"player_experience":913756,"relics_obtained":[{"floor":7,"key":"Bottled Lightning"},{"floor":8,"key":"Frozen Egg 2"},{"floor":14,"key":"Happy Flower"}],"event_choices":[],"is_beta":false,"boss_relics":[],"items_purged_floors":[],"is_endless":false,"potions_floor_spawned":[2,8,9,14],"killed_by":"SI_SHIV_ARCHETYPE","ascension_level":0}}