{"host":"3j24k6gtmfx6ynrk","time":1613008628,"event":{"mods":["AchievementEnabler","BaseMod","Block Reminder","Colored Powertips","Googly Eyes","Hermit","Highlight Path","Marisa????????","Minty Spire (QoL Compilation)","Quick Restart","StSLib","The Cursed","The Hierophant"],"gold_per_floor":[110,110,120,32,45,73,73,106,106,121,134,150,150,165,165,165,165],"floor_reached":16,"language":"DEU","playtime":1454,"items_purged":[],"score":114,"play_id":"c5762fc3-1213-4c1d-806a-a5a31a3717c5","local_time":"20210211025708","is_ascension_mode":false,"campfire_choices":[{"floor":7,"key":"REST"},{"floor":13,"key":"REST"},{"floor":15,"key":"RECALL"}],"circlet_count":0,"master_deck":["Strike_G","Strike_G","Strike_G","Strike_G","Strike_G","Defend_G","Defend_G","Defend_G","Defend_G","Defend_G","Survivor","Neutralize","Riddle With Holes","Blade Dance","Backstab","Slice","Deflect+1","PiercingWail+1","Finisher","Flying Knee"],"relics":["Ring of the Snake","Bottled Lightning","Toxic Egg 2"],"acts_visited":["Exordium"],"potions_floor_usage":[6,8,16,16,16],"damage_taken":[{"damage":0,"enemies":"Small Slimes","floor":1,"turns":4},{"damage":0,"enemies":"Cultist","floor":3,"turns":5},{"damage":0,"enemies":"2 Louse","floor":5,"turns":1},{"damage":46,"enemies":"Lagavulin","floor":6,"turns":11},{"damage":15,"enemies":"Gremlin Nob","floor":8,"turns":4},{"damage":0,"enemies":"Large Slime","floor":10,"turns":4},{"damage":1,"enemies":"2 Fungi Beasts","floor":11,"turns":2},{"damage":0,"enemies":"Looter","floor":12,"turns":3},{"damage":0,"enemies":"3 Louse","floor":14,"turns":2},{"damage":68,"enemies":"Slime Boss","floor":16,"turns":16}],"seed_played":"-3425518633754772447","potions_obtained":[{"floor":3,"key":"GamblersBrew"},{"floor":6,"key":"Poison Potion"},{"floor":11,"key":"Block Potion"},{"floor":12,"key":"CunningPotion"},{"floor":14,"key":"Weak Potion"}],"is_trial":false,"path_per_floor":["M","?","M","$","M","E","R","E","T","M","M","M","R","M","R","B"],"character_chosen":"THE_SILENT","items_purchased":["Blade Dance","Backstab"],"campfire_rested":2,"item_purchase_floors":[4,4],"current_hp_per_floor":[77,77,77,77,77,31,54,39,39,39,38,38,61,61,61,0,0],"gold":165,"neow_bonus":"TEN_PERCENT_HP_BONUS","is_daily":false,"chose_seed":false,"campfire_upgraded":0,"win_rate":0.0,"timestamp":1613008628,"path_taken":["M","?","M","$","M","E","R","E","T","M","?","M","R","M","R","BOSS"],"items_purchased_type":["Card","Card"],"build_version":"2020-12-22","purchased_purges":0,"victory":false,"max_hp_per_floor":[77,77,77,77,77,77,77,77,77,77,77,77,77,77,77,77,77],"card_choices":[{"not_picked":["Prepared","Underhanded Strike","Dodge and Roll"],"picked":"SKIP","floor":1},{"not_picked":["Bane","Finisher"],"picked":"Riddle With Holes","floor":3},{"not_picked":["Glass Knife","Reflex","Endless Agony"],"picked":"SKIP","floor":5},{"not_picked":["Dash","Dagger Throw"],"picked":"Slice","floor":6},{"not_picked":["Night Terror+1","Endless Agony","Catalyst+1"],"picked":"SKIP","floor":8},{"not_picked":["Acrobatics+1","Quick Slash"],"picked":"Deflect+1","floor":10},{"not_picked":["Heel Hook","Predator"],"picked":"PiercingWail+1","floor":11},{"not_picked":["Dodge and Roll+1","Outmaneuver+1"],"picked":"Finisher","floor":12},{"not_picked":["Deadly Poison+1","Skewer"],"picked":"Flying Knee","floor":14}],"player_experience":66209,"relics_obtained":[{"floor":6,"key":"Bottled Lightning"},{"floor":8,"key":"Toxic Egg 2"}],"event_choices":[{"damage_healed":0,"gold_gain":0,"player_choice":"Bought 0 Potions","damage_taken":0,"max_hp_gain":0,"max_hp_loss":0,"event_name":"The Woman in Blue","floor":2,"gold_loss":0}],"is_beta":false,"boss_relics":[],"items_purged_floors":[],"is_endless":false,"potions_floor_spawned":[3,6,11,12,14],"killed_by":"Slime Boss","ascension_level":0}}