{"host":"jt62yzdgnrkmwwqv","time":1613043804,"event":{"mods":["AchievementEnabler","Act Like it!","Arknights","BaseMod","CapriCore","Colored Map","Colored Powertips","GungeonMod","Lobotomy","LobotomyExtend","Minty Spire (QoL Compilation)","Replay The Spire","StSLib","SuperFastMode"],"gold_per_floor":[116,127,127,11,86,86,111,111,163,208,4794,4829,4047,4081,4081,4179,4179,4196,4209,3327,3252,3162,3187,3206,3216,3284,3316,3333,3333,3333],"floor_reached":29,"language":"KOR","playtime":1027,"items_purged":["ats:Armor Crushing Shot","ats:Defend","ats:Strike G"],"score":393,"play_id":"c822b884-ada4-4fd8-81ab-d787bd9b6687","local_time":"20210211204324","is_ascension_mode":true,"campfire_choices":[{"data":"ats:Ignite","floor":6,"key":"SMITH"},{"floor":8,"key":"REST"},{"data":"ats:Burning Ground","floor":15,"key":"SMITH"}],"circlet_count":0,"master_deck":["ats:Strike C","ats:Defend","ats:Defend","ats:Emotion Absorption","OldLady","ats:Curse Doll","ats:Ignite","ats:Ignite+1","ats:Healing Drone","ats:Blood Oath","ats:Sunburst","ats:Automatic Cover","ats:Shell Defense","ats:Leaping Hammer","ats:Burning Ground+1","ats:Soul Absorption","Flash of Steel","ats:Rat Pack+1","UniverseFragment","ats:Shell Defense","ats:Shadow Assault","ats:Sunburst+1","ats:Mental Burst","ats:Flame Of Heaven","ats:Guard Mode+1","MeatLantern","ats:Sunburst","BlueStar","ats:Mental Burst","LongBird","ats:Guardian Obelisk+1","ats:Nebulous Foxfire"],"relics":["ats:Sanity","CogitoBucket","RabbitCall","LetterFromLob","ats:Originium","Replay:Baseball","Omamori","Simple Rune","ReplayTheSpireMod:CursedCoin","Replay:Towering Pillar of Hats","Question Card","Lee\u0027s Waffle","DemoMod:WhiteGuonStone","War Paint","Abe\u0027s Treasure","HellTrain","ReplayTheSpireMod:Shallot","DemoMod:MonsterBlood","DemoMod:MeatBun","ats:Lavender","Replay:Bottled Steam","AspirationHeart"],"acts_visited":["Exordium","TheCity"],"potions_floor_usage":[28,28,29],"damage_taken":[{"damage":10,"enemies":"Small Slimes","floor":1,"turns":4},{"damage":3,"enemies":"Cultist","floor":2,"turns":4},{"damage":27,"enemies":"Gremlin Nob","floor":7,"turns":4},{"damage":13,"enemies":"3 Sentries","floor":12,"turns":10},{"damage":12,"enemies":"Gremlin Nob","floor":14,"turns":5},{"damage":14,"enemies":"The Guardian","floor":16,"turns":13},{"damage":8,"enemies":"3 Byrds","floor":18,"turns":6},{"damage":5,"enemies":"Shell Parasite","floor":19,"turns":6},{"damage":4,"enemies":"Gremlin Leader","floor":23,"turns":4},{"damage":0,"enemies":"Chosen and Byrds","floor":24,"turns":4},{"damage":0,"enemies":"Centurion and Healer","floor":25,"turns":3},{"damage":4,"enemies":"Book of Stabbing","floor":27,"turns":5},{"damage":0,"enemies":"Snecko","floor":28,"turns":4},{"damage":110,"enemies":"Snecko","floor":29,"turns":3}],"seed_played":"9073024116087420318","potions_obtained":[{"floor":1,"key":"SkillPotion"},{"floor":2,"key":"Swift Potion"},{"floor":25,"key":"ats:Burn Small Potion"}],"is_trial":false,"path_per_floor":["M","M","?","$","?","R","E","R","T","T","$","E","$","E","R","B",null,"M","M","$","?","?","E","M","M","T","E","M","?"],"character_chosen":"DOCTOR_CLASS","items_purchased":["ats:Ignite","ats:Healing Drone","ReplayTheSpireMod:CursedCoin","ats:Sunburst","ats:Automatic Cover","Replay:Towering Pillar of Hats","ats:Shell Defense","ats:Burning Ground","ats:Soul Absorption","Lee\u0027s Waffle","DemoMod:WhiteGuonStone","Flash of Steel","ats:Rat Pack","ats:Mental Burst","ats:Flame Of Heaven","ReplayTheSpireMod:Shallot","DemoMod:MonsterBlood","ats:Guard Mode","DemoMod:MeatBun"],"campfire_rested":1,"item_purchase_floors":[4,4,11,11,11,11,11,13,13,13,13,13,13,20,20,20,20,20,20],"current_hp_per_floor":[62,59,52,52,41,41,14,35,35,35,35,36,79,70,70,79,79,79,77,86,86,86,82,86,86,86,86,96,0,0],"gold":3333,"neow_bonus":"","is_daily":false,"chose_seed":false,"campfire_upgraded":2,"win_rate":0.0,"timestamp":1613043804,"path_taken":["M","M","?","$","?","R","E","R","T","?","$","E","$","E","R","BOSS","M","M","$","?","?","E","M","?","T","E","M","?"],"items_purchased_type":["Card","Card","Relic","Card","Card","Relic","Card","Card","Card","Relic","Relic","Card","Card","Card","Card","Relic","Relic","Card","Relic"],"build_version":"2020-12-22","purchased_purges":3,"victory":false,"max_hp_per_floor":[72,72,72,72,72,72,72,72,72,72,72,72,79,79,79,79,79,79,79,86,86,86,86,86,86,86,86,96,96,96],"card_choices":[{"not_picked":["Porccubus","CherryBlossoms","Bloodbath"],"picked":"Singing Bowl","floor":1},{"not_picked":["Wellcheers","CrumblingArmor"],"picked":"OldLady","floor":1},{"not_picked":["ats:Revitalization","ats:Steam Pump"],"picked":"ats:Curse Doll","floor":1},{"not_picked":["WallGazer","CrumblingArmor","SpiderBud"],"picked":"Singing Bowl","floor":2},{"not_picked":["ats:Hook Shot","ats:Consecutive Shot Auto"],"picked":"ats:Ignite","floor":2},{"not_picked":["Murderer","CherryBlossoms","Scarecrow"],"picked":"Singing Bowl","floor":7},{"not_picked":["ats:Directed Diagnosis","ats:Revitalization"],"picked":"ats:Blood Oath","floor":7},{"not_picked":["OSAHOGD","PunishingBird","Freischutz"],"picked":"Singing Bowl","floor":12},{"not_picked":["ats:Demon Strength","ats:Revitalization"],"picked":"ats:Leaping Hammer","floor":12},{"not_picked":["MHz","FairyFestival","BeautyBeast"],"picked":"Singing Bowl","floor":14},{"not_picked":["ShyLook","SpiderBud"],"picked":"UniverseFragment","floor":14},{"not_picked":["ats:Consecutive Shot Auto","ats:Assault Order","ats:Rapid Magazine"],"picked":"ats:Shell Defense","floor":14},{"not_picked":["CrumblingArmor","NakedNest","SpiderBud"],"picked":"Singing Bowl","floor":16},{"not_picked":["ats:Fractured Body","ats:Ambush","ats:Dogmatic Field"],"picked":"ats:Shadow Assault","floor":16},{"not_picked":["GalaxyChild","HeroicMonk","Funeral"],"picked":"Singing Bowl","floor":18},{"not_picked":["ats:Consecutive Shot Auto+1","ats:Absolute Focus","ats:Flexible Camouflage","ats:Defend Order"],"picked":"SKIP","floor":18},{"not_picked":["OSAHOGD","Wellcheers","DreamingCurrent"],"picked":"Singing Bowl","floor":19},{"not_picked":["ats:Defend Order","ats:Consecutive Shot Auto","ats:Phantom"],"picked":"ats:Sunburst+1","floor":19},{"not_picked":["VoidDream","WhiteNight","DespairKnight"],"picked":"Singing Bowl","floor":23},{"not_picked":["Wellcheers","LittlePrince"],"picked":"MeatLantern","floor":23},{"not_picked":["ats:Curse Doll","ats:Encircling Forest+1","ats:Cat Scratch","ats:Very Hot Blade"],"picked":"SKIP","floor":23},{"not_picked":["ShyLook","Mercenary","CherryBlossoms"],"picked":"Singing Bowl","floor":24},{"not_picked":["ats:Consecutive Shot Auto","ats:Wolf Pack","ats:Explosion Area Strengthen"],"picked":"ats:Sunburst","floor":24},{"not_picked":["PunishingBird","CENSORED"],"picked":"BlueStar","floor":25},{"not_picked":["ats:Cat Scratch","ats:Curse Doll","ats:Blood Oath"],"picked":"ats:Mental Burst","floor":25},{"not_picked":["BeautyBeast","Wellcheers","FieryBird"],"picked":"Singing Bowl","floor":27},{"not_picked":["BeautyBeast","PunishingBird"],"picked":"LongBird","floor":27},{"not_picked":["ats:Ignite","ats:Blood Oath","ats:Assault Order"],"picked":"ats:Guardian Obelisk+1","floor":27},{"not_picked":["FieryBird","OSAHOGD","GreedKing"],"picked":"Singing Bowl","floor":28},{"not_picked":["ats:Closed Bolt Burst Fire","ats:Sunburst","ats:Sword Rain"],"picked":"ats:Nebulous Foxfire","floor":28}],"player_experience":189833,"relics_obtained":[{"floor":1,"key":"LetterFromLob"},{"floor":7,"key":"ats:Originium"},{"floor":7,"key":"Replay:Baseball"},{"floor":9,"key":"Omamori"},{"floor":10,"key":"Simple Rune"},{"floor":12,"key":"ats:Originium"},{"floor":12,"key":"Question Card"},{"floor":14,"key":"ats:Originium"},{"floor":14,"key":"War Paint"},{"floor":23,"key":"ats:Originium"},{"floor":23,"key":"ats:Lavender"},{"floor":27,"key":"Replay:Bottled Steam"}],"event_choices":[{"cards_removed":["ats:Strike V"],"damage_healed":0,"gold_gain":0,"player_choice":"Card Removal","damage_taken":7,"max_hp_gain":0,"max_hp_loss":0,"event_name":"Golden Wing","floor":3,"gold_loss":0},{"damage_healed":0,"gold_gain":75,"player_choice":"Gather Gold","damage_taken":11,"max_hp_gain":0,"max_hp_loss":0,"event_name":"World of Goop","floor":5,"gold_loss":0},{"cards_removed":["ats:Strike S"],"damage_healed":0,"gold_gain":0,"player_choice":"Gave Gold","damage_taken":0,"max_hp_gain":0,"max_hp_loss":0,"event_name":"Beggar","floor":21,"gold_loss":75},{"cards_removed":["ats:Defend"],"damage_healed":0,"gold_gain":0,"player_choice":"Upgrade and Remove","damage_taken":0,"max_hp_gain":0,"max_hp_loss":0,"event_name":"Designer","floor":22,"gold_loss":90,"cards_upgraded":["ats:Guard Mode"]}],"is_beta":false,"boss_relics":[{"not_picked":["Calling Bell","Empty Cage"],"picked":"Abe\u0027s Treasure"}],"items_purged_floors":[11,13,20],"is_endless":false,"potions_floor_spawned":[1,2,24,25],"killed_by":"Snecko","ascension_level":1}}