{"host":"ox77rn1xcurm2t5a","time":1613040212,"event":{"mods":["2.2 Compatiblity","AchievementEnabler","Act Like it!","Aspiration","BaseMod","Best Route Mod","Better Match","Better Note","Better Sensory Stone","Block Reminder","Colored Map","Colored Powertips","Conjunction","Conspire","Custom Start","Energized Spire","GifTheSpireLib","Gold Saver","Gremlin Skip","Halation","Highlight Path","Hubris","Infinite Spire","Minty Spire (QoL Compilation)","Pale of the Ancients","Quick Restart","Replay The Spire","Reworked Bosses","ShortenTheSpire","Spire Exporter","StSLib","Stuff the Spire","Wandering Minibosses"],"gold_per_floor":[109,109,119,119,169,196,196,196,267,284,7928,7928,7953,7953,7953,8025,8025,8040,8040,8040],"floor_reached":19,"language":"ENG","playtime":740,"items_purged":["Strike_B"],"score":400,"play_id":"34595408-7aaa-474a-a26f-c696d94cb546","local_time":"20210211124332","is_ascension_mode":true,"campfire_choices":[{"floor":7,"key":"RECALL"},{"data":"Zap","floor":8,"key":"SMITH"},{"data":"Apotheosis","floor":12,"key":"SMITH"},{"floor":15,"key":"REST"}],"circlet_count":0,"master_deck":["AscendersBane","Strike_B","Strike_B","Strike_B","Defend_B","Defend_B","Defend_B","Defend_B","Zap+1","Dualcast","Sadistic Nature","Storm+1","Sweeping Beam","Apotheosis+1","conspire:Banana","Conserve Battery","BasicCrystalCard+1"],"relics":["Cracked Core","NeowsBlessing","halation:QuantumPhysicsTextbook","TheAbacus","Turnip","Bottled Tornado","StuffTheSpire:Tea"],"acts_visited":["Exordium","TheCity"],"potions_floor_usage":[14,16],"damage_taken":[{"damage":0,"enemies":"Jaw Worm","floor":1,"turns":1},{"damage":0,"enemies":"2 Louse","floor":3,"turns":1},{"damage":0,"enemies":"Gremlin Nob","floor":6,"turns":1},{"damage":4,"enemies":"Small Slimes","floor":10,"turns":4},{"damage":22,"enemies":"3 Sentries","floor":13,"turns":7},{"damage":0,"enemies":"Exordium Thugs","floor":14,"turns":1},{"damage":66,"enemies":"Fading Forest","floor":16,"turns":13},{"damage":39,"enemies":"conspire:FuzzyDice","floor":18,"turns":8},{"damage":23,"enemies":"3 Byrds","floor":19,"turns":3}],"seed_played":"-3436329820570577706","potions_obtained":[{"floor":3,"key":"SmokeBomb"},{"floor":6,"key":"Venom Potion"},{"floor":16,"key":"Venom Potion"}],"is_trial":false,"path_per_floor":["M","?","M","?","?","E","R","R","T","M","$","R","E","M","R","B",null,"M","M"],"character_chosen":"DEFECT","items_purchased":["Storm+1","TheAbacus","Turnip","Bottled Tornado","Sweeping Beam","Apotheosis","conspire:Banana","Conserve Battery"],"campfire_rested":1,"item_purchase_floors":[11,11,11,11,11,11,11,11],"current_hp_per_floor":[64,64,64,64,57,57,57,57,57,53,53,53,33,33,54,12,59,22,0,0],"gold":8040,"neow_bonus":"THREE_ENEMY_KILL","is_daily":false,"chose_seed":false,"campfire_upgraded":2,"win_rate":0.0,"timestamp":1613040212,"path_taken":["M","?","M","?","?","E","R","R","T","?","$","R","E","M","R","BOSS","M","M"],"items_purchased_type":["Card","Relic","Relic","Relic","Card","Card","Card","Card"],"build_version":"2020-12-22","purchased_purges":1,"victory":false,"max_hp_per_floor":[71,71,71,71,71,71,71,71,71,71,71,71,73,73,73,75,75,77,78,78],"card_choices":[{"not_picked":["Redo","Barrage","Hologram"],"picked":"SKIP","floor":1},{"not_picked":["Mirror Shield","hubris:PowerSurge","StuffTheSpire:Plugnplay"],"picked":"SKIP","floor":3},{"not_picked":["Survey Options","ReplayTheSpireMod:Necrogeddon"],"picked":"Sadistic Nature","floor":4},{"not_picked":["hubris:Prefetch","Hologram","Sunder"],"picked":"SKIP","floor":6},{"not_picked":["Beam Cell","Steam","Chaos"],"picked":"SKIP","floor":10},{"not_picked":["hubris:PowerSurge","BasicCrystalCard","Heatsinks"],"picked":"SKIP","floor":13},{"not_picked":["Recycle","Panic Button+1"],"picked":"BasicCrystalCard+1","floor":18}],"player_experience":3085946,"relics_obtained":[{"floor":6,"key":"halation:QuantumPhysicsTextbook"},{"floor":13,"key":"StuffTheSpire:Tea"}],"event_choices":[{"damage_healed":0,"gold_gain":0,"player_choice":"Disagree","damage_taken":0,"max_hp_gain":0,"max_hp_loss":0,"event_name":"conspire:LoneGhost","floor":2,"gold_loss":0},{"damage_healed":0,"gold_gain":1,"player_choice":"1","damage_taken":0,"max_hp_gain":0,"max_hp_loss":0,"event_name":"betterStone:BetterStone","floor":4,"gold_loss":0},{"damage_healed":0,"gold_gain":50,"player_choice":"Touch","damage_taken":7,"max_hp_gain":0,"max_hp_loss":0,"event_name":"FaceTrader","floor":5,"gold_loss":0}],"is_beta":false,"boss_relics":[{"not_picked":["halation:HeavySnake","energizedSpire:NeverEndingSparkler","halation:ForbiddenBikini"]}],"items_purged_floors":[11],"is_endless":false,"potions_floor_spawned":[3,6,16],"killed_by":"3 Byrds","ascension_level":20}}