{"host":"c6u7e77myxvw4d0m","time":1613026957,"event":{"mods":["AchievementEnabler","BaseMod","Bestiary","Colored Map","Colored Powertips","Minty Spire (QoL Compilation)","Rare Cards Sparkle","Relic Stats","everything is the same but u backflip on backflip"],"gold_per_floor":[117,134,151,163,176,176,206,206,206,223,240,32,32,32,32,32,32],"floor_reached":16,"language":"ENG","playtime":1937,"items_purged":["Strike_G"],"score":208,"play_id":"bd3bd512-9167-4b59-bf28-d545adbc33a8","local_time":"20210211090237","is_ascension_mode":true,"campfire_choices":[{"floor":6,"key":"REST"},{"floor":8,"key":"REST"},{"data":"A Thousand Cuts","floor":15,"key":"SMITH"}],"circlet_count":0,"master_deck":["AscendersBane","Strike_G","Defend_G","Defend_G","Defend_G","Defend_G","Defend_G","Survivor","Neutralize","A Thousand Cuts+1","Outmaneuver","Deadly Poison","Endless Agony","Calculated Gamble","Dagger Spray","Predator","Bouncing Flask","Cloak And Dagger","Infinite Blades","Deadly Poison","Blur"],"relics":["Ring of the Snake","Incense Burner","Dead Branch"],"acts_visited":["Exordium"],"potions_floor_usage":[5,16],"damage_taken":[{"damage":20,"enemies":"Cultist","floor":1,"turns":7},{"damage":4,"enemies":"Jaw Worm","floor":2,"turns":5},{"damage":8,"enemies":"2 Louse","floor":3,"turns":3},{"damage":7,"enemies":"Red Slaver","floor":4,"turns":5},{"damage":14,"enemies":"Exordium Wildlife","floor":5,"turns":4},{"damage":15,"enemies":"Lagavulin","floor":7,"turns":6},{"damage":3,"enemies":"Exordium Thugs","floor":10,"turns":5},{"damage":0,"enemies":"Looter","floor":11,"turns":3},{"damage":39,"enemies":"Slime Boss","floor":16,"turns":6}],"seed_played":"-3600115876910594522","potions_obtained":[{"floor":1,"key":"Ancient Potion"},{"floor":4,"key":"AttackPotion"},{"floor":10,"key":"Explosive Potion"},{"floor":11,"key":"Swift Potion"}],"is_trial":false,"path_per_floor":["M","M","M","M","M","R","E","R","T","M","M","$","?","?","R","B"],"character_chosen":"THE_SILENT","items_purchased":["Deadly Poison","Blur"],"campfire_rested":2,"item_purchase_floors":[12,12],"current_hp_per_floor":[39,35,27,20,6,24,9,27,27,24,24,24,24,24,24,0,0],"gold":32,"neow_bonus":"TRANSFORM_TWO_CARDS","is_daily":false,"chose_seed":false,"campfire_upgraded":1,"win_rate":0.0,"timestamp":1613026957,"path_taken":["M","M","?","M","M","R","E","R","T","M","M","$","?","?","R","BOSS"],"items_purchased_type":["Card","Card"],"build_version":"2020-12-22","purchased_purges":1,"victory":false,"max_hp_per_floor":[60,60,60,60,60,60,60,60,60,60,60,60,60,60,60,60,60],"relic_stats":{"counters":[9,44],"Dead Branch":[21],"obtain_stats":[{"Dead Branch":9,"Incense Burner":7,"Ring of the Snake":0},{"Dead Branch":6,"Incense Burner":6,"Ring of the Snake":0},{"Dead Branch":30,"Incense Burner":30,"Ring of the Snake":0}],"Ring of the Snake":[20]},"card_choices":[{"not_picked":["Footwork","Catalyst"],"picked":"Deadly Poison","floor":1},{"not_picked":["PiercingWail","Outmaneuver"],"picked":"Endless Agony","floor":2},{"not_picked":["Concentrate","Deflect"],"picked":"Calculated Gamble","floor":3},{"not_picked":["Quick Slash","PiercingWail"],"picked":"Dagger Spray","floor":4},{"not_picked":["Distraction","Prepared"],"picked":"Predator","floor":5},{"not_picked":["Sucker Punch","Deflect"],"picked":"Bouncing Flask","floor":7},{"not_picked":["Backflip","Deadly Poison"],"picked":"Cloak And Dagger","floor":10},{"not_picked":["All Out Attack","Backflip"],"picked":"Infinite Blades","floor":11}],"player_experience":777980,"relics_obtained":[{"floor":7,"key":"Incense Burner"},{"floor":9,"key":"Dead Branch"}],"event_choices":[{"damage_healed":0,"gold_gain":0,"player_choice":"Searched \u00270\u0027 times","damage_taken":0,"max_hp_gain":0,"max_hp_loss":0,"event_name":"Dead Adventurer","floor":13,"gold_loss":0},{"cards_removed":["Strike_G"],"damage_healed":0,"gold_gain":0,"player_choice":"Purged","damage_taken":0,"max_hp_gain":0,"max_hp_loss":0,"event_name":"Purifier","floor":14,"gold_loss":0}],"is_beta":false,"boss_relics":[],"items_purged_floors":[12],"is_endless":false,"potions_floor_spawned":[1,4,10,11],"killed_by":"Slime Boss","ascension_level":20}}