{"host":"am8lvo9xvzrux3wx","time":1613003297,"event":{"mods":["2.2 Compatiblity","AchievementEnabler","Aspiration","BaseMod","Block Reminder","Colored Map","Downfall","Halation","Minty Spire (QoL Compilation)","READ ME - Guardian Mod","Random Character Mod","Replay The Spire","StSLib","The Bug Knight","The Construct","The Forsaken","The Runesmith"],"gold_per_floor":[415,340,360,289,299,330,341,341,341,417,432,451,137,157,157,255,255,267,91,91,103,122,122,132,132,132,142,142,17,36,36,36,36,36],"floor_reached":33,"language":"ENG","playtime":3197,"items_purged":["Overencumbered"],"score":251,"play_id":"f90cdc4f-a09a-4f2b-aaa8-af3909c47298","local_time":"20210210192817","is_ascension_mode":false,"campfire_choices":[{"data":"Skewer","floor":8,"key":"SMITH"},{"data":"Terror","floor":15,"key":"SMITH"},{"data":"Phantasmal Killer","floor":23,"key":"SMITH"},{"floor":25,"key":"REST"},{"floor":28,"key":"REST"},{"data":"Defend_G","floor":32,"key":"PURGE"}],"circlet_count":0,"master_deck":["Strike_G","Strike_G","Strike_G","Strike_G","Strike_G","Defend_G","Defend_G","Defend_G","Defend_G","Survivor","Neutralize","Terror+1","Dash","Skewer+1","Finisher","Heel Hook","Endless Agony","Quick Slash","Calculated Gamble","Violence","Phantasmal Killer+1","Sucker Punch","Underhanded Strike","Endless Agony","Bullet Time","Slice","Dramatic Entrance","Flying Knee"],"relics":["Ring of the Snake","Old Coin","Mirror","Membership Card","Boot","Ring of Chaos","Tingsha","Nloth\u0027s Gift","halation:Sosunser"],"acts_visited":["Exordium","TheCity"],"potions_floor_usage":[6,6,12,21,33,33],"damage_taken":[{"damage":0,"enemies":"Cultist","floor":1,"turns":4},{"damage":7,"enemies":"Small Slimes","floor":3,"turns":5},{"damage":1,"enemies":"Jaw Worm","floor":5,"turns":4},{"damage":4,"enemies":"Replay:BlueRogue","floor":6,"turns":7},{"damage":0,"enemies":"Looter","floor":7,"turns":3},{"damage":1,"enemies":"2 Fungi Beasts","floor":11,"turns":3},{"damage":0,"enemies":"Exordium Thugs","floor":12,"turns":3},{"damage":0,"enemies":"Gremlin Gang","floor":14,"turns":3},{"damage":37,"enemies":"Slime Boss","floor":16,"turns":11},{"damage":15,"enemies":"2 Thieves","floor":18,"turns":4},{"damage":8,"enemies":"Snake Plant","floor":21,"turns":4},{"damage":16,"enemies":"Centurion and Healer","floor":22,"turns":5},{"damage":15,"enemies":"Sentry and Sphere","floor":24,"turns":4},{"damage":15,"enemies":"Snecko","floor":27,"turns":4},{"damage":14,"enemies":"Centurion and Healer","floor":30,"turns":3},{"damage":34,"enemies":"Pondfish","floor":33,"turns":5}],"seed_played":"-7171486736029985342","potions_obtained":[{"floor":1,"key":"Poison Potion"},{"floor":3,"key":"SpeedPotion"},{"floor":5,"key":"Weak Potion"},{"floor":7,"key":"AttackPotion"},{"floor":18,"key":"Strength Potion"},{"floor":22,"key":"Weak Potion"}],"is_trial":false,"path_per_floor":["M","$","M","$","M","E","M","R","T","?","M","M","$","M","R","B",null,"M","$","?","M","M","R","M","R","T","M","R","$","M","?","R_BF","B"],"character_chosen":"THE_SILENT","items_purchased":["Skewer","Membership Card","Violence","Boot","Tingsha","Underhanded Strike","halation:Sosunser","Dramatic Entrance"],"campfire_rested":2,"item_purchase_floors":[4,13,13,13,19,19,29,29],"current_hp_per_floor":[70,70,63,63,62,58,58,58,58,58,57,57,57,57,57,20,70,55,55,55,47,31,31,16,37,37,22,43,43,29,29,29,0,0],"gold":36,"neow_bonus":"ONE_RARE_RELIC","is_daily":false,"chose_seed":false,"campfire_upgraded":3,"win_rate":0.0,"timestamp":1613003297,"path_taken":["M","?","M","$","M","E","M","R","T","?","M","M","$","M","R","BOSS","M","$","?","M","?","R","M","R","T","M","R","$","M","?","R_BF","BOSS"],"items_purchased_type":["Card","Relic","Card","Relic","Relic","Card","Relic","Card"],"build_version":"2020-12-22","purchased_purges":1,"victory":false,"max_hp_per_floor":[70,70,70,70,70,70,70,70,70,70,70,70,70,70,70,70,70,70,70,70,70,70,70,70,70,70,70,70,70,70,70,70,70,70],"card_choices":[{"not_picked":["Fluid Movement","Dagger Spray"],"picked":"Terror","floor":1},{"not_picked":["Sucker Punch","Poisoned Stab"],"picked":"Dash","floor":3},{"not_picked":["Footwork","Dagger Throw"],"picked":"Finisher","floor":5},{"not_picked":["Atom Bomb","Fluid Movement"],"picked":"Heel Hook","floor":6},{"not_picked":["Dodge and Roll","Backflip"],"picked":"Endless Agony","floor":7},{"not_picked":["Backflip","Leg Sweep"],"picked":"Quick Slash","floor":11},{"not_picked":["ReplayTheSpireMod:Exploit Weakness","Outmaneuver"],"picked":"Calculated Gamble","floor":12},{"not_picked":["Backflip","Predator","Blur"],"picked":"SKIP","floor":14},{"not_picked":["Doppelganger","Malaise"],"picked":"Phantasmal Killer","floor":16},{"not_picked":["Footwork+1","Predator"],"picked":"Sucker Punch","floor":18},{"not_picked":["Draining Mist","Flechettes","Heel Hook"],"picked":"SKIP","floor":21},{"not_picked":["Underhanded Strike","Deflect"],"picked":"Endless Agony","floor":22},{"not_picked":["Dagger Spray+1","Underhanded Strike"],"picked":"Bullet Time","floor":24},{"not_picked":["Acrobatics","Bane"],"picked":"Slice","floor":27},{"not_picked":["Replay:Bag of Tricks","Backflip+1"],"picked":"Flying Knee","floor":30}],"player_experience":135289,"relics_obtained":[{"floor":6,"key":"aspiration:HiddenCompartment"},{"floor":9,"key":"Mirror"}],"event_choices":[{"damage_healed":0,"gold_gain":76,"player_choice":"Gained Gold","damage_taken":0,"max_hp_gain":0,"max_hp_loss":0,"event_name":"Golden Wing","floor":10,"gold_loss":0},{"damage_healed":0,"gold_gain":0,"player_choice":"Traded Relic","damage_taken":0,"relics_obtained":["Nloth\u0027s Gift"],"max_hp_gain":0,"max_hp_loss":0,"event_name":"N\u0027loth","floor":20,"relics_lost":["aspiration:HiddenCompartment"],"gold_loss":0},{"damage_healed":0,"gold_gain":0,"player_choice":"Ignored","damage_taken":0,"max_hp_gain":0,"max_hp_loss":0,"event_name":"The Mausoleum","floor":31,"gold_loss":0}],"is_beta":false,"boss_relics":[{"not_picked":["ChewingGum","Replay:Bronze Core"],"picked":"Ring of Chaos"}],"items_purged_floors":[2],"is_endless":false,"potions_floor_spawned":[1,3,5,7,18,22],"killed_by":"Pondfish","ascension_level":0}}