{"host":"vex7walpoxzv48nx","time":1613085447,"event":{"mods":["AchievementEnabler","BaseMod","Highlight Path","Minty Spire (QoL Compilation)","Permanent Neow","Quick Restart","StSLib","UnlockEverythingMod"],"gold_per_floor":[211,211,231,14,33,33,61,72,72,86,86,97,114,132,132,205,205,215,250,268,268,268],"floor_reached":21,"language":"ENG","playtime":1799,"items_purged":[],"score":370,"play_id":"335efa28-9c0a-42c1-9f9a-7e377eede7bc","local_time":"20210212001727","is_ascension_mode":true,"campfire_choices":[{"data":"Rage","floor":6,"key":"SMITH"},{"data":"Battle Trance","floor":11,"key":"SMITH"},{"data":"Clothesline","floor":15,"key":"SMITH"}],"circlet_count":0,"master_deck":["AscendersBane","Strike_R","Strike_R","Strike_R","Strike_R","Strike_R","Defend_R","Defend_R","Defend_R","Defend_R","Bash","Blood for Blood+1","Rage+1","Clothesline+1","Ghostly Armor","Battle Trance+1","Offering","Brutality","Rampage","Inflame","Dual Wield"],"relics":["Burning Blood","Bag of Preparation","Sundial","Mark of Pain","Red Mask"],"acts_visited":["Exordium","TheCity"],"potions_floor_usage":[7,16,19],"damage_taken":[{"damage":6,"enemies":"Small Slimes","floor":1,"turns":4},{"damage":7,"enemies":"Cultist","floor":3,"turns":4},{"damage":7,"enemies":"Jaw Worm","floor":5,"turns":2},{"damage":8,"enemies":"Gremlin Nob","floor":7,"turns":3},{"damage":2,"enemies":"2 Fungi Beasts","floor":8,"turns":5},{"damage":10,"enemies":"Exordium Wildlife","floor":10,"turns":4},{"damage":4,"enemies":"Blue Slaver","floor":12,"turns":3},{"damage":1,"enemies":"2 Fungi Beasts","floor":13,"turns":3},{"damage":6,"enemies":"Exordium Thugs","floor":14,"turns":3},{"damage":20,"enemies":"Hexaghost","floor":16,"turns":9},{"damage":19,"enemies":"Spheric Guardian","floor":18,"turns":4},{"damage":33,"enemies":"Masked Bandits","floor":19,"turns":5},{"damage":19,"enemies":"2 Thieves","floor":20,"turns":5},{"damage":6,"enemies":"Snake Plant","floor":21,"turns":1}],"seed_played":"6745178133416675178","potions_obtained":[{"floor":5,"key":"BloodPotion"},{"floor":8,"key":"LiquidBronze"},{"floor":12,"key":"Strength Potion"},{"floor":16,"key":"DuplicationPotion"},{"floor":19,"key":"Regen Potion"}],"is_trial":false,"path_per_floor":["M","?","M","$","M","R","E","M","T","M","R","M","M","M","R","B",null,"M","?","M","M"],"character_chosen":"IRONCLAD","items_purchased":["Bag of Preparation","AttackPotion"],"campfire_rested":0,"item_purchase_floors":[4,4],"current_hp_per_floor":[68,68,67,67,66,66,64,68,68,64,64,66,71,71,71,57,71,58,31,18,12,12],"gold":268,"neow_bonus":"HUNDRED_GOLD","is_daily":false,"chose_seed":false,"campfire_upgraded":3,"win_rate":0.0,"timestamp":1613085447,"path_taken":["M","?","M","$","M","R","E","M","T","M","R","M","?","M","R","BOSS","M","?","M","M"],"items_purchased_type":["Relic","Potion"],"build_version":"2020-12-22","purchased_purges":0,"victory":false,"max_hp_per_floor":[75,75,75,75,75,75,75,75,75,75,75,75,75,75,75,75,75,75,75,75,75,75],"card_choices":[{"not_picked":["Sword Boomerang","Havoc"],"picked":"Blood for Blood","floor":1},{"not_picked":["Sentinel","Body Slam"],"picked":"Rage","floor":3},{"not_picked":["Metallicize","Pommel Strike"],"picked":"Clothesline","floor":5},{"not_picked":["Carnage","Pommel Strike"],"picked":"Ghostly Armor","floor":7},{"not_picked":["Havoc","Iron Wave"],"picked":"Battle Trance","floor":8},{"not_picked":["Searing Blow","True Grit","Clothesline"],"picked":"SKIP","floor":10},{"not_picked":["Iron Wave","Clothesline","Armaments"],"picked":"SKIP","floor":12},{"not_picked":["Metallicize","Bloodletting"],"picked":"Offering","floor":13},{"not_picked":["Reckless Charge","Headbutt","Searing Blow"],"picked":"SKIP","floor":14},{"not_picked":["Limit Break","Berserk"],"picked":"Brutality","floor":16},{"not_picked":["Clash","Shrug It Off"],"picked":"Rampage","floor":18},{"not_picked":["Sever Soul","Armaments"],"picked":"Inflame","floor":19},{"not_picked":["True Grit","Bloodletting"],"picked":"Dual Wield","floor":20}],"player_experience":307271,"relics_obtained":[{"floor":7,"key":"Sundial"},{"floor":19,"key":"Red Mask"}],"event_choices":[{"damage_healed":0,"gold_gain":0,"player_choice":"Upgraded","damage_taken":0,"max_hp_gain":0,"max_hp_loss":0,"event_name":"Upgrade Shrine","floor":2,"gold_loss":0,"cards_upgraded":["Blood for Blood"]},{"damage_healed":0,"gold_gain":0,"player_choice":"Fought Bandits","damage_taken":0,"max_hp_gain":0,"max_hp_loss":0,"event_name":"Masked Bandits","floor":19,"gold_loss":0}],"is_beta":false,"boss_relics":[{"not_picked":["Runic Dome","Ectoplasm"],"picked":"Mark of Pain"}],"items_purged_floors":[],"is_endless":false,"potions_floor_spawned":[5,8,12,14,16,19,20],"killed_by":"Snake Plant","ascension_level":20}}