{"host":"och2iitg9ibgz06n","time":1613003944,"event":{"mods":["Abigail Mod","AchievementEnabler","Aspiration","BaseMod","Colored Powertips","Dio Mod","Hubris","Hyrulean Relics","Infinite Spire","Minty Spire (QoL Compilation)","Replay The Spire","Small Relic Pack","StSLib","The Animator","The Bug Knight","The Hierophant","The Jungle","The Saiyan","TheHero","Wandering Minibosses","everything is the same but u backflip on backflip","slay the spire mod where everything is the same but ironclad has a cowboy hat"],"gold_per_floor":[110,110,110,124,142,142,168,186,241,241,241,271,282,282,282,387,387,405,419,419,429,429,458,458,470,552,110,120,148,166,166,166,267,267,278,278,327,338,358,358,389,389,416,416,416,462,476,4,4,4,4,4,4,34,34],"floor_reached":56,"language":"ENG","playtime":3162,"items_purged":[],"score":1878,"play_id":"5049126d-d26a-4228-89de-f22b8e64b671","local_time":"20210210183904","is_ascension_mode":true,"campfire_choices":[{"data":"dioMod:ComposedMuda","floor":6,"key":"SMITH"},{"floor":11,"key":"REST"},{"floor":15,"key":"REST"},{"data":"dioMod:VengefulMuda","floor":32,"key":"SMITH"},{"floor":40,"key":"RECALL"},{"data":"dioMod:CutDeep","floor":42,"key":"SMITH"},{"data":"dioMod:TripleThreat","floor":44,"key":"SMITH"},{"floor":49,"key":"REST"},{"data":"dioMod:BloodTransfusion","floor":52,"key":"SMITH"}],"circlet_count":0,"master_deck":["dioMod:Strike","dioMod:Strike","dioMod:Strike","dioMod:Strike","Bite","dioMod:Defend","dioMod:Defend","dioMod:Defend","dioMod:Defend","dioMod:VengefulMuda+1","dioMod:BloodSplash","dioMod:ComposedMuda+1","dioMod:TripleThreat+1","dioMod:HeavyLifting+1","dioMod:DoubleTime+1","dioMod:SadisticLaugh+1","dioMod:Hiss+1","Injury","dioMod:ZaWarudo+1","dioMod:CutDeep+1","dioMod:BloodSuck+1","dioMod:Hiss+1","Decay","dioMod:BloodSuck+1","dioMod:Despair+1","dioMod:BloodTransfusion+1","dioMod:SecretPlan+1","dioMod:Refresh+1","dioMod:UltimateSacrifice+1","dioMod:GoldVial+1","Secret Weapon+1","dioMod:VengefulMuda+1","dioMod:SadisticLaugh+1","dioMod:Muda+1","dioMod:DominatingPresence+1","Parasite","dioMod:Muda+1","dioMod:GoldVial+1","dioMod:DominatingPresence+1","dioMod:Hiss+1"],"relics":["dioMod:VampireBlood","Toxic Egg 2","relicPack:AllForOne","aspiration:ChemicalBlood","Molten Egg 2","aspiration:SecretTechniqueScroll","aspiration:FetidBarrel","Pear","hubris:CuriousFeather","Simple Rune","aspiration:RitualStick","Cursed Key","aspiration:HiddenCompartment","Replay:Wax Seal","Durian","relicPack:DarknessArmor","relicPack:InfinityGauntlet","aspiration:Lifesprig"],"acts_visited":["Exordium","TheCity","TheBeyond","TheEnding"],"potions_floor_usage":[7,16,16,19,23,30,55],"damage_taken":[{"damage":10,"enemies":"Cultist","floor":1,"turns":5},{"damage":10,"enemies":"Jaw Worm","floor":4,"turns":3},{"damage":6,"enemies":"Small Slimes","floor":5,"turns":3},{"damage":32,"enemies":"Lagavulin","floor":7,"turns":6},{"damage":13,"enemies":"2 Fungi Beasts","floor":8,"turns":4},{"damage":37,"enemies":"Gremlin Nob","floor":12,"turns":5},{"damage":4,"enemies":"Large Slime","floor":13,"turns":7},{"damage":88,"enemies":"Fading Forest","floor":16,"turns":11},{"damage":39,"enemies":"Spheric Guardian","floor":18,"turns":5},{"damage":14,"enemies":"3 Byrds","floor":19,"turns":6},{"damage":4,"enemies":"Snake Plant","floor":21,"turns":4},{"damage":58,"enemies":"HollowMod:Nosk","floor":23,"turns":10},{"damage":22,"enemies":"3 Cultists","floor":25,"turns":6},{"damage":17,"enemies":"Sentry and Sphere","floor":28,"turns":5},{"damage":20,"enemies":"Gremlin Leader","floor":29,"turns":7},{"damage":36,"enemies":"Centurion and Healer","floor":30,"turns":6},{"damage":60,"enemies":"Pondfish","floor":33,"turns":8},{"damage":37,"enemies":"3 Darklings","floor":35,"turns":5},{"damage":41,"enemies":"3 Shapes","floor":38,"turns":4},{"damage":13,"enemies":"Transient","floor":39,"turns":6},{"damage":35,"enemies":"Nemesis","floor":41,"turns":6},{"damage":55,"enemies":"2 Orb Walkers","floor":46,"turns":5},{"damage":61,"enemies":"Jaw Worm Horde","floor":47,"turns":4},{"damage":48,"enemies":"hubris:GrandSnecko","floor":50,"turns":5},{"damage":21,"enemies":"Shield and Spear","floor":54,"turns":3},{"damage":118,"enemies":"The Heart","floor":55,"turns":7}],"seed_played":"-4592719607250330467","potions_obtained":[{"floor":4,"key":"ColorlessPotion"},{"floor":8,"key":"Languid Potion"},{"floor":12,"key":"dioMod:HumanBlood"},{"floor":13,"key":"LiquidBronze"},{"floor":16,"key":"Weak Potion"},{"floor":16,"key":"Weak Potion"},{"floor":18,"key":"Block Potion"},{"floor":21,"key":"SkillPotion"},{"floor":28,"key":"Fire Potion"},{"floor":30,"key":"dioMod:HumanBlood"},{"floor":33,"key":"CultistPotion"},{"floor":37,"key":"Doom Potion"},{"floor":39,"key":"Cursed Concoction"},{"floor":50,"key":"FairyPotion"},{"floor":50,"key":"Elixir"}],"is_trial":false,"path_per_floor":["M","?","?","M","M","R","E","M","T","?","R","E","M","?","R","B",null,"M","M","AVR","M","?","E","?","M","T","$","M","E","M","?","R","B",null,"M","?","?","M","M","R","E","R","T","R","?","?","M","$","R","B",null,"R","$","E","B",null],"character_chosen":"THE_DEFAULT","items_purchased":["dioMod:Despair+1","hubris:CuriousFeather","dioMod:BloodTransfusion","dioMod:DominatingPresence+1","relicPack:DarknessArmor","relicPack:InfinityGauntlet"],"campfire_rested":3,"item_purchase_floors":[27,27,27,48,48,48],"current_hp_per_floor":[72,72,64,61,65,65,42,37,37,37,61,31,37,37,61,10,64,32,42,42,55,55,42,42,55,65,65,92,92,92,74,74,74,88,92,92,69,78,92,92,92,92,92,92,92,97,57,57,86,97,97,97,97,90,65],"gold":34,"neow_bonus":"TEN_PERCENT_HP_BONUS","is_daily":false,"chose_seed":false,"campfire_upgraded":5,"win_rate":0.0,"timestamp":1613003944,"path_taken":["M","?","?","M","M","R","E","?","T","?","R","E","M","?","R","BOSS","M","M","AVR","M","?","E","?","M","T","$","M","E","M","?","R","BOSS","M","?","?","M","M","R","E","R","T","R","?","?","M","?","R","BOSS","R","$","E","BOSS"],"items_purchased_type":["Card","Relic","Card","Card","Relic","Relic"],"build_version":"2020-12-22","purchased_purges":0,"victory":true,"max_hp_per_floor":[82,82,82,82,82,82,82,82,82,82,82,82,82,82,82,82,82,82,82,82,82,82,82,82,82,92,92,92,92,92,92,92,92,92,92,92,92,92,92,92,92,92,92,92,92,97,97,97,97,97,97,97,97,97,97],"card_choices":[{"not_picked":["dioMod:DaggerToss","dioMod:SecretPlan"],"picked":"dioMod:VengefulMuda","floor":1},{"not_picked":["dioMod:Muda","dioMod:Minions"],"picked":"dioMod:ComposedMuda","floor":4},{"not_picked":["dioMod:WRYYY","dioMod:DaggerToss"],"picked":"dioMod:TripleThreat","floor":5},{"not_picked":["dioMod:FlyAway+1","dioMod:PhantomBlood"],"picked":"dioMod:HeavyLifting+1","floor":7},{"not_picked":["dioMod:Freeze+1","dioMod:SadisticLaugh+1"],"picked":"dioMod:DoubleTime+1","floor":8},{"not_picked":["dioMod:BloodSplash+1","dioMod:TripleThreat"],"picked":"dioMod:SadisticLaugh+1","floor":12},{"not_picked":["dioMod:Diversion","dioMod:BloodSplash+1"],"picked":"dioMod:Hiss+1","floor":13},{"not_picked":["dioMod:PathToHeaven+1","dioMod:TheWalk+1"],"picked":"dioMod:ZaWarudo+1","floor":16},{"not_picked":["dioMod:FlyAway+1","dioMod:BloodShield+1"],"picked":"dioMod:CutDeep","floor":18},{"not_picked":["dioMod:StreetSign+1","dioMod:SecretPlan+1"],"picked":"dioMod:BloodSuck+1","floor":19},{"not_picked":["dioMod:LaserVision+1","dioMod:DaggerSpree+1"],"picked":"dioMod:Hiss+1","floor":21},{"not_picked":["dioMod:CutDeep","dioMod:CoffinBath+1"],"picked":"dioMod:BloodSuck+1","floor":23},{"not_picked":["dioMod:ComposedMuda+1","dioMod:Minions","dioMod:Roundabout+1"],"picked":"SKIP","floor":25},{"not_picked":["dioMod:BloodSuck+1","dioMod:BlendIn+1"],"picked":"dioMod:SecretPlan+1","floor":28},{"not_picked":["dioMod:BloodSplash+1","dioMod:Roundabout+1"],"picked":"dioMod:Refresh+1","floor":29},{"not_picked":["dioMod:DaggerSpree+1","dioMod:FlyAway+1"],"picked":"dioMod:UltimateSacrifice+1","floor":30},{"not_picked":["dioMod:PhantomBlood","dioMod:KonoDioDa+1"],"picked":"dioMod:GoldVial+1","floor":33},{"not_picked":["dioMod:Refresh+1","dioMod:ComboFever+1","dioMod:SecretPlan+1"],"picked":"SKIP","floor":35},{"not_picked":["Survey Options+1","Replay:Sssssssssstrike+1"],"picked":"Secret Weapon+1","floor":36},{"not_picked":["dioMod:SecretPlan+1","dioMod:Hiss+1"],"picked":"dioMod:VengefulMuda+1","floor":37},{"not_picked":["dioMod:GoodbyeJojo+1","dioMod:Minions"],"picked":"dioMod:SadisticLaugh+1","floor":38},{"not_picked":["dioMod:Minions","dioMod:SadisticLaugh+1"],"picked":"dioMod:Muda+1","floor":39},{"not_picked":["dioMod:Despair+1","dioMod:Pluck+1"],"picked":"dioMod:DominatingPresence+1","floor":41},{"not_picked":["dioMod:Pluck","dioMod:ComposedMuda+1"],"picked":"dioMod:Muda+1","floor":46},{"not_picked":["dioMod:DaggerSpree+1","dioMod:Pluck+1"],"picked":"dioMod:GoldVial+1","floor":47},{"not_picked":["dioMod:BlendIn+1","dioMod:DarkRebirth"],"picked":"dioMod:Hiss+1","floor":54}],"player_experience":499529,"relics_obtained":[{"floor":7,"key":"Toxic Egg 2"},{"floor":12,"key":"aspiration:ChemicalBlood"},{"floor":23,"key":"aspiration:FetidBarrel"},{"floor":26,"key":"Pear"},{"floor":29,"key":"Simple Rune"},{"floor":41,"key":"aspiration:HiddenCompartment"},{"floor":43,"key":"Replay:Wax Seal"},{"floor":46,"key":"Durian"},{"floor":54,"key":"aspiration:Lifesprig"}],"event_choices":[{"damage_healed":0,"gold_gain":0,"player_choice":"Damaged","damage_taken":8,"max_hp_gain":0,"max_hp_loss":0,"event_name":"Wheel of Change","floor":3,"gold_loss":0},{"damage_healed":0,"gold_gain":0,"player_choice":"Smashed Altar","damage_taken":0,"max_hp_gain":0,"max_hp_loss":0,"event_name":"Forgotten Altar","floor":22,"gold_loss":0,"cards_obtained":["Decay"]},{"damage_healed":0,"gold_gain":0,"player_choice":"Ignored","damage_taken":0,"max_hp_gain":0,"max_hp_loss":0,"event_name":"Ghosts","floor":24,"gold_loss":0},{"damage_healed":0,"gold_gain":0,"player_choice":"Memory 1","damage_taken":0,"max_hp_gain":0,"max_hp_loss":0,"event_name":"SensoryStone","floor":36,"gold_loss":0},{"damage_healed":0,"gold_gain":0,"player_choice":"Fight","damage_taken":0,"max_hp_gain":0,"max_hp_loss":0,"event_name":"Mysterious Sphere","floor":46,"gold_loss":0}],"is_beta":false,"boss_relics":[{"not_picked":["Replay:Fungal Core","hubris:CrackedHourglass"],"picked":"aspiration:SecretTechniqueScroll"},{"not_picked":["Coffee Dripper","infinitespire:Cupcake"],"picked":"Cursed Key"}],"items_purged_floors":[],"is_endless":false,"potions_floor_spawned":[4,8,12,13,21,29,30,33,41],"ascension_level":7}}