{"host":"i1jfmzuw7df2nlxn","time":1613081200,"event":{"mods":["BaseMod","Card Forge","Colored Powertips","DeckTracker","Minty Spire (QoL Compilation)","Permanent Neow","Remove Card Discount Mod","StSLib"],"gold_per_floor":[115,115,133,146,93,120,133,133,133,133,129,172,347,371,371,492,492,517,517,532,552,570,613,629,629,629,643,659,693,693,731,731,850,850,866,885,590,608,627,627,668,681,681,635,635,698,718,737,737,737],"floor_reached":51,"language":"ENG","playtime":3527,"items_purged":["Strike_P","Defend_P+1","Strike_P+1","Defend_P+1"],"score":878,"play_id":"2375e3bd-c86a-4f4f-8148-ae7faec856f1","local_time":"20210211170640","is_ascension_mode":false,"campfire_choices":[{"data":"Enlightenment","floor":8,"key":"SMITH"},{"floor":15,"key":"REST"},{"floor":25,"key":"REST"},{"floor":32,"key":"REST"},{"floor":40,"key":"REST"},{"floor":45,"key":"REST"},{"data":"JustLucky","floor":49,"key":"SMITH"}],"circlet_count":0,"master_deck":["Strike_P+1","Strike_P+1","Defend_P+1","Eruption+1","Vigilance+1","Enlightenment+1","CutThroughFate+1","Adaptation+1","ClearTheMind+1","FlurryOfBlows+1","Consecrate+1","Worship+1","Devotion+1","Pray+1","Prostrate+1","CutThroughFate+1","Brilliance+1","CurseOfTheBell","Tantrum+1","RitualDagger+1","WindmillStrike+1","BattleHymn+1","Consecrate+1","Establishment+1","Parasite","JustLucky+1","Conclude+1"],"relics":["HolyWater","Hammer of Thor","Seething Fire","Anvil of the Gods","GoldenEye","Unceasing Top","Golden Idol","Matryoshka","Calling Bell","PreservedInsect","Pantograph","Dead Branch","Bottled Lightning","Frozen Egg 2","Ancient Tea Set","Mummified Hand","Pen Nib","FossilizedHelix","Bag of Marbles","ClockworkSouvenir","White Beast Statue","Happy Flower","Bottled Flame","Gambling Chip"],"acts_visited":["Exordium","TheCity","TheBeyond"],"potions_floor_usage":[50],"damage_taken":[{"damage":0,"enemies":"2 Louse","floor":1,"turns":4},{"damage":0,"enemies":"Cultist","floor":3,"turns":2},{"damage":0,"enemies":"Small Slimes","floor":4,"turns":2},{"damage":8,"enemies":"Lagavulin","floor":6,"turns":7},{"damage":0,"enemies":"2 Fungi Beasts","floor":7,"turns":3},{"damage":10,"enemies":"3 Sentries","floor":12,"turns":4},{"damage":0,"enemies":"Large Slime","floor":14,"turns":3},{"damage":44,"enemies":"Hexaghost","floor":16,"turns":5},{"damage":2,"enemies":"Shell Parasite","floor":18,"turns":3},{"damage":2,"enemies":"Chosen","floor":20,"turns":3},{"damage":24,"enemies":"3 Cultists","floor":21,"turns":4},{"damage":0,"enemies":"Shelled Parasite and Fungi","floor":22,"turns":2},{"damage":0,"enemies":"Gremlin Leader","floor":23,"turns":3},{"damage":0,"enemies":"Cultist and Chosen","floor":24,"turns":3},{"damage":0,"enemies":"Centurion and Healer","floor":27,"turns":2},{"damage":21,"enemies":"Snake Plant","floor":28,"turns":2},{"damage":23,"enemies":"Slavers","floor":29,"turns":3},{"damage":0,"enemies":"Gremlin Leader","floor":31,"turns":2},{"damage":0,"enemies":"Collector","floor":33,"turns":4},{"damage":15,"enemies":"3 Darklings","floor":35,"turns":3},{"damage":11,"enemies":"3 Shapes","floor":36,"turns":3},{"damage":0,"enemies":"Jaw Worm Horde","floor":38,"turns":2},{"damage":0,"enemies":"Maw","floor":39,"turns":3},{"damage":9,"enemies":"Reptomancer","floor":41,"turns":2},{"damage":0,"enemies":"Writhing Mass","floor":42,"turns":2},{"damage":0,"enemies":"Mind Bloom Boss Battle","floor":46,"turns":2},{"damage":0,"enemies":"3 Darklings","floor":47,"turns":1},{"damage":0,"enemies":"Maw","floor":48,"turns":3},{"damage":37,"enemies":"Time Eater","floor":50,"turns":3}],"seed_played":"7653856975469402877","potions_obtained":[{"floor":1,"key":"SmokeBomb"},{"floor":4,"key":"SmokeBomb"},{"floor":12,"key":"SteroidPotion"},{"floor":14,"key":"Dexterity Potion"},{"floor":29,"key":"Regen Potion"},{"floor":46,"key":"DuplicationPotion"},{"floor":48,"key":"Ambrosia"}],"is_trial":false,"path_per_floor":["M","?","M","M","$","E","M","R","T","?","$","E","?","M","R","B",null,"M","?","M","M","M","E","M","R","T","M","M","E","?","E","R","B",null,"M","M","$","M","M","R","E","M","T","$","R","?","M","M","R","B",null],"character_chosen":"WATCHER","items_purchased":["ClearTheMind","Bag of Marbles","ClockworkSouvenir","JustLucky"],"campfire_rested":5,"item_purchase_floors":[5,37,37,44],"current_hp_per_floor":[72,72,72,72,72,64,64,64,64,64,64,54,54,54,72,28,72,70,64,62,38,38,38,38,59,59,59,38,15,15,15,36,61,72,57,46,46,46,46,67,58,58,58,58,72,72,72,72,72,35],"gold":737,"neow_bonus":"RANDOM_COLORLESS","is_daily":false,"chose_seed":false,"campfire_upgraded":2,"win_rate":0.0,"timestamp":1613081200,"path_taken":["M","?","?","M","$","E","M","R","T","?","$","E","?","M","R","BOSS","M","?","M","M","M","E","M","R","T","M","M","E","?","E","R","BOSS","M","M","$","M","M","R","E","M","T","$","R","?","M","M","R","BOSS"],"items_purchased_type":["Card","Relic","Relic","Card"],"build_version":"2020-12-22","purchased_purges":4,"victory":true,"max_hp_per_floor":[72,72,72,72,72,72,72,72,72,72,72,72,72,72,72,72,72,72,72,72,72,72,72,72,72,72,72,72,72,72,72,72,72,72,72,72,72,72,72,72,72,72,72,72,72,72,72,72,72,72],"card_choices":[{"not_picked":["Madness","Panacea"],"picked":"Enlightenment","floor":0},{"not_picked":["EmptyBody","Evaluate","SashWhip"],"picked":"SKIP","floor":1},{"not_picked":["FlyingSleeves","Evaluate"],"picked":"CutThroughFate","floor":3},{"not_picked":["Collect","EmptyMind"],"picked":"Adaptation","floor":4},{"not_picked":["Blasphemy","SashWhip"],"picked":"FlurryOfBlows","floor":6},{"not_picked":["EmptyFist","TalkToTheHand"],"picked":"Consecrate","floor":7},{"not_picked":["EmptyBody","Conclude"],"picked":"Worship","floor":12},{"not_picked":["JustLucky","CrushJoints"],"picked":"CutThroughFate","floor":14},{"not_picked":["Devotion","Judgement"],"picked":"Brilliance","floor":16},{"not_picked":["Worship+1","CrushJoints"],"picked":"Tantrum","floor":18},{"not_picked":["FollowUp+1","CrushJoints","Worship"],"picked":"SKIP","floor":20},{"not_picked":["BowlingBash","ClearTheMind"],"picked":"WindmillStrike","floor":21},{"not_picked":["ThirdEye+1","Halt+1","BowlingBash"],"picked":"SKIP","floor":22},{"not_picked":["Nirvana","Collect","Fasting2+1"],"picked":"SKIP","floor":23},{"not_picked":["FollowUp","ReachHeaven+1","SashWhip"],"picked":"SKIP","floor":24},{"not_picked":["EmptyBody","DeceiveReality","InnerPeace"],"picked":"SKIP","floor":27},{"not_picked":["BowlingBash","TalkToTheHand"],"picked":"BattleHymn+1","floor":28},{"not_picked":["Devotion+1","CrushJoints","Pray"],"picked":"SKIP","floor":29},{"not_picked":["Swivel+1","Nirvana+1"],"picked":"Consecrate+1","floor":31},{"not_picked":["Omniscience","MasterReality+1"],"picked":"Establishment+1","floor":33},{"not_picked":["FollowUp","Nirvana+1","Protect+1"],"picked":"SKIP","floor":35},{"not_picked":["Weave","BattleHymn+1","FlyingSleeves"],"picked":"SKIP","floor":36},{"not_picked":["PathToVictory","Collect+1","WheelKick+1"],"picked":"SKIP","floor":38},{"not_picked":["Consecrate","Crescendo","EmptyBody"],"picked":"SKIP","floor":39},{"not_picked":["EmptyBody+1","LikeWater+1","FlurryOfBlows"],"picked":"SKIP","floor":41},{"not_picked":["Conclude+1","FlurryOfBlows+1","ReachHeaven"],"picked":"SKIP","floor":42},{"not_picked":["Nirvana+1","FearNoEvil"],"picked":"Conclude+1","floor":47},{"not_picked":["LikeWater+1","Prostrate+1","ThirdEye"],"picked":"SKIP","floor":48}],"player_experience":68386,"relics_obtained":[{"floor":6,"key":"GoldenEye"},{"floor":9,"key":"Unceasing Top"},{"floor":12,"key":"Matryoshka"},{"floor":17,"key":"PreservedInsect"},{"floor":17,"key":"Pantograph"},{"floor":17,"key":"Dead Branch"},{"floor":23,"key":"Bottled Lightning"},{"floor":26,"key":"Frozen Egg 2"},{"floor":26,"key":"Ancient Tea Set"},{"floor":29,"key":"Mummified Hand"},{"floor":31,"key":"FossilizedHelix"},{"floor":41,"key":"White Beast Statue"},{"floor":43,"key":"Happy Flower"},{"floor":43,"key":"Bottled Flame"},{"floor":46,"key":"Gambling Chip"}],"event_choices":[{"cards_removed":["Defend_P"],"damage_healed":0,"gold_gain":0,"player_choice":"Purged","damage_taken":0,"max_hp_gain":0,"max_hp_loss":0,"event_name":"Purifier","floor":2,"gold_loss":0},{"damage_healed":0,"gold_gain":0,"player_choice":"Take Wound","damage_taken":0,"relics_obtained":["Golden Idol"],"max_hp_gain":0,"max_hp_loss":0,"event_name":"Golden Idol","floor":10,"gold_loss":0,"cards_obtained":["Injury"]},{"damage_healed":0,"gold_gain":175,"player_choice":"AGREE","damage_taken":0,"max_hp_gain":0,"max_hp_loss":0,"event_name":"Liars Game","floor":13,"gold_loss":0,"cards_obtained":["Doubt"]},{"damage_healed":0,"gold_gain":0,"player_choice":"Joined the Cult","damage_taken":6,"max_hp_gain":0,"max_hp_loss":0,"event_name":"Nest","floor":19,"gold_loss":0,"cards_obtained":["RitualDagger"]},{"damage_healed":0,"gold_gain":0,"player_choice":"Stole Relic","damage_taken":0,"relics_obtained":["Pen Nib"],"max_hp_gain":0,"max_hp_loss":0,"event_name":"Addict","floor":30,"gold_loss":0,"cards_obtained":["Shame"]},{"damage_healed":0,"gold_gain":0,"player_choice":"Fight","damage_taken":0,"max_hp_gain":0,"max_hp_loss":0,"event_name":"MindBloom","floor":46,"gold_loss":0}],"is_beta":false,"boss_relics":[{"not_picked":["SlaversCollar","Philosopher\u0027s Stone"],"picked":"Calling Bell"},{"not_picked":["Sozu","VioletLotus"],"picked":"HolyWater"}],"items_purged_floors":[5,11,11,37],"is_endless":false,"potions_floor_spawned":[1,4,12,14,21,22,28,29,35,41,42,46,47,48],"ascension_level":0}}