{"host":"j37i0m9ltjmpbz2t","time":1613066760,"event":{"mods":["BaseMod","Minty Spire (QoL Compilation)","StSLib","WarShipGirlsR/’ΩΩ¢…Ÿ≈ÆR mod"],"gold_per_floor":[1016,1016,1016,1029,348,379,379,411,411,411,411,156,189,201,201,304,304,315,335,210,210,225,225,251,251,274,303,320,310,339,371,371,468,468,478,478,281,327,377,402,402,433,445,488,512,524,536,559,571,583,595,607,296,326,326],"floor_reached":56,"language":"ZHS","playtime":3748,"items_purged":["rmod:maingunfire","rmod:strick","rmod:strick","rmod:defend","rmod:defend"],"score":2425,"play_id":"2be829b6-a4e2-4b64-99e3-cb87a2e8c8b2","local_time":"20210212020600","is_ascension_mode":true,"campfire_choices":[{"data":"rmod:timeschanged","floor":10.0,"key":"SMITH"},{"data":"Body Slam","floor":15.0,"key":"SMITH"},{"data":"rmod:launchingtorpedo","floor":23.0,"key":"SMITH"},{"data":"Impatience","floor":25.0,"key":"SMITH"},{"data":"rmod:wife","floor":32.0,"key":"SMITH"},{"data":"rmod:ridicule","floor":41,"key":"SMITH"},{"data":"rmod:basicallowance","floor":47,"key":"SMITH"},{"floor":49,"key":"RECALL"},{"data":"Reboot","floor":52,"key":"SMITH"}],"circlet_count":0,"master_deck":["rmod:defend","rmod:basicallowance+1","rmod:wife+1","rmod:smokecover+1","rmod:launchingtorpedo+1","rmod:timeschanged+1","Body Slam+1","Reboot+1","Shrug It Off","Impatience+1","Flash of Steel+1","rmod:ridicule+1","rmod:ridicule+1","rmod:overbreakdown+1"],"relics":["rmod:firstchargereward","FossilizedHelix","Prayer Wheel","PrismaticShard","White Beast Statue","Mummified Hand","Medical Kit","Regal Pillow","Black Star","MutagenicStrength","Ancient Tea Set","Unceasing Top","MealTicket","Question Card","Smiling Mask","Omamori","WingedGreaves","Happy Flower","Juzu Bracelet","Busted Crown","Membership Card","Thread and Needle","Incense Burner","Bag of Marbles","Toy Ornithopter","MawBank","Bottled Flame","Darkstone Periapt","Pen Nib","StrikeDummy","Singing Bowl","Orrery","Gremlin Horn","rmod:extraamm","Bottled Lightning","Nunchaku"],"acts_visited":["TheCity","TheBeyond","TheEnding"],"potions_floor_usage":[],"damage_taken":[{"damage":5.0,"enemies":"Small Slimes","floor":1.0,"turns":4.0},{"damage":0.0,"enemies":"Cultist","floor":4.0,"turns":4.0},{"damage":0.0,"enemies":"3 Sentries","floor":6.0,"turns":16.0},{"damage":0.0,"enemies":"Lagavulin","floor":8.0,"turns":10.0},{"damage":3.0,"enemies":"3 Sentries","floor":13.0,"turns":16.0},{"damage":0.0,"enemies":"2 Louse","floor":14.0,"turns":3.0},{"damage":0.0,"enemies":"Hexaghost","floor":16.0,"turns":6.0},{"damage":0.0,"enemies":"Chosen","floor":18.0,"turns":2.0},{"damage":0.0,"enemies":"3 Byrds","floor":19.0,"turns":6.0},{"damage":0.0,"enemies":"Centurion and Healer","floor":22.0,"turns":4.0},{"damage":0.0,"enemies":"Gremlin Leader","floor":24.0,"turns":5.0},{"damage":0.0,"enemies":"Slavers","floor":27.0,"turns":5.0},{"damage":0.0,"enemies":"Shelled Parasite and Fungi","floor":28.0,"turns":3.0},{"damage":0.0,"enemies":"Gremlin Leader","floor":30.0,"turns":4.0},{"damage":0.0,"enemies":"Book of Stabbing","floor":31.0,"turns":3.0},{"damage":0.0,"enemies":"Automaton","floor":33.0,"turns":3.0},{"damage":0.0,"enemies":"3 Darklings","floor":35.0,"turns":2.0},{"damage":0,"enemies":"2 Orb Walkers","floor":38,"turns":1},{"damage":0,"enemies":"Mind Bloom Boss Battle","floor":39,"turns":1},{"damage":0,"enemies":"Nemesis","floor":40,"turns":1},{"damage":0,"enemies":"Giant Head","floor":42,"turns":1},{"damage":0,"enemies":"Reptomancer","floor":44,"turns":1},{"damage":0,"enemies":"3 Shapes","floor":45,"turns":1},{"damage":0,"enemies":"Transient","floor":48,"turns":3},{"damage":0,"enemies":"Awakened One","floor":50,"turns":4},{"damage":0,"enemies":"Shield and Spear","floor":54,"turns":1},{"damage":0,"enemies":"The Heart","floor":55,"turns":5}],"seed_played":"-7224013992351857664","potions_obtained":[{"floor":1.0,"key":"Swift Potion"},{"floor":4.0,"key":"SmokeBomb"},{"floor":6.0,"key":"Weak Potion"},{"floor":8.0,"key":"SneckoOil"},{"floor":14.0,"key":"EntropicBrew"},{"floor":27.0,"key":"Swift Potion"},{"floor":48,"key":"Ancient Potion"}],"is_trial":false,"path_per_floor":["M","?","?","M","$","E","?","E","T","R","?","$","E","M","R","B",null,"M","M","$","?","M","R","E","R","T","E","M","?","E","E","R","B",null,"M","?","$","?","?","E","R","E","T","E","M","?","R","M","R","B",null,"R","$","E","B",null],"character_chosen":"PRAEFECT","items_purchased":["Prayer Wheel","PrismaticShard","rmod:timeschanged","Medical Kit","Membership Card","Orrery","Gremlin Horn","rmod:extraamm"],"campfire_rested":0,"item_purchase_floors":[5,5,5,12,37,53,53,53],"current_hp_per_floor":[63,60,60,60,60,60,53,53,53,53,53,53,50,50,50,50,69,69,69,69,69,69,69,69,69,69,69,69,69,69,69,69,69,74,74,74,75,75,75,75,75,75,75,75,75,75,75,79,79,79,79,79,89,91,91],"gold":326,"neow_bonus":"TRANSFORM_CARD","is_daily":false,"chose_seed":false,"campfire_upgraded":8,"win_rate":0.0,"timestamp":1613066760,"path_taken":["M","?","?","M","?","E","?","E","T","R","?","$","E","M","R","BOSS","M","M","$","?","M","R","E","R","T","E","M","?","E","E","R","BOSS","M","?","$","?","?","E","R","E","T","E","M","?","R","M","R","BOSS","R","$","E","BOSS"],"items_purchased_type":["Relic","Relic","Card","Relic","Relic","Relic","Relic","Relic"],"build_version":"2020-12-22","purchased_purges":5,"victory":true,"max_hp_per_floor":[75,75,75,75,75,75,75,75,75,75,75,75,75,75,75,75,75,75,75,75,75,75,75,75,75,75,75,75,75,75,75,75,75,75,75,75,75,75,75,75,75,75,75,75,75,75,75,79,79,79,79,79,89,91,91],"card_choices":[{"not_picked":["rmod:punchline","rmod:fuelsupply"],"picked":"rmod:smokecover","floor":1.0},{"not_picked":["rmod:expedition","rmod:victimresponsibility"],"picked":"rmod:launchingtorpedo","floor":4.0},{"not_picked":["rmod:smokecover","Crippling Poison","Thunderclap"],"picked":"SKIP","floor":6.0},{"not_picked":["rmod:ammunitionsupply","Slice"],"picked":"Body Slam","floor":8.0},{"not_picked":["Perfected Strike","Exhume"],"picked":"Reboot","floor":13.0},{"not_picked":["Halt","Perfected Strike","Reinforced Body"],"picked":"SKIP","floor":14.0},{"not_picked":["Dropkick","Consecrate","Tactician"],"picked":"SKIP","floor":14.0},{"not_picked":["Halt","Perfected Strike","Reinforced Body"],"picked":"SKIP","floor":14.0},{"not_picked":["Dropkick","Consecrate","Tactician"],"picked":"SKIP","floor":14.0},{"not_picked":["Halt+1","rmod:ammunitionsupply"],"picked":"Shrug It Off","floor":18.0},{"not_picked":["EmptyMind","Dodge and Roll","Armaments"],"picked":"SKIP","floor":18.0},{"not_picked":["Master of Strategy","Sucker Punch+1"],"picked":"Impatience","floor":19.0},{"not_picked":["Static Discharge","Bouncing Flask","Prostrate"],"picked":"SKIP","floor":19.0},{"not_picked":["CutThroughFate","ThirdEye+1"],"picked":"Flash of Steel+1","floor":22.0},{"not_picked":["Meditate","Crescendo","True Grit"],"picked":"SKIP","floor":22.0},{"not_picked":["rmod:smokecover","Iron Wave+1","Acrobatics"],"picked":"SKIP","floor":24.0},{"not_picked":["rmod:smokecover","Iron Wave+1","Acrobatics"],"picked":"SKIP","floor":24.0},{"not_picked":["Flex","Cold Snap","Bloodletting"],"picked":"SKIP","floor":27.0},{"not_picked":["Flex","Cold Snap","Bloodletting"],"picked":"SKIP","floor":27.0},{"not_picked":["Warcry","rmod:unsinkable","Conclude","Deflect"],"picked":"SKIP","floor":28.0},{"not_picked":["Rampage","Consecrate","Perseverance","Havoc"],"picked":"SKIP","floor":28.0},{"not_picked":[],"picked":"rmod:ridicule","floor":29.0},{"not_picked":["rmod:gendarmerie","Worship","Dagger Spray","Compile Driver"],"picked":"SKIP","floor":30.0},{"not_picked":["Flechettes","Slice","Establishment","Clash"],"picked":"SKIP","floor":31.0},{"not_picked":["Barricade","Rainbow","Meteor Strike"],"picked":"rmod:ridicule","floor":33.0},{"not_picked":["Coolheaded","Pray"],"picked":"SKIP","floor":35.0},{"not_picked":["Coolheaded+1","rmod:generalist+1"],"picked":"SKIP","floor":35.0},{"not_picked":["Wild Strike+1"],"picked":"rmod:overbreakdown+1","floor":39},{"not_picked":["rmod:desperatesituation","rmod:fuelsupply"],"picked":"SKIP","floor":40},{"not_picked":["rmod:desperatesituation","rmod:fuelsupply"],"picked":"SKIP","floor":40},{"not_picked":["Reprogram","Reinforced Body"],"picked":"SKIP","floor":42},{"not_picked":["A Thousand Cuts","Poisoned Stab+1"],"picked":"SKIP","floor":44},{"not_picked":["Deflect","FTL+1"],"picked":"SKIP","floor":45},{"not_picked":["rmod:steelsupply","Loop"],"picked":"SKIP","floor":45},{"not_picked":["rmod:concentratefire+1","Caltrops"],"picked":"Singing Bowl","floor":48},{"not_picked":["Wild Strike+1","Dagger Throw"],"picked":"Singing Bowl","floor":48},{"not_picked":["Rampage","rmod:fuelsupply"],"picked":"Singing Bowl","floor":53},{"not_picked":["Barrage","Redo+1"],"picked":"Singing Bowl","floor":53},{"not_picked":["Anger+1","ClearTheMind"],"picked":"Singing Bowl","floor":53},{"not_picked":["WindmillStrike+1","Aggregate+1"],"picked":"Singing Bowl","floor":53},{"not_picked":["Storm","Swivel"],"picked":"Singing Bowl","floor":53},{"not_picked":["Flex+1","Coolheaded+1"],"picked":"Singing Bowl","floor":54}],"player_experience":218843,"relics_obtained":[{"floor":6.0,"key":"White Beast Statue"},{"floor":8.0,"key":"Mummified Hand"},{"floor":13.0,"key":"Regal Pillow"},{"floor":24.0,"key":"Ancient Tea Set"},{"floor":24.0,"key":"Unceasing Top"},{"floor":26.0,"key":"MealTicket"},{"floor":27.0,"key":"Question Card"},{"floor":27.0,"key":"Smiling Mask"},{"floor":30.0,"key":"Omamori"},{"floor":30.0,"key":"WingedGreaves"},{"floor":31.0,"key":"Happy Flower"},{"floor":31.0,"key":"Juzu Bracelet"},{"floor":38,"key":"Thread and Needle"},{"floor":39,"key":"Incense Burner"},{"floor":40,"key":"Bag of Marbles"},{"floor":40,"key":"Toy Ornithopter"},{"floor":42,"key":"MawBank"},{"floor":42,"key":"Bottled Flame"},{"floor":43,"key":"Darkstone Periapt"},{"floor":44,"key":"Pen Nib"},{"floor":44,"key":"StrikeDummy"},{"floor":54,"key":"Bottled Lightning"},{"floor":54,"key":"Nunchaku"}],"event_choices":[{"damage_healed":0.0,"max_hp_gain":0.0,"max_hp_loss":0.0,"gold_gain":0.0,"event_name":"Scrap Ooze","player_choice":"Success","floor":2.0,"gold_loss":0.0,"damage_taken":3.0,"relics_obtained":["FossilizedHelix"]},{"damage_healed":0.0,"max_hp_gain":0.0,"max_hp_loss":0.0,"gold_gain":0.0,"event_name":"Living Wall","player_choice":"Grow","floor":3.0,"gold_loss":0.0,"damage_taken":0.0,"cards_upgraded":["rmod:smokecover"]},{"cards_removed":["rmod:strick"],"damage_healed":0.0,"max_hp_gain":0.0,"max_hp_loss":0.0,"gold_gain":0.0,"event_name":"Golden Wing","player_choice":"Card Removal","floor":7.0,"gold_loss":0.0,"damage_taken":7.0},{"damage_healed":0.0,"max_hp_gain":0.0,"max_hp_loss":0.0,"gold_gain":0.0,"event_name":"Shining Light","player_choice":"Ignored","floor":11.0,"gold_loss":0.0,"damage_taken":0.0},{"damage_healed":0.0,"max_hp_gain":0.0,"max_hp_loss":0.0,"gold_gain":0.0,"event_name":"Drug Dealer","player_choice":"Inject Mutagens","floor":21.0,"gold_loss":0.0,"damage_taken":0.0,"relics_obtained":["MutagenicStrength"]},{"damage_healed":0.0,"max_hp_gain":0.0,"max_hp_loss":0.0,"gold_gain":0.0,"event_name":"Upgrade Shrine","player_choice":"Upgraded","floor":36.0,"gold_loss":0.0,"damage_taken":0.0,"cards_upgraded":["rmod:ridicule"]},{"damage_healed":0,"gold_gain":0,"player_choice":"Fight","damage_taken":0,"max_hp_gain":0,"max_hp_loss":0,"event_name":"Mysterious Sphere","floor":38,"gold_loss":0},{"damage_healed":0,"gold_gain":0,"player_choice":"Fight","damage_taken":0,"max_hp_gain":0,"max_hp_loss":0,"event_name":"MindBloom","floor":39,"gold_loss":0},{"damage_healed":0,"gold_gain":0,"player_choice":"Gave Potion","damage_taken":0,"relics_obtained":["Singing Bowl"],"max_hp_gain":0,"max_hp_loss":0,"event_name":"WeMeetAgain","floor":46,"gold_loss":0}],"is_beta":false,"boss_relics":[{"not_picked":["Snecko Eye","SacredBark"],"picked":"Black Star"},{"not_picked":["Tiny House","Velvet Choker"],"picked":"Busted Crown"}],"items_purged_floors":[5,12,20,37,53],"is_endless":false,"potions_floor_spawned":[1,4,6,8,13,14,16,18,19,22,24,27,28,30,31,33,35,38,39,40,42,44,45,48,54],"ascension_level":8}}