{"host":"og21o26alpnbwmz8","time":1613007112,"event":{"mods":["Act Like it!","Aspiration","BaseMod","Conspire","Downfall","Gensokyo","Halation","Hubris","Jedi Mod","Mimic Mod","Minty Spire (QoL Compilation)","Pale of the Ancients","Reliquary","Replay The Spire","Shop Mod","Spikes Relics","StSLib","The Alterego","The Blue Laboratory","The Poker Player","Waifu the Spire","Yuri Mod"],"gold_per_floor":[99,109,109,129,129,129,152,179,197,97,125,153,188,224,257,394,394,294,323,32,79,121,121,121,144,44,111,161,161,222,222,273,410,410,410,444,482,238,271,322,348,348,388,40,40,40,87,145,183,215,215,284,13,13,19,43],"floor_reached":57,"language":"ENG","playtime":2427,"items_purged":["bronze:Strike","Strike_G","All Out Attack+1"],"score":1338,"play_id":"54b4dae4-4d27-402c-b2bc-7d6b848d57cd","local_time":"20210210203152","is_ascension_mode":false,"campfire_choices":[{"floor":1,"key":"RECALL"},{"data":"bronze:Iterate","floor":10,"key":"SMITH"},{"data":"bronze:Optimize","floor":18,"key":"SMITH"},{"data":"bronze:InfiniteLoop","floor":26,"key":"SMITH"},{"data":"All Out Attack","floor":29,"key":"SMITH"},{"data":"bronze:HardenedForm","floor":35,"key":"SMITH"},{"data":"bronze:FineTuning","floor":42,"key":"SMITH"},{"data":"bronze:Defend","floor":46,"key":"SMITH"},{"floor":54,"key":"REST"}],"circlet_count":0,"master_deck":["bronze:Defend","bronze:Defend","bronze:Defend","bronze:Defend+1","bronze:Replicate","bronze:Goto","bronze:Iterate+1","Predator+1","bronze:Constructor","bronze:FineTuning+1","bronze:Optimize+1","bronze:InfiniteLoop+1","bronze:Branch+1","bronze:FineTuning","bronze:ForceShield+1","bronze:HardenedForm+1","bronze:Shell+1","bronze:Branch+1","bronze:Verify","bronze:DelayedSlice+1","bronze:Verify"],"relics":["bronze:BronzeCore","NeowsBlessing","hubris:Towel","Bag of Marbles","Vajra","downfall:HeartBlessingRed","Replay:Bandana","ReplayTheSpireMod:DimensionalGlitch","downfall:HeartBlessingGreen","Pantograph","Rawhide","downfall:HeartBlessingBlue","Strawberry","aspiration:StickyExplosives_weak","Philosopher\u0027s Stone","jedi:gremlinknob","reliquary:Knoch","Regal Pillow","Medical Kit","Centennial Puzzle","halation:AfternoonTea","Lizard Tail","DollysMirror"],"acts_visited":["Exordium","Gensokyo:Gensokyo","Gensokyo:Gensokyoer","TheEnding"],"potions_floor_usage":[11,16,16,33,33,36,37,40,40,49,49,56],"damage_taken":[{"damage":0,"enemies":"Gensokyo:Python","floor":2,"turns":1},{"damage":0,"enemies":"Gensokyo:3_Fairies","floor":4,"turns":1},{"damage":0,"enemies":"Gensokyo:Mamizou","floor":8,"turns":2},{"damage":0,"enemies":"Gensokyo:Gryphon","floor":9,"turns":1},{"damage":5,"enemies":"Gensokyo:Cirno","floor":11,"turns":5},{"damage":7,"enemies":"Gensokyo:Kitsune","floor":12,"turns":2},{"damage":9,"enemies":"Gensokyo:5_Fairies","floor":13,"turns":3},{"damage":0,"enemies":"Gensokyo:Python_and_Kodama","floor":14,"turns":2},{"damage":2,"enemies":"Gensokyo:Gryphon_and_Rabbit","floor":15,"turns":2},{"damage":41,"enemies":"DF_ARCHETYPE_STREAMLINE","floor":16,"turns":6},{"damage":16,"enemies":"Gensokyo:AngelMirror","floor":19,"turns":2},{"damage":0,"enemies":"downfall:FleeingMerchant","floor":20,"turns":4},{"damage":0,"enemies":"Gensokyo:3_Dogs","floor":21,"turns":2},{"damage":5,"enemies":"Gensokyo:Slime_Group","floor":22,"turns":2},{"damage":30,"enemies":"Gensokyo:Tenshi","floor":27,"turns":2},{"damage":0,"enemies":"Gensokyo:Wraith","floor":28,"turns":3},{"damage":29,"enemies":"Gensokyo:Reisen","floor":30,"turns":4},{"damage":0,"enemies":"Gensokyo:Chomper_and_Gloop","floor":32,"turns":3},{"damage":0,"enemies":"WA_ARCHETYPE_CALM","floor":33,"turns":4},{"damage":0,"enemies":"Gensokyo:3_Bats","floor":36,"turns":1},{"damage":0,"enemies":"Gensokyo:3_Boulders","floor":37,"turns":6},{"damage":0,"enemies":"downfall:FleeingMerchant","floor":38,"turns":4},{"damage":0,"enemies":"Gensokyo:SeedOfUnknown","floor":39,"turns":4},{"damage":16,"enemies":"Gensokyo:Rafflesia","floor":40,"turns":5},{"damage":0,"enemies":"Gensokyo:3_Boulders","floor":43,"turns":3},{"damage":1,"enemies":"Gensokyo:Sharpion","floor":47,"turns":3},{"damage":12,"enemies":"Gensokyo:Doremy","floor":48,"turns":5},{"damage":5,"enemies":"Gensokyo:4_Bats","floor":49,"turns":2},{"damage":24,"enemies":"IC_BLOCK_ARCHETYPE","floor":50,"turns":8},{"damage":82,"enemies":"downfall:CharBossMerchant","floor":52,"turns":9},{"damage":22,"enemies":"downfall:NeowBoss","floor":55,"turns":12},{"damage":70,"enemies":"downfall:NeowBossFinal","floor":56,"turns":14}],"seed_played":"-4405127674663954186","potions_obtained":[{"floor":4,"key":"Dexterity Potion"},{"floor":8,"key":"Adrenaline Potion"},{"floor":11,"key":"DistilledChaos"},{"floor":12,"key":"Fire Potion"},{"floor":19,"key":"Dexterity Potion"},{"floor":30,"key":"Swift Potion"},{"floor":33,"key":"Strength Potion"},{"floor":37,"key":"blueLaboratory:FrostheartPotion"},{"floor":39,"key":"Adrenaline Potion"},{"floor":40,"key":"Fire Potion"},{"floor":52,"key":"blueLaboratory:BottledHope"}],"is_trial":false,"path_per_floor":["R","M","?","M","?","?","T","E","M","R","E","M","M","M","M","B",null,"R","M","$","M","M","?","T","T","R","E","M","R","E","?","M","B",null,"R","M","M","$","M","M","T","R","M","$","?","R","M","E","M","B",null,"E","$","R","B","B",null],"character_chosen":"THE_AUTOMATON","items_purchased":["Pantograph","jedi:gremlinknob","reliquary:Knoch","blueLaboratory:FruitPunch","Medical Kit","blueLaboratory:FruitPunch","Centennial Puzzle","DollysMirror"],"campfire_rested":1,"item_purchase_floors":[20,38,38,38,44,44,44,53],"current_hp_per_floor":[70,70,70,70,70,70,70,70,70,70,65,58,49,49,47,6,70,70,54,54,54,49,49,49,49,59,36,36,36,7,16,16,29,87,87,87,87,87,87,72,72,72,72,72,72,72,71,59,55,44,91,9,9,51,51,23],"gold":43,"neow_bonus":"THREE_ENEMY_KILL","is_daily":false,"chose_seed":false,"campfire_upgraded":7,"win_rate":0.0,"timestamp":1613007112,"path_taken":["R","M","?","?","?","?","T","E","M","R","E","M","M","M","M","BOSS","R","M","$","?","M","?","T","?","R","E","?","R","E","?","M","BOSS","R","M","M","$","M","M","T","R","M","?","?","R","M","E","M","BOSS","E","$","R","BOSS","BOSS"],"items_purchased_type":["Relic","Relic","Relic","Potion","Relic","Potion","Relic","Relic"],"build_version":"2020-12-22","purchased_purges":3,"victory":true,"max_hp_per_floor":[70,70,70,70,70,70,70,70,70,70,70,70,70,70,70,70,70,70,70,70,70,70,70,70,70,80,87,87,87,87,87,87,87,87,87,87,87,87,87,89,89,89,89,89,89,89,89,89,91,91,91,91,91,91,91,91],"card_choices":[{"not_picked":["bronze:BuggyMess","bronze:DelayedGuard"],"picked":"bronze:Iterate","floor":2},{"not_picked":["bronze:DelayedGuard","bronze:Backtrace","bronze:BitShift"],"picked":"SKIP","floor":4},{"not_picked":["bronze:Frontload","bronze:BitShift"],"picked":"bronze:Constructor","floor":8},{"not_picked":["bronze:WildBeam","bronze:Overheat"],"picked":"bronze:FineTuning","floor":9},{"not_picked":["bronze:Allocate","bronze:Frontload","bronze:Shell"],"picked":"SKIP","floor":11},{"not_picked":["bronze:Invalidate","bronze:OilSpill","bronze:Deprecate"],"picked":"SKIP","floor":12},{"not_picked":["bronze:Refactor","bronze:Branch","bronze:Frontload"],"picked":"SKIP","floor":13},{"not_picked":["bronze:BuggyMess","bronze:Deprecate"],"picked":"bronze:DelayedSlice","floor":14},{"not_picked":["bronze:BitShift","bronze:Refactor"],"picked":"bronze:Optimize","floor":15},{"not_picked":["bronze:SpaghettiCode","bronze:FindAndReplace"],"picked":"bronze:InfiniteLoop","floor":16},{"not_picked":["bronze:BugBarrage+1","bronze:Shield"],"picked":"bronze:Branch+1","floor":19},{"not_picked":["bronze:FollowUp","bronze:CutThrough","bronze:BugBarrage"],"picked":"SKIP","floor":20},{"not_picked":["bronze:OilSpill","bronze:Philosophize"],"picked":"bronze:FineTuning","floor":21},{"not_picked":["bronze:Terminator","bronze:WhirlingStrike","bronze:HyperBeam"],"picked":"SKIP","floor":22},{"not_picked":["bronze:InfiniteBeams","bronze:Optimize","bronze:Return"],"picked":"SKIP","floor":27},{"not_picked":["bronze:Invalidate+1","bronze:BugBarrage","bronze:DelayedGuard"],"picked":"SKIP","floor":28},{"not_picked":["bronze:Assembly","bronze:Fortify","bronze:CutThrough"],"picked":"SKIP","floor":30},{"not_picked":["bronze:NullPointer","bronze:DelayedGuard"],"picked":"bronze:ForceShield+1","floor":32},{"not_picked":["bronze:Format","bronze:FindAndReplace"],"picked":"bronze:HardenedForm","floor":33},{"not_picked":["bronze:Iterate","bronze:FollowUp","bronze:Invalidate"],"picked":"SKIP","floor":36},{"not_picked":["bronze:Iterate","bronze:BitShift+1"],"picked":"bronze:Shell+1","floor":37},{"not_picked":["bronze:ChildClass","bronze:GetLatest"],"picked":"bronze:Branch+1","floor":38},{"not_picked":["bronze:Boost","bronze:ItsAFeature","bronze:Shield+1"],"picked":"SKIP","floor":39},{"not_picked":["bronze:WhirlingStrike+1","bronze:ChosenStrike","bronze:Turbo"],"picked":"SKIP","floor":40},{"not_picked":["bronze:Frontload+1","bronze:Overheat+1","bronze:BuggyMess+1"],"picked":"SKIP","floor":43},{"not_picked":["bronze:BitShift+1","bronze:Frontload+1"],"picked":"bronze:Verify","floor":47},{"not_picked":["bronze:Philosophize","bronze:BuggyMess","bronze:Format"],"picked":"SKIP","floor":48},{"not_picked":["bronze:Optimize","bronze:Frontload"],"picked":"bronze:DelayedSlice+1","floor":49},{"not_picked":["bronze:WildBeam+1","bronze:DelayedGuard","bronze:Refactor"],"picked":"SKIP","floor":52}],"player_experience":247631,"relics_obtained":[{"floor":7,"key":"Bag of Marbles"},{"floor":8,"key":"Vajra"},{"floor":11,"key":"Replay:Bandana"},{"floor":24,"key":"Rawhide"},{"floor":27,"key":"Strawberry"},{"floor":30,"key":"aspiration:StickyExplosives_weak"},{"floor":41,"key":"Regal Pillow"},{"floor":48,"key":"halation:AfternoonTea"},{"floor":52,"key":"Lizard Tail"}],"event_choices":[],"is_beta":false,"boss_relics":[{"not_picked":["conspire:RunicOctahedron","Snecko Heart"],"picked":"ReplayTheSpireMod:DimensionalGlitch"},{"not_picked":["Kintsugi","reliquary:Craggleroot"],"picked":"Philosopher\u0027s Stone"}],"items_purged_floors":[20,38,53],"is_endless":false,"potions_floor_spawned":[4,8,11,12,14,19,30,33,37,39,40,48,52],"ascension_level":0}}