{"host":"1c17lcvl7acx821p","time":1613041129,"event":{"mods":["AchievementEnabler","BaseMod","Bestiary","Colored Map","Minty Spire (QoL Compilation)","Quick Restart","Relic Sorter","StSLib","ojb\u0027s Better Paths Mod","ojb\u0027s Info Mod"],"gold_per_floor":[112,112,130,149,163,163,6,38,61,61,61,73,98,111,111,185,185,198,198,198,215,235,235,235,235],"floor_reached":24,"language":"ENG","playtime":757,"items_purged":[],"score":466,"play_id":"2dd16b29-3885-4c95-a1a4-c8db4f14ea0a","local_time":"20210211125849","is_ascension_mode":true,"campfire_choices":[{"data":"Hologram","floor":6,"key":"SMITH"},{"data":"Beam Cell","floor":10,"key":"SMITH"},{"data":"Hologram","floor":15,"key":"SMITH"},{"data":"Thunder Strike","floor":23,"key":"SMITH"}],"circlet_count":0,"master_deck":["AscendersBane","Strike_B","Strike_B","Strike_B","Defend_B","Defend_B","Defend_B","Defend_B","Zap+1","Dualcast","Beam Cell+1","Compile Driver","Ball Lightning","Hologram+1","Ball Lightning","Capacitor","Rebound","Loop","Self Repair","Hologram+1","Thunder Strike+1","Conserve Battery","Writhe","Self Repair","Storm+1","Cold Snap"],"relics":["Runic Dome","Boot","Akabeko","Bag of Preparation","Coffee Dripper","Dream Catcher"],"acts_visited":["Exordium","TheCity"],"potions_floor_usage":[12,13,16,18],"damage_taken":[{"damage":2,"enemies":"Jaw Worm","floor":1,"turns":4},{"damage":2,"enemies":"Cultist","floor":3,"turns":4},{"damage":0,"enemies":"2 Louse","floor":4,"turns":3},{"damage":4,"enemies":"Red Slaver","floor":5,"turns":2},{"damage":14,"enemies":"Gremlin Nob","floor":8,"turns":3},{"damage":3,"enemies":"Blue Slaver","floor":12,"turns":2},{"damage":0,"enemies":"Lagavulin","floor":13,"turns":5},{"damage":4,"enemies":"2 Fungi Beasts","floor":14,"turns":3},{"damage":17,"enemies":"The Guardian","floor":16,"turns":10},{"damage":18,"enemies":"2 Thieves","floor":18,"turns":4},{"damage":20,"enemies":"Chosen","floor":21,"turns":4},{"damage":26,"enemies":"Snake Plant","floor":22,"turns":4},{"damage":60,"enemies":"Slavers","floor":24,"turns":3}],"seed_played":"-892603559142804336","potions_obtained":[{"floor":5,"key":"Explosive Potion"},{"floor":12,"key":"Block Potion"},{"floor":13,"key":"DistilledChaos"},{"floor":14,"key":"LiquidMemories"},{"floor":16,"key":"FairyPotion"},{"floor":22,"key":"Energy Potion"}],"is_trial":false,"path_per_floor":["M","?","M","M","M","R","$","E","T","R","?","M","E","M","R","B",null,"M","?","?","M","M","R","E"],"character_chosen":"DEFECT","items_purchased":["Ball Lightning","Capacitor","Fire Potion"],"campfire_rested":0,"item_purchase_floors":[7,7,7],"current_hp_per_floor":[62,62,60,60,56,56,56,42,42,42,42,39,39,42,42,32,61,50,50,50,44,32,32,0,0],"gold":235,"neow_bonus":"BOSS_RELIC","is_daily":false,"chose_seed":false,"campfire_upgraded":4,"win_rate":0.0,"timestamp":1613041129,"path_taken":["M","?","?","M","M","R","?","E","T","R","?","?","E","M","R","BOSS","M","?","?","M","M","R","E"],"items_purchased_type":["Card","Card","Potion"],"build_version":"2020-12-22","purchased_purges":0,"victory":false,"max_hp_per_floor":[71,71,71,71,71,71,71,71,71,71,71,71,71,71,71,71,71,71,71,71,71,71,71,71,71],"card_choices":[{"not_picked":["Leap","Conserve Battery"],"picked":"Beam Cell","floor":1},{"not_picked":["Turbo","Steam"],"picked":"Compile Driver","floor":3},{"not_picked":["Hologram","Melter"],"picked":"Ball Lightning","floor":4},{"not_picked":["Blizzard","Barrage"],"picked":"Hologram","floor":5},{"not_picked":["Double Energy","Conserve Battery"],"picked":"Rebound","floor":8},{"not_picked":["Force Field","Turbo"],"picked":"Loop","floor":12},{"not_picked":["Hologram","Melter"],"picked":"Self Repair","floor":13},{"not_picked":["Reboot","Stack"],"picked":"Hologram","floor":14},{"not_picked":["Biased Cognition","All For One"],"picked":"Thunder Strike","floor":16},{"not_picked":["Ball Lightning","Heatsinks"],"picked":"Conserve Battery","floor":18},{"not_picked":["Ball Lightning+1","Go for the Eyes"],"picked":"Storm+1","floor":21},{"not_picked":["Compile Driver+1","Barrage+1"],"picked":"Cold Snap","floor":22}],"player_experience":316253,"relics_obtained":[{"floor":8,"key":"Boot"},{"floor":9,"key":"Akabeko"},{"floor":13,"key":"Bag of Preparation"}],"event_choices":[{"cards_removed":["Strike_B"],"damage_healed":0,"gold_gain":0,"player_choice":"Offered Basic","damage_taken":0,"max_hp_gain":0,"max_hp_loss":0,"event_name":"Bonfire Elementals","floor":2,"gold_loss":0},{"damage_healed":0,"gold_gain":0,"player_choice":"Forge","damage_taken":0,"max_hp_gain":0,"max_hp_loss":0,"event_name":"Accursed Blacksmith","floor":11,"gold_loss":0,"cards_upgraded":["Zap"]},{"damage_healed":0,"gold_gain":0,"player_choice":"Opened","damage_taken":0,"relics_obtained":["Dream Catcher"],"max_hp_gain":0,"max_hp_loss":0,"event_name":"The Mausoleum","floor":19,"gold_loss":0,"cards_obtained":["Writhe"]},{"damage_healed":0,"gold_gain":0,"player_choice":"Copied","damage_taken":0,"max_hp_gain":0,"max_hp_loss":0,"event_name":"Duplicator","floor":20,"gold_loss":0,"cards_obtained":["Self Repair"]}],"is_beta":false,"boss_relics":[{"not_picked":["Inserter","Velvet Choker"],"picked":"Coffee Dripper"}],"items_purged_floors":[],"is_endless":false,"potions_floor_spawned":[5,12,13,14,16,22],"killed_by":"Slavers","ascension_level":20}}