{"host":"188x3om7sf6mgxv1","time":1613072125,"event":{"mods":["BaseMod","Block Reminder","Jorbs\u0027s Wanderer Trilogy","Minty Spire (QoL Compilation)","Relic Stats","StSLib"],"gold_per_floor":[113,184,201,201,213,246,246,266,345,50,75,87,99,111,123,232,244,272,284,211,223,255,302,314,354,366,393,439,451,495,526,538,648,660,687,699,98,113,113,147,147,173,173,200,213,213,213,228,228,228,228,228,15,40,40],"floor_reached":56,"language":"ENG","playtime":2599,"items_purged":["Zap","Writhe"],"score":1756,"play_id":"c8cee845-dea4-4fc5-b075-f5ff09449b1a","local_time":"20210211143525","is_ascension_mode":true,"campfire_choices":[{"data":"Rainbow","floor":7,"key":"SMITH"},{"data":"Streamline","floor":13,"key":"SMITH"},{"data":"Core Surge","floor":15,"key":"SMITH"},{"data":"Fission","floor":24,"key":"SMITH"},{"data":"Reboot","floor":29,"key":"SMITH"},{"data":"Chaos","floor":32,"key":"SMITH"},{"data":"Seek","floor":41,"key":"SMITH"},{"data":"Biased Cognition","floor":47,"key":"SMITH"},{"floor":49,"key":"RECALL"},{"data":"Loop","floor":52,"key":"SMITH"}],"circlet_count":0,"master_deck":["Dualcast","Streamline+1","Reboot+1","Recycle","Coolheaded","Steam","Core Surge+1","Reboot+1","Cold Snap","Zap+1","Conserve Battery","Rainbow+1","Genetic Algorithm","Ball Lightning","Fission+1","Reboot","Gash+1","Chaos+1","Loop+1","Barrage+1","Seek+1","Biased Cognition+1","Hologram+1","Loop+1","Conserve Battery+1","Barrage+1","Gash+1","Double Energy","Gash+1","Defragment","Leap+1"],"relics":["Pandora\u0027s Box","TungstenRod","Blue Candle","War Paint","MawBank","HornCleat","Coffee Dripper","Ancient Tea Set","Vajra","Incense Burner","Cables","InkBottle","Matryoshka","Letter Opener","Runic Pyramid","Runic Capacitor","Ice Cream","Bag of Marbles","Blood Vial","Regal Pillow","Pantograph","Whetstone","Gremlin Horn"],"acts_visited":["Exordium","TheCity","TheBeyond","TheEnding"],"potions_floor_usage":[55],"damage_taken":[{"damage":0,"enemies":"Small Slimes","floor":1,"turns":2},{"damage":0,"enemies":"2 Louse","floor":3,"turns":1},{"damage":0,"enemies":"Cultist","floor":5,"turns":3},{"damage":15,"enemies":"Lagavulin","floor":6,"turns":6},{"damage":0,"enemies":"Red Slaver","floor":8,"turns":3},{"damage":0,"enemies":"3 Sentries","floor":11,"turns":5},{"damage":14,"enemies":"Hexaghost","floor":16,"turns":7},{"damage":0,"enemies":"Chosen","floor":18,"turns":3},{"damage":0,"enemies":"3 Byrds","floor":22,"turns":4},{"damage":10,"enemies":"Slavers","floor":23,"turns":5},{"damage":0,"enemies":"Book of Stabbing","floor":25,"turns":3},{"damage":16,"enemies":"Shelled Parasite and Fungi","floor":27,"turns":4},{"damage":0,"enemies":"Gremlin Leader","floor":28,"turns":6},{"damage":0,"enemies":"Book of Stabbing","floor":30,"turns":4},{"damage":0,"enemies":"Cultist and Chosen","floor":31,"turns":4},{"damage":0,"enemies":"Collector","floor":33,"turns":5},{"damage":9,"enemies":"3 Shapes","floor":35,"turns":3},{"damage":0,"enemies":"3 Darklings","floor":38,"turns":3},{"damage":0,"enemies":"Nemesis","floor":40,"turns":5},{"damage":0,"enemies":"Reptomancer","floor":42,"turns":3},{"damage":0,"enemies":"Giant Head","floor":44,"turns":6},{"damage":0,"enemies":"Sphere and 2 Shapes","floor":45,"turns":3},{"damage":0,"enemies":"4 Shapes","floor":48,"turns":2},{"damage":15,"enemies":"Awakened One","floor":50,"turns":6},{"damage":35,"enemies":"Shield and Spear","floor":54,"turns":6},{"damage":23,"enemies":"The Heart","floor":55,"turns":7}],"seed_played":"-1730929752145288106","potions_obtained":[{"floor":1,"key":"SteroidPotion"},{"floor":3,"key":"EntropicBrew"},{"floor":5,"key":"AttackPotion"}],"is_trial":false,"path_per_floor":["M","?","M","?","M","E","R","M","T","$","E","$","R","T","R","B",null,"M","?","?","?","M","E","R","E","T","M","E","R","E","M","R","B",null,"M","?","$","M","?","E","R","E","T","E","M","?","R","M","R","B",null,"R","$","E","B",null],"character_chosen":"DEFECT","items_purchased":["Genetic Algorithm","War Paint","Runic Capacitor","Ice Cream","Loop","Defragment","Whetstone"],"campfire_rested":0,"item_purchase_floors":[10,10,37,37,37,53,53],"current_hp_per_floor":[75,75,75,75,75,60,60,60,60,60,60,60,60,60,60,46,75,75,75,75,75,75,65,65,65,65,49,49,49,49,49,49,49,75,66,66,66,66,66,66,66,66,66,68,70,70,70,71,71,56,71,71,71,36,40],"gold":40,"neow_bonus":"BOSS_RELIC","is_daily":false,"chose_seed":false,"campfire_upgraded":9,"win_rate":0.0,"timestamp":1613072125,"path_taken":["M","?","M","?","?","E","R","M","T","?","E","$","R","?","R","BOSS","M","?","?","?","M","E","R","E","T","M","E","R","E","M","R","BOSS","M","?","$","M","?","E","R","E","T","E","?","?","R","M","R","BOSS","R","$","E","BOSS"],"items_purchased_type":["Card","Relic","Relic","Relic","Card","Card","Relic"],"build_version":"2020-12-22","purchased_purges":2,"victory":true,"max_hp_per_floor":[75,75,75,75,75,75,75,75,75,75,75,75,75,75,75,75,75,75,75,75,75,75,75,75,75,75,75,75,75,75,75,75,75,75,75,71,71,71,71,71,71,71,71,71,71,71,71,71,71,71,71,71,71,71,71],"relic_stats":{"Regal Pillow":0,"Gremlin Horn":[0,0],"counters":[26,109],"Blue Candle":[9],"Letter Opener":[257],"Whetstone":["Gash","Gash"],"War Paint":["Reboot","Zap"],"MawBank":312,"Cables":[47,14,18,13,2],"Blood Vial":7,"Pantograph":25,"Pandora\u0027s Box":["FTL","Streamline","Reboot","Recycle","Coolheaded","Steam","Core Surge","Reboot"],"obtain_stats":[{"Ice Cream":37,"Regal Pillow":43,"Gremlin Horn":54,"Blue Candle":9,"Vajra":20,"Incense Burner":23,"Runic Capacitor":37,"Letter Opener":30,"Whetstone":53,"War Paint":10,"MawBank":11,"Ancient Tea Set":19,"Cables":25,"Blood Vial":42,"HornCleat":14,"Matryoshka":28,"Pantograph":44,"Pandora\u0027s Box":0,"Coffee Dripper":17,"Bag of Marbles":40,"Cracked Core":0,"TungstenRod":6,"InkBottle":26,"Runic Pyramid":34},{"Ice Cream":17,"Regal Pillow":20,"Gremlin Horn":25,"Blue Candle":5,"Vajra":8,"Incense Burner":10,"Runic Capacitor":17,"Letter Opener":14,"Whetstone":24,"War Paint":5,"MawBank":6,"Ancient Tea Set":8,"Cables":11,"Blood Vial":20,"HornCleat":6,"Matryoshka":13,"Pantograph":21,"Pandora\u0027s Box":0,"Coffee Dripper":7,"Bag of Marbles":19,"Cracked Core":0,"TungstenRod":4,"InkBottle":11,"Runic Pyramid":16},{"Ice Cream":68,"Regal Pillow":79,"Gremlin Horn":102,"Blue Candle":15,"Vajra":30,"Incense Burner":39,"Runic Capacitor":68,"Letter Opener":56,"Whetstone":96,"War Paint":15,"MawBank":20,"Ancient Tea Set":30,"Cables":42,"Blood Vial":79,"HornCleat":20,"Matryoshka":52,"Pantograph":85,"Pandora\u0027s Box":0,"Coffee Dripper":27,"Bag of Marbles":76,"Cracked Core":0,"TungstenRod":12,"InkBottle":42,"Runic Pyramid":65}],"TungstenRod":63,"InkBottle":[40]},"card_choices":[{"not_picked":["Recycle","Streamline"],"picked":"Cold Snap","floor":1},{"not_picked":["Leap","Redo"],"picked":"Sweeping Beam","floor":3},{"not_picked":["Darkness","Sweeping Beam"],"picked":"Conserve Battery","floor":5},{"not_picked":["Sweeping Beam","Darkness"],"picked":"Rainbow","floor":6},{"not_picked":["Darkness","Cold Snap","Fusion"],"picked":"SKIP","floor":8},{"not_picked":["FTL","Stack"],"picked":"Ball Lightning","floor":11},{"not_picked":["Buffer","Thunder Strike"],"picked":"Fission","floor":16},{"not_picked":["Stack","Redo","Beam Cell"],"picked":"SKIP","floor":18},{"not_picked":["Aggregate","Cold Snap+1"],"picked":"Gash","floor":22},{"not_picked":["Rebound+1","Heatsinks"],"picked":"Chaos","floor":23},{"not_picked":["Tempest+1","Lockon+1"],"picked":"Loop+1","floor":25},{"not_picked":["Ball Lightning","Force Field"],"picked":"Barrage+1","floor":27},{"not_picked":["Blizzard","Streamline","White Noise"],"picked":"SKIP","floor":28},{"not_picked":["Go for the Eyes","Rebound","Hologram"],"picked":"SKIP","floor":30},{"not_picked":["Coolheaded","Streamline"],"picked":"Seek","floor":31},{"not_picked":["All For One","Thunder Strike"],"picked":"Biased Cognition","floor":33},{"not_picked":["Compile Driver","Leap+1"],"picked":"Hologram+1","floor":35},{"not_picked":["Tempest+1","Coolheaded+1"],"picked":"Conserve Battery+1","floor":38},{"not_picked":["Coolheaded","Sweeping Beam","Static Discharge+1"],"picked":"SKIP","floor":40},{"not_picked":["Hologram","Aggregate"],"picked":"Barrage+1","floor":42},{"not_picked":["Seek","Rebound+1"],"picked":"Gash+1","floor":44},{"not_picked":["Fusion+1","Barrage"],"picked":"Double Energy","floor":45},{"not_picked":["Barrage+1","Self Repair"],"picked":"Gash","floor":48},{"not_picked":["Streamline","Barrage+1"],"picked":"Leap+1","floor":54}],"player_experience":60516,"relics_obtained":[{"floor":6,"key":"TungstenRod"},{"floor":9,"key":"Blue Candle"},{"floor":11,"key":"MawBank"},{"floor":14,"key":"HornCleat"},{"floor":23,"key":"Incense Burner"},{"floor":25,"key":"Cables"},{"floor":26,"key":"InkBottle"},{"floor":28,"key":"Matryoshka"},{"floor":30,"key":"Letter Opener"},{"floor":40,"key":"Bag of Marbles"},{"floor":42,"key":"Blood Vial"},{"floor":43,"key":"Regal Pillow"},{"floor":44,"key":"Pantograph"},{"floor":54,"key":"Gremlin Horn"}],"event_choices":[{"damage_healed":0,"gold_gain":71,"player_choice":"Gained Gold","damage_taken":0,"max_hp_gain":0,"max_hp_loss":0,"event_name":"Golden Wing","floor":2,"gold_loss":0},{"damage_healed":0,"gold_gain":0,"player_choice":"1 cards matched","damage_taken":0,"max_hp_gain":0,"max_hp_loss":0,"event_name":"Match and Keep!","floor":4,"gold_loss":0,"cards_obtained":["Zap"]},{"damage_healed":0,"gold_gain":0,"player_choice":"Opened","damage_taken":0,"relics_obtained":["Ancient Tea Set"],"max_hp_gain":0,"max_hp_loss":0,"event_name":"The Mausoleum","floor":19,"gold_loss":0,"cards_obtained":["Writhe"]},{"damage_healed":0,"gold_gain":0,"player_choice":"Obtained Relic","damage_taken":0,"relics_obtained":["Vajra"],"max_hp_gain":0,"max_hp_loss":0,"event_name":"Addict","floor":20,"gold_loss":85},{"damage_healed":0,"gold_gain":0,"cards_transformed":["Sweeping Beam"],"player_choice":"Transformed","damage_taken":0,"max_hp_gain":0,"max_hp_loss":0,"event_name":"Transmorgrifier","floor":21,"gold_loss":0,"cards_obtained":["Reboot"]},{"damage_healed":0,"gold_gain":0,"player_choice":"Max HP","damage_taken":0,"max_hp_gain":0,"max_hp_loss":4,"event_name":"Winding Halls","floor":36,"gold_loss":0},{"cards_removed":["FTL"],"damage_healed":0,"gold_gain":0,"player_choice":"Removed Attack","damage_taken":0,"max_hp_gain":0,"max_hp_loss":0,"event_name":"Falling","floor":39,"gold_loss":0},{"damage_healed":0,"gold_gain":0,"player_choice":"Ignored","damage_taken":0,"max_hp_gain":0,"max_hp_loss":0,"event_name":"Tomb of Lord Red Mask","floor":46,"gold_loss":0}],"is_beta":false,"boss_relics":[{"not_picked":["Sozu","Tiny House"],"picked":"Coffee Dripper"},{"not_picked":["Philosopher\u0027s Stone","Astrolabe"],"picked":"Runic Pyramid"}],"items_purged_floors":[10,37],"is_endless":false,"potions_floor_spawned":[1,3,5,8,11,23,25,27,30,33,35,40,42],"ascension_level":3}}