{"host":"n4fty02wqqi95laq","time":1613006264,"event":{"mods":["BaseMod","Highlight Path","Minty Spire (QoL Compilation)","Quick Restart","Rare Cards Sparkle","StSLib"],"gold_per_floor":[112,128,53,53,64,90,105,105,182,214,228,253,92,167,167,242,242,257,276,276,101,111,111,111],"floor_reached":23,"language":"ZHS","playtime":902,"items_purged":["Strike_B","Strike_B"],"score":422,"play_id":"803dd96f-3966-4194-a0c1-5ad8d1edd0dd","local_time":"20210211091744","is_ascension_mode":true,"campfire_choices":[{"data":"Dualcast","floor":8.0,"key":"SMITH"},{"data":"Coolheaded","floor":15.0,"key":"SMITH"}],"circlet_count":0,"master_deck":["AscendersBane","Strike_B","Strike_B","Defend_B","Defend_B","Defend_B","Defend_B","Zap","Dualcast+1","Coolheaded+1","Echo Form","Loop","Capacitor","Gash","Self Repair","Glacier","Gash","All For One","Turbo","Gash+1","Echo Form","Skim","Recycle"],"relics":["Cracked Core","NeowsBlessing","Mango","Pantograph","Blood Vial","Akabeko","OrangePellets","Coffee Dripper"],"acts_visited":["Exordium","TheCity"],"potions_floor_usage":[],"damage_taken":[{"damage":0.0,"enemies":"Small Slimes","floor":1.0,"turns":1.0},{"damage":0.0,"enemies":"Cultist","floor":2.0,"turns":1.0},{"damage":0.0,"enemies":"2 Louse","floor":5.0,"turns":1.0},{"damage":23.0,"enemies":"Lagavulin","floor":6.0,"turns":9.0},{"damage":7.0,"enemies":"Blue Slaver","floor":7.0,"turns":6.0},{"damage":28.0,"enemies":"3 Sentries","floor":10.0,"turns":6.0},{"damage":6.0,"enemies":"Large Slime","floor":11.0,"turns":9.0},{"damage":16.0,"enemies":"Lagavulin","floor":12.0,"turns":8.0},{"damage":29.0,"enemies":"Slime Boss","floor":16.0,"turns":14.0},{"damage":15.0,"enemies":"Chosen","floor":18.0,"turns":6.0},{"damage":23,"enemies":"Shell Parasite","floor":19,"turns":8},{"damage":10,"enemies":"Snake Plant","floor":22,"turns":4},{"damage":40,"enemies":"Book of Stabbing","floor":23,"turns":6}],"seed_played":"-7494951611812049219","potions_obtained":[{"floor":1.0,"key":"EssenceOfSteel"},{"floor":6.0,"key":"GamblersBrew"},{"floor":7.0,"key":"AttackPotion"},{"floor":11.0,"key":"AttackPotion"}],"is_trial":false,"path_per_floor":["M","M","$","?","M","E","M","R","T","E","M","E","$","?","R","B",null,"M","M","?","$","M","E"],"character_chosen":"DEFECT","items_purchased":["OrangePellets","Skim"],"campfire_rested":0,"item_purchase_floors":[13,21],"current_hp_per_floor":[64,64,64,64,64,55,48,48,48,34,44,37,37,26,26,31,72,66,52,52,52,51,13,13],"gold":111,"neow_bonus":"THREE_ENEMY_KILL","is_daily":false,"chose_seed":false,"campfire_upgraded":2,"win_rate":0.0,"timestamp":1613006264,"path_taken":["M","M","$","?","?","E","M","R","T","E","M","E","$","?","R","BOSS","M","M","?","$","M","E"],"items_purchased_type":["Relic","Card"],"build_version":"2020-12-22","purchased_purges":2,"victory":false,"max_hp_per_floor":[71,71,71,71,71,85,85,85,85,85,85,85,85,85,85,85,85,85,85,85,85,85,85,85],"card_choices":[{"not_picked":["Reinforced Body","Steam","Go for the Eyes"],"picked":"SKIP","floor":1.0},{"not_picked":["Barrage","FTL"],"picked":"Coolheaded","floor":2.0},{"not_picked":["FTL","Cold Snap"],"picked":"Capacitor","floor":5.0},{"not_picked":["Buffer","Doom and Gloom"],"picked":"Gash","floor":6.0},{"not_picked":["Rebound","Reinforced Body"],"picked":"Self Repair","floor":7.0},{"not_picked":["Hologram","Steam"],"picked":"Glacier","floor":10.0},{"not_picked":["Steam","Lockon"],"picked":"Gash","floor":11.0},{"not_picked":["Reprogram","Beam Cell","Conserve Battery"],"picked":"SKIP","floor":12.0},{"not_picked":["Biased Cognition","Echo Form"],"picked":"All For One","floor":16.0},{"not_picked":["Ball Lightning","Steam"],"picked":"Turbo","floor":18.0},{"not_picked":["Chaos","Glacier+1"],"picked":"Gash+1","floor":19},{"not_picked":["Barrage","Auto Shields"],"picked":"Recycle","floor":22}],"player_experience":731117,"relics_obtained":[{"floor":6.0,"key":"Mango"},{"floor":9.0,"key":"Pantograph"},{"floor":10.0,"key":"Blood Vial"},{"floor":12.0,"key":"Akabeko"}],"event_choices":[{"damage_healed":0.0,"max_hp_gain":0.0,"max_hp_loss":0.0,"gold_gain":0.0,"event_name":"Match and Keep!","player_choice":"2 cards matched","floor":4.0,"gold_loss":0.0,"damage_taken":0.0,"cards_obtained":["Echo Form","Loop"]},{"damage_healed":0.0,"max_hp_gain":0.0,"max_hp_loss":0.0,"gold_gain":75.0,"event_name":"World of Goop","player_choice":"Gather Gold","floor":14.0,"gold_loss":0.0,"damage_taken":11.0},{"damage_healed":0,"gold_gain":0,"player_choice":"Copied","damage_taken":0,"max_hp_gain":0,"max_hp_loss":0,"event_name":"Duplicator","floor":20,"gold_loss":0,"cards_obtained":["Echo Form"]}],"is_beta":false,"boss_relics":[{"not_picked":["Inserter","FrozenCore"],"picked":"Coffee Dripper"}],"items_purged_floors":[3,21],"is_endless":false,"potions_floor_spawned":[1,6,7,11,12],"killed_by":"Book of Stabbing","ascension_level":20}}