{"host":"A Jargain","time":1613025244,"event":{"mods":["Act Like it!","Aspiration","BaseMod","Downfall","Halation","Hubris","Infinite Spire","Marisa????????","Minty Spire (QoL Compilation)","Replay The Spire","StSLib","The Servant 0.9.4","Waifu the Spire"],"gold_per_floor":[116,116,41,55,74,99,99,99,144,160,190,207,46,46,46,145,145,156,2,16,30,45,71,83,110,174,212,259,271,383,406,418,530,542,570,598,205,205,305,339,339,339],"floor_reached":41,"language":"ENG","playtime":2031,"items_purged":["Injury","Defend_P"],"score":595,"play_id":"b1cfded2-fca4-478a-824d-913c5dfe4f2a","local_time":"20210211173404","is_ascension_mode":true,"campfire_choices":[{"floor":8,"key":"REST"},{"floor":15,"key":"REST"},{"floor":24,"key":"REST"},{"floor":29,"key":"REST"},{"floor":32,"key":"REST"}],"circlet_count":0,"master_deck":["Strike_P","Strike_P+1","Defend_P+1","Defend_P+1","Defend_P","Eruption+1","Vigilance+1","Tantrum+1","BattleHymn+1","Pray","Devotion+1","FlurryOfBlows+1","LessonLearned+1","Brilliance+1","Ragnarok+1","Prostrate","Wallop+1","DeusExMachina+1","WheelKick+1","Crescendo+1","Evaluate+1","hubris:DuctTapeCard+2"],"relics":["PureWater","NeowsBlessing","Molten Egg 2","halation:AfternoonTea","Replay:Accelerometer","VioletLotus","Pen Nib","MawBank","Replay:Baseball","Red Mask","halation:PromiseList","Busted Crown","Membership Card","War Paint","hubris:DuctTape","CeramicFish"],"acts_visited":["Exordium","TheCity","TheBeyond"],"potions_floor_usage":[6,6,23,23,28,33,33,36,40,40],"damage_taken":[{"damage":0,"enemies":"Small Slimes","floor":1,"turns":1},{"damage":0,"enemies":"Jaw Worm","floor":4,"turns":1},{"damage":0,"enemies":"Cultist","floor":5,"turns":1},{"damage":27,"enemies":"3 Sentries","floor":6,"turns":7},{"damage":17,"enemies":"Exordium Thugs","floor":10,"turns":4},{"damage":0,"enemies":"Lagavulin","floor":11,"turns":4},{"damage":18,"enemies":"Looter","floor":12,"turns":5},{"damage":46,"enemies":"The Guardian","floor":16,"turns":7},{"damage":7,"enemies":"3 Byrds","floor":18,"turns":3},{"damage":14,"enemies":"2 Thieves","floor":20,"turns":2},{"damage":13,"enemies":"Chosen and Byrds","floor":21,"turns":4},{"damage":0,"enemies":"Centurion and Healer","floor":22,"turns":3},{"damage":15,"enemies":"Book of Stabbing","floor":23,"turns":3},{"damage":12,"enemies":"Snecko","floor":25,"turns":3},{"damage":23,"enemies":"Masked Bandits","floor":27,"turns":4},{"damage":20,"enemies":"Slavers","floor":28,"turns":3},{"damage":0,"enemies":"Sentry and Sphere","floor":31,"turns":2},{"damage":25,"enemies":"hubris:MusketHawk","floor":33,"turns":6},{"damage":47,"enemies":"3 Darklings","floor":35,"turns":4},{"damage":0,"enemies":"Orb Walker","floor":36,"turns":3},{"damage":5,"enemies":"Reptomancer","floor":40,"turns":3},{"damage":24,"enemies":"Writhing Mass","floor":41,"turns":1}],"seed_played":"-5552793661765079770","potions_obtained":[{"floor":1,"key":"ColorlessPotion"},{"floor":5,"key":"SkillPotion"},{"floor":12,"key":"Reflective Coating"},{"floor":21,"key":"SneckoOil"},{"floor":22,"key":"Regen Potion"},{"floor":27,"key":"SteroidPotion"},{"floor":28,"key":"DuplicationPotion"},{"floor":31,"key":"Weak Potion"},{"floor":33,"key":"EssenceOfSteel"},{"floor":35,"key":"SteroidPotion"},{"floor":36,"key":"ColorlessPotion"}],"is_trial":false,"path_per_floor":["M","?","$","M","M","E","?","R","T","M","E","M","$","?","R","B",null,"M","$","M","M","M","E","R","M","T","?","E","R","?","M","R","B",null,"M","M","$","?","?","E","M"],"character_chosen":"WATCHER","items_purchased":["Brilliance+1","Pen Nib","Membership Card","War Paint","hubris:DuctTape"],"campfire_rested":5,"item_purchase_floors":[13,19,37,37,37],"current_hp_per_floor":[72,72,72,72,72,45,38,59,59,54,54,36,36,36,57,26,72,65,65,51,38,38,32,53,50,50,27,7,28,28,33,54,44,72,25,25,25,25,25,20,0,0],"gold":339,"neow_bonus":"THREE_ENEMY_KILL","is_daily":false,"chose_seed":false,"campfire_upgraded":0,"win_rate":0.0,"timestamp":1613025244,"path_taken":["M","?","$","M","M","E","?","R","T","M","E","M","$","?","R","BOSS","M","$","?","M","M","E","R","M","T","?","E","R","?","M","R","BOSS","M","?","$","?","?","E","?"],"items_purchased_type":["Card","Relic","Relic","Relic","Relic"],"build_version":"2020-12-18","purchased_purges":2,"victory":false,"max_hp_per_floor":[72,72,72,72,72,72,72,72,72,72,72,72,72,72,72,72,72,72,72,72,72,72,72,72,72,72,72,72,72,72,72,72,72,72,72,72,72,72,72,72,72,72],"card_choices":[{"not_picked":["JustLucky","BowlingBash"],"picked":"Tantrum","floor":1},{"not_picked":["Consecrate+1","FollowUp+1"],"picked":"BattleHymn","floor":4},{"not_picked":["Replay:ManipulateFuture","Replay:AtTheReady"],"picked":"Pray","floor":5},{"not_picked":["Study","WindmillStrike+1"],"picked":"Devotion","floor":6},{"not_picked":["Wireheading","DeceiveReality"],"picked":"FlurryOfBlows+1","floor":10},{"not_picked":["Evaluate","CutThroughFate+1"],"picked":"LessonLearned+1","floor":11},{"not_picked":["FollowUp+1","Replay:BluntJabs+1","FlyingSleeves+1"],"picked":"SKIP","floor":12},{"not_picked":["DeusExMachina","LessonLearned+1"],"picked":"Ragnarok+1","floor":16},{"not_picked":["Replay:Battleflow","SashWhip+1","Replay:ManipulateFuture+1"],"picked":"SKIP","floor":18},{"not_picked":["Replay:BluntJabs+1","Consecrate+1"],"picked":"Prostrate","floor":20},{"not_picked":["BowlingBash+1","MasterReality"],"picked":"Wallop+1","floor":21},{"not_picked":["Replay:AtTheReady+1","Evaluate","EmptyBody+1"],"picked":"SKIP","floor":22},{"not_picked":["Replay:AtTheReady","Replay:BluntJabs+1","Replay:Vibes"],"picked":"SKIP","floor":23},{"not_picked":["DeceiveReality","BattleHymn"],"picked":"DeusExMachina","floor":25},{"not_picked":["Replay:ManipulateFuture","Protect"],"picked":"WheelKick+1","floor":27},{"not_picked":["Fasting2","Replay:Vibes+1"],"picked":"Prostrate","floor":28},{"not_picked":["EmptyFist+1","FearNoEvil+1"],"picked":"Crescendo+1","floor":31},{"not_picked":["Wish","Blasphemy"],"picked":"ConjureBlade","floor":33},{"not_picked":["Replay:DivineShield+1"],"picked":"SKIP","floor":35},{"not_picked":[],"picked":"Evaluate+1","floor":36},{"not_picked":["Replay:ManipulateFuture+1"],"picked":"SKIP","floor":40}],"player_experience":288944,"relics_obtained":[{"floor":6,"key":"halation:AfternoonTea"},{"floor":11,"key":"Replay:Accelerometer"},{"floor":23,"key":"MawBank"},{"floor":26,"key":"Replay:Baseball"},{"floor":27,"key":"Red Mask"},{"floor":28,"key":"halation:PromiseList"},{"floor":40,"key":"CeramicFish"}],"event_choices":[{"cards_removed":["Strike_P"],"damage_healed":0,"gold_gain":0,"player_choice":"Card Removal","damage_taken":7,"max_hp_gain":0,"max_hp_loss":0,"event_name":"Golden Wing","floor":7,"gold_loss":0},{"cards_removed":["Strike_P"],"damage_healed":0,"gold_gain":0,"player_choice":"Purged","damage_taken":0,"max_hp_gain":0,"max_hp_loss":0,"event_name":"Purifier","floor":14,"gold_loss":0},{"damage_healed":0,"gold_gain":0,"player_choice":"Fought Bandits","damage_taken":0,"max_hp_gain":0,"max_hp_loss":0,"event_name":"Masked Bandits","floor":27,"gold_loss":0},{"damage_healed":0,"gold_gain":100,"player_choice":"Pray","damage_taken":0,"max_hp_gain":0,"max_hp_loss":0,"event_name":"Golden Shrine","floor":30,"gold_loss":0},{"damage_healed":0,"gold_gain":100,"player_choice":"Pray","damage_taken":0,"max_hp_gain":0,"max_hp_loss":0,"event_name":"Golden Shrine","floor":39,"gold_loss":0}],"is_beta":true,"boss_relics":[{"not_picked":["hubris:TerracottaHorce","infinitespire:Cupcake"],"picked":"VioletLotus"},{"not_picked":["halation:PinkAlligatorPlush","Tiny House"],"picked":"Busted Crown"}],"items_purged_floors":[3,37],"is_endless":false,"potions_floor_spawned":[1,5,12,21,22,27,28,31,33,35,36],"killed_by":"Writhing Mass","ascension_level":3}}