{"host":"u6v0z43xi4vbzvq3","time":1613003836,"event":{"mods":["AchievementEnabler","BaseMod","BetterRewards","Colored Map","Conspire","Downfall","Googly Eyes","Hermit","Hubris","Infinite Spire","Minty Spire (QoL Compilation)","Quick Restart","Rare Cards Sparkle","Replay The Spire","Shop Mod","StSLib","SuperFastMode","The Construct"],"gold_per_floor":[114,289,289,214,225,256,284,284,311,238,258,283,283,304,304,414,414,438,713,738,763,587,628,628,628,651,651,668,274,412,511,511,620,620,637,665,673,673],"floor_reached":37,"language":"ENG","playtime":1235,"items_purged":["Doubt","Regret"],"score":439,"play_id":"d87b4460-9dfe-4efa-8e86-2c24235eb422","local_time":"20210211113716","is_ascension_mode":false,"campfire_choices":[{"floor":8,"key":"REST"},{"data":"Electrodynamics","floor":13,"key":"SMITH"},{"floor":15,"key":"REST"},{"floor":24,"key":"REST"},{"data":"Tempest","floor":27,"key":"SMITH"}],"circlet_count":0,"master_deck":["Strike_B+1","Strike_B+1","Strike_B","Strike_B","Defend_B","Defend_B","Defend_B","Defend_B","Zap+1","Dualcast","Loop+1","Beam Cell","ReplayTheSpireMod:Calculation Training","Beam Cell+1","Tempest+1","Electrodynamics+1","Sweeping Beam","Ball Lightning","Double Energy","Redo+1","Static Discharge+1","FIFO Queue","Skim","Aggregate","Barrage","ReplayTheSpireMod:Private Reserves","Echo Form","Self Repair+1","Barrage+1"],"relics":["Cracked Core","Replay:Bandana","hubris:BallOfYels","Velvet Choker","Pear","Simple Rune","Snack Pack","Mango","conspire:DecoderRing","Runic Pyramid"],"acts_visited":["Exordium","TheCity","TheBeyond"],"potions_floor_usage":[6,16,20,30,30,33,33],"damage_taken":[{"damage":0,"enemies":"Small Slimes","floor":1,"turns":3},{"damage":0,"enemies":"conspire:RoseBush","floor":5,"turns":3},{"damage":25,"enemies":"3 Sentries","floor":6,"turns":6},{"damage":1,"enemies":"Cultist","floor":7,"turns":3},{"damage":13,"enemies":"Red Slaver","floor":11,"turns":2},{"damage":7,"enemies":"Blue Slaver","floor":12,"turns":2},{"damage":8,"enemies":"2 Fungi Beasts","floor":14,"turns":3},{"damage":36,"enemies":"The Guardian","floor":16,"turns":8},{"damage":5,"enemies":"Chosen","floor":18,"turns":3},{"damage":6,"enemies":"Spheric Guardian","floor":20,"turns":3},{"damage":16,"enemies":"conspire:HollyBat","floor":21,"turns":5},{"damage":25,"enemies":"Nightmare","floor":23,"turns":5},{"damage":7,"enemies":"3 Cultists","floor":28,"turns":2},{"damage":23,"enemies":"Colosseum Slavers","floor":30,"turns":3},{"damage":23,"enemies":"Colosseum Nobs","floor":30,"turns":3},{"damage":58,"enemies":"hubris:MusketHawk","floor":33,"turns":7},{"damage":15,"enemies":"Orb Walker","floor":35,"turns":2},{"damage":46,"enemies":"3 Darklings","floor":36,"turns":2},{"damage":53,"enemies":"Maw","floor":37,"turns":4}],"seed_played":"-6857986768621428198","potions_obtained":[{"floor":5,"key":"Swift Potion"},{"floor":11,"key":"sneckomod:MuddlingPotion"},{"floor":12,"key":"Regen Potion"},{"floor":16,"key":"SpeedPotion"},{"floor":21,"key":"Milkshake"},{"floor":28,"key":"DistilledChaos"},{"floor":30,"key":"Weak Potion"}],"is_trial":false,"path_per_floor":["M","?","?","$","M","E","M","R","T","$","M","M","R","M","R","B",null,"M","?","M","M","$","NM","R","?","T","R","M","$","?","?","R_BF","B",null,"M","M","M"],"character_chosen":"DEFECT","items_purchased":["Tempest","FIFO Queue","Snack Pack","Barrage","ReplayTheSpireMod:Private Reserves"],"campfire_rested":3,"item_purchase_floors":[10,22,29,29,29],"current_hp_per_floor":[75,75,75,75,75,50,49,71,71,71,58,51,51,43,65,44,75,70,70,64,48,48,33,58,85,85,85,78,78,50,50,79,23,99,86,42,0,0],"gold":673,"neow_bonus":"RANDOM_EVENT","is_daily":false,"chose_seed":false,"campfire_upgraded":2,"win_rate":0.0,"timestamp":1613003836,"path_taken":["M","?","?","$","?","E","M","R","T","?","M","?","R","M","R","BOSS","M","?","M","?","$","NM","R","?","T","R","M","$","?","?","R_BF","BOSS","M","M","M"],"items_purchased_type":["Card","Card","Relic","Card","Card"],"build_version":"2020-12-22","purchased_purges":2,"victory":false,"max_hp_per_floor":[75,75,75,75,75,75,75,75,75,75,75,75,75,75,75,75,75,75,75,75,75,75,85,85,85,85,85,85,85,99,99,99,99,99,99,99,99,99],"card_choices":[{"not_picked":["Go for the Eyes","hubris:PowerSurge"],"picked":"Loop","floor":1},{"not_picked":["Storm","Sweeping Beam"],"picked":"Beam Cell","floor":5},{"not_picked":["Sweeping Beam","Aggregate"],"picked":"ReplayTheSpireMod:Calculation Training","floor":6},{"not_picked":["Coolheaded","Compile Driver"],"picked":"Beam Cell","floor":7},{"not_picked":["Doom and Gloom","Redo"],"picked":"Electrodynamics","floor":11},{"not_picked":["Cold Snap","Aggregate"],"picked":"Sweeping Beam","floor":12},{"not_picked":["Reprogram","Steam"],"picked":"Ball Lightning","floor":14},{"not_picked":["Go for the Eyes+1","Sweeping Beam"],"picked":"Double Energy","floor":18},{"not_picked":["Chaos","ReplaySolidLightProjector"],"picked":"Redo+1","floor":20},{"not_picked":["Barrage+1","Turbo"],"picked":"Static Discharge+1","floor":21},{"not_picked":["Scrape+1","BasicCrystalCard+1"],"picked":"Skim","floor":23},{"not_picked":["Glacier+1","Time Bomb"],"picked":"Aggregate","floor":28},{"not_picked":["hubris:Prefetch","hubris:DoWhile"],"picked":"Echo Form","floor":33},{"not_picked":["Doom and Gloom+1","Panic Button"],"picked":"Self Repair+1","floor":35},{"not_picked":["Genetic Algorithm+1","ReplayTheSpireMod:GoodbyeWorld+1"],"picked":"Barrage+1","floor":36}],"player_experience":141084,"relics_obtained":[{"floor":6,"key":"Replay:Bandana"},{"floor":9,"key":"hubris:BallOfYels"},{"floor":23,"key":"Pear"},{"floor":26,"key":"Simple Rune"},{"floor":30,"key":"Mango"},{"floor":30,"key":"conspire:DecoderRing"}],"event_choices":[{"damage_healed":0,"gold_gain":0,"player_choice":"Grow","damage_taken":0,"max_hp_gain":0,"max_hp_loss":0,"event_name":"Living Wall","floor":0,"gold_loss":0,"cards_upgraded":["Zap"]},{"damage_healed":0,"gold_gain":175,"player_choice":"AGREE","damage_taken":0,"max_hp_gain":0,"max_hp_loss":0,"event_name":"Liars Game","floor":2,"gold_loss":0,"cards_obtained":["Doubt"]},{"damage_healed":0,"gold_gain":0,"player_choice":"Forge","damage_taken":0,"max_hp_gain":0,"max_hp_loss":0,"event_name":"Accursed Blacksmith","floor":3,"gold_loss":0,"cards_upgraded":["Loop"]},{"damage_healed":0,"gold_gain":275,"player_choice":"Desecrate","damage_taken":0,"max_hp_gain":0,"max_hp_loss":0,"event_name":"Golden Shrine","floor":19,"gold_loss":0,"cards_obtained":["Regret"]},{"damage_healed":28,"gold_gain":0,"player_choice":"Heal","damage_taken":0,"max_hp_gain":0,"max_hp_loss":0,"event_name":"The Library","floor":25,"gold_loss":0},{"damage_healed":0,"gold_gain":0,"player_choice":"Fight","damage_taken":0,"max_hp_gain":0,"max_hp_loss":0,"event_name":"Colosseum","floor":30,"gold_loss":0},{"damage_healed":0,"gold_gain":0,"player_choice":"Fought Nobs","damage_taken":0,"max_hp_gain":0,"max_hp_loss":0,"event_name":"Colosseum","floor":30,"gold_loss":0},{"damage_healed":0,"gold_gain":99,"player_choice":"Stole From Cult","damage_taken":0,"max_hp_gain":0,"max_hp_loss":0,"event_name":"Nest","floor":31,"gold_loss":0}],"is_beta":false,"boss_relics":[{"not_picked":["Ectoplasm","hubris:Stopwatch"],"picked":"Velvet Choker"},{"not_picked":["Empty Cage","conspire:SeveredTorchhead"],"picked":"Runic Pyramid"}],"items_purged_floors":[4,22],"is_endless":true,"potions_floor_spawned":[5,11,12,16,21,28,30],"killed_by":"Maw","ascension_level":0}}