{"host":"pah2xi72mkoh8qg3","time":1613068072,"event":{"mods":["BaseMod","Colored Powertips","Conspire","FoggyMod","Highlight Path","Minty Spire (QoL Compilation)","Reliquary","Replay The Spire","RumiaBox-露米娅的神秘盒子","Shop Mod","StSLib","Waifu the Spire"],"gold_per_floor":[110,185,222,236,236,236,11,21,21,21,21,48,48,66,66,165,165,178,453,434,614,59,59,87,106,129,51,51,51,51,28,28,132,132,145,28,28,28],"floor_reached":37,"language":"ZHS","playtime":1743,"items_purged":["Regret","Shame"],"score":450,"play_id":"fd0540fe-ecc1-4030-9d0c-1b65dbd94f23","local_time":"20210212022752","is_ascension_mode":true,"campfire_choices":[{"floor":6,"key":"RECALL"},{"data":"Machine Learning","floor":13,"key":"SMITH"},{"floor":15,"key":"REST"},{"floor":23,"key":"REST"},{"data":"Mirror Shield","floor":30,"key":"SMITH"},{"floor":32,"key":"REST"}],"circlet_count":0,"master_deck":["Strike_B","Strike_B","Strike_B","Defend_B","Defend_B","Defend_B","Defend_B","Zap","Dualcast+1","Stack","Glacier","Core Surge","Machine Learning+1","Rip and Tear","Defragment+1","conspire:Rain","Mirror Shield+1","Meteor Strike","Melter","Barrage+1","Trip","Capacitor","Barrage","Rip and Tear+1","Fusion","Panic Button+1","Go for the Eyes"],"relics":["reliquary:RedCape","Sling","Meat on the Bone","GremlinMask","Blood Vial","conspire:SpecialSausage","MerchantsRug","Frozen Eye","Blue Doll","Akabeko","reliquary:BallBearing","Prayer Wheel","MagicDraw3"],"acts_visited":["Exordium","TheCity","TheBeyond"],"potions_floor_usage":[33],"damage_taken":[{"damage":0,"enemies":"Small Slimes","floor":1,"turns":2},{"damage":45,"enemies":"conspire:MimicChest","floor":3,"turns":7},{"damage":0,"enemies":"2 Louse","floor":4,"turns":3},{"damage":0,"enemies":"Cultist","floor":8,"turns":4},{"damage":5,"enemies":"Gremlin Nob","floor":12,"turns":4},{"damage":5,"enemies":"2 Fungi Beasts","floor":14,"turns":4},{"damage":24,"enemies":"Fading Forest","floor":16,"turns":11},{"damage":31,"enemies":"3 Byrds","floor":18,"turns":6},{"damage":18,"enemies":"2 Thieves","floor":20,"turns":4},{"damage":11,"enemies":"Book of Stabbing","floor":24,"turns":7},{"damage":21,"enemies":"Sentry and Sphere","floor":25,"turns":5},{"damage":30,"enemies":"conspire:MysteriousRune","floor":33,"turns":8},{"damage":29,"enemies":"3 Darklings","floor":35,"turns":6},{"damage":94,"enemies":"2 Orb Walkers","floor":37,"turns":4}],"seed_played":"2746809387749628404","potions_obtained":[{"floor":4,"key":"Languid Potion"},{"floor":12,"key":"SteroidPotion"},{"floor":14,"key":"FairyPotion"},{"floor":24,"key":"Adrenaline Potion"}],"is_trial":false,"path_per_floor":["M","?","?","M","?","R","$","M","T","?","?","E","R","M","R","B",null,"M","?","M","?","$","R","E","M","T","$","?","?","R","$","R","B",null,"M","$","?"],"character_chosen":"DEFECT","items_purchased":["Machine Learning","Sling","MerchantsRug","Capacitor","Frozen Eye","Blue Doll","Fusion","MagicDraw3"],"campfire_rested":3,"item_purchase_floors":[7,7,22,22,22,22,27,36],"current_hp_per_floor":[75,64,19,19,19,19,19,19,19,19,19,26,26,35,57,49,75,44,44,40,15,15,37,40,33,33,33,33,33,33,33,55,39,75,46,46,0,0],"gold":28,"neow_bonus":"BOSS_RELIC","is_daily":false,"chose_seed":false,"campfire_upgraded":2,"win_rate":0.0,"timestamp":1613068072,"path_taken":["M","?","?","?","?","R","$","?","T","?","?","E","R","?","R","BOSS","M","?","?","?","$","R","E","?","T","?","?","?","R","$","R","BOSS","M","$","?"],"items_purchased_type":["Card","Relic","Relic","Card","Relic","Relic","Card","Relic"],"build_version":"2020-12-22","purchased_purges":2,"victory":false,"max_hp_per_floor":[75,75,75,75,75,75,75,75,75,75,75,75,75,75,75,75,75,75,75,75,75,75,75,75,75,75,75,75,75,75,75,75,75,75,75,75,75,75],"card_choices":[{"not_picked":["Hologram","Turbo"],"picked":"Stack","floor":1},{"not_picked":["Streamline","Redo"],"picked":"Glacier","floor":3},{"not_picked":["Turbo","Capacitor"],"picked":"Core Surge","floor":4},{"not_picked":["BasicCrystalCard","Leap"],"picked":"Rip and Tear","floor":8},{"not_picked":["Steam","Barrage"],"picked":"conspire:Rain","floor":12},{"not_picked":["Ball Lightning","Redo"],"picked":"Mirror Shield","floor":14},{"not_picked":["ReplayRNGCard","Electrodynamics"],"picked":"Meteor Strike","floor":16},{"not_picked":["Sweeping Beam","Lockon"],"picked":"Melter","floor":18},{"not_picked":["Streamline","Stack"],"picked":"Barrage+1","floor":20},{"not_picked":["Reprogram","ReplayTheSpireMod:Calculation Training"],"picked":"Barrage","floor":24},{"not_picked":["Rebound","Turbo"],"picked":"Rip and Tear+1","floor":25},{"not_picked":["Thunder Strike","Machine Learning"],"picked":"ReplayTheSpireMod:Fabricate Wheel","floor":33},{"not_picked":["Chaos","Tempest+1"],"picked":"Panic Button+1","floor":35},{"not_picked":["Sweeping Beam+1","Conserve Battery"],"picked":"Go for the Eyes","floor":35}],"player_experience":331315,"relics_obtained":[{"floor":3,"key":"Du-Vu Doll"},{"floor":9,"key":"Meat on the Bone"},{"floor":12,"key":"Blood Vial"},{"floor":24,"key":"Akabeko"}],"event_choices":[{"damage_healed":0,"gold_gain":75,"player_choice":"Gather Gold","damage_taken":11,"max_hp_gain":0,"max_hp_loss":0,"event_name":"World of Goop","floor":2,"gold_loss":0},{"damage_healed":0,"gold_gain":0,"player_choice":"Upgraded","damage_taken":0,"max_hp_gain":0,"max_hp_loss":0,"event_name":"Upgrade Shrine","floor":5,"gold_loss":0,"cards_upgraded":["Dualcast"]},{"damage_healed":0,"gold_gain":0,"player_choice":"Trade","damage_taken":0,"relics_obtained":["GremlinMask"],"max_hp_gain":0,"max_hp_loss":0,"event_name":"FaceTrader","floor":11,"gold_loss":0},{"damage_healed":0,"gold_gain":275,"player_choice":"Desecrate","damage_taken":0,"max_hp_gain":0,"max_hp_loss":0,"event_name":"Golden Shrine","floor":19,"gold_loss":0,"cards_obtained":["Regret"]},{"damage_healed":0,"gold_gain":180,"player_choice":"GOLD CARD GOLD ","damage_taken":25,"max_hp_gain":0,"max_hp_loss":0,"event_name":"Knowing Skull","floor":21,"potions_obtained":[],"gold_loss":0,"cards_obtained":["Trip"]},{"damage_healed":0,"gold_gain":0,"player_choice":"Stole Relic","damage_taken":0,"relics_obtained":["reliquary:BallBearing"],"max_hp_gain":0,"max_hp_loss":0,"event_name":"Addict","floor":29,"gold_loss":0,"cards_obtained":["Shame"]},{"damage_healed":0,"gold_gain":0,"player_choice":"Fight","damage_taken":0,"max_hp_gain":0,"max_hp_loss":0,"event_name":"Mysterious Sphere","floor":37,"gold_loss":0}],"is_beta":false,"boss_relics":[{"not_picked":["Replay:Drink Me","Snecko Eye"],"picked":"conspire:SpecialSausage"},{"not_picked":["reliquary:Ember","AddBug"],"picked":"Replay:Bronze Core"}],"items_purged_floors":[22,31],"is_endless":false,"potions_floor_spawned":[4,12,14,16,24],"killed_by":"2 Orb Walkers","ascension_level":1}}