{"host":"tq99ucv8ezzqzioe","time":1613073457,"event":{"mods":["BaseMod","Colored Map","Downfall","Highlight Path","Minty Spire (QoL Compilation)","StSLib"],"gold_per_floor":[116,132,11,22,22,57,57,57,109,109,109],"floor_reached":10,"language":"ENG","playtime":573,"items_purged":["Strike_G"],"score":92,"play_id":"1bcd096f-5613-4a6b-8047-46d6c0122d70","local_time":"20210211145737","is_ascension_mode":true,"campfire_choices":[{"floor":7,"key":"REST"}],"circlet_count":0,"master_deck":["Strike_G","Strike_G","Strike_G","Defend_G","Defend_G","Defend_G","Defend_G","Defend_G","Survivor","Neutralize","Decay","Backflip","Blade Dance","Blade Dance","Escape Plan","Blur"],"relics":["Ring of the Snake","Mango","Anchor"],"acts_visited":["Exordium"],"potions_floor_usage":[10],"damage_taken":[{"damage":4,"enemies":"Small Slimes","floor":1,"turns":5},{"damage":8,"enemies":"Jaw Worm","floor":2,"turns":6},{"damage":0,"enemies":"Cultist","floor":4,"turns":4},{"damage":36,"enemies":"3 Sentries","floor":6,"turns":10},{"damage":57,"enemies":"Gremlin Nob","floor":10,"turns":4}],"seed_played":"2505430439635985939","potions_obtained":[{"floor":2,"key":"Regen Potion"}],"is_trial":false,"path_per_floor":["M","M","$","M","?","E","R","$","T","E"],"character_chosen":"THE_SILENT","items_purchased":["Blade Dance"],"campfire_rested":1,"item_purchase_floors":[3],"current_hp_per_floor":[73,65,65,65,58,22,47,47,47,0,0],"gold":109,"neow_bonus":"ONE_RARE_RELIC","is_daily":false,"chose_seed":false,"campfire_upgraded":0,"win_rate":0.0,"timestamp":1613073457,"path_taken":["M","M","$","M","?","E","R","$","T","E"],"items_purchased_type":["Card"],"build_version":"2020-12-22","purchased_purges":1,"victory":false,"max_hp_per_floor":[84,84,84,84,84,84,84,84,84,84,84],"card_choices":[{"not_picked":["Endless Agony","Crippling Poison"],"picked":"Backflip","floor":1},{"not_picked":["Catalyst","Acrobatics"],"picked":"Blade Dance","floor":2},{"not_picked":["Sucker Punch","Underhanded Strike"],"picked":"Escape Plan","floor":4},{"not_picked":["Outmaneuver","Eviscerate"],"picked":"Blur","floor":6}],"player_experience":980982,"relics_obtained":[{"floor":6,"key":"Anchor"}],"event_choices":[{"cards_removed":["Strike_G"],"damage_healed":0,"gold_gain":0,"player_choice":"Card Removal","damage_taken":7,"max_hp_gain":0,"max_hp_loss":0,"event_name":"Golden Wing","floor":5,"gold_loss":0}],"is_beta":false,"boss_relics":[],"items_purged_floors":[3],"is_endless":false,"potions_floor_spawned":[2],"killed_by":"Gremlin Nob","ascension_level":8}}