{"host":"899crud3100o27sg","time":1613008293,"event":{"mods":["BaseMod","Better Third Choice","Colored Map","Colored Powertips","Downfall","Minty Spire (QoL Compilation)","Quick Restart","Relic Stats","Shop Mod","StSLib","The IronCluck"],"gold_per_floor":[112,129,139,150,160,160,186,186,209,209,209,209],"floor_reached":11,"language":"ENG","playtime":469,"items_purged":[],"score":131,"play_id":"32e1ca17-42c2-4ff0-a359-b754e5c04488","local_time":"20210211122133","is_ascension_mode":true,"campfire_choices":[{"data":"Bash","floor":6.0,"key":"SMITH"},{"data":"Wild Strike","floor":8.0,"key":"SMITH"}],"circlet_count":0,"master_deck":["AscendersBane","Strike_R","Strike_R","Strike_R","Strike_R","Strike_R","Defend_R","Defend_R","Defend_R","Defend_R","Bash+1","Thunderclap","Evolve","Wild Strike+1","Wild Strike","Blood for Blood","Combust"],"relics":["Burning Blood","Lantern","Pen Nib"],"acts_visited":[],"potions_floor_usage":[11],"damage_taken":[{"damage":1.0,"enemies":"Cultist","floor":1.0,"turns":4.0},{"damage":12.0,"enemies":"Jaw Worm","floor":2.0,"turns":2.0},{"damage":7.0,"enemies":"Small Slimes","floor":3.0,"turns":4.0},{"damage":11.0,"enemies":"Looter","floor":4.0,"turns":2.0},{"damage":12.0,"enemies":"2 Fungi Beasts","floor":5.0,"turns":4.0},{"damage":40.0,"enemies":"3 Sentries","floor":7.0,"turns":7.0},{"damage":33,"enemies":"Lagavulin","floor":11,"turns":5}],"seed_played":"-2229088939281158400","potions_obtained":[{"floor":3.0,"key":"DuplicationPotion"},{"floor":5.0,"key":"Energy Potion"},{"floor":7.0,"key":"champ:CounterPotion"}],"is_trial":false,"path_per_floor":["M","M","M","M","M","R","E","R","T","?","E"],"character_chosen":"IRONCLAD","items_purchased":[],"campfire_rested":0,"item_purchase_floors":[],"current_hp_per_floor":[80,74,73,68,62,62,28,28,28,33,0,0],"gold":209,"neow_bonus":"TEN_PERCENT_HP_BONUS","is_daily":false,"chose_seed":false,"campfire_upgraded":2,"win_rate":0.0,"timestamp":1613008293,"path_taken":["M","M","M","M","M","R","E","R","T","?","E"],"items_purchased_type":[],"build_version":"2020-12-22","purchased_purges":0,"victory":false,"max_hp_per_floor":[82,82,82,82,82,82,82,82,82,87,87,87],"relic_stats":{"counters":[7,28],"Pen Nib":[0],"obtain_stats":[{"Lantern":7,"Pen Nib":9,"Burning Blood":0},{"Lantern":6,"Pen Nib":6,"Burning Blood":0},{"Lantern":23,"Pen Nib":23,"Burning Blood":0}],"Burning Blood":36},"card_choices":[{"not_picked":["Rage","Flex"],"picked":"Thunderclap","floor":1.0},{"not_picked":["Anger","Armaments"],"picked":"Evolve","floor":2.0},{"not_picked":["Combust","Corruption"],"picked":"Wild Strike","floor":3.0},{"not_picked":["Anger","Heavy Blade"],"picked":"Wild Strike","floor":4.0},{"not_picked":["Armaments","Burning Pact"],"picked":"Blood for Blood","floor":5.0},{"not_picked":["Heavy Blade","Iron Wave"],"picked":"Combust","floor":7.0}],"player_experience":1037758,"relics_obtained":[{"floor":7.0,"key":"Lantern"},{"floor":9.0,"key":"Pen Nib"}],"event_choices":[{"damage_healed":0.0,"max_hp_gain":5.0,"max_hp_loss":0.0,"gold_gain":0.0,"event_name":"Big Fish","player_choice":"Donut","floor":10.0,"gold_loss":0.0,"damage_taken":0.0}],"is_beta":false,"boss_relics":[],"items_purged_floors":[],"is_endless":false,"potions_floor_spawned":[3,5,7],"killed_by":"Lagavulin","ascension_level":15}}