{"host":"qc8p2flj7wsy3zpg","time":1613011232,"event":{"mods":["BaseMod","Highlight Path","Minty Spire (QoL Compilation)","Monster List Patch","Relic Stats","StSLib"],"gold_per_floor":[109,109,302,316,316,316,335,335,335,60,80,91,91,91,91,187,187,205,205,21,21,21,21,21,31,55,55,72,90,106,106,106],"floor_reached":31,"language":"ENG","playtime":456,"items_purged":["Night Terror"],"score":225,"play_id":"d539029b-5a72-4df2-8aa7-dae9f8586608","local_time":"20210210204032","is_ascension_mode":false,"campfire_choices":[{"data":"Blade Dance","floor":6,"key":"SMITH"},{"data":"Sucker Punch","floor":8,"key":"SMITH"},{"data":"Envenom","floor":13,"key":"SMITH"},{"data":"Bouncing Flask","floor":15,"key":"SMITH"},{"data":"A Thousand Cuts","floor":23,"key":"SMITH"},{"data":"Dagger Spray","floor":27,"key":"SMITH"}],"circlet_count":0,"master_deck":["Survivor","Neutralize","Poisoned Stab+1","Blade Dance+1","Sucker Punch+1","Bouncing Flask+1","Envenom+1","Poisoned Stab","Adrenaline","Eviscerate","Bane","A Thousand Cuts+1","Underhanded Strike","Noxious Fumes","Dagger Spray+1","Unload","Poisoned Stab","Caltrops","Blade Dance+1","Deadly Poison","Prepared+1","Blade Dance"],"relics":["Sozu","Old Coin","Omamori","Bottled Flame","Meat on the Bone","Pandora\u0027s Box","Membership Card","Pen Nib"],"acts_visited":["Exordium","TheCity"],"potions_floor_usage":[],"damage_taken":[{"damage":0,"enemies":"Jaw Worm","floor":1,"turns":4},{"damage":0,"enemies":"Small Slimes","floor":4,"turns":3},{"damage":0,"enemies":"Cultist","floor":7,"turns":2},{"damage":10,"enemies":"Looter","floor":11,"turns":2},{"damage":13,"enemies":"Red Slaver","floor":12,"turns":2},{"damage":16,"enemies":"Slime Boss","floor":16,"turns":7},{"damage":10,"enemies":"Chosen","floor":18,"turns":3},{"damage":20,"enemies":"2 Thieves","floor":25,"turns":3},{"damage":21,"enemies":"Shelled Parasite and Fungi","floor":28,"turns":3},{"damage":18,"enemies":"3 Cultists","floor":29,"turns":4},{"damage":15,"enemies":"Snecko","floor":30,"turns":3},{"damage":25,"enemies":"Shelled Parasite and Fungi","floor":31,"turns":2}],"seed_played":"-3627070898057332661","potions_obtained":[],"is_trial":false,"path_per_floor":["M","?","?","M","?","R","M","R","T","$","M","M","R","?","R","B",null,"M","?","$","?","?","R","$","M","T","R","M","M","M","M"],"character_chosen":"THE_SILENT","items_purchased":["Meat on the Bone","Bouncing Flask","Membership Card"],"campfire_rested":0,"item_purchase_floors":[10,10,20],"current_hp_per_floor":[70,70,70,70,58,58,58,58,58,58,48,47,47,47,47,43,70,60,60,60,60,60,60,60,40,40,40,31,25,22,0,0],"gold":106,"neow_bonus":"BOSS_RELIC","is_daily":false,"chose_seed":false,"campfire_upgraded":6,"win_rate":0.0,"timestamp":1613011232,"path_taken":["M","?","?","?","?","R","M","R","T","$","M","M","R","?","R","BOSS","M","?","$","?","?","R","?","M","T","R","M","M","?","M"],"items_purchased_type":["Relic","Card","Relic"],"build_version":"2020-12-22","purchased_purges":1,"victory":false,"max_hp_per_floor":[70,70,70,70,70,70,70,70,70,70,70,70,70,70,70,70,70,70,70,70,70,70,70,70,70,70,70,70,70,70,70,70],"relic_stats":{"Sozu":8,"counters":[12,38],"Pandora\u0027s Box":["Eviscerate","Bane","A Thousand Cuts","Underhanded Strike","Noxious Fumes","Night Terror","Dagger Spray","Unload","Poisoned Stab","Caltrops"],"Pen Nib":[3],"obtain_stats":[{"Sozu":0,"Bottled Flame":9,"Pandora\u0027s Box":17,"Pen Nib":26,"Omamori":5,"Membership Card":20,"Ring of the Snake":0,"Old Coin":3,"Meat on the Bone":10},{"Sozu":0,"Bottled Flame":3,"Pandora\u0027s Box":6,"Pen Nib":8,"Omamori":2,"Membership Card":7,"Ring of the Snake":0,"Old Coin":1,"Meat on the Bone":3},{"Sozu":0,"Bottled Flame":9,"Pandora\u0027s Box":20,"Pen Nib":26,"Omamori":7,"Membership Card":23,"Ring of the Snake":0,"Old Coin":4,"Meat on the Bone":9}],"Meat on the Bone":60},"card_choices":[{"not_picked":["Flying Knee","Sucker Punch"],"picked":"Poisoned Stab","floor":1},{"not_picked":["Footwork","Cloak And Dagger"],"picked":"Blade Dance","floor":4},{"not_picked":["Dodge and Roll","Blur"],"picked":"Sucker Punch","floor":7},{"not_picked":["Bouncing Flask","Flying Knee"],"picked":"Envenom","floor":11},{"not_picked":["Prepared","Escape Plan"],"picked":"Poisoned Stab","floor":12},{"not_picked":["Night Terror","Bullet Time"],"picked":"Adrenaline","floor":16},{"not_picked":["Cloak And Dagger","Escape Plan"],"picked":"Blade Dance+1","floor":18},{"not_picked":["Endless Agony","Backflip"],"picked":"Deadly Poison","floor":25},{"not_picked":["Backflip","Flying Knee+1"],"picked":"Prepared+1","floor":28},{"not_picked":["Unload","Dodge and Roll+1"],"picked":"Blade Dance","floor":30}],"player_experience":2362780,"relics_obtained":[{"floor":9,"key":"Bottled Flame"},{"floor":26,"key":"Pen Nib"}],"event_choices":[{"damage_healed":0,"gold_gain":0,"player_choice":"Grow","damage_taken":0,"max_hp_gain":0,"max_hp_loss":0,"event_name":"Living Wall","floor":2,"gold_loss":0,"cards_upgraded":["Poisoned Stab"]},{"damage_healed":0,"gold_gain":0,"player_choice":"Paid Gold","damage_taken":0,"relics_obtained":["Old Coin"],"max_hp_gain":0,"max_hp_loss":0,"event_name":"WeMeetAgain","floor":3,"gold_loss":107},{"damage_healed":0,"gold_gain":0,"player_choice":"Success","damage_taken":12,"relics_obtained":["Omamori"],"max_hp_gain":0,"max_hp_loss":0,"event_name":"Scrap Ooze","floor":5,"gold_loss":0},{"damage_healed":0,"gold_gain":0,"player_choice":"Got Potions","damage_taken":0,"max_hp_gain":0,"max_hp_loss":0,"event_name":"Lab","floor":14,"gold_loss":0},{"damage_healed":0,"gold_gain":0,"player_choice":"Simplicity","damage_taken":0,"max_hp_gain":0,"max_hp_loss":0,"event_name":"Back to Basics","floor":19,"gold_loss":0,"cards_upgraded":[]},{"damage_healed":0,"gold_gain":0,"player_choice":"Ignored","damage_taken":0,"max_hp_gain":0,"max_hp_loss":0,"event_name":"Vampires","floor":22,"gold_loss":0}],"is_beta":false,"boss_relics":[{"not_picked":["Busted Crown","Black Star"],"picked":"Pandora\u0027s Box"}],"items_purged_floors":[20],"is_endless":false,"potions_floor_spawned":[7,12,16,25,28],"killed_by":"Shelled Parasite and Fungi","ascension_level":0}}