{"host":"rolltorest","time":1613019290,"event":{"mods":["BaseMod","Minty Spire (QoL Compilation)","Relic Stats","Slay the Relics Exporter","StSLib"],"gold_per_floor":[118,118,118,74,99,99,127,142,142,292,292,292,327,340,340,340,340],"floor_reached":16,"language":"ENG","playtime":203,"items_purged":[],"score":262,"play_id":"99f9ccb4-73da-40de-9cfc-9a5d40fe3a7a","local_time":"20210210205450","is_ascension_mode":true,"campfire_choices":[{"data":"Rip and Tear","floor":6,"key":"SMITH"},{"data":"Sweeping Beam","floor":11,"key":"SMITH"},{"data":"Cold Snap","floor":15,"key":"SMITH"}],"circlet_count":0,"master_deck":["AscendersBane","Strike_B","Strike_B","Strike_B","Defend_B","Defend_B","Defend_B","Defend_B","Zap+1","Dualcast","Rip and Tear+1","Seek","Sweeping Beam+1","Doubt","Cold Snap+1"],"relics":["Cracked Core","NeowsBlessing","Juzu Bracelet","Letter Opener","Pantograph","Golden Idol","Bronze Scales"],"acts_visited":["Exordium"],"potions_floor_usage":[13],"damage_taken":[{"damage":0,"enemies":"Small Slimes","floor":1,"turns":1},{"damage":0,"enemies":"3 Sentries","floor":7,"turns":1},{"damage":0,"enemies":"Jaw Worm","floor":8,"turns":1},{"damage":25,"enemies":"Lagavulin","floor":13,"turns":5},{"damage":4,"enemies":"2 Louse","floor":14,"turns":2},{"damage":55,"enemies":"Hexaghost","floor":16,"turns":9}],"seed_played":"3798510641139604902","potions_obtained":[{"floor":8,"key":"ColorlessPotion"}],"is_trial":false,"path_per_floor":["M","?","?","$","T","R","E","M","T","?","R","?","E","M","R","B"],"character_chosen":"DEFECT","items_purchased":["Rip and Tear"],"campfire_rested":0,"item_purchase_floors":[4],"current_hp_per_floor":[64,57,57,57,57,57,57,57,57,57,57,57,32,28,28,0,0],"gold":340,"neow_bonus":"THREE_ENEMY_KILL","is_daily":false,"chose_seed":false,"campfire_upgraded":3,"win_rate":0.0,"timestamp":1613019290,"path_taken":["M","?","?","?","?","R","E","M","T","?","R","?","E","M","R","BOSS"],"items_purchased_type":["Card"],"build_version":"2020-12-18","purchased_purges":0,"victory":false,"max_hp_per_floor":[71,71,71,71,71,71,71,71,71,71,71,64,64,64,64,64,64],"relic_stats":{"counters":[6,19],"Golden Idol":10,"Pantograph":25,"Bronze Scales":[51],"Juzu Bracelet":1,"Letter Opener":[10],"obtain_stats":[{"NeowsBlessing":0,"Golden Idol":12,"Pantograph":9,"Bronze Scales":13,"Juzu Bracelet":5,"Letter Opener":7,"Cracked Core":0},{"NeowsBlessing":0,"Golden Idol":3,"Pantograph":3,"Bronze Scales":4,"Juzu Bracelet":1,"Letter Opener":2,"Cracked Core":0},{"NeowsBlessing":0,"Golden Idol":3,"Pantograph":3,"Bronze Scales":8,"Juzu Bracelet":1,"Letter Opener":2,"Cracked Core":0}]},"card_choices":[{"not_picked":["Hologram","Scrape","Go for the Eyes"],"picked":"SKIP","floor":1},{"not_picked":["Turbo","Recycle"],"picked":"Seek","floor":7},{"not_picked":["Stack","Leap"],"picked":"Sweeping Beam","floor":8},{"not_picked":["Chaos","Coolheaded"],"picked":"Cold Snap","floor":13},{"not_picked":["Turbo","Sunder","Sweeping Beam"],"picked":"SKIP","floor":14}],"player_experience":1946159,"relics_obtained":[{"floor":5,"key":"Juzu Bracelet"},{"floor":7,"key":"Letter Opener"},{"floor":9,"key":"Pantograph"},{"floor":13,"key":"Bronze Scales"}],"event_choices":[{"cards_removed":["Strike_B"],"damage_healed":0,"gold_gain":0,"player_choice":"Card Removal","damage_taken":7,"max_hp_gain":0,"max_hp_loss":0,"event_name":"Golden Wing","floor":2,"gold_loss":0},{"damage_healed":0,"gold_gain":0,"player_choice":"Grow","damage_taken":0,"max_hp_gain":0,"max_hp_loss":0,"event_name":"Living Wall","floor":3,"gold_loss":0,"cards_upgraded":["Zap"]},{"damage_healed":0,"gold_gain":150,"player_choice":"AGREE","damage_taken":0,"max_hp_gain":0,"max_hp_loss":0,"event_name":"Liars Game","floor":10,"gold_loss":0,"cards_obtained":["Doubt"]},{"damage_healed":0,"gold_gain":0,"player_choice":"Lose Max HP","damage_taken":0,"relics_obtained":["Golden Idol"],"max_hp_gain":0,"max_hp_loss":7,"event_name":"Golden Idol","floor":12,"gold_loss":0}],"is_beta":true,"boss_relics":[],"items_purged_floors":[],"is_endless":false,"potions_floor_spawned":[8],"killed_by":"Hexaghost","ascension_level":20}}