{"host":"3po7ngt2j61s4rmj","time":1613018490,"event":{"mods":["BaseMod","Minty Spire (QoL Compilation)","Relic Stats","Replay The Spire","StSLib"],"gold_per_floor":[117,117,130,154,169,209,209,209,209],"floor_reached":8,"language":"ENG","playtime":514,"items_purged":[],"score":116,"play_id":"8fbda63e-9e84-45e5-bb9f-80c3d62f2120","local_time":"20210210214130","is_ascension_mode":true,"campfire_choices":[{"floor":7,"key":"REST"}],"circlet_count":0,"master_deck":["AscendersBane","Strike_B","Strike_B","Strike_B","Strike_B","Defend_B","Defend_B","Defend_B","Defend_B","Zap","Dualcast","Cold Snap","Hologram","Steam","Capacitor","Conserve Battery"],"relics":["Cracked Core","Golden Idol","Bird Faced Urn"],"acts_visited":["Exordium"],"potions_floor_usage":[6],"damage_taken":[{"damage":12,"enemies":"Jaw Worm","floor":1,"turns":4},{"damage":14,"enemies":"Small Slimes","floor":3,"turns":3},{"damage":1,"enemies":"Cultist","floor":4,"turns":3},{"damage":6,"enemies":"Blue Slaver","floor":5,"turns":5},{"damage":33,"enemies":"3 Sentries","floor":6,"turns":9},{"damage":31,"enemies":"Lagavulin","floor":8,"turns":6}],"seed_played":"7881027182165963067","potions_obtained":[{"floor":4,"key":"Adrenaline Potion"}],"is_trial":false,"path_per_floor":["M","?","M","M","M","E","R","E"],"character_chosen":"DEFECT","items_purchased":[],"campfire_rested":1,"item_purchase_floors":[],"current_hp_per_floor":[59,59,45,44,38,5,26,0,0],"gold":209,"neow_bonus":"TEN_PERCENT_HP_BONUS","is_daily":false,"chose_seed":false,"campfire_upgraded":0,"win_rate":0.0,"timestamp":1613018490,"path_taken":["M","?","M","M","M","E","R","E"],"items_purchased_type":[],"build_version":"2020-12-22","purchased_purges":0,"victory":false,"max_hp_per_floor":[78,71,71,71,71,71,71,71,71],"relic_stats":{"counters":[6,30],"Golden Idol":19,"Bird Faced Urn":[2],"obtain_stats":[{"Golden Idol":2,"Bird Faced Urn":6,"Cracked Core":0},{"Golden Idol":1,"Bird Faced Urn":5,"Cracked Core":0},{"Golden Idol":4,"Bird Faced Urn":24,"Cracked Core":0}]},"card_choices":[{"not_picked":["Gash","Leap"],"picked":"Cold Snap","floor":1},{"not_picked":["Reprogram","Scrape"],"picked":"Hologram","floor":3},{"not_picked":["ReplayTheSpireMod:System Scan","Panic Button"],"picked":"Steam","floor":4},{"not_picked":["Reinforced Body","Conserve Battery"],"picked":"Capacitor","floor":5},{"not_picked":["Rebound","Steam"],"picked":"Conserve Battery","floor":6}],"player_experience":899083,"relics_obtained":[{"floor":6,"key":"Bird Faced Urn"}],"event_choices":[{"damage_healed":0,"gold_gain":0,"player_choice":"Lose Max HP","damage_taken":0,"relics_obtained":["Golden Idol"],"max_hp_gain":0,"max_hp_loss":7,"event_name":"Golden Idol","floor":2,"gold_loss":0}],"is_beta":false,"boss_relics":[],"items_purged_floors":[],"is_endless":false,"potions_floor_spawned":[4],"killed_by":"Lagavulin","ascension_level":20}}