{"host":"lehbxtjrpalkmwwj","time":1613019814,"event":{"mods":["ATMod(°¢èªMod)","Aspiration","BaseMod","Challenge The Spire","Colored Map","Colored Powertips","Conspire","Dota2Spire","Energized Spire","Hunter ÁÔÈË","Minty Spire (QoL Compilation)","Quick Restart","Relic Stats","Reliquary","Replay The Spire","Spicy Shops","StSLib","TestMod","The Cursed","The IronCluck","The Poker Player","Waifu the Spire","Wide Potions","[IsaacMod]ÒÔÈö¼âËþ","¡¾ÒÅÎï¿¨ÅÆ¡¿REMEMod","É³µñ²ÄÖÊ°ümod","óô»ðÖ¸ÄÏ"],"gold_per_floor":[119,119,42,49,74,115,128,169,169,169,217,235,242,285,285,409,409,435,510,560,4,29,29,36,36],"floor_reached":24,"language":"ZHS","playtime":832,"items_purged":[],"score":314,"play_id":"def71bb9-c9ab-4b85-94fd-c518e44337e4","local_time":"20210211130334","is_ascension_mode":true,"campfire_choices":[{"floor":10,"key":"RECALL"},{"data":"Apotheosis","floor":15,"key":"SMITH"},{"floor":23,"key":"REST"}],"circlet_count":0,"master_deck":["TheCursedMod:Strike_TheCursed","TheCursedMod:Strike_TheCursed","TheCursedMod:Strike_TheCursed","TheCursedMod:Strike_TheCursed","TheCursedMod:Defend_TheCursed","TheCursedMod:Defend_TheCursed","TheCursedMod:Defend_TheCursed+1","TheCursedMod:Defend_TheCursed","TheCursedMod:CursedWand","TheCursedMod:CleanUpWorkshop","TheCursedMod:Dregs","EpicFetus","Apotheosis+1","AT_Dispersion+1","TheCursedMod:SaltUponWound","Amnesia","TheCursedMod:DemonSword","TheCursedMod:CursedStaff","TheCursedMod:CursedBlade","TheCursedMod:CursedMace","TheCursedMod:HellsGateOpen","TheCursedMod:CursedStaff","TheCursedMod:Grudge","TheCursedMod:AntiAging","TheCursedMod:Wield+1","TheCursedMod:ReleasedStrength","TheCursedMod:CursedShiv+1"],"relics":["TheCursedMod:BlackMagic101","HushsDoor","AT_ATBox","testmod-TestBox","REME_ComplimentaryCards","testmod-BatchProcessingSystem","SalivaCoin","NeowsBlessing","Ring of Misfortune","Ring of Hypnosis","Toolbox","Golden Idol","Centennial Puzzle","reliquary:RoseTintedGlasses","aspiration:FetidBarrel","Pet Ghost","Replay:Bottled Flurry","reliquary:Ember","aspiration:Nostalgia","Replay:M_StaffOfTheSnake","conspire:Dentures","ClockworkSouvenir"],"acts_visited":["Exordium","TheCity"],"potions_floor_usage":[14],"damage_taken":[{"damage":0,"enemies":"Small Slimes","floor":1,"turns":1},{"damage":0,"enemies":"2 Louse","floor":5,"turns":1},{"damage":0,"enemies":"Lagavulin","floor":6,"turns":3},{"damage":0,"enemies":"Jaw Worm","floor":7,"turns":2},{"damage":1,"enemies":"3 Sentries","floor":8,"turns":4},{"damage":1,"enemies":"Gremlin Nob","floor":11,"turns":3},{"damage":0,"enemies":"Gremlin Gang","floor":12,"turns":2},{"damage":12,"enemies":"Lagavulin","floor":14,"turns":3},{"damage":0,"enemies":"Slime Boss","floor":16,"turns":4},{"damage":2,"enemies":"Chosen","floor":18,"turns":3},{"damage":17,"enemies":"3 Byrds","floor":19,"turns":3},{"damage":0,"enemies":"Snake Plant","floor":22,"turns":2},{"damage":1,"enemies":"Book of Stabbing","floor":24,"turns":1}],"seed_played":"-6652029130008821498","potions_obtained":[{"floor":6,"key":"Elixir"},{"floor":12,"key":"Energy Potion"},{"floor":14,"key":"Ancient Potion"},{"floor":16,"key":"SpeedPotion"},{"floor":22,"key":"DuplicationPotion"}],"is_trial":false,"path_per_floor":["M","?","$","?","M","E","M","E","T","R","E","M","?","E","R","B",null,"M","M","?","$","M","R","E"],"character_chosen":"THE_CURSED","items_purchased":["Toolbox","aspiration:Nostalgia","conspire:Dentures","ClockworkSouvenir"],"campfire_rested":1,"item_purchase_floors":[3,21,21,21],"current_hp_per_floor":[75,75,75,57,57,57,57,56,56,56,55,55,40,28,28,28,75,75,60,45,45,45,68,67,67],"gold":36,"neow_bonus":"THREE_ENEMY_KILL","is_daily":false,"chose_seed":false,"campfire_upgraded":1,"win_rate":0.0,"timestamp":1613019814,"path_taken":["M","?","$","?","?","E","M","E","T","R","E","M","?","E","R","BOSS","M","?","?","$","M","R","E"],"items_purchased_type":["Relic","Relic","Relic","Relic"],"build_version":"2020-12-22","purchased_purges":0,"victory":false,"max_hp_per_floor":[75,75,75,75,75,75,75,75,75,75,75,75,75,75,75,75,75,77,79,79,79,79,79,79,79],"relic_stats":{"Centennial Puzzle":[18],"counters":[13,32],"Golden Idol":80,"obtain_stats":[{"KeepersGift":0,"conspire:Dentures":21,"TheCursedMod:BlackMagic101":0,"AT_ATBox":0,"testmod-TestBox":0,"Replay:M_StaffOfTheSnake":21,"NeowsBlessing":0,"Ring of Hypnosis":2,"Golden Idol":4,"aspiration:FetidBarrel":9,"aspiration:Nostalgia":21,"testmod-BatchProcessingSystem":0,"Pet Ghost":11,"ClockworkSouvenir":21,"Centennial Puzzle":6,"Ring of Misfortune":2,"Toolbox":3,"reliquary:RoseTintedGlasses":8,"SalivaCoin":0,"Replay:Bottled Flurry":14,"reliquary:Ember":17,"HushsDoor":0,"REME_ComplimentaryCards":0},{"KeepersGift":0,"conspire:Dentures":11,"TheCursedMod:BlackMagic101":0,"AT_ATBox":0,"testmod-TestBox":0,"Replay:M_StaffOfTheSnake":11,"NeowsBlessing":0,"Ring of Hypnosis":1,"Golden Idol":1,"aspiration:FetidBarrel":5,"aspiration:Nostalgia":11,"testmod-BatchProcessingSystem":0,"Pet Ghost":6,"ClockworkSouvenir":11,"Centennial Puzzle":3,"Ring of Misfortune":1,"Toolbox":1,"reliquary:RoseTintedGlasses":5,"SalivaCoin":0,"Replay:Bottled Flurry":8,"reliquary:Ember":9,"HushsDoor":0,"REME_ComplimentaryCards":0},{"KeepersGift":0,"conspire:Dentures":29,"TheCursedMod:BlackMagic101":0,"AT_ATBox":0,"testmod-TestBox":0,"Replay:M_StaffOfTheSnake":29,"NeowsBlessing":0,"Ring of Hypnosis":1,"Golden Idol":1,"aspiration:FetidBarrel":11,"aspiration:Nostalgia":29,"testmod-BatchProcessingSystem":0,"Pet Ghost":14,"ClockworkSouvenir":29,"Centennial Puzzle":5,"Ring of Misfortune":1,"Toolbox":1,"reliquary:RoseTintedGlasses":11,"SalivaCoin":0,"Replay:Bottled Flurry":19,"reliquary:Ember":23,"HushsDoor":0,"REME_ComplimentaryCards":0}]},"card_choices":[{"not_picked":[],"picked":"EpicFetus","floor":0},{"not_picked":["TheCursedMod:Wield","TheCursedMod:RapidMovement"],"picked":"TheCursedMod:SaltUponWound","floor":1},{"not_picked":["TheCursedMod:CursedShiv","TheCursedMod:FleshFromBone"],"picked":"TheCursedMod:DemonSword","floor":5},{"not_picked":["TheCursedMod:Stretching","TheCursedMod:ReleasedKnowledge"],"picked":"TheCursedMod:CursedStaff","floor":6},{"not_picked":["TheCursedMod:FleshFromBone","TheCursedMod:SpitefulStrike"],"picked":"TheCursedMod:CursedBlade","floor":7},{"not_picked":["TheCursedMod:TroublousMinions","TheCursedMod:RapidMovement"],"picked":"TheCursedMod:CursedMace","floor":8},{"not_picked":["TheCursedMod:SpitefulPray","TheCursedMod:RapidMovement"],"picked":"TheCursedMod:HellsGateOpen","floor":11},{"not_picked":["TheCursedMod:CircleOfCorruption","Bomb"],"picked":"TheCursedMod:CursedStaff","floor":12},{"not_picked":["TheCursedMod:WearCloak","TheCursedMod:FleshFromBone"],"picked":"TheCursedMod:Grudge","floor":14},{"not_picked":["TheCursedMod:CursedRelics","TheCursedMod:StunningStrike"],"picked":"TheCursedMod:AntiAging","floor":16},{"not_picked":["TheCursedMod:SaltUponWound","TheCursedMod:FleshFromBone"],"picked":"TheCursedMod:Wield+1","floor":18},{"not_picked":["TheCursedMod:CursedAmulet","TheCursedMod:TroublousMinions+1"],"picked":"TheCursedMod:ReleasedStrength","floor":19},{"not_picked":["TheCursedMod:TacticalStrike+1","TheCursedMod:RapidMovement"],"picked":"TheCursedMod:CursedShiv+1","floor":22}],"player_experience":161091,"relics_obtained":[{"floor":2,"key":"Ring of Misfortune"},{"floor":2,"key":"Ring of Hypnosis"},{"floor":6,"key":"Centennial Puzzle"},{"floor":8,"key":"reliquary:RoseTintedGlasses"},{"floor":9,"key":"aspiration:FetidBarrel"},{"floor":11,"key":"Pet Ghost"},{"floor":14,"key":"Replay:Bottled Flurry"}],"event_choices":[{"damage_healed":0,"gold_gain":0,"player_choice":"Take Damage","damage_taken":18,"relics_obtained":["Golden Idol"],"max_hp_gain":0,"max_hp_loss":0,"event_name":"Golden Idol","floor":4,"gold_loss":0},{"damage_healed":0,"gold_gain":0,"player_choice":"Entered Light","damage_taken":15,"max_hp_gain":0,"max_hp_loss":0,"event_name":"Shining Light","floor":13,"gold_loss":0,"cards_upgraded":["TheCursedMod:Defend_TheCursed","AT_Dispersion"]}],"is_beta":false,"boss_relics":[{"not_picked":["conspire:SpecialSausage","testmod-KeyOfTheVoid"],"picked":"reliquary:Ember"},{"not_picked":[]}],"items_purged_floors":[],"is_endless":false,"potions_floor_spawned":[6,12,14,16,22],"killed_by":"Book of Stabbing","ascension_level":1}}