{"host":"tud3zq2mf0bnaan1","time":1613022638,"event":{"mods":["Act Like it!","BaseMod","Decade(王小明)","Dota2Spire","Downfall","Friendly Minions","Gensokyo","Hallownest","Highlight Path","Lobotomy","LobotomyExtend","Luminous","Marisa（F雨　魔理沙）","Minty Spire (QoL Compilation)","Pale of the Ancients","Reimu（博丽灵梦）","Remilia（蕾米莉亚）","Replay The Spire","StSLib","The Bug Knight","The Hierophant","Waifu the Spire","WarShipGirlsR/战舰少女R mod","Yakumo Yukari mod","[IsaacMod]以撒尖塔"],"gold_per_floor":[110,128,128,140,159,190,190,209,255,286,63,77,104,114,114,216,216,233,29,29,40,40,75,85,98,151,151,77,77,77],"floor_reached":29,"language":"ZHS","playtime":5792,"items_purged":["WallGazer","CherryBlossoms"],"score":287,"play_id":"57cdb7cb-5dfb-4943-8215-7b4ad06d5b67","local_time":"20210211135038","is_ascension_mode":false,"campfire_choices":[{"data":"GlobalNightmare","floor":7.0,"key":"SMITH"},{"data":"FitfulNightmare","floor":15.0,"key":"SMITH"},{"floor":27.0,"key":"RECALL"}],"circlet_count":0,"master_deck":["Strike_RM","Strike_RM","Strike_RM+1","Strike_RM","Defend_RM","Defend_RM","Defend_RM","Defend_RM","RedMoon","ScarletShoot","BloodyBrimstone","VampireClaw","MHz","MiserableFate","ShyLook","VampireFantasy","GlobalNightmare+1","UniverseFragment","ScarletDevil+1","FitfulNightmare+1","SpiderBud","ScarletSymphony","UnderTheZenith","OSAHOGD","ForecastOfChange","ReplayTheSpireMod:IOU","Laetitia","BlueStar","Wellcheers","StarOfDavid"],"relics":["ScarletHat","HushsDoor","DeadEye","CogitoBucket","LetterFromLob","Nunchaku","Replay:Bottled Steam","Replay:Wax Seal","Whetstone","PunchingBag","Busted Crown","Membership Card","Pet Ghost","HornCleat","Dota2Spire:DivineRapier","RuthlessExorcism:ReiMu","Lantern"],"acts_visited":["Exordium","TheCity"],"potions_floor_usage":[29,29,29],"damage_taken":[{"damage":0.0,"enemies":"2 Louse","floor":1.0,"turns":3.0},{"damage":4.0,"enemies":"Cultist","floor":2.0,"turns":4.0},{"damage":15.0,"enemies":"Small Slimes","floor":4.0,"turns":6.0},{"damage":12.0,"enemies":"Exordium Wildlife","floor":5.0,"turns":7.0},{"damage":10.0,"enemies":"HollowMod:MossKnight","floor":6.0,"turns":12.0},{"damage":38.0,"enemies":"Red Slaver","floor":8.0,"turns":14.0},{"damage":34.0,"enemies":"Gremlin Nob","floor":10.0,"turns":7.0},{"damage":0.0,"enemies":"Lots of Slimes","floor":12.0,"turns":1.0},{"damage":5.0,"enemies":"Replay:BlueRogue","floor":13.0,"turns":19.0},{"damage":0.0,"enemies":"Looter","floor":14.0,"turns":1.0},{"damage":85.0,"enemies":"The Guardian","floor":16.0,"turns":22.0},{"damage":46.0,"enemies":"Spheric Guardian","floor":18.0,"turns":12.0},{"damage":7.0,"enemies":"Shell Parasite","floor":21.0,"turns":4.0},{"damage":22.0,"enemies":"HollowMod:Nosk","floor":23.0,"turns":15.0},{"damage":0.0,"enemies":"Snecko","floor":24.0,"turns":3.0},{"damage":0.0,"enemies":"Centurion and Healer","floor":25.0,"turns":3.0},{"damage":20.0,"enemies":"Replay:Snechameleon","floor":28.0,"turns":6.0},{"damage":56,"enemies":"Chosen and Byrds","floor":29,"turns":5}],"seed_played":"-5369709275852639291","potions_obtained":[{"floor":1.0,"key":"Toxic Potion"},{"floor":4.0,"key":"Weak Potion"},{"floor":5.0,"key":"Dexterity Potion"},{"floor":6.0,"key":"DuplicationPotion"},{"floor":13.0,"key":"Slimebound:ThreeZeroPotion"},{"floor":14.0,"key":"Adrenaline Potion"},{"floor":18.0,"key":"GrandPatriotsElixir:ReiMu"},{"floor":23.0,"key":"EssenceOfSteel"},{"floor":28.0,"key":"Elixir"}],"is_trial":false,"path_per_floor":["M","M","?","M","M","E","R","M","T","E","$","M","E","M","R","B",null,"M","$","?","M","$","E","M","M","T","R","E","M"],"character_chosen":"REMILIA","items_purchased":["Whetstone","Membership Card","Pet Ghost","HornCleat"],"campfire_rested":0,"item_purchase_floors":[11,19,19,19],"current_hp_per_floor":[75,71,71,59,49,51,51,43,43,11,11,11,63,66,66,14,72,34,34,46,51,51,66,69,69,69,69,51,0,0],"gold":77,"neow_bonus":"","is_daily":false,"chose_seed":false,"campfire_upgraded":2,"win_rate":0.0,"timestamp":1613022638,"path_taken":["M","M","?","M","M","E","R","?","T","E","$","?","E","M","R","BOSS","M","?","?","M","$","E","M","M","T","R","E","M"],"items_purchased_type":["Relic","Relic","Relic","Relic"],"build_version":"2020-12-22","purchased_purges":2,"victory":false,"max_hp_per_floor":[75,75,75,78,78,78,78,72,72,72,72,69,69,69,69,72,72,66,66,66,66,66,69,69,69,69,69,69,69,69],"card_choices":[{"not_picked":[],"picked":"BloodyBrimstone","floor":0.0},{"not_picked":["ScarletImprint","RedRainbow"],"picked":"VampireClaw","floor":1.0},{"not_picked":["FairyFestival","CrumblingArmor"],"picked":"WallGazer","floor":1.0},{"not_picked":["CherryBlossoms","BeautyBeast"],"picked":"MHz","floor":2.0},{"not_picked":["FavorOfDestiny","VampireSweep"],"picked":"MiserableFate","floor":2.0},{"not_picked":["SnowQueen","Funeral"],"picked":"ShyLook","floor":4.0},{"not_picked":["HeartBreak","VampireKiss"],"picked":"VampireFantasy","floor":4.0},{"not_picked":["CharismaGuard","VampireFantasy"],"picked":"GlobalNightmare","floor":5.0},{"not_picked":["PunishingBird","CrumblingArmor"],"picked":"Wellcheers","floor":5.0},{"not_picked":["Funeral","OldLady"],"picked":"UniverseFragment","floor":6.0},{"not_picked":["ScarletImprint","RedMagic"],"picked":"ScarletDevil","floor":6.0},{"not_picked":["DiffusionOfMisfortune","VampireKiss"],"picked":"FitfulNightmare","floor":8.0},{"not_picked":["MeatLantern","BigBird"],"picked":"SpiderBud","floor":8.0},{"not_picked":["EndlessAdversity","NightDance"],"picked":"ScarletSymphony","floor":10.0},{"not_picked":["PunishingBird","MeatLantern"],"picked":"CherryBlossoms","floor":10.0},{"not_picked":["MeatLantern","NakedNest","DespairKnight"],"picked":"Singing Bowl","floor":12.0},{"not_picked":["DiffusionOfMisfortune","BlasphemousPunishment"],"picked":"UnderTheZenith","floor":12.0},{"not_picked":["PunishingBird","RedShoes","CrumblingArmor"],"picked":"Singing Bowl","floor":13.0},{"not_picked":["LaLuna","QueenOfHatred"],"picked":"OSAHOGD","floor":13.0},{"not_picked":["VampireKiss","ScarletDevil","Maim"],"picked":"SKIP","floor":13.0},{"not_picked":["PunishingBird","CrumblingArmor","Murderer"],"picked":"Singing Bowl","floor":14.0},{"not_picked":["DiffusionOfMisfortune","BatForm","UnderTheZenith"],"picked":"SKIP","floor":14.0},{"not_picked":["Murderer","Bloodbath","SingingMachine"],"picked":"Singing Bowl","floor":16.0},{"not_picked":["ChaoticDestiny","KillingBlow"],"picked":"ForecastOfChange","floor":16.0},{"not_picked":["Scorched","OldLady"],"picked":"CherryBlossoms","floor":18.0},{"not_picked":["RedRainbow"],"picked":"SKIP","floor":18.0},{"not_picked":["PunishingBird","VoidDream"],"picked":"Laetitia","floor":21.0},{"not_picked":["ScarletDevilSign"],"picked":"SKIP","floor":21.0},{"not_picked":["NakedNest","BeautyBeast"],"picked":"BlueStar","floor":23.0},{"not_picked":["CharismaGuard"],"picked":"SKIP","floor":23.0},{"not_picked":["BeautyBeast","Porccubus"],"picked":"Wellcheers","floor":24.0},{"not_picked":["ScarletImprint"],"picked":"SKIP","floor":24.0},{"not_picked":["ScarletImprint"],"picked":"SKIP","floor":24.0},{"not_picked":["ScarletDevil"],"picked":"SKIP","floor":25.0},{"not_picked":[],"picked":"StarOfDavid","floor":28.0}],"player_experience":192254,"relics_obtained":[{"floor":1.0,"key":"LetterFromLob"},{"floor":3.0,"key":"Nunchaku"},{"floor":6.0,"key":"Replay:Bottled Steam"},{"floor":10.0,"key":"Replay:Wax Seal"},{"floor":13.0,"key":"PunchingBag"},{"floor":23.0,"key":"Dota2Spire:DivineRapier"},{"floor":26.0,"key":"RuthlessExorcism:ReiMu"},{"floor":28.0,"key":"Lantern"}],"event_choices":[{"damage_healed":0.0,"max_hp_gain":0.0,"max_hp_loss":0.0,"gold_gain":0.0,"event_name":"Wheel of Change","player_choice":"Relic","floor":3.0,"gold_loss":0.0,"damage_taken":0.0}],"is_beta":false,"boss_relics":[{"not_picked":["Runic Dome","ChewingGum"],"picked":"Busted Crown"},{"not_picked":[]}],"items_purged_floors":[11,19],"is_endless":false,"potions_floor_spawned":[1,4,5,6,13,14,18,23,28],"killed_by":"Chosen and Byrds","ascension_level":0}}