{"host":"y0i0tbisecj7yjyn","time":1613028840,"event":{"mods":["AchievementEnabler","AlwaysNeverKeys","BaseMod","BetterRewards","Colored Map","Colored Powertips","Curses Come First","Disable Question Mark Monsters","Displayed Cursed Tome","Highlight Path","Keyboard Shortcuts","Minty Spire (QoL Compilation)","Quick Restart","Random Character Button","Rare Cards Sparkle","StSLib","SuperFastMode","Transform Curses","Weighted Paths"],"gold_per_floor":[109,109,109,127,127,155,155,186,186,186,213,213,213,229,229,325,325,343,443,458,472,472,472],"floor_reached":22,"language":"ENG","playtime":1106,"items_purged":[],"score":242,"play_id":"b31e8df9-8207-4fb8-ba5a-514fa5853a09","local_time":"20210211013400","is_ascension_mode":true,"campfire_choices":[{"floor":7.0,"key":"REST"},{"data":"Redo","floor":10.0,"key":"SMITH"},{"floor":13.0,"key":"REST"},{"floor":15.0,"key":"REST"}],"circlet_count":0,"master_deck":["Strike_B","Strike_B","Strike_B","Strike_B","Defend_B","Defend_B","Defend_B","Defend_B","Zap","Dualcast","Ball Lightning","Redo+1","Regret","Doom and Gloom","Rebound","Conserve Battery","Redo","Electrodynamics+1","Chaos"],"relics":["Cracked Core","Shuriken","Meat on the Bone","Regal Pillow","Frozen Egg 2","Art of War","InkBottle","Fusion Hammer"],"acts_visited":["Exordium","TheCity"],"potions_floor_usage":[22],"damage_taken":[{"damage":0.0,"enemies":"Cultist","floor":1.0,"turns":3.0},{"damage":2.0,"enemies":"Jaw Worm","floor":4.0,"turns":4.0},{"damage":22.0,"enemies":"3 Sentries","floor":6.0,"turns":5.0},{"damage":44.0,"enemies":"Lagavulin","floor":8.0,"turns":5.0},{"damage":37.0,"enemies":"3 Sentries","floor":11.0,"turns":6.0},{"damage":2.0,"enemies":"2 Louse","floor":14.0,"turns":2.0},{"damage":63.0,"enemies":"The Guardian","floor":16.0,"turns":9.0},{"damage":13.0,"enemies":"Spheric Guardian","floor":18.0,"turns":3.0},{"damage":2.0,"enemies":"Chosen","floor":20.0,"turns":4.0},{"damage":41.0,"enemies":"Snake Plant","floor":21.0,"turns":3.0},{"damage":33,"enemies":"Centurion and Healer","floor":22,"turns":4}],"seed_played":"8173456424055313224","potions_obtained":[{"floor":0.0,"key":"FearPotion"},{"floor":0.0,"key":"Strength Potion"},{"floor":0.0,"key":"DistilledChaos"},{"floor":4.0,"key":"LiquidMemories"},{"floor":14.0,"key":"SpeedPotion"},{"floor":16.0,"key":"SteroidPotion"},{"floor":20.0,"key":"LiquidBronze"},{"floor":21.0,"key":"Dexterity Potion"}],"is_trial":false,"path_per_floor":["M","?","?","M","?","E","R","E","T","R","E","?","R","M","R","B",null,"M","?","M","M","M"],"character_chosen":"DEFECT","items_purchased":[],"campfire_rested":3,"item_purchase_floors":[],"current_hp_per_floor":[75,68,68,66,66,44,75,43,43,43,18,18,55,53,75,24,75,62,62,60,31,0,0],"gold":472,"neow_bonus":"THREE_SMALL_POTIONS","is_daily":false,"chose_seed":false,"campfire_upgraded":1,"win_rate":0.0,"timestamp":1613028840,"path_taken":["M","?","?","M","?","E","R","E","T","R","E","?","R","M","R","BOSS","M","?","M","M","?"],"items_purchased_type":[],"build_version":"2020-12-22","purchased_purges":0,"victory":false,"max_hp_per_floor":[75,75,75,75,75,75,75,75,75,75,75,75,75,75,75,75,75,75,75,75,75,75,75],"card_choices":[{"not_picked":["Steam","Conserve Battery"],"picked":"Ball Lightning","floor":1.0},{"not_picked":["Chaos","Rebound"],"picked":"Redo","floor":4.0},{"not_picked":["Turbo","Blizzard"],"picked":"Doom and Gloom","floor":6.0},{"not_picked":["Auto Shields","Tempest"],"picked":"Rebound","floor":8.0},{"not_picked":["Go for the Eyes","Coolheaded"],"picked":"Conserve Battery","floor":11.0},{"not_picked":["Sweeping Beam","Coolheaded"],"picked":"Redo","floor":14.0},{"not_picked":["Biased Cognition+1","Amplify"],"picked":"Electrodynamics+1","floor":16.0},{"not_picked":["Rebound","Cold Snap","Sweeping Beam"],"picked":"SKIP","floor":18.0},{"not_picked":["Gash","FTL","Chill"],"picked":"SKIP","floor":20.0},{"not_picked":["Steam Power+1","Steam+1"],"picked":"Chaos","floor":21.0}],"player_experience":429134,"relics_obtained":[{"floor":6.0,"key":"Regal Pillow"},{"floor":8.0,"key":"Frozen Egg 2"},{"floor":9.0,"key":"Art of War"},{"floor":11.0,"key":"InkBottle"}],"event_choices":[{"damage_healed":0.0,"max_hp_gain":0.0,"max_hp_loss":0.0,"gold_gain":0.0,"event_name":"Scrap Ooze","player_choice":"Success","floor":2.0,"gold_loss":0.0,"damage_taken":7.0,"relics_obtained":["Shuriken"]},{"damage_healed":0.0,"max_hp_gain":0.0,"max_hp_loss":0.0,"gold_gain":0.0,"event_name":"Golden Wing","player_choice":"Ignored","floor":3.0,"gold_loss":0.0,"damage_taken":0.0},{"damage_healed":0.0,"max_hp_gain":0.0,"max_hp_loss":0.0,"gold_gain":0.0,"event_name":"Big Fish","player_choice":"Box","floor":5.0,"gold_loss":0.0,"damage_taken":0.0,"relics_obtained":["Meat on the Bone"],"cards_obtained":["Regret"]},{"damage_healed":0.0,"max_hp_gain":0.0,"max_hp_loss":0.0,"gold_gain":0.0,"event_name":"Golden Idol","player_choice":"Ignored","floor":12.0,"gold_loss":0.0,"damage_taken":0.0},{"damage_healed":0.0,"max_hp_gain":0.0,"max_hp_loss":0.0,"gold_gain":100.0,"event_name":"Golden Shrine","player_choice":"Pray","floor":19.0,"gold_loss":0.0,"damage_taken":0.0}],"is_beta":false,"boss_relics":[{"not_picked":["Cursed Key","Inserter"],"picked":"Fusion Hammer"}],"items_purged_floors":[],"is_endless":false,"potions_floor_spawned":[4,14,16,20,21],"killed_by":"Centurion and Healer","ascension_level":4}}