{"host":"xc18ixkpjvqrt8st","time":1613057954,"event":{"mods":["Act Like it!","BaseMod","Better Match","Better Third Choice","Conspire","Downfall","Hallownest","Hermit","Hubris","Minty Spire (QoL Compilation)","Reliquary","Robot Space Explorer","Shop Mod","Spicy Shops","Spire Arcade","StSLib","The Animator","The Edgeheg","The Jungle","The Sage"],"gold_per_floor":[114,140,3,14,31,59,9,13,13],"floor_reached":8,"language":"ENG","playtime":347,"items_purged":[],"score":62,"play_id":"c5bcc424-9f92-45f0-9d59-6c5af6a56dfb","local_time":"20210211093914","is_ascension_mode":true,"campfire_choices":[],"circlet_count":0,"master_deck":["animator:Strike_MadokaMagica","animator:Defend_MadokaMagica","animator:Strike","animator:Strike","animator:Strike","animator:Defend","animator:Defend","animator:Defend","animator:IrohaTamaki","animator:YuiTsuruno","animator:SilverFang","animator:SakuraMatou","Injury","animator:Darkness","animator:MetalKnight","animator:Rider","animator:Chris","animator:Entoma"],"relics":["animator:LivingPicture","animator:TheMissingPiece","NeowsBlessing","Pantograph","ClockworkSouvenir","reliquary:BoilingFlask"],"acts_visited":["Exordium"],"potions_floor_usage":[6,8],"damage_taken":[{"damage":0,"enemies":"Small Slimes","floor":1,"turns":1},{"damage":0,"enemies":"conspire:MimicChest","floor":2,"turns":1},{"damage":0,"enemies":"Cultist","floor":4,"turns":1},{"damage":6,"enemies":"2 Louse","floor":5,"turns":4},{"damage":35,"enemies":"Lagavulin","floor":6,"turns":9},{"damage":32,"enemies":"3 Sentries","floor":8,"turns":5}],"seed_played":"4318338397373684200","potions_obtained":[{"floor":2,"key":"SkillPotion"},{"floor":4,"key":"GamblersBrew"}],"is_trial":false,"path_per_floor":["M","?","$","M","M","E","$","E"],"character_chosen":"THE_ANIMATOR","items_purchased":["ClockworkSouvenir","animator:Darkness","animator:Entoma"],"campfire_rested":0,"item_purchase_floors":[3,3,7],"current_hp_per_floor":[66,66,66,66,60,25,25,0,0],"gold":13,"neow_bonus":"THREE_ENEMY_KILL","is_daily":false,"chose_seed":false,"campfire_upgraded":0,"win_rate":0.0,"timestamp":1613057954,"path_taken":["M","?","$","?","M","E","?","E"],"items_purchased_type":["Relic","Card","Card"],"build_version":"2020-12-22","purchased_purges":0,"victory":false,"max_hp_per_floor":[66,66,66,66,66,66,66,66,66],"card_choices":[{"not_picked":["animator:Evileye","animator:Assassin"],"picked":"animator:SilverFang","floor":1},{"not_picked":["animator:Scar","animator:ShinjiMatou"],"picked":"animator:SakuraMatou","floor":2},{"not_picked":["animator:Illya","animator:PandorasActor"],"picked":"animator:MetalKnight","floor":4},{"not_picked":["animator:Souei","animator:Verdia"],"picked":"animator:Rider","floor":5},{"not_picked":["animator:Megumin","animator:Aqua"],"picked":"animator:Chris","floor":6}],"player_experience":703498,"relics_obtained":[{"floor":2,"key":"Pantograph"},{"floor":6,"key":"reliquary:BoilingFlask"}],"event_choices":[],"is_beta":false,"boss_relics":[],"items_purged_floors":[],"is_endless":false,"potions_floor_spawned":[2,4],"killed_by":"3 Sentries","ascension_level":2}}