{"host":"Nexxot","time":1613042884,"event":{"mods":["AchievementEnabler","BaseMod","Bestiary","Colored Map","Curses Come First","Highlight Path","Minty Spire (QoL Compilation)","Relic Stats","StSLib"],"gold_per_floor":[114,114,129,140,153,153,180,180,204,234,250,269,269,282,282,379,379,379,379,379,379,29,29,29,29,29,29,29,29,29,29,29,29,29,29,29,29,29,29,29,29,29,29,29,29,29,29,29,29,29,29,29,29,29,29],"floor_reached":56,"language":"ENG","playtime":2808,"items_purged":["Strike_P"],"score":2051,"play_id":"f6fcd0aa-f936-40b5-ac96-2ca77ef6e3b3","local_time":"20210211122804","is_ascension_mode":true,"campfire_choices":[{"data":"ForeignInfluence","floor":6,"key":"SMITH"},{"data":"Eruption","floor":8,"key":"SMITH"},{"data":"Protect","floor":13,"key":"SMITH"},{"floor":15,"key":"REST"},{"data":"Conclude","floor":23,"key":"SMITH"},{"data":"Wireheading","floor":25,"key":"SMITH"},{"data":"Wallop","floor":28,"key":"SMITH"},{"data":"WheelKick","floor":32,"key":"SMITH"},{"floor":49,"key":"RECALL"},{"data":"Nirvana","floor":52,"key":"SMITH"}],"circlet_count":0,"master_deck":["AscendersBane","Strike_P","Strike_P","Strike_P","Defend_P","Defend_P","Defend_P","Defend_P","Eruption+1","Vigilance","Brilliance","ForeignInfluence+1","BowlingBash","WheelKick+1","Conclude+1","Wireheading+1","Protect+1","JustLucky","Halt","Vault","Fasting2+1","ThirdEye+1","Weave","Wallop+1","CutThroughFate+1","Crescendo+1","Tantrum+1","DeusExMachina","Sanctity+1","TalkToTheHand+1","Nirvana+1","Master of Strategy+1","Panache","Panacea","SashWhip","JustLucky+1","CutThroughFate+1","ThirdEye+1","ClearTheMind","ThirdEye+1","SashWhip+1","JustLucky"],"relics":["PureWater","GremlinMask","Potion Belt","Akabeko","Pen Nib","Ectoplasm","Bag of Preparation","White Beast Statue","Shuriken","Nunchaku","Bird Faced Urn","SacredBark","WingedGreaves","PreservedInsect","Bottled Lightning","Pear","Smiling Mask","Blue Candle","Happy Flower"],"acts_visited":["Exordium","TheCity","TheBeyond","TheEnding"],"potions_floor_usage":[5,7,10,16,27,33,37,40,50,50,54,55,55,55,55,55,55,55],"damage_taken":[{"damage":0,"enemies":"2 Louse","floor":1,"turns":1},{"damage":0,"enemies":"Cultist","floor":3,"turns":2},{"damage":0,"enemies":"Jaw Worm","floor":4,"turns":3},{"damage":4,"enemies":"Red Slaver","floor":5,"turns":4},{"damage":18,"enemies":"Gremlin Nob","floor":7,"turns":4},{"damage":3,"enemies":"3 Sentries","floor":10,"turns":6},{"damage":0,"enemies":"Looter","floor":11,"turns":3},{"damage":0,"enemies":"Exordium Wildlife","floor":12,"turns":3},{"damage":8,"enemies":"Blue Slaver","floor":14,"turns":3},{"damage":5,"enemies":"The Guardian","floor":16,"turns":9},{"damage":0,"enemies":"Chosen","floor":18,"turns":4},{"damage":0,"enemies":"2 Thieves","floor":19,"turns":2},{"damage":3,"enemies":"Centurion and Healer","floor":21,"turns":4},{"damage":7,"enemies":"Gremlin Leader","floor":24,"turns":7},{"damage":14,"enemies":"Slavers","floor":27,"turns":6},{"damage":1,"enemies":"3 Cultists","floor":29,"turns":4},{"damage":1,"enemies":"Gremlin Leader","floor":30,"turns":3},{"damage":0,"enemies":"Snecko","floor":31,"turns":3},{"damage":10,"enemies":"Automaton","floor":33,"turns":6},{"damage":0,"enemies":"3 Darklings","floor":35,"turns":1},{"damage":2,"enemies":"Orb Walker","floor":36,"turns":2},{"damage":0,"enemies":"2 Orb Walkers","floor":37,"turns":4},{"damage":5,"enemies":"Nemesis","floor":40,"turns":5},{"damage":0,"enemies":"Reptomancer","floor":41,"turns":3},{"damage":0,"enemies":"Giant Head","floor":42,"turns":5},{"damage":0,"enemies":"Jaw Worm Horde","floor":44,"turns":2},{"damage":0,"enemies":"Reptomancer","floor":46,"turns":2},{"damage":1,"enemies":"Writhing Mass","floor":47,"turns":7},{"damage":0,"enemies":"Giant Head","floor":48,"turns":4},{"damage":4,"enemies":"Donu and Deca","floor":50,"turns":5},{"damage":0,"enemies":"Shield and Spear","floor":54,"turns":2},{"damage":27,"enemies":"The Heart","floor":55,"turns":10}],"seed_played":"-3870326100769092152","potions_obtained":[{"floor":1,"key":"Block Potion"},{"floor":3,"key":"SteroidPotion"},{"floor":7,"key":"BlessingOfTheForge"},{"floor":10,"key":"PowerPotion"},{"floor":19,"key":"Swift Potion"},{"floor":24,"key":"Explosive Potion"},{"floor":27,"key":"Ancient Potion"},{"floor":29,"key":"Swift Potion"},{"floor":30,"key":"SkillPotion"},{"floor":33,"key":"Swift Potion"},{"floor":36,"key":"CultistPotion"},{"floor":37,"key":"EssenceOfSteel"},{"floor":40,"key":"AttackPotion"},{"floor":41,"key":"EntropicBrew"},{"floor":54,"key":"Swift Potion"}],"is_trial":false,"path_per_floor":["M","?","M","M","M","R","E","R","T","E","M","M","R","M","R","B",null,"M","M","?","M","$","R","E","R","T","E","R","M","E","M","R","B",null,"M","M","?","?","?","E","E","E","T","M","?","E","M","E","R","B",null,"R","$","E","B",null],"character_chosen":"WATCHER","items_purchased":["Bag of Preparation","Weave","SkillPotion"],"campfire_rested":1,"item_purchase_floors":[22,22,22],"current_hp_per_floor":[65,65,65,65,61,61,43,43,43,40,40,40,40,32,53,48,66,66,66,66,63,63,63,56,56,56,42,42,41,40,42,42,34,63,63,63,63,53,53,56,60,78,78,78,78,80,82,82,82,82,82,82,82,82,62],"gold":29,"neow_bonus":"ONE_RANDOM_RARE_CARD","is_daily":false,"chose_seed":false,"campfire_upgraded":8,"win_rate":0.0,"timestamp":1613042884,"path_taken":["M","?","M","M","M","R","E","R","T","E","M","?","R","M","R","BOSS","M","M","?","M","$","R","E","R","T","E","R","M","E","?","R","BOSS","M","M","?","?","?","E","E","E","T","?","?","E","M","E","R","BOSS","R","$","E","BOSS"],"items_purchased_type":["Relic","Card","Potion"],"build_version":"2020-12-18","purchased_purges":1,"victory":true,"max_hp_per_floor":[72,72,72,72,72,72,72,72,72,72,72,72,72,72,72,72,72,72,72,72,72,72,72,72,72,72,72,72,72,72,72,72,72,72,72,72,72,72,72,72,72,82,82,82,82,82,82,82,82,82,82,82,82,82,82],"relic_stats":{"Nunchaku":[22],"Happy Flower":[3],"counters":[32,129],"Shuriken":[55],"Bird Faced Urn":[42],"Blue Candle":[0],"Pen Nib":[31],"Ectoplasm":559,"PreservedInsect":457,"Bag of Preparation":[38],"Smiling Mask":0,"obtain_stats":[{"Potion Belt":7,"Pear":42,"Happy Flower":54,"SacredBark":34,"Blue Candle":48,"GremlinMask":2,"Pen Nib":10,"PreservedInsect":40,"Bag of Preparation":22,"Smiling Mask":46,"Akabeko":9,"White Beast Statue":24,"Nunchaku":27,"Shuriken":26,"Bird Faced Urn":30,"Ectoplasm":17,"WingedGreaves":37,"Bottled Lightning":41,"PureWater":0},{"Potion Belt":5,"Pear":25,"Happy Flower":31,"SacredBark":19,"Blue Candle":29,"GremlinMask":1,"Pen Nib":6,"PreservedInsect":23,"Bag of Preparation":13,"Smiling Mask":27,"Akabeko":5,"White Beast Statue":14,"Nunchaku":15,"Shuriken":14,"Bird Faced Urn":17,"Ectoplasm":10,"WingedGreaves":22,"Bottled Lightning":24,"PureWater":0},{"Potion Belt":14,"Pear":97,"Happy Flower":119,"SacredBark":77,"Blue Candle":112,"GremlinMask":1,"Pen Nib":20,"PreservedInsect":89,"Bag of Preparation":48,"Smiling Mask":101,"Akabeko":14,"White Beast Statue":55,"Nunchaku":61,"Shuriken":55,"Bird Faced Urn":68,"Ectoplasm":38,"WingedGreaves":84,"Bottled Lightning":92,"PureWater":0}]},"card_choices":[{"not_picked":["ReachHeaven","MentalFortress"],"picked":"ForeignInfluence","floor":1},{"not_picked":["EmptyBody","SashWhip"],"picked":"BowlingBash","floor":3},{"not_picked":["Protect","ThirdEye"],"picked":"WheelKick","floor":4},{"not_picked":["Crescendo","FlyingSleeves"],"picked":"EmptyBody","floor":5},{"not_picked":["FlurryOfBlows","EmptyFist"],"picked":"Conclude","floor":7},{"not_picked":["WaveOfTheHand","Collect"],"picked":"Wireheading","floor":10},{"not_picked":["Swivel","SashWhip"],"picked":"Protect","floor":11},{"not_picked":["Conclude","ClearTheMind"],"picked":"JustLucky","floor":12},{"not_picked":["ForeignInfluence","BowlingBash"],"picked":"Halt","floor":14},{"not_picked":["Omniscience","Devotion"],"picked":"Vault","floor":16},{"not_picked":["FlyingSleeves","LikeWater","EmptyFist"],"picked":"SKIP","floor":18},{"not_picked":["Consecrate","FlyingSleeves"],"picked":"Fasting2+1","floor":19},{"not_picked":["Protect+1","FlyingSleeves"],"picked":"ThirdEye+1","floor":21},{"not_picked":["FlyingSleeves","Swivel"],"picked":"Wallop","floor":24},{"not_picked":["Study","Protect"],"picked":"CutThroughFate+1","floor":27},{"not_picked":["WheelKick","Evaluate+1"],"picked":"Crescendo+1","floor":29},{"not_picked":["FlyingSleeves","Protect","Conclude"],"picked":"SKIP","floor":30},{"not_picked":["Brilliance","ClearTheMind+1"],"picked":"Tantrum+1","floor":31},{"not_picked":["Alpha","Judgement"],"picked":"DeusExMachina","floor":33},{"not_picked":["BowlingBash+1","Evaluate"],"picked":"Sanctity+1","floor":35},{"not_picked":["BowlingBash+1","JustLucky"],"picked":"TalkToTheHand+1","floor":36},{"not_picked":["Collect","Sanctity+1"],"picked":"Nirvana","floor":37},{"not_picked":["Panacea","Secret Technique"],"picked":"Master of Strategy","floor":38},{"not_picked":["Purity","Discovery"],"picked":"Panache","floor":38},{"not_picked":["Blind","Impatience"],"picked":"Panacea","floor":38},{"not_picked":["Blasphemy","Vengeance"],"picked":"SashWhip","floor":40},{"not_picked":["BattleHymn+1","Nirvana"],"picked":"JustLucky+1","floor":41},{"not_picked":["DeusExMachina","FlyingSleeves+1"],"picked":"CutThroughFate+1","floor":42},{"not_picked":["Nirvana+1","SashWhip"],"picked":"ThirdEye+1","floor":44},{"not_picked":["EmptyFist+1","Blasphemy"],"picked":"ClearTheMind","floor":46},{"not_picked":["BattleHymn","DeceiveReality+1"],"picked":"ThirdEye+1","floor":47},{"not_picked":["FlyingSleeves+1","ThirdEye+1"],"picked":"SashWhip+1","floor":48},{"not_picked":["CrushJoints+1","SashWhip"],"picked":"JustLucky","floor":54}],"player_experience":354762,"relics_obtained":[{"floor":7,"key":"Potion Belt"},{"floor":9,"key":"Akabeko"},{"floor":10,"key":"Pen Nib"},{"floor":24,"key":"White Beast Statue"},{"floor":26,"key":"Shuriken"},{"floor":27,"key":"Nunchaku"},{"floor":30,"key":"Bird Faced Urn"},{"floor":37,"key":"WingedGreaves"},{"floor":40,"key":"PreservedInsect"},{"floor":41,"key":"Bottled Lightning"},{"floor":42,"key":"Pear"},{"floor":46,"key":"Smiling Mask"},{"floor":48,"key":"Blue Candle"},{"floor":54,"key":"Happy Flower"}],"event_choices":[{"damage_healed":0,"gold_gain":0,"player_choice":"Trade","damage_taken":0,"relics_obtained":["GremlinMask"],"max_hp_gain":0,"max_hp_loss":0,"event_name":"FaceTrader","floor":2,"gold_loss":0},{"damage_healed":0,"gold_gain":0,"player_choice":"Ignored","damage_taken":0,"max_hp_gain":0,"max_hp_loss":0,"event_name":"Golden Shrine","floor":20,"gold_loss":0},{"damage_healed":0,"gold_gain":0,"player_choice":"Fight","damage_taken":0,"max_hp_gain":0,"max_hp_loss":0,"event_name":"Mysterious Sphere","floor":37,"gold_loss":0},{"damage_healed":0,"gold_gain":0,"player_choice":"Memory 3","damage_taken":10,"max_hp_gain":0,"max_hp_loss":0,"event_name":"SensoryStone","floor":38,"gold_loss":0},{"cards_removed":["EmptyBody"],"damage_healed":0,"gold_gain":0,"player_choice":"Removed Skill","damage_taken":0,"max_hp_gain":0,"max_hp_loss":0,"event_name":"Falling","floor":39,"gold_loss":0},{"damage_healed":0,"gold_gain":0,"player_choice":"Upgraded","damage_taken":0,"max_hp_gain":0,"max_hp_loss":0,"event_name":"Upgrade Shrine","floor":45,"gold_loss":0,"cards_upgraded":["Master of Strategy"]}],"is_beta":true,"boss_relics":[{"not_picked":["Black Star","Sozu"],"picked":"Ectoplasm"},{"not_picked":["Velvet Choker","Cursed Key"],"picked":"SacredBark"}],"items_purged_floors":[22],"is_endless":false,"potions_floor_spawned":[1,3,7,10,19,24,27,29,30,31,33,35,36,37,40,41,42,44,46,47,48,54],"ascension_level":10}}