{"host":"duy7hn61njv7ibc3","time":1613047862,"event":{"mods":["2.2 Compatiblity","AchievementEnabler","BaseMod","Colored Powertips","Faster Ascension Climbing","GifTheSpireLib","Minty Spire (QoL Compilation)","Permanent Neow","Quick Restart","Relic Filter","Remove Card Discount Mod","StSLib","Stuff the Spire","Uncapped"],"gold_per_floor":[119,119,136,200,217,550,1211,1226,1226,1258,1258,1308,1328,1357,1357,1433,1433,1452,834,852,902,913,913,913],"floor_reached":23,"language":"ENG","playtime":1336,"items_purged":["Defend_P","Regret"],"score":501,"play_id":"062fd6a2-06c9-49f6-85e2-c93efe986fb3","local_time":"20210211145102","is_ascension_mode":true,"campfire_choices":[{"data":"Establishment","floor":11,"key":"SMITH"},{"data":"Worship","floor":15,"key":"SMITH"}],"circlet_count":0,"master_deck":["AscendersBane","Strike_P","Strike_P","Strike_P","Strike_P","Defend_P","Defend_P","Defend_P","Eruption","Vigilance","Protect","LikeWater","Establishment+1","Worship+1","MentalFortress","Good Instincts","MentalFortress","Secret Weapon","ReachHeaven","ReachHeaven","Prostrate+1","StuffTheSpire:DeathNote"],"relics":["PureWater","NeowsBlessing","SsserpentHead","Old Coin","Dead Branch","StoneCalendar","DollysMirror","Blue Candle","Smiling Mask","Damaru","StuffTheSpire:GrapeVine","SlaversCollar","Pear","Vajra","Lee\u0027s Waffle"],"acts_visited":["Exordium","TheCity"],"potions_floor_usage":[7,8,10,16,20,22],"damage_taken":[{"damage":0,"enemies":"Cultist","floor":1,"turns":1},{"damage":0,"enemies":"2 Louse","floor":3,"turns":1},{"damage":0,"enemies":"Small Slimes","floor":4,"turns":2},{"damage":18,"enemies":"3 Louse","floor":5,"turns":4},{"damage":75,"enemies":"3 Sentries","floor":6,"turns":17},{"damage":6,"enemies":"Looter","floor":8,"turns":2},{"damage":62,"enemies":"Gremlin Nob","floor":10,"turns":4},{"damage":7,"enemies":"Large Slime","floor":13,"turns":5},{"damage":5,"enemies":"3 Sentries","floor":14,"turns":3},{"damage":6,"enemies":"Slime Boss","floor":16,"turns":5},{"damage":38,"enemies":"Shell Parasite","floor":18,"turns":3},{"damage":29,"enemies":"Spheric Guardian","floor":20,"turns":6},{"damage":35,"enemies":"Snecko","floor":22,"turns":7},{"damage":6,"enemies":"Gremlin Leader","floor":23,"turns":1}],"seed_played":"-2552056616921627164","potions_obtained":[{"floor":3,"key":"Fire Potion"},{"floor":6,"key":"SneckoOil"},{"floor":8,"key":"Regen Potion"},{"floor":10,"key":"Weak Potion"},{"floor":14,"key":"SpeedPotion"},{"floor":18,"key":"CultistPotion"}],"is_trial":false,"path_per_floor":["M","?","M","M","M","E","$","M","T","E","R","?","M","E","R","B",null,"M","$","M","?","M","E"],"character_chosen":"WATCHER","items_purchased":["Dead Branch","MentalFortress","Good Instincts","StoneCalendar","Fruit Juice","DollysMirror","Secret Weapon","Pear","Vajra","Lee\u0027s Waffle"],"campfire_rested":0,"item_purchase_floors":[7,7,7,7,7,7,7,19,19,19],"current_hp_per_floor":[61,61,61,61,43,33,38,32,32,20,20,20,13,8,8,2,55,17,90,61,36,1,0,0],"gold":913,"neow_bonus":"THREE_ENEMY_KILL","is_daily":false,"chose_seed":false,"campfire_upgraded":2,"win_rate":0.0,"timestamp":1613047862,"path_taken":["M","?","M","?","M","E","$","M","T","E","R","?","M","E","R","BOSS","M","$","M","?","M","E"],"items_purchased_type":["Relic","Card","Card","Relic","Potion","Relic","Card","Relic","Relic","Relic"],"build_version":"2020-12-22","purchased_purges":2,"victory":false,"max_hp_per_floor":[68,68,68,68,68,68,73,73,73,73,73,73,73,73,73,73,73,73,90,90,90,90,90,90],"card_choices":[{"not_picked":["Evaluate","ClearTheMind"],"picked":"Protect","floor":1},{"not_picked":["Collect","Protect"],"picked":"LikeWater","floor":3},{"not_picked":["CutThroughFate","EmptyBody","EmptyMind"],"picked":"SKIP","floor":4},{"not_picked":["ClearTheMind","CutThroughFate"],"picked":"Establishment","floor":5},{"not_picked":["Halt","Perseverance"],"picked":"Worship","floor":6},{"not_picked":["SignatureMove","Perseverance"],"picked":"ReachHeaven","floor":8},{"not_picked":["Wireheading","SignatureMove","ClearTheMind"],"picked":"SKIP","floor":10},{"not_picked":["Fasting2","CarveReality","WheelKick"],"picked":"SKIP","floor":13},{"not_picked":["Crescendo","Omniscience"],"picked":"ReachHeaven","floor":14},{"not_picked":["Halt","DeceiveReality","Protect"],"picked":"SKIP","floor":18},{"not_picked":["SpiritShield","Halt"],"picked":"Prostrate+1","floor":20},{"not_picked":["Nirvana","BattleHymn+1","Conclude"],"picked":"SKIP","floor":22}],"player_experience":61203,"relics_obtained":[{"floor":6,"key":"Old Coin"},{"floor":9,"key":"Blue Candle"},{"floor":10,"key":"Smiling Mask"},{"floor":14,"key":"StuffTheSpire:GrapeVine"}],"event_choices":[{"damage_healed":0,"gold_gain":0,"player_choice":"Trade","damage_taken":0,"relics_obtained":["SsserpentHead"],"max_hp_gain":0,"max_hp_loss":0,"event_name":"FaceTrader","floor":2,"gold_loss":0},{"damage_healed":0,"gold_gain":0,"player_choice":"Box","damage_taken":0,"relics_obtained":["Damaru"],"max_hp_gain":0,"max_hp_loss":0,"event_name":"Big Fish","floor":12,"gold_loss":0,"cards_obtained":["Regret"]}],"is_beta":false,"boss_relics":[{"not_picked":["StuffTheSpire:ModemDavis","Fusion Hammer"],"picked":"SlaversCollar"}],"items_purged_floors":[7,19],"is_endless":false,"potions_floor_spawned":[3,6,8,10,14,18],"killed_by":"Gremlin Leader","ascension_level":20}}