{"host":"h4lp0eeso8a0ssq0","time":1613071243,"event":{"mods":["2.2 Compatiblity","AchievementEnabler","BaseMod","CapriCore","Colored Map","Minty Spire (QoL Compilation)","StSLib","SuperFastMode"],"gold_per_floor":[119,169,180,22,73,102,102,133,159,159,175,204,263,263,263,263,263],"floor_reached":16,"language":"KOR","playtime":238,"items_purged":[],"score":282,"play_id":"71067576-7555-436e-bac6-8ef3e4358f2b","local_time":"20210212042043","is_ascension_mode":true,"campfire_choices":[{"data":"Accuracy","floor":7,"key":"SMITH"},{"floor":10,"key":"REST"},{"floor":15,"key":"REST"}],"circlet_count":0,"master_deck":["AscendersBane","Strike_G","Strike_G","Strike_G","Strike_G","Strike_G","Defend_G","Defend_G","Defend_G","Defend_G","Defend_G","Survivor","Neutralize","Backstab","Accuracy+1","Accuracy","Predator","Cloak And Dagger","Dagger Spray","Backflip","Cloak And Dagger","Cloak And Dagger"],"relics":["Ring of the Snake","NeowsBlessing","DollysMirror","Dream Catcher","Art of War","Blood Vial","Oddly Smooth Stone","Centennial Puzzle"],"acts_visited":["Exordium"],"potions_floor_usage":[8,8,12],"damage_taken":[{"damage":0,"enemies":"Jaw Worm","floor":1,"turns":1},{"damage":0,"enemies":"Cultist","floor":3,"turns":1},{"damage":0,"enemies":"3 Sentries","floor":6,"turns":1},{"damage":44,"enemies":"Gremlin Nob","floor":8,"turns":5},{"damage":0,"enemies":"2 Louse","floor":11,"turns":2},{"damage":24,"enemies":"Lagavulin","floor":12,"turns":7},{"damage":57,"enemies":"Slime Boss","floor":16,"turns":9}],"seed_played":"6880778819226925791","potions_obtained":[{"floor":1,"key":"SkillPotion"},{"floor":3,"key":"Energy Potion"},{"floor":8,"key":"Poison Potion"}],"is_trial":false,"path_per_floor":["M","?","M","$","T","E","R","E","T","R","M","E","?","?","R","B"],"character_chosen":"THE_SILENT","items_purchased":["DollysMirror"],"campfire_rested":2,"item_purchase_floors":[4],"current_hp_per_floor":[59,59,59,59,59,59,59,15,15,34,36,14,14,36,55,0,0],"gold":263,"neow_bonus":"THREE_ENEMY_KILL","is_daily":false,"chose_seed":false,"campfire_upgraded":1,"win_rate":0.0,"timestamp":1613071243,"path_taken":["M","?","M","$","?","E","R","E","T","R","?","E","?","?","R","BOSS"],"items_purchased_type":["Relic"],"build_version":"2020-12-22","purchased_purges":0,"victory":false,"max_hp_per_floor":[66,66,66,66,66,66,66,66,66,66,66,66,66,66,66,66,66],"card_choices":[{"not_picked":["Bane","Flechettes"],"picked":"Backstab","floor":1},{"not_picked":["Dodge and Roll","Calculated Gamble"],"picked":"Accuracy","floor":3},{"not_picked":["Deflect","Deadly Poison"],"picked":"Predator","floor":6},{"not_picked":["Leg Sweep","Bullet Time"],"picked":"Cloak And Dagger","floor":8},{"not_picked":["Reflex","Deadly Poison"],"picked":"Dagger Spray","floor":10},{"not_picked":["Acrobatics","Deadly Poison"],"picked":"Backflip","floor":11},{"not_picked":["Backstab","Prepared"],"picked":"Cloak And Dagger","floor":12},{"not_picked":["Deflect","Dodge and Roll"],"picked":"Cloak And Dagger","floor":15}],"player_experience":225220,"relics_obtained":[{"floor":5,"key":"Dream Catcher"},{"floor":6,"key":"Art of War"},{"floor":8,"key":"Blood Vial"},{"floor":9,"key":"Oddly Smooth Stone"},{"floor":12,"key":"Centennial Puzzle"}],"event_choices":[{"damage_healed":0,"gold_gain":50,"player_choice":"Pray","damage_taken":0,"max_hp_gain":0,"max_hp_loss":0,"event_name":"Golden Shrine","floor":2,"gold_loss":0},{"damage_healed":0,"gold_gain":59,"player_choice":"Gained Gold","damage_taken":0,"max_hp_gain":0,"max_hp_loss":0,"event_name":"Golden Wing","floor":13,"gold_loss":0},{"damage_healed":22,"gold_gain":0,"player_choice":"Banana","damage_taken":0,"max_hp_gain":0,"max_hp_loss":0,"event_name":"Big Fish","floor":14,"gold_loss":0}],"is_beta":false,"boss_relics":[],"items_purged_floors":[],"is_endless":false,"potions_floor_spawned":[1,3,8],"killed_by":"Slime Boss","ascension_level":20}}