{"host":"cc6r8m2qe4jvlwua","time":1613011486,"event":{"mods":["BaseMod","Hubris","Marisa????????","Minty Spire (QoL Compilation)","Morshu Shopkeeper","Replay The Spire","Spicy Shops","StSLib","The Cursed","The Marked","The Necromancer"],"gold_per_floor":[116,116,140,315,42,42,73,93,117,117,217,233,257,273,273,396,396,419,64,64,87,108,108,122,122,168,203,203,216,196,220,220,341,341,359,24,24,79,79,79,212,212,212,212,212,212,231,245,245,245],"floor_reached":51,"language":"ENG","playtime":2253,"items_purged":["Doubt","theMarked:Strike","theMarked:Strike","theMarked:Strike","theMarked:Strike","theMarked:Strike"],"score":745,"play_id":"683ea17b-82a3-4ad2-a43b-ea7cadcbdb7d","local_time":"20210210204446","is_ascension_mode":false,"campfire_choices":[{"data":"theMarked:Reabsorb","floor":6,"key":"SMITH"},{"data":"theMarked:EmpowerWeapon","floor":10,"key":"SMITH"},{"floor":15,"key":"REST"},{"data":"theMarked:Polarize","floor":23,"key":"SMITH"},{"data":"theMarked:SoldierOfQuellstein","floor":25,"key":"SMITH"},{"data":"theMarked:AttractMetal","floor":40,"key":"SMITH"},{"data":"theMarked:Abjuration","floor":44,"key":"SMITH"},{"data":"theMarked:AttractMetal","floor":46,"key":"SMITH"},{"data":"theMarked:Static","floor":49,"key":"SMITH"}],"circlet_count":0,"master_deck":["theMarked:Defend","theMarked:Defend","theMarked:Defend","theMarked:Defend","theMarked:SoldierOfQuellstein+1","theMarked:Reabsorb+1","theMarked:EmpowerWeapon+1","theMarked:Static+1","theMarked:Abjuration+1","theMarked:Polarize+1","theMarked:SoldierOfQuellstein+1","theMarked:RepellingDischarge+1","theMarked:Static+1","theMarked:AttractMetal+1","theMarked:AttractMetal+1","theMarked:ChannelForce+1","Parasite","hubris:NaturalOne"],"relics":["theMarked:ArtifactOfAir","Golden Idol","Replay:Baseball","ReplayTheSpireMod:Lightbulb","Bag of Marbles","Coffee Dripper","Replay:Bottled Steam","MealTicket","theMarked:VonisonLock","hubris:Icosahedron","Runic Pyramid","hubris:Towel","Toxic Egg 2","hubris:SlimyHat","Sundial"],"acts_visited":["Exordium","TheCity","TheBeyond"],"potions_floor_usage":[21,22,24,33,41,50],"damage_taken":[{"damage":1,"enemies":"Cultist","floor":1,"turns":3},{"damage":1,"enemies":"Jaw Worm","floor":3,"turns":3},{"damage":12,"enemies":"Lagavulin","floor":7,"turns":8},{"damage":0,"enemies":"2 Louse","floor":8,"turns":2},{"damage":0,"enemies":"Exordium Thugs","floor":12,"turns":4},{"damage":0,"enemies":"Exordium Wildlife","floor":13,"turns":2},{"damage":3,"enemies":"Red Slaver","floor":14,"turns":4},{"damage":56,"enemies":"Fading Forest","floor":16,"turns":11},{"damage":5,"enemies":"3 Byrds","floor":18,"turns":5},{"damage":5,"enemies":"2 Thieves","floor":21,"turns":4},{"damage":5,"enemies":"Cultist and Chosen","floor":22,"turns":5},{"damage":7,"enemies":"Shelled Parasite and Fungi","floor":24,"turns":5},{"damage":10,"enemies":"Replay:Snechameleon","floor":27,"turns":6},{"damage":24,"enemies":"Chosen and Byrds","floor":29,"turns":6},{"damage":2,"enemies":"Centurion and Healer","floor":31,"turns":5},{"damage":21,"enemies":"Champ","floor":33,"turns":8},{"damage":1,"enemies":"Orb Walker","floor":35,"turns":3},{"damage":14,"enemies":"Reptomancer","floor":41,"turns":9},{"damage":0,"enemies":"3 Darklings","floor":47,"turns":7},{"damage":0,"enemies":"Writhing Mass","floor":48,"turns":5},{"damage":16,"enemies":"Awakened One","floor":50,"turns":9}],"seed_played":"-6613996588289711343","potions_obtained":[{"floor":1,"key":"SteroidPotion"},{"floor":3,"key":"Venom Potion"},{"floor":13,"key":"Block Potion"},{"floor":16,"key":"Languid Potion"},{"floor":21,"key":"FearPotion"},{"floor":29,"key":"Venom Potion"},{"floor":30,"key":"Toxic Potion"},{"floor":38,"key":"Fire Potion"},{"floor":48,"key":"SneckoOil"}],"is_trial":false,"path_per_floor":["M","?","M","?","$","R","E","M","T","R","?","M","M","M","R","B",null,"M","$","?","M","M","R","M","R","T","E","?","M","?","M","R","B",null,"M","$","?","?","T","R","E","?","T","R","$","R","M","M","R","B",null],"character_chosen":"THE_DEFAULT","items_purchased":["Replay:Baseball","theMarked:EmpowerWeapon","Replay:Bottled Steam","theMarked:AttractMetal"],"campfire_rested":1,"item_purchase_floors":[5,5,19,36],"current_hp_per_floor":[69,52,51,51,51,51,39,39,39,39,39,39,39,36,57,11,70,65,65,65,60,55,55,48,48,48,38,38,14,14,12,33,12,70,69,70,70,53,53,53,39,39,39,39,27,27,27,27,27,11],"gold":245,"neow_bonus":"UPGRADE_CARD","is_daily":false,"chose_seed":false,"campfire_upgraded":8,"win_rate":0.0,"timestamp":1613011486,"path_taken":["M","?","M","?","$","R","E","M","T","R","?","M","?","M","R","BOSS","M","$","?","?","M","R","M","R","T","E","?","M","?","M","R","BOSS","M","?","?","?","?","R","E","?","T","R","?","R","M","M","R","BOSS"],"items_purchased_type":["Relic","Card","Relic","Card"],"build_version":"2020-12-22","purchased_purges":6,"victory":true,"max_hp_per_floor":[70,70,70,70,70,70,70,70,70,70,70,70,70,70,70,70,70,70,70,70,70,70,70,70,70,70,70,70,70,70,70,70,70,70,70,70,70,70,70,70,70,70,70,70,70,70,70,70,70,70],"card_choices":[{"not_picked":["theMarked:Determination","theMarked:ChainLightning","theMarked:ResourceFulStrike"],"picked":"SKIP","floor":1},{"not_picked":["theMarked:Friction","theMarked:ResourceFulStrike"],"picked":"theMarked:Reabsorb","floor":3},{"not_picked":["theMarked:RepellingDischarge","theMarked:ElectricStrings"],"picked":"theMarked:Static","floor":7},{"not_picked":["theMarked:Parkour","theMarked:Seal","theMarked:Reabsorb"],"picked":"SKIP","floor":8},{"not_picked":["theMarked:BanishingStrike","theMarked:EmpowerWeapon","theMarked:Parry"],"picked":"SKIP","floor":12},{"not_picked":["theMarked:TakeCover","theMarked:Parkour","theMarked:Determination"],"picked":"SKIP","floor":13},{"not_picked":["theMarked:Maelstrom","theMarked:Frustration","theMarked:TurnInvisible"],"picked":"SKIP","floor":14},{"not_picked":["theMarked:Challenge","theMarked:SuspiciousRaven"],"picked":"theMarked:Abjuration","floor":16},{"not_picked":["theMarked:Generate","theMarked:Memento+1"],"picked":"theMarked:Polarize","floor":18},{"not_picked":["theMarked:WastefulAttack","theMarked:ResourceFulStrike","theMarked:TwofoldDefense"],"picked":"SKIP","floor":21},{"not_picked":["theMarked:Improvise","theMarked:WastefulAttack+1"],"picked":"theMarked:RepellingDischarge+1","floor":22},{"not_picked":["theMarked:Opportunist","theMarked:Determination"],"picked":"theMarked:Static","floor":24},{"not_picked":["theMarked:Indomitable","theMarked:ComboAttacks+1","theMarked:ChainLightning"],"picked":"SKIP","floor":27},{"not_picked":["theMarked:TakeCover","theMarked:ResourceFulStrike+1","theMarked:Improvise"],"picked":"SKIP","floor":29},{"not_picked":["theMarked:AttractMetal","theMarked:ElectricStrings","theMarked:Opportunist+1"],"picked":"SKIP","floor":31},{"not_picked":["theMarked:WastefulAttack","theMarked:Aftermath","theMarked:RepellingDischarge"],"picked":"SKIP","floor":35},{"not_picked":["theMarked:SwordAndMagic+1","theMarked:LightningStrikesTwice"],"picked":"theMarked:ChannelForce+1","floor":41},{"not_picked":["theMarked:TwofoldDefense+1","theMarked:MysticalArsenal+1","theMarked:OneWithTheBlade+1"],"picked":"SKIP","floor":47},{"not_picked":["theMarked:Defy","theMarked:Memento+1","theMarked:BanishingStrike"],"picked":"SKIP","floor":48}],"player_experience":264087,"relics_obtained":[{"floor":7,"key":"ReplayTheSpireMod:Lightbulb"},{"floor":9,"key":"Bag of Marbles"},{"floor":26,"key":"MealTicket"},{"floor":27,"key":"theMarked:VonisonLock"},{"floor":39,"key":"Toxic Egg 2"},{"floor":41,"key":"hubris:SlimyHat"},{"floor":43,"key":"Sundial"}],"event_choices":[{"damage_healed":0,"gold_gain":0,"player_choice":"Take Damage","damage_taken":17,"relics_obtained":["Golden Idol"],"max_hp_gain":0,"max_hp_loss":0,"event_name":"Golden Idol","floor":2,"gold_loss":0},{"damage_healed":0,"gold_gain":175,"player_choice":"AGREE","damage_taken":0,"max_hp_gain":0,"max_hp_loss":0,"event_name":"Liars Game","floor":4,"gold_loss":0,"cards_obtained":["Doubt"]},{"damage_healed":0,"gold_gain":100,"player_choice":"Pray","damage_taken":0,"max_hp_gain":0,"max_hp_loss":0,"event_name":"Golden Shrine","floor":11,"gold_loss":0},{"damage_healed":0,"gold_gain":0,"player_choice":"1 cards matched","damage_taken":0,"max_hp_gain":0,"max_hp_loss":0,"event_name":"Match and Keep!","floor":20,"gold_loss":0,"cards_obtained":["theMarked:SoldierOfQuellstein"]},{"damage_healed":0,"gold_gain":0,"player_choice":"Bought 1 Potion","damage_taken":0,"max_hp_gain":0,"max_hp_loss":0,"event_name":"The Woman in Blue","floor":30,"gold_loss":0},{"damage_healed":0,"gold_gain":0,"player_choice":"Memory 1","damage_taken":0,"max_hp_gain":0,"max_hp_loss":0,"event_name":"SensoryStone","floor":42,"gold_loss":0}],"is_beta":false,"boss_relics":[{"not_picked":["Tiny House","SacredBark"],"picked":"Coffee Dripper"},{"not_picked":["Replay:Ancient Bell","ReplayTheSpireMod:DimensionalGlitch"],"picked":"Runic Pyramid"}],"items_purged_floors":[5,19,36,36,45,45],"is_endless":false,"potions_floor_spawned":[1,3,13,16,21,29,31,48],"ascension_level":0}}