{"host":"ttx8tv95o5vka1nm","time":1613046926,"event":{"mods":["AchievementEnabler","BaseMod","BetterRewards","Colored Map","Downfall","Evolution","Hermit","Hubris","Infinite Spire","Jorbs\u0027s Wanderer Trilogy","Minty Spire (QoL Compilation)","Relic Filter Mod","Reliquary","Replay The Spire","Robot Space Explorer","Shop Mod","Spicy Shops","StSLib","The Blue Laboratory","The Bug Knight","The Cursed","The Hayseed","The Necromancer","The Runesmith","TheBandit","TheVacant","Wandering Minibosses"],"gold_per_floor":[14,14,33,44,44,44,69,69,96,121,121,138,157,192,192,294,294,308,328,328,343,343,343,343,343,343,343,343,343],"floor_reached":27,"language":"ENG","playtime":2140,"items_purged":["wariomod:Smackflip"],"score":231,"play_id":"f278f838-f338-4360-aac6-9154bf80801e","local_time":"20210211223526","is_ascension_mode":false,"campfire_choices":[{"data":"wariomod:Leap","floor":6,"key":"SMITH"},{"data":"wariomod:EnergizedBombs","floor":8,"key":"SMITH"},{"data":"wariomod:BigUpgrade","floor":11,"key":"SMITH"},{"data":"wariomod:GoAgain","floor":15,"key":"SMITH"},{"data":"wariomod:SilenceBombs","floor":23,"key":"SMITH"}],"circlet_count":0,"master_deck":["wariomod:Smackflip","wariomod:Smackflip","wariomod:Smackflip","wariomod:SimpleShield","wariomod:SimpleShield","wariomod:Defend","wariomod:Defend","wariomod:Step","wariomod:Leap+1","Master of Strategy","wariomod:Goblast+1","wariomod:EnergizedBombs+1","wariomod:BigUpgrade+1","wariomod:BlastDash","wariomod:SilenceBombs+1","wariomod:GoAgain+1","wariomod:PoisonBombs+1","wariomod:Bombtime+1","wariomod:DropBash","hubris:EnhanceAbility","Enlightenment","Panacea"],"relics":["wariomod:TheHat","EVO:Axolotl","Blue Candle","reliquary:RosewoodLute","HollowMod:PaleOreRelic","infinitespire:Satchel","infinitespire:BottledMercury","Black Star","ReplayTheSpireMod:ShopPack","hubris:Icosahedron","Molten Egg 2"],"acts_visited":["Exordium","TheCity"],"potions_floor_usage":[16],"damage_taken":[{"damage":0,"enemies":"Small Slimes","floor":1,"turns":2},{"damage":0,"enemies":"2 Louse","floor":3,"turns":3},{"damage":0,"enemies":"Cultist","floor":4,"turns":3},{"damage":16,"enemies":"Lagavulin","floor":7,"turns":7},{"damage":14,"enemies":"3 Sentries","floor":10,"turns":8},{"damage":0,"enemies":"2 Fungi Beasts","floor":12,"turns":3},{"damage":7,"enemies":"Looter","floor":13,"turns":3},{"damage":15,"enemies":"Gremlin Nob","floor":14,"turns":4},{"damage":13,"enemies":"Hexaghost","floor":16,"turns":7},{"damage":13,"enemies":"Spheric Guardian","floor":18,"turns":6},{"damage":10,"enemies":"Chosen","floor":19,"turns":3},{"damage":31,"enemies":"Centurion and Healer","floor":21,"turns":5},{"damage":34,"enemies":"3 Cultists","floor":27,"turns":3}],"seed_played":"-1129229603199134047","potions_obtained":[{"floor":4,"key":"Dexterity Potion"},{"floor":7,"key":"blueLaboratory:Moonshine"},{"floor":10,"key":"ColorlessPotion"},{"floor":21,"key":"SteroidPotion"}],"is_trial":false,"path_per_floor":["M","?","M","M","?","R","E","R","T","E","R","M","M","E","R","B",null,"M","M","AVR","M","?","R","?","?","T","M"],"character_chosen":"THE_BANDIT","items_purchased":[],"campfire_rested":0,"item_purchase_floors":[],"current_hp_per_floor":[80,75,75,75,75,75,59,59,59,45,45,45,38,23,23,10,80,67,57,57,26,26,26,26,26,26,0,0,0],"gold":343,"neow_bonus":"RANDOM_COLORLESS_2","is_daily":false,"chose_seed":false,"campfire_upgraded":5,"win_rate":0.0,"timestamp":1613046926,"path_taken":["M","?","M","M","?","R","E","R","T","E","R","M","M","E","R","BOSS","M","?","AVR","M","?","R","?","?","T","M"],"items_purchased_type":[],"build_version":"2020-12-22","purchased_purges":1,"victory":false,"max_hp_per_floor":[80,80,80,80,80,80,80,80,80,80,80,80,80,80,80,80,80,80,80,80,80,80,80,80,80,80,80,80,80],"card_choices":[{"not_picked":["Secret Technique","Transmutation"],"picked":"Master of Strategy","floor":0},{"not_picked":["wariomod:DisarmingMoves","wariomod:ThatsNotAll","wariomod:Boomsmack"],"picked":"SKIP","floor":1},{"not_picked":["wariomod:SpikeSlash","wariomod:Bombtime","wariomod:HappyHop"],"picked":"SKIP","floor":3},{"not_picked":["wariomod:f","wariomod:HastyRush"],"picked":"wariomod:Goblast","floor":4},{"not_picked":["wariomod:SilenceBombs","wariomod:Boomsmack"],"picked":"wariomod:EnergizedBombs","floor":7},{"not_picked":["wariomod:DropBash","wariomod:ChargeForth"],"picked":"wariomod:BigUpgrade","floor":10},{"not_picked":["wariomod:DonateDraw","wariomod:SmallSprint"],"picked":"wariomod:BlastDash","floor":12},{"not_picked":["wariomod:Goblast","wariomod:DanceDash"],"picked":"wariomod:SilenceBombs","floor":13},{"not_picked":["wariomod:HappyHit","wariomod:PayItForwards"],"picked":"wariomod:GoAgain","floor":14},{"not_picked":["wariomod:Sidestep","wariomod:GoAgain"],"picked":"wariomod:PoisonBombs","floor":16},{"not_picked":["wariomod:SmackSlam+1","wariomod:SmallSprint"],"picked":"wariomod:Bombtime+1","floor":18},{"not_picked":["wariomod:CursedSpaces+1","wariomod:SimpleShield"],"picked":"wariomod:DropBash","floor":19},{"not_picked":["Sadistic Nature","Secret Weapon"],"picked":"hubris:EnhanceAbility","floor":20},{"not_picked":["Dark Shackles","ReplayUltimateDefense"],"picked":"Enlightenment","floor":20},{"not_picked":["Crow Ritual","Trip"],"picked":"Panacea","floor":20},{"not_picked":["wariomod:DoubleDash","wariomod:DanceDash","wariomod:SpikeSlash"],"picked":"SKIP","floor":21}],"player_experience":1143630,"relics_obtained":[{"floor":7,"key":"reliquary:RosewoodLute"},{"floor":9,"key":"HollowMod:PaleOreRelic"},{"floor":10,"key":"infinitespire:Satchel"},{"floor":14,"key":"infinitespire:BottledMercury"},{"floor":26,"key":"Molten Egg 2"}],"event_choices":[{"damage_healed":0,"gold_gain":0,"player_choice":"Forge","damage_taken":0,"max_hp_gain":0,"max_hp_loss":0,"event_name":"Accursed Blacksmith","floor":5,"gold_loss":0,"cards_upgraded":["wariomod:Goblast"]}],"is_beta":false,"boss_relics":[{"not_picked":["hubris:Backtick","SacredBark"],"picked":"Black Star"}],"items_purged_floors":[20],"is_endless":false,"potions_floor_spawned":[4,7,10,21],"killed_by":"3 Cultists","ascension_level":0}}