{"host":"cb9xh4d0ss8ax8yb","time":1613042551,"event":{"mods":["100% Spire Juice","BaseMod","Good Game Mod","Jess\u0027s Bottle","Minty Spire (QoL Compilation)","StSLib","The Dragon Tamer","The Gatherer"],"gold_per_floor":[117,72,22,22,39,39,53,68,68,98,115,128,128,128,128],"floor_reached":14,"language":"KOR","playtime":502,"items_purged":[],"score":120,"play_id":"814f31dc-ff2b-4c62-bcb2-f461fda962a0","local_time":"20210211202231","is_ascension_mode":true,"campfire_choices":[{"data":"Moonworks:Ambush","floor":6,"key":"SMITH"}],"circlet_count":0,"master_deck":["Moonworks:Strike","Moonworks:Strike","Moonworks:Strike","Moonworks:Defend","Moonworks:Defend","Moonworks:Defend","Moonworks:Defend","Moonworks:Ambush+1","Moonworks:LongDistanceShot","Moonworks:AccelHyper+1","Moonworks:Bloodlust","Moonworks:Dash","Moonworks:Flamethrower","Moonworks:StarBlastingFuse","Moonworks:DeployBits"],"relics":["Moonworks:BrokenBomb","Moonworks:Homemark","REME:ComplimentaryCards","Mango","Letter Opener","Bag of Marbles"],"acts_visited":["Exordium"],"potions_floor_usage":[],"damage_taken":[{"damage":10,"enemies":"Cultist","floor":1,"turns":4},{"damage":1,"enemies":"Jaw Worm","floor":5,"turns":3},{"damage":12,"enemies":"Small Slimes","floor":7,"turns":3},{"damage":22,"enemies":"3 Louse","floor":8,"turns":4},{"damage":22,"enemies":"Lagavulin","floor":10,"turns":4},{"damage":12,"enemies":"Red Slaver","floor":11,"turns":2},{"damage":14,"enemies":"Exordium Wildlife","floor":12,"turns":3},{"damage":0,"enemies":"Gremlin Nob","floor":14,"turns":1}],"seed_played":"1073911191842282018","potions_obtained":[{"floor":8,"key":"Fire Potion"},{"floor":12,"key":"Explosive Potion"}],"is_trial":false,"path_per_floor":["M","?","?","T","M","R","M","M","T","E","M","M","?","E"],"character_chosen":"THE_STARBREAKER","items_purchased":[],"campfire_rested":0,"item_purchase_floors":[],"current_hp_per_floor":[44,33,33,47,46,46,46,38,38,30,20,8,1,1,1],"gold":128,"neow_bonus":"UPGRADE_CARD","is_daily":false,"chose_seed":false,"campfire_upgraded":1,"win_rate":0.0,"timestamp":1613042551,"path_taken":["M","?","?","?","M","R","M","M","T","E","M","?","?","E"],"items_purchased_type":[],"build_version":"2020-12-22","purchased_purges":0,"victory":false,"max_hp_per_floor":[60,60,60,74,74,74,74,74,74,74,74,74,74,74,74],"card_choices":[{"not_picked":["Moonworks:SakisCookie","Moonworks:ImOnFire","Moonworks:BigMagnum"],"picked":"SKIP","floor":1},{"not_picked":["Moonworks:EvilSpyWorkPreparation","Moonworks:Dinner"],"picked":"Moonworks:Bloodlust","floor":5},{"not_picked":["Moonworks:SakisCookie","Moonworks:Poppoformation","Moonworks:BigBangBell"],"picked":"SKIP","floor":7},{"not_picked":["Moonworks:ExtendedPhotonRifle","Moonworks:Poppoformation"],"picked":"Moonworks:Dash","floor":8},{"not_picked":["Moonworks:CookingTime","Moonworks:BigMagnum"],"picked":"Moonworks:Flamethrower","floor":10},{"not_picked":["Moonworks:CloudOfSeagulls","Moonworks:JonathanRush"],"picked":"Moonworks:StarBlastingFuse","floor":11},{"not_picked":["Moonworks:AngelHand","Moonworks:ImOnFire"],"picked":"Moonworks:DeployBits","floor":12}],"player_experience":463529,"relics_obtained":[{"floor":4,"key":"Mango"},{"floor":9,"key":"Letter Opener"},{"floor":10,"key":"Bag of Marbles"}],"event_choices":[{"damage_healed":0,"gold_gain":75,"player_choice":"Gather Gold","damage_taken":11,"max_hp_gain":0,"max_hp_loss":0,"event_name":"World of Goop","floor":2,"gold_loss":0},{"cards_removed":["Moonworks:Strike"],"damage_healed":0,"gold_gain":0,"player_choice":"Card Removal","damage_taken":0,"max_hp_gain":0,"max_hp_loss":0,"event_name":"The Cleric","floor":3,"gold_loss":50},{"damage_healed":0,"gold_gain":0,"player_choice":"Damaged","damage_taken":7,"max_hp_gain":0,"max_hp_loss":0,"event_name":"Wheel of Change","floor":13,"gold_loss":0}],"is_beta":false,"boss_relics":[],"items_purged_floors":[],"is_endless":false,"potions_floor_spawned":[8,12],"killed_by":"Gremlin Nob","ascension_level":6}}