{"host":"91blwi3hgehj6ch9","time":1613047064,"event":{"mods":["2.2 Compatiblity","AchievementEnabler","BaseMod","Colored Map","DeckTracker","Keyboard Shortcuts","Minty Spire (QoL Compilation)","Permanent Neow","Quick Restart","StSLib","SuperFastMode","everything is the same but u backflip on backflip"],"gold_per_floor":[117,67,67,67,86,112,112,143,143,52,68,68,94,104,104,199,199,211,211,126,51,85,110,145,172,172,189,189,189,217,236,236,340,340,356,372,372,387,441,441,467,701,713,725,767,829,841,870,882,894,906,918,700,728,728],"floor_reached":56,"language":"KOR","playtime":2443,"items_purged":["Strike_R","Bash"],"score":1780,"play_id":"94959002-5e0e-472e-a99a-afb497d19986","local_time":"20210211213744","is_ascension_mode":true,"campfire_choices":[{"data":"Second Wind","floor":7.0,"key":"SMITH"},{"data":"Power Through","floor":15,"key":"SMITH"},{"data":"Pommel Strike","floor":32,"key":"SMITH"},{"data":"Corruption","floor":40,"key":"SMITH"},{"data":"Body Slam","floor":44,"key":"SMITH"},{"data":"Heavy Blade+1","floor":47,"key":"PURGE"},{"floor":49,"key":"RECALL"},{"data":"Barricade+1","floor":52,"key":"PURGE"}],"circlet_count":0,"master_deck":["Defend_R","Defend_R","Defend_R","Defend_R","Power Through+1","Second Wind+1","Flame Barrier","Flash of Steel","Pommel Strike+1","Shrug It Off","Impervious","CurseOfTheBell","Body Slam+1","Dark Embrace+1","Shrug It Off","Corruption+1","Flame Barrier+1","Burning Pact+1","Finesse","Entrench"],"relics":["Burning Blood","NeowsBlessing","Charon\u0027s Ashes","Nunchaku","Singing Bowl","Bag of Marbles","Calling Bell","Red Skull","Mercury Hourglass","Pocketwatch","WingedGreaves","Red Mask","Akabeko","Juzu Bracelet","Kunai","Sundial","Ancient Tea Set","Astrolabe","Peace Pipe","MawBank","StrikeDummy","Calipers","Anchor"],"acts_visited":["Exordium","TheCity","TheBeyond","TheEnding"],"potions_floor_usage":[16,25,25,33],"damage_taken":[{"damage":0.0,"enemies":"2 Louse","floor":1.0,"turns":1.0},{"damage":0.0,"enemies":"Cultist","floor":5.0,"turns":1.0},{"damage":0.0,"enemies":"3 Sentries","floor":6.0,"turns":2.0},{"damage":25.0,"enemies":"Gremlin Nob","floor":8.0,"turns":5.0},{"damage":8.0,"enemies":"Jaw Worm","floor":11.0,"turns":4.0},{"damage":30.0,"enemies":"Lagavulin","floor":13.0,"turns":9.0},{"damage":0,"enemies":"Looter","floor":14,"turns":2},{"damage":41,"enemies":"Hexaghost","floor":16,"turns":16},{"damage":0,"enemies":"Spheric Guardian","floor":18,"turns":5},{"damage":7,"enemies":"Masked Bandits","floor":22,"turns":5},{"damage":10,"enemies":"Slavers","floor":23,"turns":6},{"damage":9,"enemies":"Gremlin Leader","floor":24,"turns":7},{"damage":12,"enemies":"Slavers","floor":25,"turns":4},{"damage":4,"enemies":"3 Byrds","floor":27,"turns":4},{"damage":8,"enemies":"Book of Stabbing","floor":30,"turns":6},{"damage":0,"enemies":"Snecko","floor":31,"turns":3},{"damage":17,"enemies":"Automaton","floor":33,"turns":8},{"damage":0,"enemies":"3 Shapes","floor":35,"turns":3},{"damage":0,"enemies":"Orb Walker","floor":36,"turns":2},{"damage":0,"enemies":"Sphere and 2 Shapes","floor":38,"turns":3},{"damage":34,"enemies":"2 Orb Walkers","floor":39,"turns":5},{"damage":0,"enemies":"Giant Head","floor":41,"turns":5},{"damage":0,"enemies":"Reptomancer","floor":45,"turns":4},{"damage":0,"enemies":"Mind Bloom Boss Battle","floor":46,"turns":2},{"damage":0,"enemies":"Spire Growth","floor":48,"turns":2},{"damage":0,"enemies":"Awakened One","floor":50,"turns":4},{"damage":0,"enemies":"Shield and Spear","floor":54,"turns":3},{"damage":0,"enemies":"The Heart","floor":55,"turns":4}],"seed_played":"5215446928646761638","potions_obtained":[{"floor":1.0,"key":"Explosive Potion"},{"floor":5.0,"key":"GamblersBrew"},{"floor":8.0,"key":"Fire Potion"},{"floor":11.0,"key":"DistilledChaos"},{"floor":22,"key":"SteroidPotion"},{"floor":25,"key":"SpeedPotion"},{"floor":30,"key":"Energy Potion"},{"floor":33,"key":"Dexterity Potion"}],"is_trial":false,"path_per_floor":["M","?","?","?","M","E","R","E","T","$","M","?","E","M","R","B",null,"M","?","?","$","?","E","E","E","T","M","?","?","E","M","R","B",null,"M","M","?","M","?","R","E","?","T","R","E","?","R","M","R","B",null,"R","$","E","B",null],"character_chosen":"IRONCLAD","items_purchased":["Flash of Steel","Finesse","Entrench"],"campfire_rested":0,"item_purchase_floors":[10,53,53],"current_hp_per_floor":[80,80,80,80,80,80,80,61,61,61,59,64,42,48,48,13,87,89,89,89,89,88,84,83,79,79,83,83,64,64,72,72,61,104,106,108,103,105,79,79,87,87,87,87,93,101,101,109,109,113,113,113,113,115,115],"gold":728,"neow_bonus":"THREE_ENEMY_KILL","is_daily":false,"chose_seed":false,"campfire_upgraded":5,"win_rate":0.0,"timestamp":1613047064,"path_taken":["M","?","?","?","M","E","R","E","T","$","?","?","E","M","R","BOSS","M","?","?","$","?","E","E","E","T","M","?","?","E","M","R","BOSS","M","M","?","M","?","R","E","?","T","R","E","?","R","M","R","BOSS","R","$","E","BOSS"],"items_purchased_type":["Card","Card","Card"],"build_version":"2020-12-22","purchased_purges":2,"victory":true,"max_hp_per_floor":[80,80,80,80,80,80,80,80,80,80,80,85,87,87,87,87,87,89,89,89,89,89,89,91,93,93,95,95,100,102,104,104,104,104,106,108,103,105,107,107,109,109,109,109,109,111,111,113,113,113,113,113,113,115,115],"card_choices":[{"not_picked":["Pummel","Anger"],"picked":"Power Through","floor":1.0},{"not_picked":["Rupture","Headbutt"],"picked":"Second Wind","floor":5.0},{"not_picked":["Heavy Blade","True Grit","Anger"],"picked":"SKIP","floor":6.0},{"not_picked":["Offering","Perfected Strike"],"picked":"Flame Barrier","floor":8.0},{"not_picked":["Body Slam","Reckless Charge"],"picked":"Pommel Strike","floor":11.0},{"not_picked":["Thunderclap","Rampage","True Grit"],"picked":"Singing Bowl","floor":13},{"not_picked":["Perfected Strike","Dropkick"],"picked":"Shrug It Off","floor":14},{"not_picked":["Limit Break","Bludgeon"],"picked":"Impervious","floor":16},{"not_picked":["Rage","Disarm","Headbutt"],"picked":"Singing Bowl","floor":18},{"not_picked":["Clothesline+1","Warcry+1"],"picked":"Body Slam","floor":22},{"not_picked":["Rage","Spot Weakness"],"picked":"Dark Embrace+1","floor":23},{"not_picked":["Heavy Blade+1","Body Slam","Iron Wave"],"picked":"Singing Bowl","floor":24},{"not_picked":["Armaments","Shockwave","Warcry"],"picked":"Singing Bowl","floor":25},{"not_picked":["Impervious","Cleave","Inflame"],"picked":"Singing Bowl","floor":27},{"not_picked":["Wild Strike","Intimidate+1","Shrug It Off"],"picked":"Singing Bowl","floor":30},{"not_picked":["Headbutt","Dark Embrace","Sword Boomerang"],"picked":"Singing Bowl","floor":31},{"not_picked":["Brutality","Feed"],"picked":"Corruption","floor":33},{"not_picked":["Battle Trance+1","Power Through+1","Armaments"],"picked":"Singing Bowl","floor":35},{"not_picked":["Searing Blow+1","Flex+1","Flame Barrier+1"],"picked":"Singing Bowl","floor":36},{"not_picked":["Flame Barrier","Warcry+1","Pummel"],"picked":"Singing Bowl","floor":38},{"not_picked":["Shrug It Off","Wild Strike","Twin Strike+1"],"picked":"Singing Bowl","floor":39},{"not_picked":["Rupture","Warcry","Iron Wave+1"],"picked":"Singing Bowl","floor":41},{"not_picked":["Cleave","Bloodletting+1"],"picked":"Burning Pact+1","floor":45},{"not_picked":["Body Slam+1","Rage","Seeing Red"],"picked":"Singing Bowl","floor":46},{"not_picked":["Warcry","Twin Strike","Pommel Strike"],"picked":"Singing Bowl","floor":48},{"not_picked":["Havoc","Iron Wave","Shrug It Off"],"picked":"Singing Bowl","floor":54}],"player_experience":199125,"relics_obtained":[{"floor":6.0,"key":"Charon\u0027s Ashes"},{"floor":8.0,"key":"Nunchaku"},{"floor":9.0,"key":"Singing Bowl"},{"floor":13,"key":"Bag of Marbles"},{"floor":17,"key":"Red Skull"},{"floor":17,"key":"Mercury Hourglass"},{"floor":17,"key":"Pocketwatch"},{"floor":22,"key":"Red Mask"},{"floor":23,"key":"Akabeko"},{"floor":24,"key":"Juzu Bracelet"},{"floor":25,"key":"Kunai"},{"floor":26,"key":"Sundial"},{"floor":30,"key":"Ancient Tea Set"},{"floor":39,"key":"Peace Pipe"},{"floor":41,"key":"MawBank"},{"floor":45,"key":"StrikeDummy"},{"floor":46,"key":"Calipers"},{"floor":54,"key":"Anchor"}],"event_choices":[{"cards_removed":["Strike_R"],"damage_healed":0.0,"max_hp_gain":0.0,"max_hp_loss":0.0,"gold_gain":0.0,"event_name":"The Cleric","player_choice":"Card Removal","floor":2.0,"gold_loss":50.0,"damage_taken":0.0},{"damage_healed":0.0,"max_hp_gain":0.0,"max_hp_loss":0.0,"gold_gain":0.0,"event_name":"Liars Game","player_choice":"Ignored","floor":3.0,"gold_loss":0.0,"damage_taken":0.0},{"damage_healed":0.0,"max_hp_gain":0.0,"max_hp_loss":0.0,"gold_gain":0.0,"event_name":"The Woman in Blue","player_choice":"Bought 0 Potions","floor":4.0,"gold_loss":0.0,"damage_taken":0.0},{"damage_healed":0.0,"max_hp_gain":5.0,"max_hp_loss":0.0,"gold_gain":0.0,"event_name":"Big Fish","player_choice":"Donut","floor":12.0,"gold_loss":0.0,"damage_taken":0.0},{"damage_healed":0,"gold_gain":0,"player_choice":"Ignored","damage_taken":0,"max_hp_gain":0,"max_hp_loss":0,"event_name":"Vampires","floor":19,"gold_loss":0},{"damage_healed":0,"gold_gain":0,"player_choice":"Obtained Relic","damage_taken":0,"relics_obtained":["WingedGreaves"],"max_hp_gain":0,"max_hp_loss":0,"event_name":"Addict","floor":20,"gold_loss":85},{"damage_healed":0,"gold_gain":0,"player_choice":"Fought Bandits","damage_taken":0,"max_hp_gain":0,"max_hp_loss":0,"event_name":"Masked Bandits","floor":22,"gold_loss":0},{"damage_healed":0,"gold_gain":0,"player_choice":"Read","damage_taken":0,"max_hp_gain":0,"max_hp_loss":0,"event_name":"The Library","floor":28,"gold_loss":0,"cards_obtained":["Shrug It Off"]},{"damage_healed":0,"gold_gain":0,"player_choice":"Shed Blood","damage_taken":24,"max_hp_gain":5,"max_hp_loss":0,"event_name":"Forgotten Altar","floor":29,"gold_loss":0},{"damage_healed":0,"gold_gain":0,"player_choice":"Max HP","damage_taken":0,"max_hp_gain":0,"max_hp_loss":5,"event_name":"Winding Halls","floor":37,"gold_loss":0},{"damage_healed":0,"gold_gain":0,"player_choice":"Fight","damage_taken":0,"max_hp_gain":0,"max_hp_loss":0,"event_name":"Mysterious Sphere","floor":39,"gold_loss":0},{"damage_healed":0,"gold_gain":222,"player_choice":"Wore Mask","damage_taken":0,"max_hp_gain":0,"max_hp_loss":0,"event_name":"Tomb of Lord Red Mask","floor":42,"gold_loss":0},{"damage_healed":0,"gold_gain":0,"player_choice":"Fight","damage_taken":0,"max_hp_gain":0,"max_hp_loss":0,"event_name":"MindBloom","floor":46,"gold_loss":0}],"is_beta":false,"boss_relics":[{"not_picked":["Philosopher\u0027s Stone","Velvet Choker"],"picked":"Calling Bell"},{"not_picked":["Fusion Hammer","Pandora\u0027s Box"],"picked":"Astrolabe"}],"items_purged_floors":[21,53],"is_endless":false,"potions_floor_spawned":[1,5,8,11,13,22,25,30,31,33,36,41,45,46,48],"ascension_level":3}}