{"host":"hl3ams4am2ku5u4p","time":1613086351,"event":{"mods":["AchievementEnabler","Act Like it!","Aspiration","BaseMod","Beaked The Cultist","BetterRewards","CatGirl Mod","Colored Map","Colored Powertips","Conspire","Downfall","Energized Spire","Halation","Hallownest","HornydragonMod","Hubris","Infinite Spire","Mad Scientist","Magitek Elite","Minty Spire (QoL Compilation)","READ ME - Guardian Mod","Replay The Spire","Spikes Relics","StSLib","SuperFastMode","The Blackbeard","The Bug Knight","The Construct","The Disciple","The Jungle","The Mystic","The Necromancer","The Senshi"],"gold_per_floor":[112,112,128,147,147,147,167,167,167,167,185,203,0,32,32,133,133,150,150,150,165,165,165,65,75,75,89,89,89,104,123,123,123,123],"floor_reached":33,"language":"FRA","playtime":1698,"items_purged":["Defend_P","EmptyFist","Strike_P"],"score":349,"play_id":"d44e6122-359b-4a95-b05d-7bb6d2afc29c","local_time":"20210212003231","is_ascension_mode":false,"campfire_choices":[{"data":"Eruption","floor":6,"key":"SMITH"},{"floor":8,"key":"REST"},{"data":"Wallop","floor":10,"key":"SMITH"},{"data":"Replay:Hum","floor":15,"key":"SMITH"},{"data":"MentalFortress","floor":23,"key":"SMITH"},{"data":"Replay:AllIn","floor":28,"key":"SMITH"},{"data":"Indignation","floor":32,"key":"SMITH"}],"circlet_count":1,"master_deck":["Strike_P","Strike_P","Strike_P","Defend_P","Defend_P","Defend_P","Eruption+1","Vigilance","MentalFortress","CarveReality","MentalFortress+1","EmptyFist","FearNoEvil","Wallop+1","Replay:Hum+1","CrushJoints","Establishment","Replay:AllIn+1","Conclude","infinitespire:Fortify","Indignation+1"],"relics":["PureWater","Hallownest:DreamNailRelic","Circlet","conspire:DeflatedDodgeball","halation:PromiseList","hubris:FunFungus","hubris:BottledHeart","Meat on the Bone","halation:Toothbrush"],"acts_visited":["Exordium","TheCity"],"potions_floor_usage":[16,16,33],"damage_taken":[{"damage":13,"enemies":"Hallownest:monsterHuskGuard","floor":1,"turns":4},{"damage":1,"enemies":"Hallownest:monsterHuskWarrior","floor":3,"turns":4},{"damage":6,"enemies":"Hallownest:2_Tiktiks_and_1_Crawlid","floor":4,"turns":2},{"damage":0,"enemies":"Hallownest:monsterAspidMother","floor":7,"turns":3},{"damage":0,"enemies":"Hallownest:1_Baldur_1_Crawlid_1_Warrior","floor":11,"turns":3},{"damage":0,"enemies":"Hallownest:monsterMossCharger","floor":12,"turns":1},{"damage":16,"enemies":"Hallownest:eliteMossKnight","floor":14,"turns":5},{"damage":13,"enemies":"Hallownest:BossBrokenVessel","floor":16,"turns":8},{"damage":31,"enemies":"3 Byrds","floor":18,"turns":5},{"damage":0,"enemies":"Shell Parasite","floor":21,"turns":2},{"damage":0,"enemies":"Snake Plant","floor":25,"turns":4},{"damage":0,"enemies":"Centurion and Healer","floor":27,"turns":4},{"damage":0,"enemies":"Snecko","floor":30,"turns":4},{"damage":0,"enemies":"Cultist and Chosen","floor":31,"turns":6},{"damage":12,"enemies":"conspire:MysteriousRune","floor":33,"turns":4}],"seed_played":"-2518491544806827749","potions_obtained":[{"floor":3,"key":"champ:CounterPotion"},{"floor":7,"key":"EssenceOfSteel"},{"floor":14,"key":"champ:CounterPotion"},{"floor":25,"key":"Venom Potion"}],"is_trial":false,"path_per_floor":["M","?","M","M","?","R","M","R","T","R","M","M","?","E","R","B",null,"M","?","?","M","?","R","$","M","T","M","R","AVR","M","M","R","B"],"character_chosen":"WATCHER","items_purchased":["MentalFortress","CarveReality","MentalFortress","EmptyFist"],"campfire_rested":1,"item_purchase_floors":[0,0,0,0],"current_hp_per_floor":[52,52,51,45,45,45,45,66,66,66,66,66,66,50,50,37,72,41,41,1,1,1,1,1,1,1,1,1,1,1,1,1,0,0],"gold":123,"neow_bonus":"","is_daily":false,"chose_seed":false,"campfire_upgraded":6,"win_rate":0.0,"timestamp":1613086351,"path_taken":["M","?","?","M","?","R","M","R","T","R","M","M","?","E","R","BOSS","M","?","?","M","?","R","$","M","T","M","R","AVR","M","?","R","BOSS"],"items_purchased_type":["Card","Card","Card","Card"],"build_version":"2020-12-22","purchased_purges":3,"victory":false,"max_hp_per_floor":[72,72,72,72,72,72,72,72,72,72,72,72,72,72,72,72,72,72,72,1,1,1,1,1,1,1,1,1,1,1,1,1,1,1],"card_choices":[{"not_picked":["FlyingSleeves","ThirdEye"],"picked":"FearNoEvil","floor":1},{"not_picked":["BowlingBash","Replay:ManipulateFuture","Halt"],"picked":"SKIP","floor":3},{"not_picked":["SashWhip","Replay:AtTheReady","Perseverance"],"picked":"SKIP","floor":4},{"not_picked":["EmptyFist","WaveOfTheHand"],"picked":"Wallop","floor":7},{"not_picked":["FlyingSleeves","Blasphemy"],"picked":"Replay:Hum","floor":11},{"not_picked":["Collect","ReachHeaven"],"picked":"CrushJoints","floor":12},{"not_picked":["FlyingSleeves","Replay:BluntJabs"],"picked":"Establishment","floor":14},{"not_picked":["Vault","Omniscience"],"picked":"Replay:AllIn","floor":16},{"not_picked":["Replay:Hum","BowlingBash","FlurryOfBlows"],"picked":"SKIP","floor":18},{"not_picked":["CutThroughFate+1","Perseverance"],"picked":"Conclude","floor":21},{"not_picked":["infinitespire:Execution","infinitespire:Starlight"],"picked":"infinitespire:Fortify","floor":22},{"not_picked":["Replay:ManipulateFuture","Replay:Anticipation","Collect"],"picked":"SKIP","floor":25},{"not_picked":["WreathOfFlame","ThirdEye","PathToVictory"],"picked":"SKIP","floor":27},{"not_picked":["ThirdEye","Evaluate","Crescendo"],"picked":"SKIP","floor":30},{"not_picked":["Sanctity","Protect"],"picked":"Indignation","floor":31}],"player_experience":60444,"relics_obtained":[{"floor":9,"key":"conspire:DeflatedDodgeball"},{"floor":14,"key":"hubris:FunFungus"},{"floor":26,"key":"Meat on the Bone"}],"event_choices":[],"is_beta":false,"boss_relics":[{"not_picked":["conspire:RoyalGoblet","halation:MonkeysPaw","bronze:MakeshiftBattery"]}],"items_purged_floors":[0,24,29],"is_endless":false,"potions_floor_spawned":[3,7,14,25],"killed_by":"conspire:MysteriousRune","ascension_level":0}}