{"host":"r4aerl4ckfvw1dw3","time":1613069964,"event":{"mods":["BaseMod","BetterRewards","Minty Spire (QoL Compilation)","Quick Restart","StSLib"],"gold_per_floor":[111,122,72,72,72,101,28,51,51,51,85,85,100,112,112,213,213,227,242,242,262,262,262],"floor_reached":22,"language":"ENG","playtime":1648,"items_purged":[],"score":241,"play_id":"b5a2312b-e623-4055-886a-785d658d9917","local_time":"20210211105924","is_ascension_mode":true,"campfire_choices":[{"data":"Zap","floor":10,"key":"SMITH"},{"data":"Doom and Gloom","floor":12,"key":"SMITH"},{"data":"Conserve Battery","floor":15,"key":"SMITH"}],"circlet_count":0,"master_deck":["Strike_B+1","Strike_B+1","Strike_B","Defend_B+1","Defend_B","Defend_B+1","Defend_B","Zap+1","Dualcast","Doom and Gloom+1","Skim","Seek","Capacitor","Echo Form+1","Conserve Battery+1","Multi-Cast","Genetic Algorithm","Gash","Cold Snap"],"relics":["Cracked Core","HornCleat","Eternal Feather","Whetstone","Bottled Flame","Frozen Egg 2","SlaversCollar","Nloth\u0027s Gift"],"acts_visited":["Exordium","TheCity"],"potions_floor_usage":[19,21],"damage_taken":[{"damage":0,"enemies":"Small Slimes","floor":1,"turns":1},{"damage":0,"enemies":"Jaw Worm","floor":2,"turns":1},{"damage":0,"enemies":"3 Sentries","floor":6,"turns":1},{"damage":10,"enemies":"Lagavulin","floor":11,"turns":7},{"damage":0,"enemies":"Cultist","floor":13,"turns":3},{"damage":6,"enemies":"Looter","floor":14,"turns":3},{"damage":32,"enemies":"Slime Boss","floor":16,"turns":6},{"damage":22,"enemies":"Shell Parasite","floor":18,"turns":7},{"damage":2,"enemies":"2 Thieves","floor":19,"turns":4},{"damage":13,"enemies":"Shelled Parasite and Fungi","floor":21,"turns":5},{"damage":43,"enemies":"Cultist and Chosen","floor":22,"turns":4}],"seed_played":"8707504989509232004","potions_obtained":[{"floor":6,"key":"SteroidPotion"},{"floor":11,"key":"AttackPotion"},{"floor":16,"key":"Block Potion"}],"is_trial":false,"path_per_floor":["M","M","?","?","?","E","$","T","T","R","E","R","M","M","R","B",null,"M","M","?","M","M"],"character_chosen":"DEFECT","items_purchased":["Capacitor"],"campfire_rested":0,"item_purchase_floors":[7],"current_hp_per_floor":[75,75,75,60,53,53,53,53,53,59,49,55,55,49,58,26,75,53,51,51,38,0,0],"gold":262,"neow_bonus":"THREE_ENEMY_KILL","is_daily":false,"chose_seed":false,"campfire_upgraded":3,"win_rate":0.0,"timestamp":1613069964,"path_taken":["M","M","?","?","?","E","$","?","T","R","E","R","M","M","R","BOSS","M","M","?","M","M"],"items_purchased_type":["Card"],"build_version":"2020-12-22","purchased_purges":0,"victory":false,"max_hp_per_floor":[75,75,75,75,75,75,75,75,75,75,75,75,75,75,75,75,75,75,75,75,75,75,75],"card_choices":[{"not_picked":["Steam","Melter"],"picked":"Doom and Gloom","floor":1},{"not_picked":["Hologram","Rip and Tear"],"picked":"Skim","floor":2},{"not_picked":["Beam Cell","Redo"],"picked":"Seek","floor":6},{"not_picked":["Stack","Defragment+1"],"picked":"Echo Form+1","floor":11},{"not_picked":["Rebound","FTL","Doom and Gloom"],"picked":"SKIP","floor":13},{"not_picked":["Tempest","Chaos"],"picked":"Conserve Battery","floor":14},{"not_picked":["All For One","Biased Cognition+1"],"picked":"Multi-Cast","floor":16},{"not_picked":["Skim","Self Repair+1"],"picked":"Genetic Algorithm","floor":18},{"not_picked":["Compile Driver+1","Rebound+1"],"picked":"Gash","floor":19},{"not_picked":["Genetic Algorithm","Ball Lightning"],"picked":"Cold Snap","floor":21}],"player_experience":576204,"relics_obtained":[{"floor":6,"key":"Eternal Feather"},{"floor":8,"key":"Whetstone"},{"floor":9,"key":"Bottled Flame"},{"floor":11,"key":"Frozen Egg 2"}],"event_choices":[{"cards_removed":["Strike_B"],"damage_healed":0,"gold_gain":0,"player_choice":"Card Removal","damage_taken":0,"max_hp_gain":0,"max_hp_loss":0,"event_name":"The Cleric","floor":3,"gold_loss":50},{"damage_healed":0,"gold_gain":0,"player_choice":"Entered Light","damage_taken":15,"max_hp_gain":0,"max_hp_loss":0,"event_name":"Shining Light","floor":4,"gold_loss":0,"cards_upgraded":["Defend_B","Defend_B"]},{"damage_healed":0,"gold_gain":0,"player_choice":"Success","damage_taken":7,"relics_obtained":["HornCleat"],"max_hp_gain":0,"max_hp_loss":0,"event_name":"Scrap Ooze","floor":5,"gold_loss":0},{"damage_healed":0,"gold_gain":0,"player_choice":"Traded Relic","damage_taken":0,"relics_obtained":["Nloth\u0027s Gift"],"max_hp_gain":0,"max_hp_loss":0,"event_name":"N\u0027loth","floor":20,"relics_lost":["NeowsBlessing"],"gold_loss":0}],"is_beta":false,"boss_relics":[{"not_picked":["Coffee Dripper","Pandora\u0027s Box"],"picked":"SlaversCollar"}],"items_purged_floors":[],"is_endless":false,"potions_floor_spawned":[6,11,16],"killed_by":"Cultist and Chosen","ascension_level":2}}