{"host":"sc0o2qwpf9j16a4i","time":1613069216,"event":{"mods":["AchievementEnabler","BaseMod","BetterRewards","Block Reminder","Colored Map","Colored Powertips","Custom Start","Highlight Path","Minty Spire (QoL Compilation)","Relic Stats"],"gold_per_floor":[159,178,178,178,5,5,30,30,100,175,204,214,226,237,237,315,315,352,392,432,20,20,20,20],"floor_reached":23,"language":"ENG","playtime":663,"items_purged":[],"score":402,"play_id":"f9307563-8718-4629-bd09-df4bb9f10768","local_time":"20210211204656","is_ascension_mode":true,"campfire_choices":[{"data":"ThirdEye","floor":6,"key":"SMITH"},{"floor":8,"key":"REST"},{"floor":15,"key":"REST"}],"circlet_count":0,"master_deck":["AscendersBane","Strike_P","Strike_P","Strike_P","Strike_P","Defend_P","Defend_P","Defend_P","Defend_P+1","Eruption","Vigilance","Tantrum","ClearTheMind","ThirdEye+1","SashWhip","FlurryOfBlows","ClearTheMind","ThirdEye","TalkToTheHand","Wish","ThirdEye+1","Vault","Wish","WheelKick"],"relics":["Tiny House","PreservedInsect","Shuriken","Ornamental Fan","Vajra","Snecko Eye","DollysMirror","CultistMask"],"acts_visited":["Exordium","TheCity"],"potions_floor_usage":[14,19,23,23],"damage_taken":[{"damage":7,"enemies":"Jaw Worm","floor":1,"turns":3},{"damage":2,"enemies":"Small Slimes","floor":2,"turns":3},{"damage":53,"enemies":"Lagavulin","floor":7,"turns":8},{"damage":10,"enemies":"3 Sentries","floor":11,"turns":4},{"damage":0,"enemies":"Cultist","floor":12,"turns":3},{"damage":10,"enemies":"Looter","floor":13,"turns":4},{"damage":0,"enemies":"Gremlin Gang","floor":14,"turns":4},{"damage":12,"enemies":"Hexaghost","floor":16,"turns":9},{"damage":35,"enemies":"2 Thieves","floor":18,"turns":4},{"damage":0,"enemies":"Spheric Guardian","floor":19,"turns":3},{"damage":9,"enemies":"Snecko","floor":20,"turns":5},{"damage":32,"enemies":"Slavers","floor":23,"turns":3}],"seed_played":"5060866108500557173","potions_obtained":[{"floor":0,"key":"BottledMiracle"},{"floor":12,"key":"PowerPotion"},{"floor":14,"key":"FearPotion"},{"floor":16,"key":"PowerPotion"},{"floor":18,"key":"Regen Potion"},{"floor":20,"key":"GamblersBrew"}],"is_trial":false,"path_per_floor":["M","M","?","?","$","R","E","R","T","?","E","M","M","M","R","B",null,"M","M","M","$","?","E"],"character_chosen":"WATCHER","items_purchased":["PreservedInsect","Vault","DollysMirror","WheelKick"],"campfire_rested":2,"item_purchase_floors":[5,21,21,21],"current_hp_per_floor":[59,57,62,62,62,62,9,32,32,21,11,11,1,1,24,12,62,27,36,27,27,27,0,0],"gold":20,"neow_bonus":"BOSS_RELIC","is_daily":false,"chose_seed":false,"campfire_upgraded":1,"win_rate":0.0,"timestamp":1613069216,"path_taken":["M","M","?","?","$","R","E","R","T","?","E","?","M","M","R","BOSS","M","M","M","$","?","E"],"items_purchased_type":["Relic","Card","Relic","Card"],"build_version":"2020-12-22","purchased_purges":0,"victory":false,"max_hp_per_floor":[73,73,78,78,78,78,78,78,78,78,78,78,78,78,78,78,78,78,78,78,78,78,78,78],"relic_stats":{"counters":[12,53],"Shuriken":[15],"Ornamental Fan":[60],"Snecko Eye":[29,21,29,28],"PreservedInsect":104,"obtain_stats":[{"Tiny House":0,"Shuriken":7,"Ornamental Fan":9,"DollysMirror":21,"Vajra":11,"Snecko Eye":17,"PreservedInsect":5,"CultistMask":22,"PureWater":0},{"Tiny House":0,"Shuriken":3,"Ornamental Fan":3,"DollysMirror":11,"Vajra":4,"Snecko Eye":8,"PreservedInsect":2,"CultistMask":11,"PureWater":0},{"Tiny House":0,"Shuriken":14,"Ornamental Fan":14,"DollysMirror":50,"Vajra":18,"Snecko Eye":38,"PreservedInsect":6,"CultistMask":50,"PureWater":0}]},"card_choices":[{"not_picked":["Prostrate","EmptyFist"],"picked":"Tantrum","floor":0},{"not_picked":["JustLucky","Weave"],"picked":"ClearTheMind","floor":1},{"not_picked":["FlyingSleeves","ReachHeaven"],"picked":"ThirdEye","floor":2},{"not_picked":["Evaluate","DeusExMachina"],"picked":"SashWhip","floor":7},{"not_picked":["Worship","Ragnarok"],"picked":"FlurryOfBlows","floor":11},{"not_picked":["Prostrate","WreathOfFlame"],"picked":"ClearTheMind","floor":12},{"not_picked":["SashWhip","Conclude"],"picked":"ThirdEye","floor":13},{"not_picked":["Fasting2","FlurryOfBlows"],"picked":"TalkToTheHand","floor":14},{"not_picked":["SpiritShield","Establishment"],"picked":"Wish","floor":16},{"not_picked":["Evaluate","CrushJoints","Crescendo"],"picked":"SKIP","floor":18},{"not_picked":["JustLucky","BowlingBash","SignatureMove"],"picked":"SKIP","floor":19},{"not_picked":["FlyingSleeves","Evaluate"],"picked":"ThirdEye+1","floor":20}],"player_experience":1350889,"relics_obtained":[{"floor":7,"key":"Shuriken"},{"floor":9,"key":"Ornamental Fan"},{"floor":11,"key":"Vajra"}],"event_choices":[{"damage_healed":0,"gold_gain":0,"player_choice":"Donut","damage_taken":0,"max_hp_gain":5,"max_hp_loss":0,"event_name":"Big Fish","floor":3,"gold_loss":0},{"damage_healed":0,"gold_gain":0,"player_choice":"Ignored","damage_taken":0,"max_hp_gain":0,"max_hp_loss":0,"event_name":"Liars Game","floor":4,"gold_loss":0},{"damage_healed":0,"gold_gain":75,"player_choice":"Gather Gold","damage_taken":11,"max_hp_gain":0,"max_hp_loss":0,"event_name":"World of Goop","floor":10,"gold_loss":0},{"damage_healed":0,"gold_gain":0,"player_choice":"Trade","damage_taken":0,"relics_obtained":["CultistMask"],"max_hp_gain":0,"max_hp_loss":0,"event_name":"FaceTrader","floor":22,"gold_loss":0}],"is_beta":false,"boss_relics":[{"not_picked":["SacredBark","Sozu"],"picked":"Snecko Eye"}],"items_purged_floors":[],"is_endless":false,"potions_floor_spawned":[12,14,16,18,20],"killed_by":"Slavers","ascension_level":20}}