{"host":"cykg0g4pphyxjwkn","time":1613086774,"event":{"mods":["AchievementEnabler","BaseMod","Bestiary","Colored Map","Colored Powertips","Highlight Path","Minty Spire (QoL Compilation)","Relic Stats","SuperFastMode"],"gold_per_floor":[114,64,79,93,93,128,128,143,189,34,48,48,62,77,77,180,180,199,199,211,223,235,275,287,319,356,368,368],"floor_reached":27,"language":"ENG","playtime":906,"items_purged":[],"score":283,"play_id":"f903859f-f577-415d-91d9-423ee2a9d06d","local_time":"20210211183934","is_ascension_mode":false,"campfire_choices":[{"data":"Cleave","floor":7,"key":"SMITH"},{"data":"Heavy Blade","floor":12,"key":"SMITH"},{"data":"Armaments","floor":15,"key":"SMITH"},{"data":"Feed","floor":24,"key":"SMITH"}],"circlet_count":0,"master_deck":["Strike_R","Defend_R","Defend_R","Defend_R","Defend_R","Bash","Heavy Blade+1","Bloodletting","Pummel","Cleave+1","Cleave","Armaments+1","Feed+1","Shrug It Off+1","True Grit+1","True Grit+1","Necronomicurse"],"relics":["Burning Blood","Pantograph","Tiny Chest","MealTicket","Brimstone","Astrolabe","MawBank","Necronomicon","HornCleat","Happy Flower","Juzu Bracelet"],"acts_visited":["Exordium","TheCity"],"potions_floor_usage":[14],"damage_taken":[{"damage":1,"enemies":"Jaw Worm","floor":1,"turns":3},{"damage":2,"enemies":"2 Louse","floor":3,"turns":3},{"damage":4,"enemies":"Cultist","floor":4,"turns":4},{"damage":55,"enemies":"Lagavulin","floor":6,"turns":7},{"damage":14,"enemies":"3 Louse","floor":8,"turns":3},{"damage":3,"enemies":"Large Slime","floor":11,"turns":2},{"damage":4,"enemies":"2 Fungi Beasts","floor":13,"turns":2},{"damage":0,"enemies":"Blue Slaver","floor":14,"turns":1},{"damage":0,"enemies":"Slime Boss","floor":16,"turns":5},{"damage":28,"enemies":"Shell Parasite","floor":18,"turns":5},{"damage":36,"enemies":"Slavers","floor":23,"turns":6},{"damage":0,"enemies":"Spheric Guardian","floor":25,"turns":1},{"damage":41,"enemies":"Book of Stabbing","floor":27,"turns":4}],"seed_played":"3022842471634881297","potions_obtained":[{"floor":6,"key":"GamblersBrew"},{"floor":8,"key":"Dexterity Potion"},{"floor":11,"key":"Energy Potion"},{"floor":13,"key":"SkillPotion"},{"floor":14,"key":"Ancient Potion"},{"floor":23,"key":"Energy Potion"}],"is_trial":false,"path_per_floor":["M","?","M","M","?","E","R","M","T","$","M","R","M","M","R","B",null,"M","?","?","T","$","E","R","M","T","E"],"character_chosen":"IRONCLAD","items_purchased":["Brimstone"],"campfire_rested":0,"item_purchase_floors":[10],"current_hp_per_floor":[80,80,80,80,80,31,31,23,23,38,41,41,43,49,49,80,80,58,58,42,42,57,27,27,33,33,0,0],"gold":368,"neow_bonus":"THREE_CARDS","is_daily":false,"chose_seed":false,"campfire_upgraded":4,"win_rate":0.0,"timestamp":1613086774,"path_taken":["M","?","M","M","?","E","R","?","T","$","M","R","M","M","R","BOSS","M","?","?","?","$","E","R","M","T","E"],"items_purchased_type":["Relic"],"build_version":"2020-12-22","purchased_purges":0,"victory":false,"max_hp_per_floor":[80,80,80,80,80,80,80,80,80,80,80,80,80,80,80,80,80,80,80,80,80,80,80,80,80,80,80,80],"relic_stats":{"Happy Flower":[1],"counters":[13,46],"Pantograph":25,"Astrolabe":["Shrug It Off","True Grit","True Grit"],"Tiny Chest":1,"MealTicket":30,"Necronomicon":[6],"Juzu Bracelet":0,"MawBank":96,"obtain_stats":[{"HornCleat":21,"Happy Flower":23,"Brimstone":10,"Pantograph":5,"Astrolabe":17,"Tiny Chest":6,"MealTicket":9,"Necronomicon":20,"Juzu Bracelet":26,"MawBank":19,"Burning Blood":0},{"HornCleat":10,"Happy Flower":11,"Brimstone":5,"Pantograph":3,"Astrolabe":9,"Tiny Chest":4,"MealTicket":5,"Necronomicon":10,"Juzu Bracelet":12,"MawBank":10,"Burning Blood":0},{"HornCleat":35,"Happy Flower":41,"Brimstone":20,"Pantograph":10,"Astrolabe":30,"Tiny Chest":17,"MealTicket":20,"Necronomicon":35,"Juzu Bracelet":42,"MawBank":35,"Burning Blood":0}],"Burning Blood":61},"card_choices":[{"not_picked":["Iron Wave","Searing Blow"],"picked":"Heavy Blade","floor":0},{"not_picked":["Anger","Body Slam","Perfected Strike"],"picked":"SKIP","floor":1},{"not_picked":["Heavy Blade","Thunderclap"],"picked":"Bloodletting","floor":3},{"not_picked":["Battle Trance","Thunderclap"],"picked":"Pummel","floor":4},{"not_picked":["Body Slam","Sword Boomerang"],"picked":"Cleave","floor":6},{"not_picked":["Iron Wave","Perfected Strike"],"picked":"Cleave","floor":8},{"not_picked":["Searing Blow","Clash","Barricade"],"picked":"SKIP","floor":11},{"not_picked":["Anger","Sword Boomerang"],"picked":"Armaments","floor":13},{"not_picked":["Body Slam","Perfected Strike","Bloodletting"],"picked":"SKIP","floor":14},{"not_picked":["Juggernaut","Impervious"],"picked":"Feed","floor":16},{"not_picked":["Infernal Blade","Armaments","True Grit"],"picked":"SKIP","floor":18},{"not_picked":["True Grit+1","Feel No Pain","Armaments"],"picked":"SKIP","floor":23},{"not_picked":["Perfected Strike","Iron Wave+1","Cleave"],"picked":"SKIP","floor":25}],"player_experience":38109,"relics_obtained":[{"floor":5,"key":"Pantograph"},{"floor":6,"key":"Tiny Chest"},{"floor":9,"key":"MealTicket"},{"floor":20,"key":"Necronomicon"},{"floor":21,"key":"HornCleat"},{"floor":23,"key":"Happy Flower"},{"floor":26,"key":"Juzu Bracelet"}],"event_choices":[{"cards_removed":["Strike_R"],"damage_healed":0,"gold_gain":0,"player_choice":"Card Removal","damage_taken":0,"max_hp_gain":0,"max_hp_loss":0,"event_name":"The Cleric","floor":2,"gold_loss":50},{"damage_healed":0,"gold_gain":0,"player_choice":"Relic","damage_taken":0,"max_hp_gain":0,"max_hp_loss":0,"event_name":"Wheel of Change","floor":5,"gold_loss":0},{"damage_healed":0,"gold_gain":0,"player_choice":"Opened","damage_taken":0,"relics_obtained":["MawBank"],"max_hp_gain":0,"max_hp_loss":0,"event_name":"The Mausoleum","floor":19,"gold_loss":0},{"damage_healed":0,"gold_gain":0,"player_choice":"Obtained Book","damage_taken":16,"max_hp_gain":0,"max_hp_loss":0,"event_name":"Cursed Tome","floor":20,"gold_loss":0}],"is_beta":false,"boss_relics":[{"not_picked":["Runic Dome","Snecko Eye"],"picked":"Astrolabe"}],"items_purged_floors":[],"is_endless":false,"potions_floor_spawned":[6,8,11,13,14,18,23],"killed_by":"Book of Stabbing","ascension_level":0}}