{"host":"xt3o4iokwksypl90","time":1613066083,"event":{"mods":["AchievementEnabler","BaseMod","Googly Eyes","Highlight Path","Minty Spire (QoL Compilation)","Permanent Neow"],"gold_per_floor":[112,128,145,161,174,206,206,239,239,239,256,288,288,30,30,133,133,145,164,181,181,181,213,213,239,262,262,295,370,381,381,381,477,477,496,185,197,197,214,214,243,243,243,275,275,300,315,315,315,315,315,315,140,167,167],"floor_reached":56,"language":"ENG","playtime":4937,"items_purged":["Strike_P","Defend_P+1"],"score":1546,"play_id":"e6b2f538-d26e-4c5c-9293-4306a1aa30e0","local_time":"20210211185443","is_ascension_mode":true,"campfire_choices":[{"data":"Worship","floor":10.0,"key":"SMITH"},{"data":"CutThroughFate","floor":13.0,"key":"SMITH"},{"data":"TalkToTheHand","floor":15.0,"key":"SMITH"},{"floor":24.0,"key":"REST"},{"data":"Consecrate","floor":27.0,"key":"SMITH"},{"data":"WindmillStrike","floor":32.0,"key":"SMITH"},{"data":"TalkToTheHand","floor":40,"key":"SMITH"},{"floor":42,"key":"RECALL"},{"floor":49,"key":"REST"},{"data":"Vigilance","floor":52,"key":"SMITH"}],"circlet_count":0,"master_deck":["Strike_P+1","Defend_P+1","Defend_P+1","Defend_P+1","Eruption+1","Vigilance+1","EmptyBody","CutThroughFate+1","Consecrate+1","EmptyBody","Vault+1","Worship+1","Perseverance+1","FlurryOfBlows+1","TalkToTheHand+1","Protect","LessonLearned+1","LikeWater+1","Necronomicurse","WindmillStrike+1","TalkToTheHand+1","Brilliance+1","Devotion+1","Purity","Adaptation","FlurryOfBlows+1"],"relics":["Sozu","War Paint","Turnip","Singing Bowl","Mercury Hourglass","ClockworkSouvenir","VioletLotus","Necronomicon","Omamori","Damaru","Lantern","Yang","Eternal Feather","Runic Pyramid","OrangePellets","Ancient Tea Set","Bottled Flame","Blood Vial","Shuriken"],"acts_visited":["Exordium","TheCity","TheBeyond","TheEnding"],"potions_floor_usage":[],"damage_taken":[{"damage":1.0,"enemies":"Cultist","floor":1.0,"turns":3.0},{"damage":0.0,"enemies":"Small Slimes","floor":2.0,"turns":3.0},{"damage":0.0,"enemies":"2 Louse","floor":3.0,"turns":2.0},{"damage":6.0,"enemies":"Blue Slaver","floor":4.0,"turns":4.0},{"damage":7.0,"enemies":"3 Louse","floor":5.0,"turns":3.0},{"damage":9.0,"enemies":"Lagavulin","floor":6.0,"turns":9.0},{"damage":7.0,"enemies":"Gremlin Nob","floor":8.0,"turns":4.0},{"damage":0.0,"enemies":"2 Fungi Beasts","floor":11.0,"turns":2.0},{"damage":15.0,"enemies":"3 Sentries","floor":12.0,"turns":8.0},{"damage":8.0,"enemies":"Hexaghost","floor":16.0,"turns":11.0},{"damage":4.0,"enemies":"3 Byrds","floor":18.0,"turns":5.0},{"damage":0.0,"enemies":"Chosen","floor":19.0,"turns":5.0},{"damage":2.0,"enemies":"Snecko","floor":20.0,"turns":7.0},{"damage":18.0,"enemies":"Book of Stabbing","floor":23.0,"turns":7.0},{"damage":32.0,"enemies":"Slavers","floor":25.0,"turns":6.0},{"damage":6.0,"enemies":"Book of Stabbing","floor":28.0,"turns":5.0},{"damage":0.0,"enemies":"3 Cultists","floor":30.0,"turns":4.0},{"damage":29.0,"enemies":"Champ","floor":33.0,"turns":10.0},{"damage":0.0,"enemies":"3 Shapes","floor":35.0,"turns":5.0},{"damage":2.0,"enemies":"Orb Walker","floor":37.0,"turns":3.0},{"damage":4,"enemies":"Writhing Mass","floor":39,"turns":6},{"damage":0,"enemies":"Giant Head","floor":41,"turns":7},{"damage":32,"enemies":"Reptomancer","floor":44,"turns":7},{"damage":13,"enemies":"Nemesis","floor":46,"turns":5},{"damage":19,"enemies":"3 Darklings","floor":47,"turns":5},{"damage":8,"enemies":"Time Eater","floor":50,"turns":10},{"damage":41,"enemies":"Shield and Spear","floor":54,"turns":6},{"damage":28,"enemies":"The Heart","floor":55,"turns":9}],"seed_played":"-2091462748433393878","potions_obtained":[],"is_trial":false,"path_per_floor":["M","M","M","M","M","E","?","E","T","R","M","E","R","$","R","B",null,"M","M","M","?","?","E","R","E","T","R","E","T","M","?","R","B",null,"M","$","M","?","M","R","E","R","T","E","?","E","M","?","R","B",null,"R","$","E","B",null],"character_chosen":"WATCHER","items_purchased":["TalkToTheHand","ClockworkSouvenir","Protect","OrangePellets","Devotion","Adaptation"],"campfire_rested":2,"item_purchase_floors":[14,14,14,36,36,53],"current_hp_per_floor":[71,71,71,65,58,49,49,42,42,42,44,31,31,31,31,23,76,74,76,74,59,43,27,53,21,21,21,15,15,17,46,58,29,89,91,91,91,91,89,95,97,97,97,67,67,56,41,38,84,78,105,105,105,64,38],"gold":167,"neow_bonus":"BOSS_RELIC","is_daily":false,"chose_seed":false,"campfire_upgraded":7,"win_rate":0.0,"timestamp":1613066083,"path_taken":["M","M","M","M","M","E","?","E","T","R","M","E","R","$","R","BOSS","M","M","M","?","?","E","R","E","T","R","E","?","M","?","R","BOSS","M","$","M","?","?","R","E","R","T","E","?","E","M","?","R","BOSS","R","$","E","BOSS"],"items_purchased_type":["Card","Relic","Card","Relic","Card","Card"],"build_version":"2020-12-22","purchased_purges":2,"victory":true,"max_hp_per_floor":[72,72,72,72,72,72,72,72,72,72,74,76,76,76,76,76,76,78,80,80,85,85,87,87,87,87,87,87,87,89,89,89,89,89,91,91,93,93,95,95,97,97,97,99,99,101,103,105,105,105,105,105,105,105,105],"card_choices":[{"not_picked":["Halt","Crescendo"],"picked":"EmptyBody","floor":1.0},{"not_picked":["SashWhip","FlurryOfBlows"],"picked":"CutThroughFate","floor":2.0},{"not_picked":["LikeWater","Protect"],"picked":"Consecrate","floor":3.0},{"not_picked":["JustLucky","Worship"],"picked":"EmptyBody","floor":4.0},{"not_picked":["BowlingBash","EmptyBody"],"picked":"Vault","floor":5.0},{"not_picked":["FollowUp","Nirvana"],"picked":"Worship","floor":6.0},{"not_picked":["Collect","EmptyFist"],"picked":"FlurryOfBlows","floor":8.0},{"not_picked":["Prostrate","Protect","CrushJoints"],"picked":"Singing Bowl","floor":11.0},{"not_picked":["DevaForm","MasterReality","ForeignInfluence"],"picked":"Singing Bowl","floor":12.0},{"not_picked":["Judgement","SpiritShield"],"picked":"LessonLearned","floor":16.0},{"not_picked":["ThirdEye","FlurryOfBlows+1","CutThroughFate"],"picked":"Singing Bowl","floor":18.0},{"not_picked":["Evaluate+1","Fasting2","Prostrate"],"picked":"Singing Bowl","floor":19.0},{"not_picked":["Wallop+1","LessonLearned"],"picked":"LikeWater+1","floor":20.0},{"not_picked":["LikeWater","Crescendo","Weave+1"],"picked":"Singing Bowl","floor":23.0},{"not_picked":["DeceiveReality","PathToVictory"],"picked":"WindmillStrike","floor":25.0},{"not_picked":["Consecrate","LessonLearned"],"picked":"TalkToTheHand","floor":28.0},{"not_picked":["SandsOfTime","TalkToTheHand+1","JustLucky+1"],"picked":"Singing Bowl","floor":30.0},{"not_picked":["Alpha","Ragnarok"],"picked":"Brilliance","floor":33.0},{"not_picked":["Crescendo+1","BowlingBash","TalkToTheHand"],"picked":"Singing Bowl","floor":35.0},{"not_picked":["WaveOfTheHand","WindmillStrike","PathToVictory"],"picked":"Singing Bowl","floor":37.0},{"not_picked":["WindmillStrike+1","Halt+1","Consecrate+1"],"picked":"Singing Bowl","floor":39},{"not_picked":["Omniscience","SignatureMove","WreathOfFlame+1"],"picked":"Singing Bowl","floor":41},{"not_picked":["Tantrum+1","Consecrate","CutThroughFate"],"picked":"Singing Bowl","floor":44},{"not_picked":["EmptyBody+1","CrushJoints","BowlingBash+1"],"picked":"Singing Bowl","floor":46},{"not_picked":["BowlingBash","Brilliance","WreathOfFlame"],"picked":"Singing Bowl","floor":47},{"not_picked":["Enlightenment","Forethought","Secret Technique"],"picked":"Singing Bowl","floor":48},{"not_picked":["Thinking Ahead","Madness"],"picked":"Purity","floor":48},{"not_picked":["EmptyBody","EmptyFist+1"],"picked":"FlurryOfBlows+1","floor":54}],"player_experience":344349,"relics_obtained":[{"floor":6.0,"key":"War Paint"},{"floor":8.0,"key":"Turnip"},{"floor":9.0,"key":"Singing Bowl"},{"floor":12.0,"key":"Mercury Hourglass"},{"floor":22.0,"key":"Necronomicon"},{"floor":23.0,"key":"Omamori"},{"floor":25.0,"key":"Damaru"},{"floor":26.0,"key":"Lantern"},{"floor":28.0,"key":"Yang"},{"floor":29.0,"key":"Eternal Feather"},{"floor":41,"key":"Ancient Tea Set"},{"floor":44,"key":"Bottled Flame"},{"floor":46,"key":"Blood Vial"},{"floor":54,"key":"Shuriken"}],"event_choices":[{"damage_healed":0.0,"max_hp_gain":0.0,"max_hp_loss":0.0,"gold_gain":0.0,"cards_transformed":["Strike_P"],"event_name":"Living Wall","player_choice":"Change","floor":7.0,"gold_loss":0.0,"damage_taken":0.0,"cards_obtained":["Perseverance"]},{"damage_healed":0.0,"max_hp_gain":5.0,"max_hp_loss":0.0,"gold_gain":0.0,"event_name":"Forgotten Altar","player_choice":"Shed Blood","floor":21.0,"gold_loss":0.0,"damage_taken":20.0},{"damage_healed":0.0,"max_hp_gain":0.0,"max_hp_loss":0.0,"gold_gain":0.0,"event_name":"Cursed Tome","player_choice":"Obtained Book","floor":22.0,"gold_loss":0.0,"damage_taken":16.0},{"damage_healed":29.0,"max_hp_gain":0.0,"max_hp_loss":0.0,"gold_gain":0.0,"event_name":"The Library","player_choice":"Heal","floor":31.0,"gold_loss":0.0,"damage_taken":0.0},{"cards_removed":["Strike_P"],"damage_healed":0.0,"max_hp_gain":0.0,"max_hp_loss":0.0,"gold_gain":0.0,"event_name":"Purifier","player_choice":"Purged","floor":38.0,"gold_loss":0.0,"damage_taken":0.0},{"damage_healed":0,"gold_gain":0,"player_choice":"Ignored","damage_taken":0,"max_hp_gain":0,"max_hp_loss":0,"event_name":"Tomb of Lord Red Mask","floor":45,"gold_loss":0},{"damage_healed":0,"gold_gain":0,"player_choice":"Memory 2","damage_taken":5,"max_hp_gain":0,"max_hp_loss":0,"event_name":"SensoryStone","floor":48,"gold_loss":0}],"is_beta":false,"boss_relics":[{"not_picked":["Black Star","Coffee Dripper"],"picked":"VioletLotus"},{"not_picked":["SacredBark","Philosopher\u0027s Stone"],"picked":"Runic Pyramid"}],"items_purged_floors":[36,53],"is_endless":false,"potions_floor_spawned":[4,5,8,11,12,16,18,19,25,30,33,46,54],"ascension_level":4}}