{"host":"rtw1tnr74gozsrw1","time":1613018333,"event":{"mods":["BaseMod","Colored Map","Colored Powertips","Highlight Path","Infinite Spire","Minty Spire (QoL Compilation)","StSLib","The Jungle"],"gold_per_floor":[111,160,177,177,177,177,193,193,218,230,240,270,290,300,300,396,396,406,331,347,347,347],"floor_reached":21,"language":"ENG","playtime":692,"items_purged":["Strike_B"],"score":220,"play_id":"0068eb51-ae8a-4ccf-90b4-33cc5020cc5c","local_time":"20210211053853","is_ascension_mode":true,"campfire_choices":[{"data":"infinitespire:SevenWalls","floor":6,"key":"SMITH"},{"data":"Zap","floor":8,"key":"SMITH"},{"floor":15,"key":"REST"}],"circlet_count":0,"master_deck":["Strike_B","Strike_B","Strike_B","Defend_B","Defend_B","Defend_B","Defend_B","Zap+1","Dualcast","Gash","Leap","infinitespire:SevenWalls+1","Chill","Gash","Redo","Streamline","White Noise","Echo Form","Conserve Battery+1"],"relics":["Cracked Core","NeowsBlessing","Happy Flower","Orichalcum","Matryoshka","Inserter"],"acts_visited":["Exordium","TheCity"],"potions_floor_usage":[18,20],"damage_taken":[{"damage":0,"enemies":"Cultist","floor":1,"turns":1},{"damage":0,"enemies":"2 Louse","floor":3,"turns":1},{"damage":0,"enemies":"Jaw Worm","floor":7,"turns":1},{"damage":3,"enemies":"Looter","floor":10,"turns":3},{"damage":8,"enemies":"3 Louse","floor":11,"turns":4},{"damage":11,"enemies":"3 Sentries","floor":12,"turns":8},{"damage":15,"enemies":"Exordium Wildlife","floor":13,"turns":4},{"damage":5,"enemies":"Looter","floor":14,"turns":3},{"damage":1,"enemies":"Hexaghost","floor":16,"turns":10},{"damage":13,"enemies":"Shell Parasite","floor":18,"turns":5},{"damage":8,"enemies":"3 Byrds","floor":20,"turns":5}],"seed_played":"-4324723458049870978","potions_obtained":[{"floor":7,"key":"GamblersBrew"},{"floor":11,"key":"Energy Potion"},{"floor":12,"key":"FocusPotion"},{"floor":13,"key":"Block Potion"},{"floor":18,"key":"DuplicationPotion"}],"is_trial":false,"path_per_floor":["M","T","M","?","?","R","M","R","T","M","M","E","M","M","R","B",null,"M","$","M","?"],"character_chosen":"DEFECT","items_purchased":[],"campfire_rested":1,"item_purchase_floors":[],"current_hp_per_floor":[75,75,75,56,56,56,56,56,56,53,45,34,19,14,36,35,75,62,62,54,54,54],"gold":347,"neow_bonus":"THREE_ENEMY_KILL","is_daily":false,"chose_seed":false,"campfire_upgraded":2,"win_rate":0.0,"timestamp":1613018333,"path_taken":["M","?","M","?","?","R","?","R","T","M","M","E","M","M","R","BOSS","M","$","M","?"],"items_purchased_type":[],"build_version":"2020-12-22","purchased_purges":1,"victory":false,"max_hp_per_floor":[75,75,75,75,75,75,75,75,75,75,75,75,75,75,75,75,75,75,75,75,75,75],"card_choices":[{"not_picked":["Go for the Eyes","Melter"],"picked":"Gash","floor":1},{"not_picked":["Skim","Cold Snap"],"picked":"Leap","floor":3},{"not_picked":["infinitespire:FinalStrike","infinitespire:Menacing"],"picked":"infinitespire:SevenWalls","floor":4},{"not_picked":["Ball Lightning","Rebound"],"picked":"Chill","floor":7},{"not_picked":["Aggregate","Compile Driver"],"picked":"Gash","floor":10},{"not_picked":["Barrage","Fusion"],"picked":"Redo","floor":11},{"not_picked":["Cold Snap","Steam Power"],"picked":"Streamline","floor":12},{"not_picked":["Turbo","Sweeping Beam"],"picked":"White Noise","floor":13},{"not_picked":["Redo","Coolheaded","Sweeping Beam"],"picked":"SKIP","floor":14},{"not_picked":["Amplify","Hyperbeam"],"picked":"Echo Form","floor":16},{"not_picked":["Beam Cell","Barrage","Rebound"],"picked":"SKIP","floor":18},{"not_picked":["BootSequence","Gash+1"],"picked":"Conserve Battery+1","floor":20}],"player_experience":130772,"relics_obtained":[{"floor":2,"key":"Happy Flower"},{"floor":9,"key":"Orichalcum"},{"floor":12,"key":"Matryoshka"}],"event_choices":[{"damage_healed":0,"gold_gain":0,"player_choice":"Fled","damage_taken":0,"max_hp_gain":0,"max_hp_loss":0,"event_name":"Scrap Ooze","floor":5,"gold_loss":0}],"is_beta":false,"boss_relics":[{"not_picked":["FrozenCore","Tiny House"],"picked":"Inserter"}],"items_purged_floors":[19],"is_endless":false,"potions_floor_spawned":[7,11,12,13,18],"ascension_level":4}}