{"host":"w4b7hmige5bnqipq","time":1613026208,"event":{"mods":["2.2 Compatiblity","BaseMod","Colored Map","DeckTracker","Keyboard Shortcuts","Minty Spire (QoL Compilation)","Permanent Neow","Rare Cards Sparkle","SuperFastMode","everything is the same but u backflip on backflip","slay the spire mod where everything is the same but ironclad has a cowboy hat"],"gold_per_floor":[119,135,60,25,25,59,59,87,87,114,131,131,181,206,206,284,284,303,322,338,57,57,83,99,133,184,209,45,45,45,59,59,138,138,148,23,40,52,69,104,117,131,158,158,158,158,177,206,206,206,206,206],"floor_reached":51,"language":"KOR","playtime":2013,"items_purged":["Strike_G","Strike_G"],"score":1594,"play_id":"7cbff9ef-6fd7-43b5-8f78-e2157552e722","local_time":"20210211155008","is_ascension_mode":true,"campfire_choices":[{"data":"Neutralize","floor":7.0,"key":"SMITH"},{"data":"Calculated Gamble","floor":12.0,"key":"SMITH"},{"data":"Predator","floor":15.0,"key":"SMITH"},{"data":"1","floor":32.0,"key":"LIFT"},{"data":"2","floor":46.0,"key":"LIFT"},{"floor":49.0,"key":"RECALL"}],"circlet_count":0,"master_deck":["AscendersBane","Strike_G","Strike_G","Defend_G","Defend_G","Defend_G","Defend_G","Defend_G","Survivor","Neutralize+1","Glass Knife+1","Dagger Throw","Predator+1","All Out Attack","Escape Plan","Calculated Gamble+1","Corpse Explosion","Blade Dance","Escape Plan+1","Accuracy","Phantasmal Killer","Footwork","Night Terror","Cloak And Dagger","Backflip","Tools of the Trade","Finisher","Blade Dance","Acrobatics","Cloak And Dagger","Blur"],"relics":["Ring of the Snake","Paper Crane","Kunai","InkBottle","Eternal Feather","PreservedInsect","Sozu","Ninja Scroll","Incense Burner","Girya","Centennial Puzzle","Omamori","Lee\u0027s Waffle","Fusion Hammer","Potion Belt","Boot"],"acts_visited":["Exordium","TheCity","TheBeyond"],"potions_floor_usage":[],"damage_taken":[{"damage":7.0,"enemies":"Small Slimes","floor":1.0,"turns":6.0},{"damage":0.0,"enemies":"2 Louse","floor":2.0,"turns":3.0},{"damage":9.0,"enemies":"3 Sentries","floor":6.0,"turns":9.0},{"damage":4.0,"enemies":"Gremlin Nob","floor":8.0,"turns":3.0},{"damage":25.0,"enemies":"Lagavulin","floor":10.0,"turns":6.0},{"damage":0.0,"enemies":"Cultist","floor":11.0,"turns":3.0},{"damage":4.0,"enemies":"Gremlin Nob","floor":14.0,"turns":3.0},{"damage":10.0,"enemies":"The Guardian","floor":16.0,"turns":14.0},{"damage":17.0,"enemies":"2 Thieves","floor":18.0,"turns":2.0},{"damage":5.0,"enemies":"Chosen","floor":19.0,"turns":4.0},{"damage":0.0,"enemies":"3 Cultists","floor":20.0,"turns":3.0},{"damage":0.0,"enemies":"Shelled Parasite and Fungi","floor":22.0,"turns":1.0},{"damage":9.0,"enemies":"Book of Stabbing","floor":23.0,"turns":5.0},{"damage":0.0,"enemies":"Centurion and Healer","floor":24.0,"turns":5.0},{"damage":11.0,"enemies":"Gremlin Leader","floor":25.0,"turns":4.0},{"damage":1.0,"enemies":"Slavers","floor":27.0,"turns":2.0},{"damage":0.0,"enemies":"3 Cultists","floor":31.0,"turns":2.0},{"damage":49.0,"enemies":"Champ","floor":33.0,"turns":10.0},{"damage":0.0,"enemies":"3 Darklings","floor":35.0,"turns":1.0},{"damage":0.0,"enemies":"3 Shapes","floor":37.0,"turns":3.0},{"damage":11.0,"enemies":"Spire Growth","floor":38.0,"turns":5.0},{"damage":1.0,"enemies":"4 Shapes","floor":39.0,"turns":6.0},{"damage":15.0,"enemies":"Nemesis","floor":40.0,"turns":7.0},{"damage":2.0,"enemies":"Sphere and 2 Shapes","floor":41.0,"turns":4.0},{"damage":15.0,"enemies":"Spire Growth","floor":42.0,"turns":4.0},{"damage":0.0,"enemies":"3 Darklings","floor":47.0,"turns":1.0},{"damage":0.0,"enemies":"Giant Head","floor":48.0,"turns":5.0},{"damage":24.0,"enemies":"Donu and Deca","floor":50.0,"turns":9.0},{"damage":40,"enemies":"Time Eater","floor":51,"turns":6}],"seed_played":"-7098016848634678474","potions_obtained":[{"floor":11.0,"key":"ColorlessPotion"},{"floor":14.0,"key":"Weak Potion"},{"floor":16.0,"key":"SmokeBomb"}],"is_trial":false,"path_per_floor":["M","M","$","?","?","E","R","E","T","E","M","R","?","E","R","B",null,"M","M","M","$","M","E","M","E","T","E","$","?","$","M","R","B",null,"M","$","M","M","M","E","M","M","T","?","?","R","M","E","R","B","B"],"character_chosen":"THE_SILENT","items_purchased":["Ninja Scroll","Lee\u0027s Waffle","Backflip"],"campfire_rested":0,"item_purchase_floors":[21,28,36],"current_hp_per_floor":[37,37,37,53,53,44,44,40,40,15,15,24,24,20,29,19,54,37,32,32,32,32,23,23,12,12,11,73,73,73,73,73,24,61,61,61,61,50,49,34,32,17,17,17,60,60,60,60,60,36,0,0],"gold":206,"neow_bonus":"THREE_RARE_CARDS","is_daily":false,"chose_seed":false,"campfire_upgraded":3,"win_rate":0.0,"timestamp":1613026208,"path_taken":["M","M","$","?","?","E","R","E","T","E","M","R","?","E","R","BOSS","M","M","?","$","M","E","M","E","T","E","$","?","?","?","R","BOSS","M","$","M","M","M","E","M","M","T","?","?","R","M","E","R","BOSS","BOSS"],"items_purchased_type":["Relic","Relic","Card"],"build_version":"2020-12-22","purchased_purges":2,"victory":false,"max_hp_per_floor":[66,66,66,66,66,66,66,66,66,66,66,66,66,66,66,66,66,66,66,66,66,66,66,66,66,66,66,73,73,73,73,73,73,73,73,73,73,73,73,73,73,73,73,73,60,60,60,60,60,60,60,60],"card_choices":[{"not_picked":["After Image","Bullet Time"],"picked":"Glass Knife","floor":0.0},{"not_picked":["Poisoned Stab","Cloak And Dagger"],"picked":"Dagger Throw","floor":1.0},{"not_picked":["Bane","Caltrops"],"picked":"Predator","floor":2.0},{"not_picked":["Deadly Poison","Sucker Punch"],"picked":"All Out Attack","floor":6.0},{"not_picked":["Expertise","Night Terror"],"picked":"Escape Plan","floor":8.0},{"not_picked":["Underhanded Strike","Slice"],"picked":"Calculated Gamble","floor":10.0},{"not_picked":["Calculated Gamble","Bane","Sucker Punch"],"picked":"SKIP","floor":11.0},{"not_picked":["Caltrops","Poisoned Stab","Outmaneuver"],"picked":"SKIP","floor":14.0},{"not_picked":["Grand Finale","Unload"],"picked":"Corpse Explosion","floor":16.0},{"not_picked":["Outmaneuver","Poisoned Stab","Setup"],"picked":"SKIP","floor":18.0},{"not_picked":["Deflect","Dagger Spray","Bane"],"picked":"SKIP","floor":19.0},{"not_picked":["Dagger Spray","Poisoned Stab","Deflect"],"picked":"SKIP","floor":20.0},{"not_picked":["Die Die Die","Quick Slash"],"picked":"Blade Dance","floor":23.0},{"not_picked":["Deflect+1","Flying Knee+1"],"picked":"Escape Plan+1","floor":24.0},{"not_picked":["Backflip","Footwork+1"],"picked":"Accuracy","floor":25.0},{"not_picked":["Glass Knife","Outmaneuver"],"picked":"Phantasmal Killer","floor":27.0},{"not_picked":["Backstab+1","Escape Plan"],"picked":"Footwork","floor":31.0},{"not_picked":["Storm of Steel","Phantasmal Killer"],"picked":"Night Terror","floor":33.0},{"not_picked":["PiercingWail","Slice+1"],"picked":"Cloak And Dagger","floor":35.0},{"not_picked":["Deadly Poison","Dodge and Roll"],"picked":"Tools of the Trade","floor":37.0},{"not_picked":["Dodge and Roll","Dagger Throw+1"],"picked":"Finisher","floor":38.0},{"not_picked":["Slice","Deadly Poison","Dagger Spray"],"picked":"SKIP","floor":39.0},{"not_picked":["PiercingWail","Predator"],"picked":"Blade Dance","floor":40.0},{"not_picked":["Skewer+1","Deflect","Tools of the Trade"],"picked":"SKIP","floor":41.0},{"not_picked":["Prepared","Well Laid Plans"],"picked":"Acrobatics","floor":42.0},{"not_picked":["Underhanded Strike","Dash","Cloak And Dagger"],"picked":"SKIP","floor":47.0},{"not_picked":["Underhanded Strike","Dash"],"picked":"Cloak And Dagger","floor":47.0},{"not_picked":["Finisher+1","Blade Dance+1"],"picked":"Blur","floor":48.0}],"player_experience":734946,"relics_obtained":[{"floor":6.0,"key":"Paper Crane"},{"floor":8.0,"key":"Kunai"},{"floor":9.0,"key":"InkBottle"},{"floor":10.0,"key":"Eternal Feather"},{"floor":14.0,"key":"PreservedInsect"},{"floor":23.0,"key":"Incense Burner"},{"floor":25.0,"key":"Girya"},{"floor":26.0,"key":"Centennial Puzzle"},{"floor":27.0,"key":"Omamori"},{"floor":40.0,"key":"Potion Belt"},{"floor":48.0,"key":"Boot"}],"event_choices":[{"damage_healed":16.0,"max_hp_gain":0.0,"max_hp_loss":0.0,"gold_gain":0.0,"event_name":"The Cleric","player_choice":"Healed","floor":4.0,"gold_loss":35.0,"damage_taken":0.0},{"damage_healed":0.0,"max_hp_gain":0.0,"max_hp_loss":0.0,"gold_gain":0.0,"event_name":"Living Wall","player_choice":"Grow","floor":5.0,"gold_loss":0.0,"damage_taken":0.0,"cards_upgraded":["Glass Knife"]},{"damage_healed":0.0,"max_hp_gain":0.0,"max_hp_loss":0.0,"gold_gain":50.0,"event_name":"Golden Shrine","player_choice":"Pray","floor":13.0,"gold_loss":0.0,"damage_taken":0.0},{"damage_healed":0.0,"max_hp_gain":0.0,"max_hp_loss":0.0,"gold_gain":0.0,"event_name":"N\u0027loth","player_choice":"Ignored","floor":29.0,"gold_loss":0.0,"damage_taken":0.0},{"cards_removed":["Strike_G"],"damage_healed":0.0,"max_hp_gain":0.0,"max_hp_loss":0.0,"gold_gain":0.0,"event_name":"Falling","player_choice":"Removed Attack","floor":44.0,"gold_loss":0.0,"damage_taken":0.0},{"damage_healed":60.0,"max_hp_gain":0.0,"max_hp_loss":13.0,"gold_gain":0.0,"event_name":"The Moai Head","player_choice":"Heal","floor":45.0,"gold_loss":0.0,"damage_taken":0.0}],"is_beta":false,"boss_relics":[{"not_picked":["Philosopher\u0027s Stone","Astrolabe"],"picked":"Sozu"},{"not_picked":["Velvet Choker","Calling Bell"],"picked":"Fusion Hammer"}],"items_purged_floors":[3,36],"is_endless":false,"potions_floor_spawned":[11,14,16,18,19,23,24,33,35,40,48],"killed_by":"Time Eater","ascension_level":20}}