{"host":"hx5bui4di82vxq8x","time":1613028937,"event":{"mods":["Act Like it!","Arknights","BaseMod","Colored Powertips","Dota2Spire","Friendly Minions","Minty Spire (QoL Compilation)","Quick Restart","Replay The Spire","Spicy Shops","StSLib"],"gold_per_floor":[115,129,81,93,93,93,43,69,94,111,36,70,70,70,70,170,170,190,190,206,0,14,39,39,39,63,78,78,102,115,144,144,247,247,266,283,283,3,21,56,56,73,73,83,83,83,7,7,7,7],"floor_reached":51,"language":"ZHS","playtime":2605,"items_purged":["ats:Strike S","ats:Healing Strengthening"],"score":873,"play_id":"c1e09c81-a3ac-49b8-8b54-9cd0de9c3995","local_time":"20210211153537","is_ascension_mode":false,"campfire_choices":[{"data":"ats:Emotion Absorption","floor":6.0,"key":"SMITH"},{"data":"ats:Thorns","floor":15.0,"key":"SMITH"},{"floor":28.0,"key":"REST"},{"floor":32.0,"key":"REST"},{"floor":41.0,"key":"REST"},{"floor":46.0,"key":"REST"},{"data":"ats:Blood Oath","floor":49,"key":"SMITH"}],"circlet_count":0,"master_deck":["ats:Armor Crushing Shot","ats:Defend","ats:Defend","ats:Defend","ats:Defend","ats:Emotion Absorption+1","ats:Thorns+1","ats:Neurotoxin","ats:Explosion Area Strengthen","ats:Consecutive Shot Auto+1","ats:Calcification+1","ats:Poison Spread","ats:True Silver Slash","ats:Flexible Camouflage","ats:Blood Oath+1","ats:Beaten Up+1","ats:Shell Defense","ats:Song Of Battle+1","ats:Guard Mode+1","ats:Disruption Kick+1","ats:Magnetic Hammer+1","ats:Healing Strengthening+1","ats:Shadow Raid","ats:Literary Storm+1"],"relics":["ats:Sanity Plus","NeowsBlessing","ats:Originium","Replay:Wax Seal","Nunchaku","Pantograph","Counterbalance","ats:Tactical Delivery","PreservedInsect","Gremlin Food","Omamori","Replay:Rubber Ducky","ReplayTheSpireMod:Ninjato","Replay:Grab Bag","Cursed Key","SlaversCollar","Replay:Ringing Soul","TheAbacus","Unceasing Top","Juzu Bracelet","ReplayTheSpireMod:CursedCoin","Orrery"],"acts_visited":["Exordium","TheCity","TheBeyond"],"potions_floor_usage":[50],"damage_taken":[{"damage":0.0,"enemies":"Small Slimes","floor":1.0,"turns":1.0},{"damage":0.0,"enemies":"Jaw Worm","floor":2.0,"turns":1.0},{"damage":0.0,"enemies":"2 Louse","floor":4.0,"turns":1.0},{"damage":27.0,"enemies":"3 Sentries","floor":8.0,"turns":6.0},{"damage":2.0,"enemies":"2 Fungi Beasts","floor":10.0,"turns":4.0},{"damage":28.0,"enemies":"Gremlin Nob","floor":12.0,"turns":3.0},{"damage":17.0,"enemies":"Hexaghost","floor":16.0,"turns":9.0},{"damage":15.0,"enemies":"2 Thieves","floor":18.0,"turns":3.0},{"damage":1.0,"enemies":"Shell Parasite","floor":20.0,"turns":4.0},{"damage":14.0,"enemies":"Centurion and Healer","floor":22.0,"turns":6.0},{"damage":30.0,"enemies":"Gremlin Leader","floor":23.0,"turns":6.0},{"damage":24.0,"enemies":"Snecko","floor":27.0,"turns":7.0},{"damage":23.0,"enemies":"Snake Plant","floor":30.0,"turns":5.0},{"damage":0.0,"enemies":"Replay:Snechameleon","floor":31.0,"turns":5.0},{"damage":64.0,"enemies":"Automaton","floor":33.0,"turns":14.0},{"damage":28.0,"enemies":"3 Shapes","floor":35.0,"turns":7.0},{"damage":46.0,"enemies":"Orb Walker","floor":36.0,"turns":6.0},{"damage":12.0,"enemies":"Spire Growth","floor":39.0,"turns":6.0},{"damage":0.0,"enemies":"R_Hoarder","floor":40.0,"turns":7.0},{"damage":18.0,"enemies":"3 Darklings","floor":42.0,"turns":4.0},{"damage":50.0,"enemies":"Writhing Mass","floor":44.0,"turns":7.0},{"damage":9,"enemies":"Time Eater","floor":50,"turns":13}],"seed_played":"-4493078582713905502","potions_obtained":[{"floor":4.0,"key":"Explosive Potion"},{"floor":12.0,"key":"Dexterity Potion"},{"floor":16.0,"key":"FearPotion"},{"floor":18.0,"key":"GamblersBrew"},{"floor":20.0,"key":"Adrenaline Potion"},{"floor":30.0,"key":"Adrenaline Potion"},{"floor":31.0,"key":"Strength Potion"},{"floor":35.0,"key":"SteroidPotion"},{"floor":40.0,"key":"AttackPotion"},{"floor":42.0,"key":"Dota2Spire:HealingSalve"},{"floor":44.0,"key":"SpeedPotion"}],"is_trial":false,"path_per_floor":["M","M","$","M","$","R","?","E","T","M","$","E","?","?","R","B",null,"M","?","M","$","M","E","?","?","T","M","R","T","M","E","R","B",null,"M","M","?","$","M","E","R","M","T","M","$","R","$","?","R","B",null],"character_chosen":"DOCTOR_CLASS","items_purchased":["ats:Explosion Area Strengthen","PreservedInsect","ats:Shell Defense","Replay:Ringing Soul","TheAbacus","ReplayTheSpireMod:CursedCoin","Orrery","Adrenaline Potion"],"campfire_rested":4,"item_purchase_floors":[3,21,21,38,38,47,47,47],"current_hp_per_floor":[72,72,72,72,72,72,72,45,45,44,44,17,17,17,17,28,72,58,58,61,61,58,35,35,35,35,25,46,46,33,45,66,28,72,51,13,13,13,14,24,46,38,38,19,19,43,46,46,46,84],"gold":7,"neow_bonus":"THREE_ENEMY_KILL","is_daily":false,"chose_seed":false,"campfire_upgraded":3,"win_rate":0.0,"timestamp":1613028937,"path_taken":["M","M","$","M","$","R","?","E","T","M","$","E","?","?","R","BOSS","M","?","M","$","M","E","?","?","T","M","R","?","M","E","R","BOSS","M","?","?","?","M","E","R","M","T","M","?","R","$","?","R","BOSS"],"items_purchased_type":["Card","Relic","Card","Relic","Relic","Relic","Relic","Potion"],"build_version":"2020-12-22","purchased_purges":2,"victory":true,"max_hp_per_floor":[72,72,72,72,72,72,72,72,72,72,72,72,72,72,72,72,72,72,72,72,72,72,72,72,72,72,72,72,72,72,72,72,72,72,72,72,72,72,72,75,75,78,78,81,81,81,84,84,84,84],"card_choices":[{"not_picked":["ats:Explosion Area Strengthen","ats:Shadow Raid"],"picked":"ats:Thorns","floor":1.0},{"not_picked":["ats:Closed Bolt Burst Fire","ats:Poison Spread"],"picked":"ats:Neurotoxin","floor":2.0},{"not_picked":["ats:Closed Bolt Burst Fire","ats:Curse Doll"],"picked":"ats:Consecutive Shot Auto","floor":4.0},{"not_picked":["ats:Healing Strengthening","ats:LN2 Cannon"],"picked":"ats:Calcification","floor":8.0},{"not_picked":["ats:Very Hot Blade","ats:Beaten Up"],"picked":"ats:Poison Spread","floor":10.0},{"not_picked":["ats:Very Hot Blade","ats:Encircling Forest","ats:Assault Order"],"picked":"SKIP","floor":12.0},{"not_picked":["ats:Dogmatic Field","ats:Soul Rend"],"picked":"ats:True Silver Slash","floor":16.0},{"not_picked":["ats:Collapsing Strike","ats:Magnetic Hammer"],"picked":"ats:Flexible Camouflage","floor":18.0},{"not_picked":["ats:Closed Bolt Burst Fire","ats:LN2 Cannon","ats:Directed Diagnosis+1"],"picked":"SKIP","floor":20.0},{"not_picked":["ats:Blood Oath","ats:Explosion Area Strengthen+1"],"picked":"ats:Song Of Battle","floor":22.0},{"not_picked":["ats:Mental Burst","ats:Collapsing Strike","ats:Shell Defense"],"picked":"SKIP","floor":23.0},{"not_picked":["ats:Cat Scratch","ats:Assault Order","ats:Hammer On"],"picked":"SKIP","floor":27.0},{"not_picked":["ats:Phantom+1","ats:Closed Bolt Burst Fire"],"picked":"ats:Guard Mode+1","floor":30.0},{"not_picked":["ats:Cat Scratch","ats:Very Hot Blade"],"picked":"ats:Disruption Kick","floor":31.0},{"not_picked":["ats:Leaping Hammer","ats:Spore Proliferation+1","ats:Beaten Up+1"],"picked":"SKIP","floor":35.0},{"not_picked":["ats:Consecutive Shot Auto","ats:Apocalypse"],"picked":"ats:Magnetic Hammer+1","floor":36.0},{"not_picked":["ats:Curse Doll+1","ats:Assault Order+1","ats:Sunburst+1"],"picked":"SKIP","floor":39.0},{"not_picked":["ats:Soul Rend","ats:Neurotoxin"],"picked":"ats:Healing Strengthening","floor":40.0},{"not_picked":["ats:Cat Scratch","ats:Closed Bolt Burst Fire+1"],"picked":"ats:Healing Strengthening+1","floor":42.0},{"not_picked":["ats:Revitalization+1","ats:Hook Shot+1"],"picked":"ats:Shadow Raid","floor":44.0},{"not_picked":["ats:Guard Mode","ats:Poison Spread"],"picked":"ats:Literary Storm+1","floor":47.0}],"player_experience":431311,"relics_obtained":[{"floor":8.0,"key":"ats:Originium"},{"floor":8.0,"key":"Replay:Wax Seal"},{"floor":9.0,"key":"Nunchaku"},{"floor":12.0,"key":"ats:Originium"},{"floor":12.0,"key":"Pantograph"},{"floor":23.0,"key":"Gremlin Food"},{"floor":26.0,"key":"Omamori"},{"floor":29.0,"key":"Replay:Rubber Ducky"},{"floor":31.0,"key":"ReplayTheSpireMod:Ninjato"},{"floor":40.0,"key":"ats:Originium"},{"floor":40.0,"key":"Unceasing Top"},{"floor":43.0,"key":"Juzu Bracelet"}],"event_choices":[{"cards_removed":["ats:Strike V"],"damage_healed":0.0,"max_hp_gain":0.0,"max_hp_loss":0.0,"gold_gain":0.0,"event_name":"The Cleric","player_choice":"Card Removal","floor":7.0,"gold_loss":50.0,"damage_taken":0.0},{"damage_healed":0.0,"max_hp_gain":0.0,"max_hp_loss":0.0,"gold_gain":0.0,"event_name":"Dead Adventurer","player_choice":"Searched \u00271\u0027 times","floor":13.0,"gold_loss":0.0,"damage_taken":0.0,"relics_obtained":["Counterbalance"]},{"damage_healed":0.0,"max_hp_gain":0.0,"max_hp_loss":0.0,"gold_gain":0.0,"event_name":"Living Wall","player_choice":"Grow","floor":14.0,"gold_loss":0.0,"damage_taken":0.0,"cards_upgraded":["ats:Calcification"]},{"damage_healed":0.0,"max_hp_gain":0.0,"max_hp_loss":0.0,"gold_gain":0.0,"cards_transformed":["ats:Strike C","ats:Strike G"],"event_name":"Drug Dealer","player_choice":"Became Test Subject","floor":19.0,"gold_loss":0.0,"damage_taken":0.0,"cards_obtained":["ats:Blood Oath","ats:Beaten Up"]},{"damage_healed":0.0,"max_hp_gain":0.0,"max_hp_loss":0.0,"gold_gain":0.0,"event_name":"Tomb of Lord Red Mask","player_choice":"Ignored","floor":37.0,"gold_loss":0.0,"damage_taken":0.0},{"damage_healed":0,"gold_gain":0,"player_choice":"Ignored","damage_taken":0,"max_hp_gain":0,"max_hp_loss":0,"event_name":"Mysterious Sphere","floor":48,"gold_loss":0}],"is_beta":false,"boss_relics":[{"not_picked":["SacredBark","Kintsugi"],"picked":"ats:Tactical Delivery"},{"not_picked":["Replay:Drink Me","Runic Dome"],"picked":"Replay:Grab Bag"},{"not_picked":["ChewingGum","Sozu"],"picked":"Cursed Key"},{"not_picked":["Velvet Choker","Coffee Dripper"],"picked":"SlaversCollar"},{"not_picked":["Snecko Eye","Pandora\u0027s Box"],"picked":"ats:Sanity Plus"}],"items_purged_floors":[11,47],"is_endless":false,"potions_floor_spawned":[4,12,16,18,20,30,31,35,40,42,44],"ascension_level":0}}