{"host":"cvgfrai8nrtinf2y","time":1613074474,"event":{"mods":["A Magickal Journey","Act Like it!","BaseMod","Better Third Choice","Challenge The Spire","Colored Map","Downfall","Gensokyo","Googly Eyes","Hermit","Highlight Path","Hubris","Infinite Spire","Minty Spire (QoL Compilation)","Rare Cards Sparkle","Relic Sorter","Remilia??????","Spicy Shops","StSLib","The Disciple","The Hierophant","The Necromancer","The Runesmith"],"gold_per_floor":[19,39,39,52,52,78,78,78,156,167,115,115,128,63,63,160,160,177,27,277,294,294,294,294,294,345,357,357,369,329,157,157,257,257,275,15,15,15,15,15,15,15],"floor_reached":41,"language":"ENG","playtime":1191,"items_purged":["Writhe","Strike_W","Normality"],"score":404,"play_id":"9dd3744d-aebc-43e2-818e-fa4d8906d3f4","local_time":"20210211211434","is_ascension_mode":true,"campfire_choices":[{"data":"Negative_Energy_Arrows","floor":8,"key":"SMITH"},{"data":"Mayhem","floor":12,"key":"SMITH"},{"data":"Bones_to_Steel","floor":15,"key":"SMITH"},{"data":"Skeleton_Dragon","floor":23,"key":"SMITH"},{"data":"Shade_Step","floor":25,"key":"SMITH"},{"data":"Grasp_Heart","floor":32,"key":"SMITH"},{"data":"Summon_Lich","floor":40,"key":"SMITH"}],"circlet_count":0,"master_deck":["Defend_W","Defend_W","Defend_W","Defend_W","Negative_Energy_Arrows+1","Bone_Wall","Mayhem+1","Siphon_Strength","Bone_Bullets","Necrotic_Claws","Bone_Armory","Finger_Of_Death","Thousand_Bone_Knives","Finger_Of_Death","Negative_Energy_Mist","Bones_to_Steel+1","Grasp_Heart+1","Negative_Energy_Javelin+1","Spectral_Armor","Shade_Step+1","Skeleton_Dragon+1","Bone_Prison","Trip","Skeleton_Dragon","Slay_Living+1","Summon_Lich+1","Master of Strategy"],"relics":["Vampire_Amulet","infinitespire:Eraser","hubris:Towel","HornCleat","hubris:Backtick","Burning Blood","Ice Cream","Orrery","Molten Egg 2","Juzu Bracelet","hubris:ScarierMask","infinitespire:Satchel"],"acts_visited":["Exordium","Gensokyo:Gensokyo","TheBeyond"],"potions_floor_usage":[41],"damage_taken":[{"damage":1,"enemies":"Gensokyo:Python","floor":1,"turns":5},{"damage":2,"enemies":"Gensokyo:Gryphon","floor":2,"turns":5},{"damage":5,"enemies":"Gensokyo:2_Kodama","floor":4,"turns":4},{"damage":10,"enemies":"Gensokyo:Mamizou","floor":6,"turns":7},{"damage":4,"enemies":"Gensokyo:Kitsune","floor":10,"turns":2},{"damage":0,"enemies":"Gensokyo:VengefulSpirit","floor":13,"turns":4},{"damage":30,"enemies":"Gensokyo:Kokoro","floor":16,"turns":11},{"damage":17,"enemies":"Gensokyo:AngelMirror","floor":18,"turns":4},{"damage":5,"enemies":"Gensokyo:3_Dogs","floor":21,"turns":7},{"damage":3,"enemies":"Gensokyo:Wraith","floor":27,"turns":4},{"damage":7,"enemies":"Gensokyo:Monolith_and_Dog","floor":29,"turns":9},{"damage":26,"enemies":"Gensokyo:Kaguya","floor":33,"turns":12},{"damage":26,"enemies":"3 Shapes","floor":35,"turns":3},{"damage":59,"enemies":"Nightmare","floor":41,"turns":8}],"seed_played":"-3929262910093264732","potions_obtained":[{"floor":1,"key":"BlessingOfTheForge"},{"floor":2,"key":"LiquidBronze"},{"floor":10,"key":"Explosive Potion"}],"is_trial":false,"path_per_floor":["M","M","?","M","$","E","?","R","T","M","COS","R","M","$","R","B",null,"M","$","?","M","?","R","AVR","R","T","M","?","M","?","$","R","B",null,"M","$","?","?","$","R","NM"],"character_chosen":"NECROMANCER","items_purchased":["Bones_to_Steel","Orrery","Trip","infinitespire:Satchel","Summon_Lich"],"campfire_rested":0,"item_purchase_floors":[14,19,31,36,36],"current_hp_per_floor":[75,75,75,72,72,64,64,64,64,62,62,62,64,64,64,36,75,66,66,66,71,71,71,71,71,71,71,71,71,71,71,71,51,71,52,52,52,52,52,52,0,0],"gold":15,"neow_bonus":"RANDOM_COLORLESS_2","is_daily":false,"chose_seed":false,"campfire_upgraded":7,"win_rate":0.0,"timestamp":1613074474,"path_taken":["M","?","?","?","?","E","?","R","T","M","COS","R","M","$","R","BOSS","M","$","?","M","?","R","AVR","R","T","M","?","M","?","?","R","BOSS","M","$","?","?","?","R","NM"],"items_purchased_type":["Card","Relic","Card","Relic","Card"],"build_version":"2020-12-22","purchased_purges":3,"victory":false,"max_hp_per_floor":[75,75,75,75,75,75,75,75,75,75,75,75,75,75,75,75,75,75,75,71,71,71,71,71,71,71,71,71,71,71,71,71,71,71,71,71,71,71,71,71,71,71],"card_choices":[{"not_picked":["Secret Weapon","Transmutation"],"picked":"Mayhem","floor":0},{"not_picked":["Chill_Blood","Vampiric_Strike"],"picked":"Siphon_Strength","floor":1},{"not_picked":["Negative_Energy_Sphere","Whirlwind_of_Bones"],"picked":"Bone_Bullets","floor":2},{"not_picked":["Consume_Illness","Bone_Shift"],"picked":"Necrotic_Claws","floor":3},{"not_picked":["Requiem","Death_March_Dance"],"picked":"Bone_Armory","floor":3},{"not_picked":["Epidemic","Scare"],"picked":"Finger_Of_Death","floor":4},{"not_picked":["Spectral_Walk","Blood_Is_Power"],"picked":"Thousand_Bone_Knives","floor":6},{"not_picked":["Death_March_Dance","Consume_Illness"],"picked":"Finger_Of_Death","floor":10},{"not_picked":["Violent_Necrosis","Blood_for_Blood"],"picked":"Negative_Energy_Mist","floor":13},{"not_picked":["Requiem","Negative_Energy_Bomb"],"picked":"Grasp_Heart","floor":16},{"not_picked":["Toxic_Smoke_Screen","Death_Coil+1","Whirlwind_of_Bones+1"],"picked":"SKIP","floor":18},{"not_picked":["Bone_Spikes","Consume_Illness"],"picked":"Negative_Energy_Javelin+1","floor":19},{"not_picked":["Thousand_Bone_Knives","Blood_Shield"],"picked":"Spectral_Armor","floor":19},{"not_picked":["Blood_Shield","Requiem"],"picked":"Shade_Step","floor":19},{"not_picked":["Spectral_Walk","Acid_Javelin+1"],"picked":"Skeleton_Dragon","floor":19},{"not_picked":["Finger_Of_Death","Consume_Illness+1","Negative_Energy_Burst"],"picked":"SKIP","floor":21},{"not_picked":["Violent_Necrosis","Death_March_Dance+1","Shackles_Of_Pain"],"picked":"SKIP","floor":27},{"not_picked":["Negative_Energy_Bomb+1","Bone_Armor"],"picked":"Bone_Prison","floor":29},{"not_picked":["Reap_The_Weak+1","Detonate_Bones+1"],"picked":"Skeleton_Dragon","floor":33},{"not_picked":["Bones_to_Steel+1","Death_Coil+1"],"picked":"Slay_Living+1","floor":35},{"not_picked":["Purity","Thinking Ahead"],"picked":"Master of Strategy","floor":38}],"player_experience":1262435,"relics_obtained":[{"floor":6,"key":"infinitespire:Eraser"},{"floor":9,"key":"HornCleat"},{"floor":26,"key":"Juzu Bracelet"}],"event_choices":[{"cards_removed":["Strike_W"],"damage_healed":0,"gold_gain":0,"player_choice":"Removed Attack","damage_taken":0,"max_hp_gain":0,"max_hp_loss":0,"event_name":"Falling","floor":37,"gold_loss":0},{"damage_healed":0,"gold_gain":0,"player_choice":"Memory 1","damage_taken":0,"max_hp_gain":0,"max_hp_loss":0,"event_name":"SensoryStone","floor":38,"gold_loss":0}],"is_beta":false,"boss_relics":[{"not_picked":["bronze:MakeshiftBattery","hubris:VirtuousBlindfold"],"picked":"hubris:Backtick"},{"not_picked":["Coffee Dripper","Fusion Hammer"],"picked":"hubris:ScarierMask"}],"items_purged_floors":[24,31,36],"is_endless":false,"potions_floor_spawned":[1,2,10,16,21,27],"killed_by":"Nightmare","ascension_level":1}}