{"host":"wgmqvkrq9e6a43rs","time":1613050586,"event":{"mods":["Act Like it!","BaseMod","DeckTracker","Gensokyo","Minty Spire (QoL Compilation)","StSLib","SuperFastMode"],"gold_per_floor":[119,119,139,69,80,80,80,80,128,146,158,158,158,178,178,280,280,295,175,190,590,416,416,24,43,43,71,71,86,86,106,106,209,209,221,221,221,221,221,221,232,264,264,61,61,61,7,18,18,18],"floor_reached":51,"language":"JPN","playtime":8475,"items_purged":["Strike_R","Strike_R","Strike_R"],"score":792,"play_id":"9cc50647-fef7-45bc-8d57-2e43c9b9e748","local_time":"20210211223626","is_ascension_mode":true,"campfire_choices":[{"data":"Bash","floor":6.0,"key":"SMITH"},{"data":"Headbutt","floor":12.0,"key":"SMITH"},{"data":"Shrug It Off","floor":15.0,"key":"SMITH"},{"floor":23.0,"key":"RECALL"},{"data":"1","floor":30.0,"key":"LIFT"},{"data":"2","floor":32.0,"key":"LIFT"},{"data":"3","floor":40,"key":"LIFT"}],"circlet_count":0,"master_deck":["Strike_R+1","Strike_R+1","Defend_R","Defend_R+1","Defend_R","Defend_R","Bash+1","Headbutt+1","Pommel Strike+1","Shrug It Off+1","Shrug It Off","Evolve","Bludgeon","Twin Strike+1","Armaments","Shrug It Off","Uppercut","Barricade","Reaper","Warcry+1","Gensokyo:RisingWorld","Spot Weakness+1","Metallicize","Gensokyo:MedicineKit"],"relics":["Coffee Dripper","Gensokyo:NagashiBinaDoll","Whetstone","Gensokyo:OccultBall","Fusion Hammer","Gensokyo:SpiderMask","Girya","Champion Belt","Turnip","Sozu","Gensokyo:DualWield","Mummified Hand","Juzu Bracelet","Pen Nib"],"acts_visited":["Gensokyo:Gensokyo","Gensokyo:Gensokyoer","Gensokyo:Gensokyoest"],"potions_floor_usage":[50],"damage_taken":[{"damage":0.0,"enemies":"Gensokyo:3_Fairies","floor":1.0,"turns":4.0},{"damage":2.0,"enemies":"Gensokyo:Gryphon","floor":3.0,"turns":3.0},{"damage":0.0,"enemies":"Gensokyo:2_Kodama","floor":5.0,"turns":3.0},{"damage":0.0,"enemies":"Gensokyo:LivingMonolith","floor":10.0,"turns":2.0},{"damage":4.0,"enemies":"Gensokyo:Gryphon_and_Rabbit","floor":11.0,"turns":4.0},{"damage":0.0,"enemies":"Gensokyo:2_Rabbits","floor":14.0,"turns":3.0},{"damage":23.0,"enemies":"Gensokyo:Reimu","floor":16.0,"turns":13.0},{"damage":0.0,"enemies":"Gensokyo:Chomper","floor":18.0,"turns":3.0},{"damage":9.0,"enemies":"Gensokyo:3_Dogs","floor":20.0,"turns":5.0},{"damage":11.0,"enemies":"Gensokyo:Wraith","floor":25.0,"turns":6.0},{"damage":0.0,"enemies":"Gensokyo:Koishi","floor":27.0,"turns":5.0},{"damage":1.0,"enemies":"Gensokyo:Mirror_and_Dog","floor":29.0,"turns":3.0},{"damage":0.0,"enemies":"Gensokyo:Slime_Group","floor":31.0,"turns":4.0},{"damage":20.0,"enemies":"Gensokyo:Eternal_Rivals","floor":33.0,"turns":11.0},{"damage":0.0,"enemies":"Gensokyo:3_Bats","floor":35.0,"turns":4.0},{"damage":0,"enemies":"Gensokyo:AncientGuardian","floor":41,"turns":3},{"damage":0,"enemies":"Gensokyo:Doremy","floor":42,"turns":7},{"damage":0,"enemies":"Gensokyo:3_Boulders","floor":48,"turns":1},{"damage":0,"enemies":"Gensokyo:Yuyuko","floor":50,"turns":4}],"seed_played":"-6307236623841848982","potions_obtained":[{"floor":1.0,"key":"Dexterity Potion"},{"floor":5.0,"key":"Strength Potion"},{"floor":10.0,"key":"Swift Potion"},{"floor":16.0,"key":"Fire Potion"},{"floor":18.0,"key":"Explosive Potion"},{"floor":25.0,"key":"ColorlessPotion"},{"floor":31.0,"key":"HeartOfIron"},{"floor":33.0,"key":"BlessingOfTheForge"}],"is_trial":false,"path_per_floor":["M","?","M","?","M","R","?","T","T","M","M","R","?","M","R","B",null,"M","?","M","?","$","R","$","M","T","E","?","M","R","M","R","B",null,"M","?","?","?","?","R","M","E","T","$","?","R","COS","M","R","B",null],"character_chosen":"IRONCLAD","items_purchased":["BloodPotion","Armaments","Girya","Metallicize"],"campfire_rested":0,"item_purchase_floors":[22,22,24,44],"current_hp_per_floor":[80,80,78,78,78,78,78,92,92,92,88,88,88,88,88,65,94,94,94,85,85,85,85,85,74,74,74,74,73,73,73,73,71,94,94,94,94,94,94,94,94,94,94,94,94,94,94,94,94,94],"gold":18,"neow_bonus":"BOSS_RELIC","is_daily":false,"chose_seed":false,"campfire_upgraded":3,"win_rate":0.0,"timestamp":1613050586,"path_taken":["M","?","M","?","M","R","?","?","T","?","M","R","?","M","R","BOSS","M","?","M","?","$","R","$","M","T","E","?","?","R","M","R","BOSS","M","?","?","?","?","R","?","E","T","?","?","R","COS","M","R","BOSS"],"items_purchased_type":["Potion","Card","Relic","Card"],"build_version":"2020-12-22","purchased_purges":3,"victory":true,"max_hp_per_floor":[80,80,80,80,80,80,80,94,94,94,94,94,94,94,94,94,94,94,94,94,94,94,94,94,94,94,94,94,94,94,94,94,94,94,94,94,94,94,94,94,94,94,94,94,94,94,94,94,94,94],"card_choices":[{"not_picked":["Fire Breathing","Anger"],"picked":"Headbutt","floor":1.0},{"not_picked":["Burning Pact","True Grit"],"picked":"Pommel Strike","floor":3.0},{"not_picked":["Havoc","Sentinel"],"picked":"Shrug It Off","floor":5.0},{"not_picked":["Exhume","Searing Blow"],"picked":"Shrug It Off","floor":10.0},{"not_picked":["Thunderclap","Anger"],"picked":"Evolve","floor":11.0},{"not_picked":["Clash","Warcry","Bloodletting"],"picked":"SKIP","floor":14.0},{"not_picked":["Brutality","Impervious"],"picked":"Bludgeon","floor":16.0},{"not_picked":["Havoc","Rupture","Dual Wield"],"picked":"SKIP","floor":18.0},{"not_picked":["Thunderclap","Sword Boomerang"],"picked":"Twin Strike+1","floor":20.0},{"not_picked":["Seeing Red","True Grit"],"picked":"Shrug It Off","floor":25.0},{"not_picked":["Sword Boomerang","Second Wind+1"],"picked":"Uppercut","floor":27.0},{"not_picked":["Sword Boomerang","Evolve","Fire Breathing"],"picked":"SKIP","floor":29.0},{"not_picked":["Dropkick","Iron Wave"],"picked":"Barricade","floor":31.0},{"not_picked":["Berserk","Immolate"],"picked":"Reaper","floor":33.0},{"not_picked":["Body Slam","Headbutt"],"picked":"Warcry+1","floor":35.0},{"not_picked":["Gensokyo:BrilliantDragonBullet","Gensokyo:SalamanderShield"],"picked":"Gensokyo:RisingWorld","floor":38.0},{"not_picked":["Twin Strike+1","True Grit+1"],"picked":"Spot Weakness+1","floor":41},{"not_picked":["Carnage","Anger","True Grit+1"],"picked":"SKIP","floor":42},{"not_picked":["Heavy Blade+1","Rage","Clash"],"picked":"SKIP","floor":48}],"player_experience":1073239,"relics_obtained":[{"floor":8.0,"key":"Mango"},{"floor":9.0,"key":"Whetstone"},{"floor":16.0,"key":"Gensokyo:OccultBall"},{"floor":26.0,"key":"Champion Belt"},{"floor":27.0,"key":"Turnip"},{"floor":29.0,"key":"Gensokyo:OccultBall"},{"floor":33.0,"key":"Gensokyo:OccultBall"},{"floor":41,"key":"Gensokyo:OccultBall"},{"floor":42,"key":"Mummified Hand"},{"floor":43,"key":"Juzu Bracelet"}],"event_choices":[],"is_beta":false,"boss_relics":[{"not_picked":["Runic Cube","Pandora\u0027s Box"],"picked":"Fusion Hammer"},{"not_picked":["Busted Crown","SacredBark"],"picked":"Sozu"}],"items_purged_floors":[22,24,44],"is_endless":false,"potions_floor_spawned":[1,5,10,16,18,25,31,33,35,41],"ascension_level":1}}