{"host":"y36bp6mnm73x3iob","time":1613041188,"event":{"mods":["2.2 Compatiblity","Aspiration","BaseMod","Bossed Relics","Downfall","GifTheSpireLib","Hermit","Minty Spire (QoL Compilation)","Reliquary","Retaliation","StSLib"],"gold_per_floor":[111,186,186,197,197,232,232,250,250,250,226,70,70,82,82,82,82],"floor_reached":16,"language":"ENG","playtime":446,"items_purged":[],"score":103,"play_id":"0be47011-5de4-43e9-b470-3f78aeb608c2","local_time":"20210211125948","is_ascension_mode":true,"campfire_choices":[{"data":"Gash","floor":7,"key":"SMITH"},{"floor":13,"key":"REST"},{"data":"Reprogram","floor":15,"key":"SMITH"}],"circlet_count":0,"master_deck":["Strike_B","Strike_B","Strike_B","Strike_B","Defend_B","Defend_B","Defend_B","Defend_B","Zap","Dualcast","Gash+1","Regret","Sweeping Beam","Pain","Barrage","Reprogram+1","Go for the Eyes","Beam Cell"],"relics":["Cracked Core","aspiration:Nostalgia","sneckomod:SneckoSoul","reliquary:Knoch","WarpedTongs","aspiration:ChemicalBlood","WingedGreaves","Runic Capacitor"],"acts_visited":["Exordium"],"potions_floor_usage":[14,16,16],"damage_taken":[{"damage":5,"enemies":"Small Slimes","floor":1,"turns":4},{"damage":3,"enemies":"Jaw Worm","floor":4,"turns":4},{"damage":34,"enemies":"Lagavulin","floor":6,"turns":6},{"damage":4,"enemies":"2 Louse","floor":8,"turns":1},{"damage":23,"enemies":"Gremlin Gang","floor":14,"turns":4},{"damage":30,"enemies":"Hexaghost","floor":16,"turns":8}],"seed_played":"183676896709640236","potions_obtained":[{"floor":6,"key":"Weak Potion"},{"floor":8,"key":"PotionOfCapacity"}],"is_trial":false,"path_per_floor":["M","?","?","M","?","E","R","M","T","R","$","$","R","M","R","B"],"character_chosen":"DEFECT","items_purchased":["Go for the Eyes","Runic Capacitor"],"campfire_rested":1,"item_purchase_floors":[11,12],"current_hp_per_floor":[70,70,70,67,67,33,33,29,29,29,29,29,51,28,28,0,0],"gold":82,"neow_bonus":"NOSTALGIA","is_daily":false,"chose_seed":false,"campfire_upgraded":2,"win_rate":0.0,"timestamp":1613041188,"path_taken":["M","?","?","M","?","E","R","M","T","R","$","$","R","?","R","BOSS"],"items_purchased_type":["Card","Relic"],"build_version":"2020-12-22","purchased_purges":0,"victory":false,"max_hp_per_floor":[75,75,75,75,75,75,75,75,75,75,75,75,75,75,75,75,75],"card_choices":[{"not_picked":["Barrage","Self Repair"],"picked":"Gash","floor":1},{"not_picked":["Sunder","Melter"],"picked":"Sweeping Beam","floor":4},{"not_picked":["White Noise","Compile Driver"],"picked":"Barrage","floor":6},{"not_picked":["Conserve Battery","Streamline"],"picked":"Reprogram","floor":8},{"not_picked":["Reinforced Body","Streamline"],"picked":"Beam Cell","floor":14}],"player_experience":560293,"relics_obtained":[{"floor":6,"key":"aspiration:ChemicalBlood"},{"floor":9,"key":"WingedGreaves"}],"event_choices":[{"damage_healed":0,"gold_gain":0,"player_choice":"Box","damage_taken":0,"relics_obtained":["reliquary:Knoch"],"max_hp_gain":0,"max_hp_loss":0,"event_name":"Big Fish","floor":3,"gold_loss":0,"cards_obtained":["Regret"]},{"damage_healed":0,"gold_gain":0,"player_choice":"Rummage","damage_taken":0,"relics_obtained":["WarpedTongs"],"max_hp_gain":0,"max_hp_loss":0,"event_name":"Accursed Blacksmith","floor":5,"gold_loss":0,"cards_obtained":["Pain"]}],"is_beta":false,"boss_relics":[],"items_purged_floors":[],"is_endless":false,"potions_floor_spawned":[6,8],"killed_by":"Hexaghost","ascension_level":1}}