{"host":"h2977v3ax51ohsow","time":1613049903,"event":{"mods":["Act Like it!","Aspiration","BaseMod","Chen","Colored Powertips","Hallownest","Marisa£®ÏF”Í°°ƒß¿Ì…≥£©","Minty Spire (QoL Compilation)","Quick Restart","Remilia£®¿Ÿ√◊¿Ú—«£©","StSLib","The Bug Knight","The Servant 0.9.4","noobMod","°æ“≈ŒÔø®≈∆°øREMEMod"],"gold_per_floor":[114,114,128,128,128,161,161,161,161],"floor_reached":8,"language":"ZHS","playtime":363,"items_purged":[],"score":57,"play_id":"83a1d08e-f52e-4297-891a-3eacf219d0da","local_time":"20210211212503","is_ascension_mode":true,"campfire_choices":[],"circlet_count":0,"master_deck":["HollowMod:NailStrikeStart","HollowMod:NailStrikeStart","HollowMod:NailStrikeStart","HollowMod:NailStrikeStart","HollowMod:QuickDashStart","HollowMod:QuickDashStart","HollowMod:QuickDashStart","HollowMod:QuickDashStart","HollowMod:PogoStrike","BinaryStars","HollowMod:LordofShades+1","HollowMod:QuirrelsAssistance+1","HollowMod:DescendingDark","HollowMod:DesolateDive"],"relics":["HollowMod:VesselMask","ice","REME_ComplimentaryCards","aspiration:BabyByrd","Omamori"],"acts_visited":["Exordium"],"potions_floor_usage":[],"damage_taken":[{"damage":2,"enemies":"Jaw Worm","floor":1,"turns":3},{"damage":0,"enemies":"2 Louse","floor":3,"turns":3},{"damage":18,"enemies":"Lagavulin","floor":6,"turns":6},{"damage":4,"enemies":"HollowMod:MossKnight","floor":8,"turns":1}],"seed_played":"-1162447629292942926","potions_obtained":[{"floor":3,"key":"Fire Potion"},{"floor":6,"key":"Fire Potion"}],"is_trial":false,"path_per_floor":["M","?","M","?","?","E","?","E"],"character_chosen":"THE_BUGKNIGHT","items_purchased":[],"campfire_rested":0,"item_purchase_floors":[],"current_hp_per_floor":[73,73,73,73,58,40,40,36,36],"gold":161,"neow_bonus":"ONE_RANDOM_RARE_CARD","is_daily":false,"chose_seed":false,"campfire_upgraded":0,"win_rate":0.0,"timestamp":1613049903,"path_taken":["M","?","M","?","?","E","?","E"],"items_purchased_type":[],"build_version":"2020-12-22","purchased_purges":0,"victory":false,"max_hp_per_floor":[75,75,75,75,75,75,75,75,75],"card_choices":[{"not_picked":["HollowMod:SoulStrike","HollowMod:HowlingWraiths"],"picked":"HollowMod:QuirrelsAssistance","floor":1},{"not_picked":["HollowMod:HuntersJournal","HollowMod:DoubleDash"],"picked":"HollowMod:DescendingDark","floor":3},{"not_picked":["HollowMod:InfectedAttack","HollowMod:PureVessel","HollowMod:AwokenDreamNail"],"picked":"SKIP","floor":6}],"player_experience":165899,"relics_obtained":[{"floor":6,"key":"Omamori"}],"event_choices":[{"damage_healed":0,"gold_gain":0,"player_choice":"Ignored","damage_taken":0,"max_hp_gain":0,"max_hp_loss":0,"event_name":"Liars Game","floor":4,"gold_loss":0},{"damage_healed":0,"gold_gain":0,"player_choice":"Entered Light","damage_taken":15,"max_hp_gain":0,"max_hp_loss":0,"event_name":"Shining Light","floor":5,"gold_loss":0,"cards_upgraded":["HollowMod:LordofShades","HollowMod:QuirrelsAssistance"]},{"damage_healed":0,"gold_gain":0,"cards_transformed":["HollowMod:FocusHealStart"],"player_choice":"Change","damage_taken":0,"max_hp_gain":0,"max_hp_loss":0,"event_name":"Living Wall","floor":7,"gold_loss":0,"cards_obtained":["HollowMod:DesolateDive"]}],"is_beta":false,"boss_relics":[],"items_purged_floors":[],"is_endless":false,"potions_floor_spawned":[3,6],"killed_by":"HollowMod:MossKnight","ascension_level":1}}