{"host":"bplbr8uekuotory4","time":1613039648,"event":{"mods":["Act Like it!","BaseMod","GungeonMod","Hermit","KinomotoSakuraMod(Ä¾Ö®±¾Ó£)","Marisa£¨ìFÓê¡¡Ä§ÀíÉ³£©","Minty Spire (QoL Compilation)","Prisma Mod","Quick Restart","Reimu£¨²©ÀöÁéÃÎ£©","SOS£¨Ë¹°Í´ïÖ®×Ó£©","Spicy Shops","StSLib","TestMod","The Blackbeard","The Cursed","The Mystic","The Saiyan","The Senshi","The Servant 0.9.4","Yuri Mod","[IsaacMod]ÒÔÈö¼âËþ"],"gold_per_floor":[118,135,20,11,85,115,131,162,237,264,264,264,264,281,281,352,352,369,289,204,214,214,214,239,12,12,12,0,0,10,34,34,112,112,124,174,55,73,122,122,8,8,8,8,282,681,227,227,227,239,248,248,265,284,284,0,46,46,46,146,146,174,0,0,0,0,0,7,32,32],"floor_reached":56,"language":"ZHS","playtime":1442,"items_purged":["Strike_MRS","Defend_MRS","Strike_MRS","Defend_MRS","Strike_MRS","Defend_MRS","Defend_MRS","ShootingEcho","MasterSpark","DarkMatter","Regret","Doubt","ManaRampage+1"],"score":3046,"play_id":"9532c2d6-b658-4e11-975f-0a3715e87d5c","local_time":"20210211183408","is_ascension_mode":true,"campfire_choices":[{"data":"ManaRampage","floor":12,"key":"SMITH"},{"floor":15,"key":"RECALL"},{"data":"StarBarrage","floor":23,"key":"SMITH"},{"floor":27,"key":"REST"},{"data":"UpSweep","floor":32,"key":"SMITH"},{"floor":40,"key":"REST"},{"floor":42,"key":"REST"},{"floor":44,"key":"REST"},{"floor":49,"key":"REST"},{"floor":40,"key":"REST"},{"floor":44,"key":"REST"},{"floor":46,"key":"REST"},{"floor":49,"key":"REST"},{"floor":52,"key":"REST"}],"circlet_count":0,"master_deck":["AscendersBane","UpSweep+1","ManaRampage+1","StarBarrage+1","MysteriousBeam+1"],"relics":["MiniHakkero","HushsDoor","testmod-RealStoneCalender","NeowsBlessing","DemoMod:GlassGuonStoneRelic","testmod-Charity","BloodDonationBag","Juzu Bracelet","GuppysPaw","Meat on the Bone","DemoMod:PartiallyEatenCheese","BookOfRevelations","Nunchaku","testmod-IntensifyImprint","Chemical X","Bronze Scales","Leech","DemoMod:Orange","testmod-CardMagician","GuppysCollar","ZunR:ReiMu","DemoMod:OrangeGuonStone","Anchor","Molten Egg 2","SteamSale","InkBottle","Mercury Hourglass","Akabeko","SharpPlug","Chaos","NineVolt","MutagenicStrength","DemoMod:ClearGuonStone","testmod-Fortitude","Pen Nib","Ancient Tea Set","Frozen Eye","Calipers","GuppysTail","SatanicBible","Tea:ReiMu","GnawedLeaf","HornCleat","UnicornStump","Strange Spoon","Lee\u0027s Waffle","testmod-CrystalShield","FossilizedHelix","PunchingBag","yuri:PortableGlitches","testmod-LifeArmor","DemoMod:GundromedaStrain","Sundial","DollysMirror","Medical Kit","Tiny House","ClockworkSouvenir","DemoMod:WhiteGuonStone","testmod-ObsoleteBoomerang","PreservedInsect","Shuriken","testmod-Hope","DemoMod:VorpalBullet","Mastiff:ReiMu"],"acts_visited":["Exordium","TheCity","TheBeyond","TheEnding"],"potions_floor_usage":[16,17,47,41,55,55,55,55],"damage_taken":[{"damage":0,"enemies":"Cultist","floor":1,"turns":1},{"damage":0,"enemies":"2 Louse","floor":2,"turns":1},{"damage":0,"enemies":"Gremlin Nob","floor":6,"turns":1},{"damage":0,"enemies":"Small Slimes","floor":7,"turns":1},{"damage":0,"enemies":"3 Sentries","floor":8,"turns":1},{"damage":0,"enemies":"Lagavulin","floor":10,"turns":1},{"damage":0,"enemies":"2 Fungi Beasts","floor":14,"turns":1},{"damage":0,"enemies":"Hexaghost","floor":16,"turns":1},{"damage":0,"enemies":"3 Byrds","floor":18,"turns":1},{"damage":0,"enemies":"Shell Parasite","floor":21,"turns":1},{"damage":0,"enemies":"Slavers","floor":24,"turns":2},{"damage":0,"enemies":"Gremlin Leader","floor":31,"turns":2},{"damage":0,"enemies":"Champ","floor":33,"turns":1},{"damage":0,"enemies":"Orb Walker","floor":35,"turns":1},{"damage":0,"enemies":"2 Orb Walkers","floor":36,"turns":1},{"damage":0,"enemies":"3 Shapes","floor":38,"turns":1},{"damage":0,"enemies":"Hiden Room Battle","floor":39,"turns":1},{"damage":0,"enemies":"3 Darklings","floor":35,"turns":1},{"damage":0,"enemies":"3 Shapes","floor":36,"turns":1},{"damage":0,"enemies":"Transient","floor":38,"turns":3},{"damage":0,"enemies":"3 Darklings","floor":39,"turns":1},{"damage":0,"enemies":"2 Orb Walkers","floor":42,"turns":1},{"damage":0,"enemies":"Nemesis","floor":45,"turns":1},{"damage":0,"enemies":"Reptomancer","floor":47,"turns":1},{"damage":0,"enemies":"Donu and Deca","floor":50,"turns":1},{"damage":0,"enemies":"Shield and Spear","floor":54,"turns":1},{"damage":0,"enemies":"The Heart","floor":55,"turns":2}],"seed_played":"860327049523905601","potions_obtained":[{"floor":1,"key":"BlessingOfTheForge"},{"floor":2,"key":"Block Potion"},{"floor":16,"key":"AttackPotion"},{"floor":33,"key":"PowerPotion"},{"floor":36,"key":"testmod-TestPotion"},{"floor":38,"key":"Energy Potion"},{"floor":45,"key":"Energy Potion"}],"is_trial":false,"path_per_floor":["M","M","$","$","?","E","M","E","T","E","?","R","?","M","R","B",null,"M","?","?","M","?","R","E","$","T","R","$","?","$","E","R","B",null,"M","?","$","M","?","R","$","R","T","R","?","?","$","?","R","M","M","?","M","M","R","$","?","T","R","E","R","E","$","R","B",null,"R","$","E","B",null],"character_chosen":"MARISA","items_purchased":["testmod-Charity","Juzu Bracelet","GuppysPaw","Meat on the Bone","DemoMod:PartiallyEatenCheese","BookOfRevelations","Nunchaku","testmod-IntensifyImprint","DarkMatter","ManaRampage","Chemical X","GuppysCollar","testmod-SpacePotion","MagicPotion:ReiMu","FairyPotion","StarBarrage","SteamSale","InkBottle","Mercury Hourglass","Akabeko","Chaos","NineVolt","DemoMod:ClearGuonStone","testmod-Fortitude","Pen Nib","Ancient Tea Set","GuppysTail","SatanicBible","Tea:ReiMu","HornCleat","UnicornStump","Strange Spoon","ForgetMeNow","FossilizedHelix","testmod-SpacePotion","DemoMod:LeadSkinPotion","yuri:PortableGlitches","testmod-LifeArmor","DemoMod:GundromedaStrain","Sundial","testmod-SpacePotion","ShroomBrew","DemoMod:WhiteGuonStone","testmod-ObsoleteBoomerang","PreservedInsect","Shuriken","testmod-Hope","DemoMod:VorpalBullet"],"campfire_rested":10,"item_purchase_floors":[3,3,3,3,3,4,4,4,4,4,4,17,17,17,17,17,25,25,25,25,28,28,30,30,30,30,34,34,34,37,37,37,41,41,47,47,47,47,41,41,41,41,48,48,48,53,53,53],"current_hp_per_floor":[63,63,63,63,53,66,79,92,93,118,111,111,96,109,109,123,675,676,590,590,591,505,505,507,507,507,798,798,798,798,800,800,801,1161,1162,1163,1163,1164,1389,1389,1389,1465,1465,1465,1466,1467,1467,1394,1394,1395,1396,1396,1397,1398,1398,1398,1399,1399,1448,1455,1455,1456,1456,1545,1545,1545,1545,1545,1546,1547],"gold":32,"neow_bonus":"THREE_ENEMY_KILL","is_daily":false,"chose_seed":false,"campfire_upgraded":3,"win_rate":0.0,"timestamp":1613039648,"path_taken":["M","M","?","$","?","E","M","E","T","E","?","R","?","M","R","BOSS","M","?","?","M","?","R","E","$","T","R","$","?","$","E","R","BOSS","M","?","$","M","?","R","$","R","T","R","?","?","$","?","R","M","M","?","M","M","R","$","?","T","R","E","R","E","$","R","BOSS","R","$","E","BOSS"],"items_purchased_type":["Relic","Relic","Relic","Relic","Relic","Relic","Relic","Relic","Card","Card","Relic","Relic","Potion","Potion","Potion","Card","Relic","Relic","Relic","Relic","Card","Relic","Relic","Relic","Relic","Relic","Relic","Relic","Relic","Relic","Relic","Relic","Relic","Relic","Potion","Undefined","Relic","Relic","Relic","Relic","Potion","Potion","Relic","Relic","Relic","Relic","Relic","Relic"],"build_version":"2020-12-22","purchased_purges":13,"victory":true,"max_hp_per_floor":[70,70,464,871,872,873,874,875,876,889,889,889,889,890,890,891,859,860,860,860,861,861,861,862,972,972,972,1160,1160,1314,1315,1315,1316,1281,1282,1283,1380,1381,1389,1389,1465,1465,1465,1465,1466,1467,1467,1394,1394,1395,1396,1396,1397,1398,1398,1447,1448,1448,1448,1455,1455,1456,1545,1545,1545,1545,1545,1725,1726,1726],"card_choices":[{"not_picked":[],"picked":"Bomb","floor":0},{"not_picked":["OrrerysSun","IllusionStar"],"picked":"ShootingEcho","floor":1},{"not_picked":["FairyDestructionRay","PowerUp"],"picked":"Bomb","floor":2},{"not_picked":["OrrerysSun","GalacticHalo"],"picked":"Bomb","floor":6},{"not_picked":["AbsoluteMagnitude","GalacticHalo","DC"],"picked":"SKIP","floor":7},{"not_picked":["EarthLightRay","GravityBeat"],"picked":"Bomb","floor":8},{"not_picked":["GalacticHalo","LuminesStrike","Acceleration"],"picked":"SKIP","floor":10},{"not_picked":["Robbery","NonDirectionalLaser","FairyDestructionRay"],"picked":"SKIP","floor":14},{"not_picked":["6A","OneTimeOff","MysteriousBeam"],"picked":"SKIP","floor":18},{"not_picked":["MysteriousBeam","6A","OortCloud"],"picked":"SKIP","floor":21},{"not_picked":["SprinkleStarSeal","Acceleration","StarlightTyphoon"],"picked":"SKIP","floor":24},{"not_picked":["DC+1","DragonMeteor+1"],"picked":"MysteriousBeam+1","floor":31},{"not_picked":["Acceleration","IllusionStar","PowerUp"],"picked":"SKIP","floor":35},{"not_picked":["GravityBeat+1","AsteroidBelt","SatelliteIllusion"],"picked":"SKIP","floor":38},{"not_picked":["Acceleration+1","6A+1","MachineGunSpark+1"],"picked":"SKIP","floor":35},{"not_picked":["GalacticHalo+1","LuminesStrike+1","IllusionStar+1"],"picked":"SKIP","floor":36},{"not_picked":["SporeBomb","NonDirectionalLaser+1","OrrerysSun"],"picked":"SKIP","floor":38},{"not_picked":["6A+1","WitchLeyline+1","ShootTheMoon+1"],"picked":"SKIP","floor":39},{"not_picked":["ChargingUp+1","IllusionStar","MilkyWay+1"],"picked":"SKIP","floor":47},{"not_picked":["DC+1","LuminesStrike+1","GalacticHalo"],"picked":"SKIP","floor":54}],"player_experience":1142072,"relics_obtained":[{"floor":6,"key":"Bronze Scales"},{"floor":8,"key":"Leech"},{"floor":10,"key":"DemoMod:Orange"},{"floor":24,"key":"Molten Egg 2"},{"floor":26,"key":"SharpPlug"},{"floor":31,"key":"Frozen Eye"},{"floor":36,"key":"GnawedLeaf"},{"floor":39,"key":"Lee\u0027s Waffle"},{"floor":39,"key":"testmod-CrystalShield"},{"floor":43,"key":"PunchingBag"},{"floor":42,"key":"DollysMirror"},{"floor":43,"key":"Medical Kit"},{"floor":45,"key":"Tiny House"},{"floor":47,"key":"ClockworkSouvenir"},{"floor":54,"key":"Mastiff:ReiMu"}],"event_choices":[{"damage_healed":0,"gold_gain":75,"player_choice":"Gather Gold","damage_taken":11,"max_hp_gain":0,"max_hp_loss":0,"event_name":"World of Goop","floor":5,"gold_loss":0},{"cards_removed":["Strike_MRS"],"damage_healed":0,"gold_gain":0,"player_choice":"Card Removal","damage_taken":7,"max_hp_gain":0,"max_hp_loss":0,"event_name":"Golden Wing","floor":11,"gold_loss":0},{"damage_healed":0,"gold_gain":0,"player_choice":"¹ºÂòÉñ¾Æ","damage_taken":86,"relics_obtained":["ZunR:ReiMu"],"max_hp_gain":0,"max_hp_loss":0,"event_name":"ZunEvent","floor":19,"gold_loss":0},{"damage_healed":0,"gold_gain":0,"player_choice":"Obtained Relic","damage_taken":0,"relics_obtained":["DemoMod:OrangeGuonStone"],"max_hp_gain":0,"max_hp_loss":0,"event_name":"Addict","floor":20,"gold_loss":85},{"damage_healed":0,"gold_gain":0,"player_choice":"Anchor","damage_taken":0,"relics_obtained":["Anchor"],"max_hp_gain":0,"max_hp_loss":0,"event_name":"blackbeard:ShipwreckEvent","floor":22,"gold_loss":0},{"damage_healed":0,"gold_gain":0,"player_choice":"Inject Mutagens","damage_taken":0,"relics_obtained":["MutagenicStrength"],"max_hp_gain":0,"max_hp_loss":0,"event_name":"Drug Dealer","floor":29,"gold_loss":0},{"damage_healed":0,"gold_gain":0,"player_choice":"Fight","damage_taken":0,"max_hp_gain":0,"max_hp_loss":0,"event_name":"Mysterious Sphere","floor":36,"gold_loss":0},{"damage_healed":0,"gold_gain":0,"player_choice":"Fight","damage_taken":0,"max_hp_gain":0,"max_hp_loss":0,"event_name":"HidenRoomEvent","floor":39,"gold_loss":0},{"damage_healed":0,"gold_gain":275,"player_choice":"Desecrate","damage_taken":0,"max_hp_gain":0,"max_hp_loss":0,"event_name":"Golden Shrine","floor":45,"gold_loss":0,"cards_obtained":["Regret"]},{"damage_healed":0,"gold_gain":400,"player_choice":"Sell","damage_taken":0,"max_hp_gain":0,"max_hp_loss":0,"event_name":"¶÷ÂåË¹µÄÅÌ×Ó","floor":46,"relics_lost":["testmod-TestBox"],"gold_loss":0},{"damage_healed":0,"gold_gain":0,"player_choice":"Max HP","damage_taken":0,"max_hp_gain":0,"max_hp_loss":73,"event_name":"Winding Halls","floor":48,"gold_loss":0},{"damage_healed":0,"gold_gain":0,"player_choice":"Ignored","damage_taken":0,"max_hp_gain":0,"max_hp_loss":0,"event_name":"Tomb of Lord Red Mask","floor":37,"gold_loss":0},{"damage_healed":0,"gold_gain":0,"player_choice":"Fight","damage_taken":0,"max_hp_gain":0,"max_hp_loss":0,"event_name":"Mysterious Sphere","floor":42,"gold_loss":0}],"is_beta":false,"boss_relics":[{"not_picked":["SacredBark","testmod-Prudence"],"picked":"testmod-CardMagician"},{"not_picked":[]},{"not_picked":["testmod-IndustrialRevolution","Incense Burner"],"picked":"Calipers"},{"not_picked":[]}],"items_purged_floors":[3,3,4,4,17,25,28,28,34,37,47,41,48],"is_endless":false,"potions_floor_spawned":[1,2,6,10,16,21,33,36,38,45,47],"ascension_level":16}}