{"host":"h4lp0eeso8a0ssq0","time":1613005562,"event":{"mods":["2.2 Compatiblity","AchievementEnabler","BaseMod","CapriCore","Colored Map","Minty Spire (QoL Compilation)","StSLib","SuperFastMode"],"gold_per_floor":[117,127,127,127,71,100,100,115,115,134,38,68,68,83,83,157,157,177,177,15,32,0,0,35,52,52,52,12,12,112,129,129,206,206,224,224,224,224,90,90,122,134,211,238,238,26,37,51,51,51],"floor_reached":51,"language":"KOR","playtime":1448,"items_purged":["Strike_G+1","Strike_G+1"],"score":1514,"play_id":"ea112b28-9bec-4064-9a93-bbfddf9bb4b9","local_time":"20210211100602","is_ascension_mode":true,"campfire_choices":[{"data":"Noxious Fumes","floor":7.0,"key":"SMITH"},{"data":"Accuracy","floor":15.0,"key":"SMITH"},{"floor":23.0,"key":"REST"},{"data":"Storm of Steel","floor":27.0,"key":"SMITH"},{"floor":29.0,"key":"REST"},{"floor":32.0,"key":"REST"},{"floor":40.0,"key":"REST"},{"floor":49,"key":"REST"}],"circlet_count":0,"master_deck":["AscendersBane","Strike_G+1","Strike_G+1","Defend_G+1","Defend_G+1","Defend_G+1","Defend_G+1","Defend_G+1","Neutralize+1","Masterful Stab+1","Noxious Fumes+1","All Out Attack+1","Blade Dance+1","Crippling Poison+1","Caltrops+1","Poisoned Stab+1","Accuracy+1","Backflip+1","Prepared+1","Escape Plan+1","Venomology+1","Blade Dance+1","Storm of Steel+1","Cloak And Dagger+1","Choke+1","Calculated Gamble+1","Acrobatics+1","Heel Hook+1","Phantasmal Killer+1","Writhe","Blade Dance","Quick Slash","Escape Plan","PiercingWail"],"relics":["Ring of the Snake","NeowsBlessing","Tough Bandages","Centennial Puzzle","HornCleat","Lantern","Philosopher\u0027s Stone","MutagenicStrength","Bronze Scales","White Beast Statue","Unceasing Top","Ninja Scroll","Fusion Hammer","Mark of the Bloom","Anchor","Nunchaku"],"acts_visited":["Exordium","TheCity","TheBeyond"],"potions_floor_usage":[48,50,50],"damage_taken":[{"damage":0.0,"enemies":"Small Slimes","floor":1.0,"turns":1.0},{"damage":0.0,"enemies":"2 Louse","floor":2.0,"turns":1.0},{"damage":0.0,"enemies":"Lagavulin","floor":6.0,"turns":1.0},{"damage":4.0,"enemies":"Jaw Worm","floor":8.0,"turns":4.0},{"damage":7.0,"enemies":"Looter","floor":10.0,"turns":3.0},{"damage":0.0,"enemies":"3 Sentries","floor":12.0,"turns":7.0},{"damage":1.0,"enemies":"2 Fungi Beasts","floor":14.0,"turns":2.0},{"damage":27.0,"enemies":"Hexaghost","floor":16.0,"turns":8.0},{"damage":16.0,"enemies":"3 Byrds","floor":18.0,"turns":3.0},{"damage":8.0,"enemies":"Shell Parasite","floor":21.0,"turns":2.0},{"damage":16.0,"enemies":"Gremlin Leader","floor":24.0,"turns":7.0},{"damage":0.0,"enemies":"Snake Plant","floor":25.0,"turns":2.0},{"damage":8.0,"enemies":"Colosseum Slavers","floor":30.0,"turns":2.0},{"damage":12.0,"enemies":"Colosseum Nobs","floor":30.0,"turns":4.0},{"damage":0.0,"enemies":"3 Cultists","floor":31.0,"turns":3.0},{"damage":38.0,"enemies":"Automaton","floor":33.0,"turns":7.0},{"damage":1.0,"enemies":"Orb Walker","floor":35.0,"turns":2.0},{"damage":0.0,"enemies":"Reptomancer","floor":41.0,"turns":1.0},{"damage":0.0,"enemies":"3 Shapes","floor":42.0,"turns":2.0},{"damage":0.0,"enemies":"Jaw Worm Horde","floor":47.0,"turns":2.0},{"damage":0,"enemies":"Maw","floor":48,"turns":2},{"damage":36,"enemies":"Donu and Deca","floor":50,"turns":6}],"seed_played":"4366203824839241859","potions_obtained":[{"floor":8.0,"key":"BlessingOfTheForge"},{"floor":10.0,"key":"CultistPotion"},{"floor":12.0,"key":"FearPotion"},{"floor":16.0,"key":"GhostInAJar"},{"floor":24.0,"key":"Weak Potion"},{"floor":30.0,"key":"SkillPotion"},{"floor":31.0,"key":"EssenceOfSteel"},{"floor":33.0,"key":"SteroidPotion"},{"floor":41.0,"key":"Ancient Potion"},{"floor":42.0,"key":"Fire Potion"},{"floor":47.0,"key":"DistilledChaos"},{"floor":48,"key":"Explosive Potion"}],"is_trial":false,"path_per_floor":["M","M","?","?","$","E","R","M","T","M","$","E","?","M","R","B",null,"M","?","$","M","?","R","E","M","T","R","$","R","?","M","R","B",null,"M","?","?","?","$","R","E","M","T","T","?","$","M","M","R","B",null],"character_chosen":"THE_SILENT","items_purchased":["Blade Dance","Accuracy","Backflip","Storm of Steel","Calculated Gamble","Blade Dance","FairyPotion"],"campfire_rested":5,"item_purchase_floors":[5,11,11,20,28,39,46],"current_hp_per_floor":[59,59,59,41,41,41,41,37,37,30,30,30,30,29,29,2,50,34,34,34,26,26,45,29,29,29,29,29,48,28,28,47,9,52,51,64,64,64,64,64,64,64,64,64,64,64,64,64,64,28],"gold":51,"neow_bonus":"THREE_ENEMY_KILL","is_daily":false,"chose_seed":false,"campfire_upgraded":3,"win_rate":0.0,"timestamp":1613005562,"path_taken":["M","M","?","?","$","E","R","M","T","M","$","E","?","M","R","BOSS","M","?","$","M","?","R","E","M","T","R","$","R","?","M","R","BOSS","M","?","?","?","$","R","E","M","T","?","?","$","?","M","R","BOSS"],"items_purchased_type":["Card","Card","Card","Card","Card","Card","Potion"],"build_version":"2020-12-22","purchased_purges":2,"victory":true,"max_hp_per_floor":[66,66,66,66,66,66,66,66,66,66,66,66,66,66,66,66,66,66,66,66,66,66,66,66,66,66,66,66,66,66,66,66,66,66,66,66,66,66,66,66,66,66,66,66,66,66,66,66,66,66],"card_choices":[{"not_picked":["Deflect","Cloak And Dagger"],"picked":"Masterful Stab","floor":1.0},{"not_picked":["Blur","Dodge and Roll"],"picked":"Noxious Fumes","floor":2.0},{"not_picked":["Endless Agony","Riddle With Holes"],"picked":"Crippling Poison","floor":6.0},{"not_picked":["Riddle With Holes","Eviscerate"],"picked":"Caltrops","floor":8.0},{"not_picked":["Noxious Fumes","Quick Slash"],"picked":"Poisoned Stab","floor":10.0},{"not_picked":["Deadly Poison","PiercingWail"],"picked":"Prepared","floor":12.0},{"not_picked":["Doppelganger","Crippling Poison"],"picked":"Escape Plan","floor":14.0},{"not_picked":["Grand Finale","Envenom"],"picked":"Venomology","floor":16.0},{"not_picked":["Accuracy","Terror"],"picked":"Blade Dance","floor":18.0},{"not_picked":["Dodge and Roll","Bouncing Flask"],"picked":"Cloak And Dagger","floor":21.0},{"not_picked":["Deflect","Skewer"],"picked":"Choke","floor":24.0},{"not_picked":["Skewer","Quick Slash","Dagger Spray"],"picked":"SKIP","floor":25.0},{"not_picked":["Prepared","Quick Slash"],"picked":"Acrobatics","floor":30.0},{"not_picked":["Flying Knee","Skewer"],"picked":"Heel Hook","floor":31.0},{"not_picked":["Bullet Time","Grand Finale"],"picked":"Phantasmal Killer","floor":33.0},{"not_picked":["Cloak And Dagger","Setup+1","Dagger Spray"],"picked":"SKIP","floor":35.0},{"not_picked":["Choke","Bane","Cloak And Dagger"],"picked":"SKIP","floor":41.0},{"not_picked":["Bane","Bullet Time"],"picked":"Quick Slash","floor":42.0},{"not_picked":["Concentrate","Cloak And Dagger","Dodge and Roll"],"picked":"SKIP","floor":47.0},{"not_picked":["Blur","Expertise+1"],"picked":"PiercingWail","floor":48}],"player_experience":215206,"relics_obtained":[{"floor":6.0,"key":"Centennial Puzzle"},{"floor":9.0,"key":"HornCleat"},{"floor":12.0,"key":"Lantern"},{"floor":24.0,"key":"Bronze Scales"},{"floor":26.0,"key":"White Beast Statue"},{"floor":30.0,"key":"Unceasing Top"},{"floor":30.0,"key":"Ninja Scroll"},{"floor":41.0,"key":"Anchor"},{"floor":44.0,"key":"Nunchaku"}],"event_choices":[{"damage_healed":0.0,"max_hp_gain":0.0,"max_hp_loss":0.0,"gold_gain":0.0,"cards_transformed":["Strike_G"],"event_name":"Living Wall","player_choice":"Change","floor":3.0,"gold_loss":0.0,"damage_taken":0.0,"cards_obtained":["All Out Attack"]},{"damage_healed":0.0,"max_hp_gain":0.0,"max_hp_loss":0.0,"gold_gain":0.0,"event_name":"Scrap Ooze","player_choice":"Success","floor":4.0,"gold_loss":0.0,"damage_taken":18.0,"relics_obtained":["Tough Bandages"]},{"damage_healed":0.0,"max_hp_gain":0.0,"max_hp_loss":0.0,"gold_gain":0.0,"event_name":"Liars Game","player_choice":"Ignored","floor":13.0,"gold_loss":0.0,"damage_taken":0.0},{"damage_healed":0.0,"max_hp_gain":0.0,"max_hp_loss":0.0,"gold_gain":0.0,"event_name":"Drug Dealer","player_choice":"Inject Mutagens","floor":19.0,"gold_loss":0.0,"damage_taken":0.0,"relics_obtained":["MutagenicStrength"]},{"damage_healed":0.0,"max_hp_gain":0.0,"max_hp_loss":0.0,"gold_gain":0.0,"event_name":"Masked Bandits","player_choice":"Paid Fearfully","floor":22.0,"gold_loss":32.0,"damage_taken":0.0},{"damage_healed":0.0,"max_hp_gain":0.0,"max_hp_loss":0.0,"gold_gain":0.0,"event_name":"Colosseum","player_choice":"Fight","floor":30.0,"gold_loss":0.0,"damage_taken":0.0},{"damage_healed":0.0,"max_hp_gain":0.0,"max_hp_loss":0.0,"gold_gain":0.0,"event_name":"Colosseum","player_choice":"Fought Nobs","floor":30.0,"gold_loss":0.0,"damage_taken":0.0},{"damage_healed":13.0,"max_hp_gain":0.0,"max_hp_loss":0.0,"gold_gain":0.0,"event_name":"Winding Halls","player_choice":"Writhe","floor":36.0,"gold_loss":0.0,"damage_taken":0.0,"cards_obtained":["Writhe"]},{"damage_healed":0.0,"max_hp_gain":0.0,"max_hp_loss":0.0,"gold_gain":0.0,"event_name":"MindBloom","player_choice":"Upgrade","floor":37.0,"gold_loss":0.0,"damage_taken":0.0,"cards_upgraded":["Strike_G","Strike_G","Strike_G","Strike_G","Defend_G","Defend_G","Defend_G","Defend_G","Defend_G","Survivor","Neutralize","Masterful Stab","All Out Attack","Blade Dance","Crippling Poison","Caltrops","Poisoned Stab","Backflip","Prepared","Escape Plan","Venomology","Blade Dance","Cloak And Dagger","Choke","Calculated Gamble","Acrobatics","Heel Hook","Phantasmal Killer"],"relics_obtained":["Mark of the Bloom"]},{"cards_removed":["Survivor"],"damage_healed":0.0,"max_hp_gain":0.0,"max_hp_loss":0.0,"gold_gain":0.0,"event_name":"Falling","player_choice":"Removed Skill","floor":38.0,"gold_loss":0.0,"damage_taken":0.0},{"damage_healed":0.0,"max_hp_gain":0.0,"max_hp_loss":0.0,"gold_gain":0.0,"event_name":"Match and Keep!","player_choice":"1 cards matched","floor":45.0,"gold_loss":0.0,"damage_taken":0.0,"cards_obtained":["Escape Plan"]}],"is_beta":false,"boss_relics":[{"not_picked":["WristBlade","Black Star"],"picked":"Philosopher\u0027s Stone"},{"not_picked":["Coffee Dripper","Runic Dome"],"picked":"Fusion Hammer"}],"items_purged_floors":[39,46],"is_endless":false,"potions_floor_spawned":[8,10,12,16,24,30,30,31,33,35,41,42,47,48],"ascension_level":19}}