{"host":"dh4nu8nelr2izibb","time":1613081338,"event":{"mods":["BaseMod","Better Skull","Better Third Choice","Card Filter","Card Forge","Curses Come First","Displayed Cursed Tome","HololiveMod","Marisa????????","Minty Spire (QoL Compilation)","Poor People Problems","Quick Restart","Relic Filter","Reliquary","StSLib","The Servant 0.9.4","WarShipGirlsR/????R mod","Yakumo Yukari mod"],"gold_per_floor":[118,131,146,146,159,159,170,186,186,186,212,212,239,259,259,360,360,380,159,171,270,284,312,330,330,355,355,383,383,9,9,9,112,112,130,44,44,44],"floor_reached":37,"language":"ENG","playtime":1842,"items_purged":["Strike_S","Defend_S"],"score":838,"play_id":"e589807b-6ede-49c2-904e-ee216794986b","local_time":"20210211170858","is_ascension_mode":true,"campfire_choices":[{"data":"Spin","floor":6.0,"key":"SMITH"},{"data":"MoonPhase","floor":10.0,"key":"SMITH"},{"data":"Manipulate","floor":12.0,"key":"SMITH"},{"data":"SoulSculpture","floor":15.0,"key":"SMITH"},{"data":"DoubleEdge","floor":25,"key":"SMITH"},{"data":"Sunlight","floor":27,"key":"SMITH"},{"data":"Apotheosis","floor":32,"key":"SMITH"}],"circlet_count":0,"master_deck":["AscendersBane","Strike_S","Strike_S+1","Defend_S","Defend_S","Defend_S","KidneyShot+1","Exchange","Manipulate+1","Spin+1","Hightail","MoonPhase+1","FastForward","Spin","SoulSculpture+1","InstantArmor","Sunlight+1","Barrier","Unruled","Luminosity","BottledTime","Reset","DoubleEdge+1","GearUp","BottledTime","Apotheosis+1","SoulSculpture+1","Solidify","Unruled","Defy","DoubleEdge"],"relics":["Uniform","Hammer of Thor","Seething Fire","Anvil of the Gods","reliquary:TatteredRug","Torii","PreservedInsect","reliquary:ExpiredCoupon","MysterySword","Lantern","Whetstone","Red Mask","Membership Card","Kunai","reliquary:WritOfMandamus"],"acts_visited":["Exordium","TheCity","TheBeyond"],"potions_floor_usage":[37],"damage_taken":[{"damage":1.0,"enemies":"Small Slimes","floor":1.0,"turns":4.0},{"damage":0.0,"enemies":"Cultist","floor":2.0,"turns":4.0},{"damage":4.0,"enemies":"Jaw Worm","floor":3.0,"turns":5.0},{"damage":11.0,"enemies":"3 Louse","floor":5.0,"turns":2.0},{"damage":0.0,"enemies":"2 Fungi Beasts","floor":7.0,"turns":3.0},{"damage":10.0,"enemies":"Looter","floor":8.0,"turns":3.0},{"damage":0.0,"enemies":"3 Sentries","floor":11.0,"turns":6.0},{"damage":19.0,"enemies":"Lagavulin","floor":13.0,"turns":5.0},{"damage":1.0,"enemies":"Red Slaver","floor":14.0,"turns":4.0},{"damage":0.0,"enemies":"The Guardian","floor":16.0,"turns":13.0},{"damage":6.0,"enemies":"2 Thieves","floor":18.0,"turns":3.0},{"damage":3.0,"enemies":"Chosen","floor":20.0,"turns":3.0},{"damage":0.0,"enemies":"Snecko","floor":22.0,"turns":7.0},{"damage":6.0,"enemies":"Gremlin Leader","floor":23.0,"turns":6.0},{"damage":0,"enemies":"Centurion and Healer","floor":24,"turns":4},{"damage":0,"enemies":"Masked Bandits","floor":28,"turns":2},{"damage":0,"enemies":"Champ","floor":33,"turns":9},{"damage":8,"enemies":"Orb Walker","floor":35,"turns":4},{"damage":55,"enemies":"3 Darklings","floor":37,"turns":3}],"seed_played":"7114837325981010752","potions_obtained":[{"floor":3.0,"key":"Fire Potion"},{"floor":4.0,"key":"Regen Potion"},{"floor":13.0,"key":"Ancient Potion"},{"floor":14.0,"key":"DistilledChaos"},{"floor":20.0,"key":"GamblersBrew"},{"floor":33,"key":"SteroidPotion"}],"is_trial":false,"path_per_floor":["M","M","M","?","M","R","M","M","T","R","E","R","E","M","R","B",null,"M","$","M","?","M","E","M","R","T","R","?","?","$","?","R","B",null,"M","$","M"],"character_chosen":"THE_SERVANT","items_purchased":["Unruled","Luminosity","BottledTime","Membership Card","Kunai","Apotheosis","Defy","DoubleEdge"],"campfire_rested":0,"item_purchase_floors":[19,19,19,30,30,30,36,36],"current_hp_per_floor":[58,58,54,54,43,43,43,33,33,33,48,48,29,28,28,28,56,50,50,47,47,47,41,41,41,41,41,41,41,41,41,41,41,59,51,51,0,0],"gold":44,"neow_bonus":"RANDOM_COMMON_RELIC","is_daily":false,"chose_seed":false,"campfire_upgraded":7,"win_rate":0.0,"timestamp":1613081338,"path_taken":["M","M","M","?","M","R","M","?","T","R","E","R","E","M","R","BOSS","M","$","M","?","M","E","M","R","T","R","?","?","$","?","R","BOSS","M","?","M"],"items_purchased_type":["Card","Card","Card","Relic","Relic","Card","Card","Card"],"build_version":"2020-12-22","purchased_purges":2,"victory":false,"max_hp_per_floor":[65,65,65,65,65,65,65,65,65,65,65,65,65,65,65,65,65,65,65,65,65,65,65,65,65,65,65,65,65,65,65,65,65,65,65,65,65,65],"card_choices":[{"not_picked":["Revamp","Starlight"],"picked":"Manipulate","floor":1.0},{"not_picked":["DancingSilver","Revamp"],"picked":"Spin","floor":2.0},{"not_picked":["DualDimension","WasteNot"],"picked":"Hightail","floor":3.0},{"not_picked":["Starlight","Spin","MoonPhase"],"picked":"SKIP","floor":5.0},{"not_picked":["ReturningBlade","RealityMarble"],"picked":"MoonPhase","floor":7.0},{"not_picked":["ReturningBlade","FanOfKnives"],"picked":"FastForward","floor":8.0},{"not_picked":["DancingSilver","Revamp"],"picked":"Spin","floor":11.0},{"not_picked":["Rewind","Unruled"],"picked":"SoulSculpture","floor":13.0},{"not_picked":["RealityMarble","Starlight"],"picked":"InstantArmor","floor":14.0},{"not_picked":["KillingDoll","PendulumOfEternity"],"picked":"Sunlight","floor":16.0},{"not_picked":["Hightail","FastForward"],"picked":"Barrier","floor":18.0},{"not_picked":["FastForward","TimeWarp+1"],"picked":"Reset","floor":20.0},{"not_picked":["TimeWarp","Alleviate"],"picked":"DoubleEdge","floor":22.0},{"not_picked":["TimeTheft","ReturningBlade"],"picked":"GearUp","floor":23.0},{"not_picked":["RealityMarble+1","ShiftingGears+1"],"picked":"BottledTime","floor":24},{"not_picked":["Sunlight","TrueSight"],"picked":"Solidify","floor":33},{"not_picked":["DualDimension","Rearm"],"picked":"Unruled","floor":35}],"player_experience":1173996,"relics_obtained":[{"floor":9.0,"key":"Torii"},{"floor":11.0,"key":"PreservedInsect"},{"floor":13.0,"key":"reliquary:ExpiredCoupon"},{"floor":23.0,"key":"Lantern"},{"floor":26,"key":"Whetstone"},{"floor":28,"key":"Red Mask"}],"event_choices":[{"damage_healed":0.0,"max_hp_gain":0.0,"max_hp_loss":0.0,"gold_gain":0.0,"event_name":"Lab","player_choice":"Got Potions","floor":4.0,"gold_loss":0.0,"damage_taken":0.0},{"damage_healed":0.0,"max_hp_gain":0.0,"max_hp_loss":0.0,"gold_gain":99.0,"event_name":"betterThird:BetterNest","player_choice":"Steal","floor":21.0,"gold_loss":0.0,"damage_taken":0.0},{"damage_healed":0,"gold_gain":0,"player_choice":"Fought Bandits","damage_taken":0,"max_hp_gain":0,"max_hp_loss":0,"event_name":"Masked Bandits","floor":28,"gold_loss":0},{"cards_removed":["Strike_S"],"damage_healed":0,"gold_gain":0,"player_choice":"Elegance","damage_taken":0,"max_hp_gain":0,"max_hp_loss":0,"event_name":"betterThird:BetterWriting","floor":29,"gold_loss":0},{"damage_healed":0,"gold_gain":0,"player_choice":"Copied","damage_taken":0,"max_hp_gain":0,"max_hp_loss":0,"event_name":"Duplicator","floor":31,"gold_loss":0,"cards_obtained":["SoulSculpture"]}],"is_beta":false,"boss_relics":[{"not_picked":["Philosopher\u0027s Stone","reliquary:Craggleroot"],"picked":"MysterySword"},{"not_picked":["Hololive_TopUpMoneyS","reliquary:RedPaperclip"],"picked":"reliquary:WritOfMandamus"}],"items_purged_floors":[19,36],"is_endless":false,"potions_floor_spawned":[3,8,13,14,20,23,33],"killed_by":"3 Darklings","ascension_level":12}}