{"host":"kg61lsvem4dxoat8","time":1613055097,"event":{"mods":["AchievementEnabler","BaseMod","Better Altar","Better Match","Better Sensory Stone","Better Skull","Block Reminder","Highlight Path","Minty Spire (QoL Compilation)","Quick Restart","Rare Cards Sparkle","Relic Sorter","Relic Stats","StSLib","Synergy Search","slay the spire mod where everything is the same but ironclad has a cowboy hat"],"gold_per_floor":[118,393,175,190,201,201,213,213,513,513,513,547,561,595,595,595,595],"floor_reached":16,"language":"ENG","playtime":26081,"items_purged":["Regret"],"score":165,"play_id":"928747f7-f5c6-43b4-b51d-07f8035e2816","local_time":"20210211225137","is_ascension_mode":true,"campfire_choices":[{"data":"Immolate","floor":6,"key":"SMITH"},{"data":"True Grit","floor":8,"key":"SMITH"},{"data":"Bash","floor":10,"key":"SMITH"},{"data":"1","floor":15,"key":"LIFT"}],"circlet_count":0,"master_deck":["AscendersBane","Strike_R","Strike_R","Strike_R","Strike_R","Strike_R","Defend_R","Defend_R","Defend_R","Defend_R","Bash+1","True Grit+1","Immolate+1","Metallicize"],"relics":["Burning Blood","NeowsBlessing","Ancient Tea Set","Old Coin","Girya","Red Skull"],"acts_visited":["Exordium"],"potions_floor_usage":[14,16,16],"damage_taken":[{"damage":0,"enemies":"2 Louse","floor":1,"turns":2},{"damage":0,"enemies":"Cultist","floor":4,"turns":1},{"damage":0,"enemies":"Jaw Worm","floor":5,"turns":1},{"damage":9,"enemies":"Red Slaver","floor":7,"turns":4},{"damage":10,"enemies":"3 Sentries","floor":12,"turns":5},{"damage":12,"enemies":"Exordium Wildlife","floor":13,"turns":3},{"damage":34,"enemies":"Lagavulin","floor":14,"turns":6},{"damage":45,"enemies":"The Guardian","floor":16,"turns":6}],"seed_played":"1971605723138457574","potions_obtained":[{"floor":5,"key":"Dexterity Potion"},{"floor":7,"key":"DuplicationPotion"},{"floor":14,"key":"LiquidBronze"}],"is_trial":false,"path_per_floor":["M","?","$","M","M","R","M","R","T","R","?","E","M","E","R","B"],"character_chosen":"IRONCLAD","items_purchased":["Ancient Tea Set"],"campfire_rested":0,"item_purchase_floors":[3],"current_hp_per_floor":[78,78,78,80,80,80,77,77,77,77,80,76,70,42,42,0,0],"gold":595,"neow_bonus":"THREE_ENEMY_KILL","is_daily":false,"chose_seed":false,"campfire_upgraded":3,"win_rate":0.0,"timestamp":1613055097,"path_taken":["M","?","$","M","?","R","?","R","T","R","?","E","?","E","R","BOSS"],"items_purchased_type":["Relic"],"build_version":"2020-12-22","purchased_purges":1,"victory":false,"max_hp_per_floor":[80,80,80,80,80,80,80,80,80,80,80,80,80,80,80,80,80],"relic_stats":{"counters":[8,28],"obtain_stats":[{"Girya":12,"NeowsBlessing":0,"Ancient Tea Set":3,"Burning Blood":0,"Red Skull":14,"Old Coin":9},{"Girya":5,"NeowsBlessing":0,"Ancient Tea Set":1,"Burning Blood":0,"Red Skull":7,"Old Coin":4},{"Girya":13,"NeowsBlessing":0,"Ancient Tea Set":2,"Burning Blood":0,"Red Skull":22,"Old Coin":8}],"Burning Blood":32},"card_choices":[{"not_picked":["Armaments","Wild Strike"],"picked":"True Grit","floor":1},{"not_picked":["Flex","Perfected Strike","Armaments"],"picked":"SKIP","floor":4},{"not_picked":["Pummel","True Grit"],"picked":"Immolate","floor":5},{"not_picked":["Perfected Strike","Havoc","Searing Blow"],"picked":"SKIP","floor":7},{"not_picked":["Body Slam","Brutality"],"picked":"Metallicize","floor":12},{"not_picked":["Heavy Blade","Ghostly Armor","Reckless Charge"],"picked":"SKIP","floor":13},{"not_picked":["Power Through","Heavy Blade","Clash"],"picked":"SKIP","floor":14}],"player_experience":1463680,"relics_obtained":[{"floor":9,"key":"Old Coin"},{"floor":12,"key":"Girya"},{"floor":14,"key":"Red Skull"}],"event_choices":[{"damage_healed":0,"gold_gain":275,"player_choice":"Desecrate","damage_taken":0,"max_hp_gain":0,"max_hp_loss":0,"event_name":"Golden Shrine","floor":2,"gold_loss":0,"cards_obtained":["Regret"]},{"damage_healed":3,"gold_gain":0,"player_choice":"Full Heal","damage_taken":0,"max_hp_gain":0,"max_hp_loss":0,"event_name":"Wheel of Change","floor":11,"gold_loss":0}],"is_beta":false,"boss_relics":[],"items_purged_floors":[3],"is_endless":false,"potions_floor_spawned":[5,7,14],"killed_by":"The Guardian","ascension_level":10}}