{"host":"vyjryxuuuxkt43k4","time":1613055025,"event":{"mods":["AchievementEnabler","BaseMod","Colored Map","DeckTracker","Keyboard Shortcuts","Minty Spire (QoL Compilation)","Permanent Neow","Quick Restart","StSLib","SuperFastMode","everything is the same but u backflip on backflip"],"gold_per_floor":[114,264,339,358,358,358,32,32,32,51,51,125,149,149,149],"floor_reached":14,"language":"KOR","playtime":288,"items_purged":["Doubt"],"score":156,"play_id":"5fd69fbc-f3b7-4a1e-8290-82d8c16024b2","local_time":"20210211235025","is_ascension_mode":true,"campfire_choices":[{"floor":6,"key":"REST"},{"floor":8,"key":"REST"}],"circlet_count":0,"master_deck":["AscendersBane","Strike_B","Strike_B","Strike_B","Strike_B","Defend_B","Defend_B","Defend_B","Defend_B","Zap","Dualcast","Capacitor","Darkness","Hologram","Core Surge","Rebound","Double Energy"],"relics":["Cracked Core","Golden Idol","Runic Capacitor","MealTicket","Mummified Hand"],"acts_visited":["Exordium"],"potions_floor_usage":[13,14],"damage_taken":[{"damage":9,"enemies":"2 Louse","floor":1,"turns":4},{"damage":14,"enemies":"Jaw Worm","floor":4,"turns":4},{"damage":19,"enemies":"Small Slimes","floor":10,"turns":4},{"damage":32,"enemies":"Exordium Thugs","floor":13,"turns":5},{"damage":17,"enemies":"3 Sentries","floor":14,"turns":2}],"seed_played":"-5556332163811538049","potions_obtained":[{"floor":1,"key":"Energy Potion"},{"floor":10,"key":"Block Potion"}],"is_trial":false,"path_per_floor":["M","?","?","M","?","R","$","R","T","M","$","T","M","E"],"character_chosen":"DEFECT","items_purchased":["Runic Capacitor","Core Surge"],"campfire_rested":2,"item_purchase_floors":[7,7],"current_hp_per_floor":[55,55,44,30,6,27,27,48,48,29,44,44,12,0,0],"gold":149,"neow_bonus":"THREE_CARDS","is_daily":false,"chose_seed":true,"campfire_upgraded":0,"win_rate":0.0,"timestamp":1613055025,"path_taken":["M","?","?","?","?","R","?","R","T","M","$","?","M","E"],"items_purchased_type":["Relic","Card"],"build_version":"2020-12-22","purchased_purges":1,"victory":false,"max_hp_per_floor":[71,71,71,71,71,71,71,71,71,71,71,71,71,71,71],"card_choices":[{"not_picked":["Go for the Eyes","Conserve Battery"],"picked":"Capacitor","floor":0},{"not_picked":["Recycle","Turbo"],"picked":"Darkness","floor":1},{"not_picked":["Capacitor","Beam Cell"],"picked":"Hologram","floor":4},{"not_picked":["Hologram","Hello World"],"picked":"Rebound","floor":10},{"not_picked":["Sweeping Beam","Steam"],"picked":"Double Energy","floor":13}],"player_experience":950440,"relics_obtained":[{"floor":9,"key":"MealTicket"},{"floor":12,"key":"Mummified Hand"}],"event_choices":[{"damage_healed":0,"gold_gain":150,"player_choice":"AGREE","damage_taken":0,"max_hp_gain":0,"max_hp_loss":0,"event_name":"Liars Game","floor":2,"gold_loss":0,"cards_obtained":["Doubt"]},{"damage_healed":0,"gold_gain":75,"player_choice":"Gather Gold","damage_taken":11,"max_hp_gain":0,"max_hp_loss":0,"event_name":"World of Goop","floor":3,"gold_loss":0},{"damage_healed":0,"gold_gain":0,"player_choice":"Take Damage","damage_taken":24,"relics_obtained":["Golden Idol"],"max_hp_gain":0,"max_hp_loss":0,"event_name":"Golden Idol","floor":5,"gold_loss":0}],"is_beta":false,"boss_relics":[],"items_purged_floors":[7],"is_endless":false,"potions_floor_spawned":[1,10],"killed_by":"3 Sentries","ascension_level":20}}