{"host":"d73an99q9oevilk5","time":1613054984,"event":{"mods":["2.2 Compatiblity","AchievementEnabler","Act Like it!","Aspiration","BaseMod","Beaked The Cultist","Better Third Choice","BetterRewards","Colored Map","Colored Powertips","Conspire","Downfall","GifTheSpireLib","GungeonMod","Halation","Hubris","Infinite Spire","Marisa????????","Mimic Mod","Minty Spire (QoL Compilation)","Quick Restart","Relic Sorter","Reliquary","Replay The Spire","Shop Mod","Spikes Relics","StSLib","Stuff the Spire","The Bug Knight","The Cursed","The Jungle","The Necromancer","The Saiyan","Waifu the Spire","egg","slay the spire mod where everything is the same but ironclad has a cowboy hat"],"gold_per_floor":[119,119,44,58,69,95,95,95,125,125,156,56,73,85,85,185,185,197,41,71,25,43,43,43,43,80,80,80,80,107,146,182,212,212,327,327,361,361,361,399,437,437,130,130,130,168,229,229,229,248,248,272],"floor_reached":53,"language":"ENG","playtime":1905,"items_purged":["Regret","Regret"],"score":757,"play_id":"90ab479f-9f28-4d0c-b587-5192597fcd84","local_time":"20210211074944","is_ascension_mode":false,"campfire_choices":[{"data":"hubris:SharpeningStone","floor":8.0,"key":"SMITH"},{"floor":15.0,"key":"REST"},{"data":"Heavy Blade","floor":25.0,"key":"SMITH"},{"data":"Metallicize","floor":27.0,"key":"SMITH"},{"data":"Flex","floor":34.0,"key":"SMITH"},{"data":"Demon Form","floor":42.0,"key":"SMITH"},{"data":"Apotheosis","floor":48,"key":"SMITH"},{"floor":51,"key":"REST"}],"circlet_count":0,"master_deck":["Strike_R","Strike_R","Strike_R","Strike_R","Defend_R","Defend_R","Defend_R","Defend_R","Bash","Headbutt","Sword Boomerang","Heavy Blade+1","Flame Barrier","infinitespire:Fortify","Metallicize+1","Flame Barrier","Limit Break+1","Clash","Flex+1","Flex","Cleave+1","Cleave+1","Sword Boomerang","Heavy Blade","Demon Form+1","Infernal Blade+1","Apotheosis+1","hubris:DuctTapeCard","Thunderclap+1","Thunderclap+1","Thunderclap+1","Thunderclap+1"],"relics":["Burning Blood","hubris:Icosahedron","infinitespire:BottledMercury","Ice Cream","StuffTheSpire:RedRose","Paper Frog","hubris:64BitClover","halation:TwoAmDonut","hubris:DuctTape","halation:NonexistentMirror","Replay:Bandana","Mirror","SpikesRelics:ToyHorsey","Mark of Pain","DemoMod:MeatBun","Sandwich","hubris:Zylophone","GiantMaggot","DemoMod:MonsterBlood","Smiling Mask"],"acts_visited":["Exordium","TheCity","TheBeyond"],"potions_floor_usage":[],"damage_taken":[{"damage":0.0,"enemies":"Small Slimes","floor":1.0,"turns":2.0},{"damage":3.0,"enemies":"conspire:RoseBush","floor":4.0,"turns":3.0},{"damage":3.0,"enemies":"2 Louse","floor":5.0,"turns":3.0},{"damage":23.0,"enemies":"HollowMod:MossKnight","floor":6.0,"turns":7.0},{"damage":17.0,"enemies":"Looter","floor":9.0,"turns":8.0},{"damage":10.0,"enemies":"Looter","floor":11.0,"turns":8.0},{"damage":10.0,"enemies":"Looter","floor":13.0,"turns":4.0},{"damage":21.0,"enemies":"Large Slime","floor":14.0,"turns":5.0},{"damage":41.0,"enemies":"Slime Boss","floor":16.0,"turns":12.0},{"damage":13.0,"enemies":"Shell Parasite","floor":18.0,"turns":6.0},{"damage":21.0,"enemies":"conspire:MimicChest","floor":20.0,"turns":7.0},{"damage":0.0,"enemies":"Spheric Guardian","floor":22.0,"turns":5.0},{"damage":24.0,"enemies":"HollowMod:Nosk","floor":26.0,"turns":8.0},{"damage":0.0,"enemies":"Snecko","floor":30.0,"turns":3.0},{"damage":11.0,"enemies":"Shelled Parasite and Fungi","floor":31.0,"turns":4.0},{"damage":11.0,"enemies":"Snake Plant","floor":32.0,"turns":4.0},{"damage":6.0,"enemies":"Snecko","floor":33.0,"turns":5.0},{"damage":18.0,"enemies":"Champ","floor":35.0,"turns":7.0},{"damage":10.0,"enemies":"3 Shapes","floor":37.0,"turns":4.0},{"damage":31.0,"enemies":"3 Darklings","floor":40.0,"turns":4.0},{"damage":7.0,"enemies":"Sphere and 2 Shapes","floor":41.0,"turns":5.0},{"damage":1.0,"enemies":"Transient","floor":46.0,"turns":5.0},{"damage":31.0,"enemies":"R_Hoarder","floor":47.0,"turns":6.0},{"damage":1,"enemies":"Maw","floor":50,"turns":5},{"damage":35,"enemies":"Replay:Hell Engine","floor":52,"turns":6}],"seed_played":"830202289469494431","potions_obtained":[{"floor":4.0,"key":"Languid Potion"},{"floor":13.0,"key":"BloodPotion"},{"floor":14.0,"key":"DuplicationPotion"},{"floor":20.0,"key":"Milkshake"},{"floor":30.0,"key":"BloodPotion"},{"floor":31.0,"key":"Venom Potion"},{"floor":46.0,"key":"SpeedPotion"}],"is_trial":false,"path_per_floor":["M","?","$","M","M","E","?","R","MIM","?","MIM","$","M","M","R","B",null,"M","$","?","$","M","PTL","PTL","R","E","R","T","AVR","M","M","M","M","R","B",null,"M","?","?","M","M","R","$","?","T","M","E","R","?","M","R","B",null],"character_chosen":"IRONCLAD","items_purchased":["Fruit Juice","infinitespire:BottledMercury","Weak Potion","halation:NonexistentMirror","Flex","hubris:Zylophone"],"campfire_rested":2,"item_purchase_floors":[0,0,0,19,21,43],"current_hp_per_floor":[85,85,85,85,85,68,68,68,57,36,32,32,28,30,55,20,85,78,78,63,63,69,69,69,69,51,51,51,65,71,66,78,78,78,66,85,81,81,85,60,59,59,59,59,59,71,46,46,46,51,78,49],"gold":272,"neow_bonus":"","is_daily":false,"chose_seed":false,"campfire_upgraded":6,"win_rate":0.0,"timestamp":1613054984,"path_taken":["M","?","$","M","M","E","?","R","MIM","?","?","?","M","M","R","BOSS","M","$","?","$","M","PTL","PTL","R","E","R","T","AVR","M","M","M","M","R","BOSS","M","?","?","?","M","R","$","?","T","M","E","R","?","M","R","BOSS"],"items_purchased_type":["Potion","Relic","Potion","Relic","Card","Relic"],"build_version":"2020-12-22","purchased_purges":2,"victory":true,"max_hp_per_floor":[85,85,85,85,85,85,85,85,85,85,85,85,85,85,85,85,85,85,85,85,85,85,85,85,85,85,85,85,85,85,85,85,85,85,85,85,85,85,85,85,85,85,85,85,85,92,92,92,92,92,92,92],"card_choices":[{"not_picked":["Life Link","Wild Strike"],"picked":"Iron Wave","floor":1.0},{"not_picked":["Run Through","Clash"],"picked":"hubris:SharpeningStone","floor":4.0},{"not_picked":["Evolve","Body Slam"],"picked":"Heavy Blade","floor":5.0},{"not_picked":["Heavy Blade","Demonic Infusion"],"picked":"Flame Barrier","floor":6.0},{"not_picked":["infinitespire:Punishment","infinitespire:Collect"],"picked":"infinitespire:Fortify","floor":10.0},{"not_picked":["StuffTheSpire:Pyroclast","Pommel Strike"],"picked":"Metallicize","floor":13.0},{"not_picked":["hubris:ReadiedAction","Body Slam"],"picked":"Flame Barrier","floor":14.0},{"not_picked":["Hemogenesis","conspire:Purge"],"picked":"Limit Break","floor":16.0},{"not_picked":["Thunderclap","Shrug It Off"],"picked":"Clash","floor":18.0},{"not_picked":["Pummel","Fire Breathing","Carnage"],"picked":"SKIP","floor":22.0},{"not_picked":["Pommel Strike","ReplayTheSpireMod:Limb From Limb"],"picked":"Cleave+1","floor":26.0},{"not_picked":["Wild Strike","Headbutt","Sword Boomerang"],"picked":"SKIP","floor":30.0},{"not_picked":["Warcry+1","Shockwave+1"],"picked":"Sword Boomerang","floor":31.0},{"not_picked":["Havoc","Replay:Undeath\u0027s Touch","True Grit"],"picked":"SKIP","floor":32.0},{"not_picked":["Pommel Strike+1","Clothesline"],"picked":"Heavy Blade","floor":33.0},{"not_picked":["Replay:Many Hands","Corruption"],"picked":"Demon Form","floor":35.0},{"not_picked":["StuffTheSpire:RockThrow+1","Warcry+1","Clash+1"],"picked":"SKIP","floor":37.0},{"not_picked":["Defy Death+1","Run Through+1","Headbutt+1"],"picked":"SKIP","floor":40.0},{"not_picked":["Twin Strike+1","Flex"],"picked":"Infernal Blade+1","floor":41.0},{"not_picked":["Master of Strategy","Chrysalis"],"picked":"Apotheosis","floor":44.0},{"not_picked":["Sword Boomerang","StuffTheSpire:RagingBull","conspire:Charge"],"picked":"SKIP","floor":46.0},{"not_picked":["Bloodletting+1","Twin Strike","StuffTheSpire:RagingBull+1"],"picked":"SKIP","floor":47},{"not_picked":["Life Link+1","Anger+1"],"picked":"Thunderclap+1","floor":50}],"player_experience":1893701,"relics_obtained":[{"floor":6.0,"key":"Paper Frog"},{"floor":9.0,"key":"halation:TwoAmDonut"},{"floor":11.0,"key":"hubris:DuctTape"},{"floor":20.0,"key":"Replay:Bandana"},{"floor":26.0,"key":"Mirror"},{"floor":28.0,"key":"SpikesRelics:ToyHorsey"},{"floor":45.0,"key":"GiantMaggot"},{"floor":46.0,"key":"DemoMod:MonsterBlood"},{"floor":47,"key":"Smiling Mask"}],"event_choices":[{"damage_healed":0.0,"max_hp_gain":0.0,"max_hp_loss":0.0,"gold_gain":0.0,"event_name":"Big Fish","player_choice":"Box","floor":7.0,"gold_loss":0.0,"damage_taken":0.0,"relics_obtained":["hubris:64BitClover"],"cards_obtained":["Regret"]},{"damage_healed":0.0,"max_hp_gain":0.0,"max_hp_loss":0.0,"gold_gain":0.0,"event_name":"SensoryStone","player_choice":"Memory 1","floor":44.0,"gold_loss":0.0,"damage_taken":0.0},{"damage_healed":0,"gold_gain":0,"player_choice":"Forge","damage_taken":0,"max_hp_gain":0,"max_hp_loss":0,"event_name":"Accursed Blacksmith","floor":49,"gold_loss":0,"cards_upgraded":["Limit Break"]}],"is_beta":false,"boss_relics":[{"not_picked":["Runic Dome","hubris:GrandSneckoEye","reliquary:WritOfMandamus"]},{"not_picked":["aspiration:SecretTechniqueScroll","halation:PlatinumPhoenix"],"picked":"Sandwich"}],"items_purged_floors":[3,12],"is_endless":false,"potions_floor_spawned":[4,13,14,20,30,31,46,47],"ascension_level":0}}