{"host":"bpnwh7vpv9k3tssc","time":1613033202,"event":{"mods":["BaseMod","Colored Map","Colored Powertips","Curses Come First","Highlight Path","Minty Spire (QoL Compilation)","Quick Restart","Random Character Button","Relic Sorter","StSLib"],"gold_per_floor":[118,4,20,20,35,64,64,90,167,182,192,192,267,286,286,286,286],"floor_reached":16,"language":"ENG","playtime":538,"items_purged":["Strike_R"],"score":202,"play_id":"96d2d45c-c33d-4e9b-9db8-becdcfd25c31","local_time":"20210211094642","is_ascension_mode":true,"campfire_choices":[{"data":"Flex","floor":7,"key":"SMITH"},{"data":"Heavy Blade","floor":12,"key":"SMITH"},{"floor":15,"key":"REST"}],"circlet_count":0,"master_deck":["AscendersBane","Strike_R","Strike_R","Strike_R","Defend_R","Defend_R","Defend_R","Defend_R","Bash","Iron Wave","Inflame","Cleave","Armaments","Flex+1","Heavy Blade+1","Flex","Flame Barrier","Intimidate"],"relics":["Burning Blood","NeowsBlessing","CaptainsWheel","Boot","InkBottle"],"acts_visited":["Exordium"],"potions_floor_usage":[6,8,8,8,8,16],"damage_taken":[{"damage":0,"enemies":"2 Louse","floor":1,"turns":1},{"damage":0,"enemies":"Jaw Worm","floor":3,"turns":1},{"damage":0,"enemies":"Cultist","floor":5,"turns":1},{"damage":46,"enemies":"Lagavulin","floor":6,"turns":7},{"damage":29,"enemies":"Gremlin Nob","floor":8,"turns":5},{"damage":6,"enemies":"Blue Slaver","floor":10,"turns":3},{"damage":0,"enemies":"Lots of Slimes","floor":11,"turns":1},{"damage":0,"enemies":"Looter","floor":14,"turns":1},{"damage":61,"enemies":"The Guardian","floor":16,"turns":13}],"seed_played":"-4530040418768847297","potions_obtained":[{"floor":1,"key":"Energy Potion"},{"floor":5,"key":"EntropicBrew"},{"floor":6,"key":"Fruit Juice"},{"floor":14,"key":"Regen Potion"}],"is_trial":false,"path_per_floor":["M","$","M","?","M","E","R","E","T","M","M","R","?","M","R","B"],"character_chosen":"IRONCLAD","items_purchased":["Inflame"],"campfire_rested":1,"item_purchase_floors":[2],"current_hp_per_floor":[74,74,75,68,74,34,34,16,16,16,22,22,11,17,41,0,0],"gold":286,"neow_bonus":"THREE_ENEMY_KILL","is_daily":false,"chose_seed":false,"campfire_upgraded":2,"win_rate":0.0,"timestamp":1613033202,"path_taken":["M","$","M","?","M","E","R","E","T","M","M","R","?","M","R","BOSS"],"items_purchased_type":["Card"],"build_version":"2020-12-22","purchased_purges":1,"victory":false,"max_hp_per_floor":[75,75,75,75,75,75,75,80,80,80,80,80,80,80,80,80,80],"card_choices":[{"not_picked":["Reckless Charge","Thunderclap"],"picked":"Iron Wave","floor":1},{"not_picked":["Rupture","Fire Breathing"],"picked":"Cleave","floor":3},{"not_picked":["Thunderclap","Iron Wave"],"picked":"Armaments","floor":5},{"not_picked":["Headbutt","Juggernaut"],"picked":"Flex","floor":6},{"not_picked":["Iron Wave","Seeing Red"],"picked":"Heavy Blade","floor":8},{"not_picked":["Warcry","Perfected Strike"],"picked":"Flex","floor":10},{"not_picked":["Reckless Charge","Clash"],"picked":"Flame Barrier","floor":11},{"not_picked":["Perfected Strike","Clash"],"picked":"Intimidate","floor":14}],"player_experience":368284,"relics_obtained":[{"floor":6,"key":"CaptainsWheel"},{"floor":8,"key":"Boot"},{"floor":9,"key":"InkBottle"}],"event_choices":[{"cards_removed":["Strike_R"],"damage_healed":0,"gold_gain":0,"player_choice":"Card Removal","damage_taken":7,"max_hp_gain":0,"max_hp_loss":0,"event_name":"Golden Wing","floor":4,"gold_loss":0},{"damage_healed":0,"gold_gain":75,"player_choice":"Gather Gold","damage_taken":11,"max_hp_gain":0,"max_hp_loss":0,"event_name":"World of Goop","floor":13,"gold_loss":0}],"is_beta":false,"boss_relics":[],"items_purged_floors":[2],"is_endless":false,"potions_floor_spawned":[1,5,6,14],"killed_by":"The Guardian","ascension_level":16}}