{"host":"A Jargain","time":1613023196,"event":{"mods":["Act Like it!","Aspiration","BaseMod","Downfall","Halation","Hubris","Infinite Spire","Marisa????????","Minty Spire (QoL Compilation)","Replay The Spire","StSLib","The Servant 0.9.4","Waifu the Spire"],"gold_per_floor":[118,43,143,143,3,3,31,31,31,56,56,69,69,85,85,85,85],"floor_reached":16,"language":"ENG","playtime":654,"items_purged":["Strike_P"],"score":304,"play_id":"a885e709-1e2a-4e31-9e91-5791f0df5b92","local_time":"20210211165956","is_ascension_mode":true,"campfire_choices":[{"data":"Eruption","floor":6,"key":"SMITH"},{"floor":8,"key":"RECALL"},{"data":"Brilliance","floor":11,"key":"SMITH"},{"data":"ClearTheMind","floor":15,"key":"SMITH"}],"circlet_count":0,"master_deck":["Strike_P","Strike_P","Strike_P","Defend_P","Defend_P","Defend_P","Eruption+1","Vigilance","ClearTheMind+1","downfall:Haunted","downfall:Haunted","Delirium","Replay:AllIn","hubris:Despair","ReplayTheSpireMod:Doomed","Brilliance+1"],"relics":["PureWater","NeowsBlessing","Du-Vu Doll","Simple Rune","Pear"],"acts_visited":["Exordium"],"potions_floor_usage":[16],"damage_taken":[{"damage":0,"enemies":"Jaw Worm","floor":1,"turns":1},{"damage":0,"enemies":"Lagavulin","floor":7,"turns":1},{"damage":0,"enemies":"Gremlin Nob","floor":10,"turns":1},{"damage":0,"enemies":"2 Louse","floor":12,"turns":1},{"damage":0,"enemies":"Cultist","floor":14,"turns":2},{"damage":93,"enemies":"The Guardian","floor":16,"turns":15}],"seed_played":"-3795622818923076217","potions_obtained":[{"floor":7,"key":"Strength Potion"},{"floor":10,"key":"SpeedPotion"}],"is_trial":false,"path_per_floor":["M","$","?","?","$","R","E","R","T","E","R","M","$","M","R","B"],"character_chosen":"WATCHER","items_purchased":["Brilliance"],"campfire_rested":0,"item_purchase_floors":[5],"current_hp_per_floor":[72,72,77,77,77,77,77,77,77,87,87,87,87,87,87,0,0],"gold":85,"neow_bonus":"THREE_ENEMY_KILL","is_daily":false,"chose_seed":false,"campfire_upgraded":3,"win_rate":0.0,"timestamp":1613023196,"path_taken":["M","$","?","?","$","R","E","R","T","E","R","M","?","?","R","BOSS"],"items_purchased_type":["Card"],"build_version":"2020-12-18","purchased_purges":1,"victory":false,"max_hp_per_floor":[72,72,77,77,77,77,77,77,77,87,87,87,87,87,87,87,87],"card_choices":[{"not_picked":["ForeignInfluence","Replay:Cycle"],"picked":"ClearTheMind","floor":1},{"not_picked":["Replay:BluntJabs","EmptyBody","Consecrate"],"picked":"SKIP","floor":7},{"not_picked":["Sanctity","SashWhip","Consecrate"],"picked":"SKIP","floor":10},{"not_picked":["CutThroughFate","Conclude","PathToVictory"],"picked":"SKIP","floor":12},{"not_picked":["Replay:BluntJabs","Replay:DivineShield","Replay:AtTheReady"],"picked":"SKIP","floor":14}],"player_experience":288290,"relics_obtained":[{"floor":7,"key":"Simple Rune"},{"floor":10,"key":"Pear"}],"event_choices":[],"is_beta":true,"boss_relics":[],"items_purged_floors":[2],"is_endless":false,"potions_floor_spawned":[7,10],"killed_by":"The Guardian","ascension_level":3}}