{"host":"gbbz8f5svnnpwo8d","time":1613082622,"event":{"mods":["AchievementEnabler","AlwaysNeverKeys","BaseMod","Bestiary","Better Altar","Better Match","Better Note","Better Sensory Stone","Better Silent Start","Better Skull","Better Third Choice","Better Vampires","Better-Laid Plans","BetterRewards","Block Reminder","Bossed Relics","Colored Map","Colored Powertips","Curses Come First","Dark Map","Displayed Cursed Tome","GifTheSpireLib","Minty Spire (QoL Compilation)","MonsterHotkey","Permanent Neow","Potion Indicator Mod","Quick Restart","Random Character Button","Rare Cards Sparkle","Relic Stats","Shop Mod","Spicy Shops","Spire Birthday Party","StSLib","Transform Curses"],"gold_per_floor":[113,71,71,95,15,27,27,42,87,98,128,128,139,149,149,254,254,269,111,121,171,171,171,182,182,206,11,26,26,58,72,72,170,170,187,147,5,5,20,20,55,55,82,95,123,123,50,63,63,63,63,63,15,45,45],"floor_reached":56,"language":"ENG","playtime":5106,"items_purged":["Strike_G","Writhe","Strike_G"],"score":1625,"play_id":"c2e0678e-2b4e-4f12-b191-6440628b6a51","local_time":"20210211153022","is_ascension_mode":false,"campfire_choices":[{"floor":7.0,"key":"REST"},{"data":"Cloak And Dagger","floor":12.0,"key":"SMITH"},{"data":"Accuracy","floor":15.0,"key":"SMITH"},{"data":"Blade Dance","floor":23.0,"key":"SMITH"},{"data":"Blade Dance","floor":29,"key":"SMITH"},{"data":"Venomology","floor":32,"key":"SMITH"},{"data":"Cloak And Dagger","floor":40,"key":"SMITH"},{"data":"Blade Dance","floor":42,"key":"SMITH"},{"data":"Burst","floor":46,"key":"SMITH"},{"floor":49,"key":"REST"},{"data":"After Image","floor":52,"key":"SMITH"}],"circlet_count":0,"master_deck":["Strike_G","Strike_G","Defend_G","Defend_G","Defend_G","Defend_G","Survivor","Neutralize+1","Dash","Deflect","Backstab+1","Blade Dance+1","Accuracy+1","Escape Plan+1","Riddle With Holes+1","Leg Sweep","Cloak And Dagger+1","Escape Plan","Blade Dance+1","After Image+1","Blade Dance+1","Dodge and Roll","Finesse","Blade Dance+1","Prepared","Escape Plan","Venomology+1","Deflect","Corpse Explosion","Cloak And Dagger+1","Blur","Prepared","Burst+1","Blade Dance","Deep Breath","Calculated Gamble"],"relics":["Ring of the Snake","Happy Flower","Letter Opener","Question Card","Sling","Torii","Strawberry","betterThird:SlimedRelic","Oddly Smooth Stone","Ancient Tea Set","CaptainsWheel","WristBlade","Potion Belt","Membership Card","Darkstone Periapt","Pandora\u0027s Box","Vajra","Mercury Hourglass","Regal Pillow","Pen Nib","Ice Cream","TwistedFunnel","Whetstone"],"acts_visited":["Exordium","TheCity","TheBeyond","TheEnding"],"potions_floor_usage":[33,50,50,55,55,55,55],"damage_taken":[{"damage":0.0,"enemies":"Jaw Worm","floor":1.0,"turns":3.0},{"damage":0.0,"enemies":"2 Louse","floor":6.0,"turns":2.0},{"damage":0.0,"enemies":"Cultist","floor":8.0,"turns":3.0},{"damage":0.0,"enemies":"Looter","floor":10.0,"turns":2.0},{"damage":0.0,"enemies":"Gremlin Nob","floor":11.0,"turns":2.0},{"damage":0.0,"enemies":"3 Louse","floor":13.0,"turns":2.0},{"damage":0.0,"enemies":"Gremlin Gang","floor":14.0,"turns":3.0},{"damage":1.0,"enemies":"Slime Boss","floor":16.0,"turns":4.0},{"damage":0.0,"enemies":"3 Byrds","floor":18.0,"turns":5.0},{"damage":0.0,"enemies":"Shell Parasite","floor":20.0,"turns":3.0},{"damage":0.0,"enemies":"Snecko","floor":24.0,"turns":6.0},{"damage":1,"enemies":"Cultist and Chosen","floor":28,"turns":4},{"damage":0,"enemies":"Gremlin Leader","floor":30,"turns":4},{"damage":0,"enemies":"Centurion and Healer","floor":31,"turns":3},{"damage":9,"enemies":"Automaton","floor":33,"turns":5},{"damage":6,"enemies":"3 Darklings","floor":35,"turns":3},{"damage":0,"enemies":"3 Shapes","floor":39,"turns":2},{"damage":9,"enemies":"Nemesis","floor":41,"turns":3},{"damage":1,"enemies":"3 Darklings","floor":44,"turns":2},{"damage":0,"enemies":"Reptomancer","floor":45,"turns":2},{"damage":20,"enemies":"Jaw Worm Horde","floor":48,"turns":2},{"damage":0,"enemies":"Awakened One","floor":50,"turns":7},{"damage":0,"enemies":"Shield and Spear","floor":54,"turns":3},{"damage":53,"enemies":"The Heart","floor":55,"turns":10}],"seed_played":"-2819938815002402520","potions_obtained":[{"floor":1.0,"key":"SpeedPotion"},{"floor":6.0,"key":"SteroidPotion"},{"floor":13.0,"key":"DuplicationPotion"},{"floor":18.0,"key":"Block Potion"},{"floor":30,"key":"SteroidPotion"},{"floor":33,"key":"CunningPotion"},{"floor":39,"key":"SpeedPotion"},{"floor":41,"key":"FairyPotion"}],"is_trial":false,"path_per_floor":["M","?","?","T","$","M","R","M","T","M","E","R","M","M","R","B",null,"M","$","M","?","?","R","M","?","T","$","M","R","E","M","R","B",null,"M","?","$","T","M","R","E","R","T","M","E","R","$","M","R","B",null,"R","$","E","B",null],"character_chosen":"THE_SILENT","items_purchased":["Happy Flower","Letter Opener","Question Card","Sling","Dash","Deflect","Strawberry","Fruit Juice","Accuracy","Dodge and Roll","Finesse","Membership Card","Vajra","TwistedFunnel","Deep Breath"],"campfire_rested":2,"item_purchase_floors":[0,0,0,0,0,0,0,0,5,19,19,27,37,47,53],"current_hp_per_floor":[35,24,24,24,24,24,47,47,47,47,47,47,47,47,47,51,82,82,82,82,82,82,82,82,82,82,82,81,81,81,81,81,72,82,76,76,82,82,82,82,73,73,73,72,72,72,72,52,88,88,88,88,88,88,49],"gold":45,"neow_bonus":"","is_daily":false,"chose_seed":false,"campfire_upgraded":9,"win_rate":0.0,"timestamp":1613082622,"path_taken":["M","?","?","?","$","M","R","M","T","?","E","R","?","M","R","BOSS","M","$","M","?","?","R","M","?","T","$","M","R","E","M","R","BOSS","M","?","?","?","M","R","E","R","T","M","E","R","$","M","R","BOSS","R","$","E","BOSS"],"items_purchased_type":["Relic","Relic","Relic","Relic","Card","Card","Relic","Potion","Card","Card","Card","Relic","Relic","Relic","Card"],"build_version":"2020-12-22","purchased_purges":3,"victory":true,"max_hp_per_floor":[77,77,77,77,77,77,77,77,77,77,77,77,77,77,77,82,82,82,82,82,82,82,82,82,82,82,82,82,82,82,82,82,82,82,82,82,88,88,88,88,88,88,88,88,88,88,88,88,88,88,88,88,88,88,88],"relic_stats":{"Darkstone Periapt":6,"Regal Pillow":10,"Happy Flower":[107],"Torii":59,"counters":[339,1632],"Pen Nib":[57],"Letter Opener":[440],"Whetstone":["Neutralize","Backstab"],"Question Card":22,"Mercury Hourglass":[139],"Pandora\u0027s Box":[],"obtain_stats":[{"TwistedFunnel":27,"Ginger":39,"Whetstone":6,"Bottled Tornado":45,"Boot":54,"Sling":0,"Blood Vial":23,"MealTicket":0,"Fusion Hammer":17,"Necronomicon":29,"Kunai":0,"MerchantsRug":0,"Blue Candle":47,"Eternal Feather":9,"Tingsha":0,"Pen Nib":7,"reliquary:WeakTea":0,"Paper Crane":43,"Akabeko":36,"SlaversCollar":17,"Bird Faced Urn":0,"Pandora\u0027s Box":34,"StrikeDummy":43,"Unceasing Top":0,"Ring of the Serpent":34,"Regal Pillow":14,"Lantern":44,"Torii":0,"Singing Bowl":43,"Cursed Key":17,"Ancient Tea Set":9,"Shovel":14,"Matryoshka":0,"WristBlade":34,"Ninja Scroll":28,"InkBottle":43,"Ring of the Snake":0,"Potion Belt":28,"Lee\u0027s Waffle":0,"The Specimen":0,"Golden Idol":11,"Thread and Needle":13,"PreservedInsect":0,"The Courier":9,"Omamori":9,"Frozen Egg 2":9,"reliquary:RosewoodLute":10,"Nuclear Battery":17,"Busted Crown":17,"Ornamental Fan":0,"Bloody Idol":28,"betterThird:SlimedRelic":12,"Turnip":53,"Ectoplasm":17,"Art of War":26,"Bottled Lightning":26,"Toy Ornithopter":54,"Ice Cream":48,"Calipers":9,"Tiny House":34,"Gremlin Horn":52,"Vajra":23,"HoveringKite":34,"Sozu":17,"Lizard Tail":48,"Centennial Puzzle":54,"HornCleat":53,"Strawberry":10,"Toxic Egg 2":47,"reliquary:SharkskinSheath":23,"Girya":37,"Happy Flower":7,"Astrolabe":17,"Dead Branch":53,"Oddly Smooth Stone":4,"Letter Opener":8,"War Paint":14,"Question Card":0,"Du-Vu Doll":42,"Shuriken":36,"Bronze Scales":54,"Molten Egg 2":26,"Black Star":17,"Meat on the Bone":10,"Darkstone Periapt":38,"Snake Skull":43,"Incense Burner":47,"Juzu Bracelet":0,"Empty Cage":34,"ClockworkSouvenir":53,"Emotion Chip":0,"Nunchaku":49,"Dream Catcher":41,"Mummified Hand":0,"Gambling Chip":54,"Pantograph":53,"Tiny Chest":27,"Red Mask":20,"Cracked Core":0,"Odd Mushroom":12,"Orichalcum":0,"White Beast Statue":7,"Mercury Hourglass":9,"Cauldron":0,"Anchor":42,"CaptainsWheel":0,"Bag of Marbles":53,"Membership Card":27,"FossilizedHelix":53,"TungstenRod":54},{"TwistedFunnel":102,"Ginger":60,"Whetstone":173,"Bottled Tornado":28,"Boot":90,"Sling":315,"Blood Vial":204,"MealTicket":66,"Fusion Hammer":46,"Necronomicon":127,"Kunai":37,"MerchantsRug":33,"Blue Candle":137,"Eternal Feather":4,"Tingsha":91,"Pen Nib":69,"reliquary:WeakTea":146,"Paper Crane":189,"Akabeko":82,"SlaversCollar":7,"Bird Faced Urn":115,"Pandora\u0027s Box":55,"StrikeDummy":308,"Unceasing Top":33,"Ring of the Serpent":232,"Regal Pillow":45,"Lantern":85,"Torii":37,"Singing Bowl":60,"Cursed Key":72,"Ancient Tea Set":318,"Shovel":45,"Matryoshka":140,"WristBlade":104,"Ninja Scroll":102,"InkBottle":27,"Ring of the Snake":0,"Potion Belt":80,"Lee\u0027s Waffle":66,"The Specimen":140,"Golden Idol":5,"Thread and Needle":121,"PreservedInsect":0,"The Courier":43,"Omamori":247,"Frozen Egg 2":15,"reliquary:RosewoodLute":143,"Nuclear Battery":19,"Busted Crown":153,"Ornamental Fan":0,"Bloody Idol":23,"betterThird:SlimedRelic":294,"Turnip":113,"Ectoplasm":273,"Art of War":22,"Bottled Lightning":102,"Toy Ornithopter":114,"Ice Cream":30,"Calipers":142,"Tiny House":256,"Gremlin Horn":64,"Vajra":50,"HoveringKite":184,"Sozu":177,"Lizard Tail":88,"Centennial Puzzle":314,"HornCleat":313,"Strawberry":120,"Toxic Egg 2":62,"reliquary:SharkskinSheath":157,"Girya":27,"Happy Flower":4,"Astrolabe":99,"Dead Branch":168,"Oddly Smooth Stone":316,"Letter Opener":43,"War Paint":222,"Question Card":66,"Du-Vu Doll":109,"Shuriken":130,"Bronze Scales":32,"Molten Egg 2":51,"Black Star":296,"Meat on the Bone":5,"Darkstone Periapt":235,"Snake Skull":85,"Incense Burner":111,"Juzu Bracelet":194,"Empty Cage":25,"ClockworkSouvenir":192,"Emotion Chip":0,"Nunchaku":63,"Dream Catcher":165,"Mummified Hand":170,"Gambling Chip":65,"Pantograph":214,"Tiny Chest":51,"Red Mask":48,"Cracked Core":0,"Odd Mushroom":249,"Orichalcum":266,"White Beast Statue":42,"Mercury Hourglass":197,"Cauldron":170,"Anchor":60,"CaptainsWheel":170,"Bag of Marbles":64,"Membership Card":102,"FossilizedHelix":113,"TungstenRod":169},{"TwistedFunnel":496,"Ginger":297,"Whetstone":771,"Bottled Tornado":134,"Boot":434,"Sling":1547,"Blood Vial":907,"MealTicket":324,"Fusion Hammer":235,"Necronomicon":595,"Kunai":197,"MerchantsRug":176,"Blue Candle":628,"Eternal Feather":12,"Tingsha":445,"Pen Nib":334,"reliquary:WeakTea":672,"Paper Crane":858,"Akabeko":393,"SlaversCollar":26,"Bird Faced Urn":554,"Pandora\u0027s Box":275,"StrikeDummy":1500,"Unceasing Top":176,"Ring of the Serpent":1047,"Regal Pillow":227,"Lantern":407,"Torii":197,"Singing Bowl":297,"Cursed Key":351,"Ancient Tea Set":1555,"Shovel":227,"Matryoshka":638,"WristBlade":510,"Ninja Scroll":496,"InkBottle":121,"Ring of the Snake":0,"Potion Belt":378,"Lee\u0027s Waffle":324,"The Specimen":638,"Golden Idol":15,"Thread and Needle":577,"PreservedInsect":0,"The Courier":221,"Omamori":1139,"Frozen Egg 2":51,"reliquary:RosewoodLute":657,"Nuclear Battery":66,"Busted Crown":692,"Ornamental Fan":0,"Bloody Idol":91,"betterThird:SlimedRelic":1407,"Turnip":543,"Ectoplasm":1324,"Art of War":85,"Bottled Lightning":496,"Toy Ornithopter":546,"Ice Cream":146,"Calipers":647,"Tiny House":1213,"Gremlin Horn":310,"Vajra":253,"HoveringKite":839,"Sozu":800,"Lizard Tail":422,"Centennial Puzzle":1536,"HornCleat":1530,"Strawberry":571,"Toxic Egg 2":302,"reliquary:SharkskinSheath":707,"Girya":121,"Happy Flower":12,"Astrolabe":480,"Dead Branch":750,"Oddly Smooth Stone":1550,"Letter Opener":221,"War Paint":975,"Question Card":324,"Du-Vu Doll":526,"Shuriken":605,"Bronze Scales":170,"Molten Egg 2":258,"Black Star":1430,"Meat on the Bone":15,"Darkstone Periapt":1060,"Snake Skull":407,"Incense Burner":535,"Juzu Bracelet":879,"Empty Cage":106,"ClockworkSouvenir":872,"Emotion Chip":0,"Nunchaku":305,"Dream Catcher":734,"Mummified Hand":758,"Gambling Chip":316,"Pantograph":947,"Tiny Chest":258,"Red Mask":244,"Cracked Core":0,"Odd Mushroom":1155,"Orichalcum":1306,"White Beast Statue":214,"Mercury Hourglass":884,"Cauldron":758,"Anchor":297,"CaptainsWheel":758,"Bag of Marbles":310,"Membership Card":496,"FossilizedHelix":543,"TungstenRod":753}],"Ring of the Snake":[0]},"card_choices":[{"not_picked":["Catalyst","Dagger Throw","Reflex"],"picked":"Blade Dance","floor":1.0},{"not_picked":["Terror","PiercingWail","Acrobatics"],"picked":"Escape Plan","floor":6.0},{"not_picked":["Terror","Masterful Stab","Slice"],"picked":"Riddle With Holes","floor":8.0},{"not_picked":["Underhanded Strike","Envenom","Acrobatics"],"picked":"Leg Sweep","floor":10.0},{"not_picked":["Slice","Dagger Spray","Outmaneuver"],"picked":"Cloak And Dagger","floor":11.0},{"not_picked":["Flechettes","Cloak And Dagger","Predator"],"picked":"Escape Plan","floor":13.0},{"not_picked":["Escape Plan","Concentrate","Flechettes"],"picked":"Blade Dance","floor":14.0},{"not_picked":["Venomology","Night Terror","Adrenaline"],"picked":"After Image","floor":16.0},{"not_picked":["Deflect","Sucker Punch+1","All Out Attack"],"picked":"Blade Dance+1","floor":18.0},{"not_picked":["Backflip","Flying Knee","Glass Knife"],"picked":"Blade Dance","floor":20.0},{"not_picked":["Dodge and Roll","Underhanded Strike","Masterful Stab"],"picked":"Prepared","floor":24.0},{"not_picked":["Prepared","Sucker Punch+1","PiercingWail+1"],"picked":"Escape Plan","floor":28},{"not_picked":["Quick Slash","Sucker Punch","Deadly Poison"],"picked":"Venomology","floor":30},{"not_picked":["Dagger Throw","Caltrops","Eviscerate"],"picked":"Deflect","floor":31},{"not_picked":["After Image","Glass Knife","Burst"],"picked":"Corpse Explosion","floor":33},{"not_picked":["Acrobatics","PiercingWail","Concentrate","Poisoned Stab"],"picked":"SKIP","floor":35},{"not_picked":["Riddle With Holes+1","Dash+1","Endless Agony"],"picked":"Cloak And Dagger","floor":39},{"not_picked":["Flying Knee","Prepared","Catalyst+1"],"picked":"Blur","floor":41},{"not_picked":["Deadly Poison+1","Slice","Dagger Spray+1"],"picked":"Prepared","floor":44},{"not_picked":["Slice+1","Catalyst+1","Acrobatics+1"],"picked":"Burst","floor":45},{"not_picked":["Flying Knee","Tactician","Poisoned Stab+1"],"picked":"Blade Dance","floor":48},{"not_picked":["Expertise","Noxious Fumes","Bane"],"picked":"Calculated Gamble","floor":54}],"player_experience":3747110,"relics_obtained":[{"floor":4.0,"key":"Oddly Smooth Stone"},{"floor":9.0,"key":"Ancient Tea Set"},{"floor":11.0,"key":"CaptainsWheel"},{"floor":26.0,"key":"Potion Belt"},{"floor":30,"key":"Darkstone Periapt"},{"floor":38,"key":"Mercury Hourglass"},{"floor":41,"key":"Regal Pillow"},{"floor":43,"key":"Pen Nib"},{"floor":45,"key":"Ice Cream"},{"floor":54,"key":"Whetstone"}],"event_choices":[{"damage_healed":0.0,"max_hp_gain":0.0,"max_hp_loss":0.0,"gold_gain":0.0,"event_name":"betterThird:BetterGoop","player_choice":"Slimed","floor":2.0,"gold_loss":42.0,"damage_taken":11.0},{"damage_healed":0.0,"max_hp_gain":0.0,"max_hp_loss":0.0,"gold_gain":1.0,"event_name":"betterThird:BetterScrap","player_choice":"LEAVE","floor":3.0,"gold_loss":0.0,"damage_taken":0.0,"cards_obtained":["Burning Pact"]},{"damage_healed":0.0,"max_hp_gain":0.0,"max_hp_loss":0.0,"gold_gain":100.0,"event_name":"The Joust","player_choice":"Bet on Murderer","floor":21.0,"gold_loss":50.0,"damage_taken":0.0},{"cards_removed":["Strike_G"],"damage_healed":0.0,"max_hp_gain":0.0,"max_hp_loss":0.0,"gold_gain":0.0,"event_name":"betterNote:BetterNote","player_choice":"Give","floor":22.0,"gold_loss":0.0,"damage_taken":0.0,"cards_obtained":["Strike_R"]},{"damage_healed":0.0,"max_hp_gain":0.0,"max_hp_loss":0.0,"gold_gain":0.0,"event_name":"Beggar","player_choice":"Ignored","floor":25.0,"gold_loss":0.0,"damage_taken":0.0},{"damage_healed":0,"gold_gain":0,"player_choice":"Upgraded Two","damage_taken":0,"max_hp_gain":0,"max_hp_loss":0,"event_name":"Designer","floor":36,"gold_loss":40,"cards_upgraded":["Riddle With Holes","Escape Plan"]}],"is_beta":false,"boss_relics":[{"not_picked":["Black Star","Cursed Key"],"picked":"WristBlade"},{"not_picked":["Coffee Dripper","Sozu"],"picked":"Pandora\u0027s Box"}],"items_purged_floors":[27,37,37],"is_endless":false,"potions_floor_spawned":[1,6,13,18,30,33,39,41,44],"ascension_level":0}}