{"host":"vyjryxuuuxkt43k4","time":1613053694,"event":{"mods":["AchievementEnabler","BaseMod","Colored Map","DeckTracker","Keyboard Shortcuts","Minty Spire (QoL Compilation)","Permanent Neow","Quick Restart","StSLib","SuperFastMode","everything is the same but u backflip on backflip"],"gold_per_floor":[367,180,194,212,177,177,217,267,340,340,340,340],"floor_reached":11,"language":"KOR","playtime":277,"items_purged":["Strike_B"],"score":142,"play_id":"a9f5c285-66f2-4574-9835-15c46dfa0759","local_time":"20210211232814","is_ascension_mode":true,"campfire_choices":[{"data":"Sunder","floor":6,"key":"SMITH"},{"floor":10,"key":"REST"}],"circlet_count":0,"master_deck":["AscendersBane","Strike_B","Strike_B","Strike_B","Defend_B","Defend_B","Defend_B","Defend_B","Zap","Dualcast","Clumsy","Barrage","Coolheaded","Sunder+1","Gash","Glacier","Genetic Algorithm"],"relics":["Cracked Core","CeramicFish","Nunchaku","Bottled Lightning"],"acts_visited":["Exordium"],"potions_floor_usage":[7],"damage_taken":[{"damage":15,"enemies":"2 Louse","floor":1,"turns":2},{"damage":5,"enemies":"Jaw Worm","floor":3,"turns":4},{"damage":15,"enemies":"Small Slimes","floor":4,"turns":3},{"damage":38,"enemies":"Gremlin Nob","floor":7,"turns":4},{"damage":29,"enemies":"3 Sentries","floor":11,"turns":2}],"seed_played":"8518948642768905308","potions_obtained":[{"floor":4,"key":"Weak Potion"}],"is_trial":false,"path_per_floor":["M","$","M","M","?","R","E","T","T","R","E"],"character_chosen":"DEFECT","items_purchased":["Coolheaded","Sunder"],"campfire_rested":1,"item_purchase_floors":[2,2],"current_hp_per_floor":[49,49,44,29,46,46,8,8,8,29,0,0],"gold":340,"neow_bonus":"TWO_FIFTY_GOLD","is_daily":false,"chose_seed":false,"campfire_upgraded":1,"win_rate":0.0,"timestamp":1613053694,"path_taken":["M","$","M","M","?","R","E","?","T","R","E"],"items_purchased_type":["Card","Card"],"build_version":"2020-12-22","purchased_purges":1,"victory":false,"max_hp_per_floor":[71,71,71,71,71,71,71,71,71,71,71,71],"card_choices":[{"not_picked":["Turbo","Force Field"],"picked":"Barrage","floor":1},{"not_picked":["Tempest","Rip and Tear"],"picked":"Gash","floor":3},{"not_picked":["Leap","Redo"],"picked":"Glacier","floor":4},{"not_picked":["Loop","Leap"],"picked":"Genetic Algorithm","floor":7}],"player_experience":949384,"relics_obtained":[{"floor":7,"key":"CeramicFish"},{"floor":8,"key":"Nunchaku"},{"floor":9,"key":"Bottled Lightning"}],"event_choices":[{"damage_healed":17,"gold_gain":0,"player_choice":"Healed","damage_taken":0,"max_hp_gain":0,"max_hp_loss":0,"event_name":"The Cleric","floor":5,"gold_loss":35}],"is_beta":false,"boss_relics":[],"items_purged_floors":[2],"is_endless":false,"potions_floor_spawned":[4],"killed_by":"3 Sentries","ascension_level":20}}