{"host":"a5lz0e76zb3fcwkm","time":1613026983,"event":{"mods":["AchievementEnabler","BaseMod","Colored Map","Colored Powertips","Minty Spire (QoL Compilation)","StSLib","SuperFastMode"],"gold_per_floor":[111,32,48,48,48,78,88,104,104,29,41,68,68,68],"floor_reached":13,"language":"KOR","playtime":207,"items_purged":["Strike_G"],"score":220,"play_id":"4494bc89-eef3-4b58-b778-0a7ee1875035","local_time":"20210211160303","is_ascension_mode":true,"campfire_choices":[],"circlet_count":0,"master_deck":["AscendersBane","Strike_G","Strike_G","Defend_G","Defend_G","Defend_G","Defend_G","Defend_G","Survivor","Neutralize","Bouncing Flask","Catalyst","Crippling Poison","Tactician"],"relics":["Ring of the Snake","NeowsBlessing","Bag of Preparation","Odd Mushroom"],"acts_visited":["Exordium"],"potions_floor_usage":[13],"damage_taken":[{"damage":0.0,"enemies":"2 Louse","floor":1.0,"turns":1.0},{"damage":0.0,"enemies":"Small Slimes","floor":3.0,"turns":1.0},{"damage":0.0,"enemies":"Gremlin Nob","floor":6.0,"turns":1.0},{"damage":0.0,"enemies":"Jaw Worm","floor":7.0,"turns":3.0},{"damage":5.0,"enemies":"Exordium Wildlife","floor":8.0,"turns":3.0},{"damage":4.0,"enemies":"Lots of Slimes","floor":11.0,"turns":3.0},{"damage":16.0,"enemies":"The Mushroom Lair","floor":12.0,"turns":4.0},{"damage":31,"enemies":"3 Sentries","floor":13,"turns":6}],"seed_played":"282646732652820716","potions_obtained":[{"floor":3.0,"key":"Block Potion"},{"floor":6.0,"key":"Swift Potion"},{"floor":11.0,"key":"ColorlessPotion"}],"is_trial":false,"path_per_floor":["M","$","M","?","?","E","M","M","T","$","M","?","E"],"character_chosen":"THE_SILENT","items_purchased":["Bouncing Flask"],"campfire_rested":0,"item_purchase_floors":[2],"current_hp_per_floor":[59,59,59,52,52,52,52,47,47,47,43,27,0,0],"gold":68,"neow_bonus":"THREE_ENEMY_KILL","is_daily":false,"chose_seed":false,"campfire_upgraded":0,"win_rate":0.0,"timestamp":1613026983,"path_taken":["M","$","M","?","?","E","M","M","T","?","?","?","E"],"items_purchased_type":["Card"],"build_version":"2020-12-22","purchased_purges":1,"victory":false,"max_hp_per_floor":[66,66,66,66,66,66,66,66,66,66,66,66,66,66],"card_choices":[{"not_picked":["Outmaneuver","Dodge and Roll","Sucker Punch"],"picked":"SKIP","floor":1.0},{"not_picked":["Acrobatics","Predator"],"picked":"Catalyst","floor":3.0},{"not_picked":["Flying Knee","Dagger Throw"],"picked":"Crippling Poison","floor":6.0},{"not_picked":["Bouncing Flask","Reflex"],"picked":"Tactician","floor":7.0},{"not_picked":["Deflect","Dash","Terror"],"picked":"SKIP","floor":8.0},{"not_picked":["Sucker Punch","Masterful Stab","Dagger Spray"],"picked":"SKIP","floor":11.0}],"player_experience":1860017,"relics_obtained":[{"floor":6.0,"key":"Bag of Preparation"},{"floor":12.0,"key":"Odd Mushroom"}],"event_choices":[{"cards_removed":["Strike_G"],"damage_healed":0.0,"max_hp_gain":0.0,"max_hp_loss":0.0,"gold_gain":0.0,"event_name":"Golden Wing","player_choice":"Card Removal","floor":4.0,"gold_loss":0.0,"damage_taken":7.0},{"cards_removed":["Strike_G"],"damage_healed":0.0,"max_hp_gain":0.0,"max_hp_loss":0.0,"gold_gain":0.0,"event_name":"Living Wall","player_choice":"Forget","floor":5.0,"gold_loss":0.0,"damage_taken":0.0},{"damage_healed":0.0,"max_hp_gain":0.0,"max_hp_loss":0.0,"gold_gain":0.0,"event_name":"Mushrooms","player_choice":"Fought Mushrooms","floor":12.0,"gold_loss":0.0,"damage_taken":0.0}],"is_beta":false,"boss_relics":[],"items_purged_floors":[10],"is_endless":false,"potions_floor_spawned":[3,6,8,11],"killed_by":"3 Sentries","ascension_level":20}}