{"host":"yqw1zpryoutrnocq","time":1613068526,"event":{"mods":["2.2 Compatiblity","AchievementEnabler","BaseMod","Colored Map","Custom Start","DeckTracker","Minty Spire (QoL Compilation)","StSLib","SuperFastMode"],"gold_per_floor":[109,109,74,74,249,292,306,306,306,342,342,373,373,373,373,373,373],"floor_reached":16,"language":"KOR","playtime":271,"items_purged":[],"score":209,"play_id":"86900179-3b96-40f0-aa6b-f4c3738596c7","local_time":"20210211123526","is_ascension_mode":true,"campfire_choices":[{"data":"Unload","floor":8,"key":"SMITH"},{"floor":11,"key":"REST"},{"data":"Cloak And Dagger","floor":13,"key":"SMITH"},{"data":"Neutralize","floor":15,"key":"SMITH"}],"circlet_count":0,"master_deck":["AscendersBane","Strike_G","Strike_G","Strike_G","Strike_G","Strike_G","Defend_G","Defend_G","Defend_G","Defend_G","Defend_G","Survivor","Neutralize+1","Underhanded Strike","Accuracy","Doubt","Masterful Stab","Unload+1","Endless Agony","Cloak And Dagger+1"],"relics":["Ring of the Snake","NeowsBlessing","Golden Idol","Boot","Strawberry","Dead Branch","Toy Ornithopter","Pantograph","Vajra"],"acts_visited":["Exordium"],"potions_floor_usage":[10,12],"damage_taken":[{"damage":0,"enemies":"2 Louse","floor":1,"turns":1},{"damage":0,"enemies":"Lagavulin","floor":6,"turns":1},{"damage":0,"enemies":"Small Slimes","floor":7,"turns":1},{"damage":52,"enemies":"3 Sentries","floor":10,"turns":8},{"damage":16,"enemies":"Gremlin Nob","floor":12,"turns":3},{"damage":48,"enemies":"Slime Boss","floor":16,"turns":6}],"seed_played":"6709346936378388059","potions_obtained":[{"floor":6,"key":"Regen Potion"},{"floor":10,"key":"CunningPotion"}],"is_trial":false,"path_per_floor":["M","?","$","?","?","E","M","R","T","E","R","E","R","T","R","B"],"character_chosen":"THE_SILENT","items_purchased":["Accuracy"],"campfire_rested":1,"item_purchase_floors":[3],"current_hp_per_floor":[63,46,46,34,34,41,41,41,41,4,27,16,16,16,16,0,0],"gold":373,"neow_bonus":"THREE_ENEMY_KILL","is_daily":false,"chose_seed":false,"campfire_upgraded":3,"win_rate":0.0,"timestamp":1613068526,"path_taken":["M","?","$","?","?","E","?","R","T","E","R","E","R","?","R","BOSS"],"items_purchased_type":["Card"],"build_version":"2020-12-22","purchased_purges":0,"victory":false,"max_hp_per_floor":[70,70,70,70,70,77,77,77,77,77,77,77,77,77,77,77,77],"card_choices":[{"not_picked":["Deadly Poison","PiercingWail"],"picked":"Underhanded Strike","floor":1},{"not_picked":["Endless Agony","Poisoned Stab"],"picked":"Masterful Stab","floor":6},{"not_picked":["Outmaneuver","Flying Knee"],"picked":"Unload","floor":7},{"not_picked":["Heel Hook","Deadly Poison"],"picked":"Endless Agony","floor":10},{"not_picked":["Slice","Bane"],"picked":"Cloak And Dagger","floor":12}],"player_experience":330140,"relics_obtained":[{"floor":6,"key":"Strawberry"},{"floor":9,"key":"Dead Branch"},{"floor":10,"key":"Toy Ornithopter"},{"floor":12,"key":"Pantograph"},{"floor":14,"key":"Vajra"}],"event_choices":[{"damage_healed":0,"gold_gain":0,"player_choice":"Take Damage","damage_taken":17,"relics_obtained":["Golden Idol"],"max_hp_gain":0,"max_hp_loss":0,"event_name":"Golden Idol","floor":2,"gold_loss":0},{"damage_healed":0,"gold_gain":0,"player_choice":"Success","damage_taken":12,"relics_obtained":["Boot"],"max_hp_gain":0,"max_hp_loss":0,"event_name":"Scrap Ooze","floor":4,"gold_loss":0},{"damage_healed":0,"gold_gain":175,"player_choice":"AGREE","damage_taken":0,"max_hp_gain":0,"max_hp_loss":0,"event_name":"Liars Game","floor":5,"gold_loss":0,"cards_obtained":["Doubt"]}],"is_beta":false,"boss_relics":[],"items_purged_floors":[],"is_endless":false,"potions_floor_spawned":[6,10],"killed_by":"Slime Boss","ascension_level":10}}