{"host":"d02vqrhhew441p6s","time":1613060696,"event":{"mods":["BaseMod","Downfall","Halation","Hubris","Infinite Spire","Minty Spire (QoL Compilation)","StSLib","The Animator","The Death Knight","The Necromancer"],"gold_per_floor":[99,2,2,14,114,114,114,114],"floor_reached":6,"language":"ENG","playtime":523,"items_purged":[],"score":32,"play_id":"3916f841-4732-4485-a240-103bcb8a5989","local_time":"20210211172456","is_ascension_mode":false,"campfire_choices":[{"data":"hexamod:Float","floor":1,"key":"SMITH"}],"circlet_count":0,"master_deck":["hexamod:Strike","hexamod:Strike","hexamod:Strike","hexamod:Strike","hexamod:Defend","hexamod:Defend","hexamod:Defend","hexamod:Defend","hexamod:Sear+1","hexamod:Float+1","hexamod:FirstSeal","hexamod:EmpoweredFlame","hexamod:RainOfEmbers","hexamod:FourthSeal"],"relics":["hexamod:SpiritBrand","downfall:CloakOfManyFaces","CultistMask","FaceOfCleric","NlothsMask","GremlinMask","SsserpentHead"],"acts_visited":["Exordium"],"potions_floor_usage":[],"damage_taken":[{"damage":0,"enemies":"downfall:FleeingMerchant","floor":2,"turns":4},{"damage":7,"enemies":"Small Slimes","floor":4,"turns":4},{"damage":14,"enemies":"downfall:FaceTrader","floor":5,"turns":8},{"damage":64,"enemies":"3 Sentries","floor":6,"turns":10}],"seed_played":"-4828023784819603461","potions_obtained":[{"floor":4,"key":"sneckomod:MuddlingPotion"},{"floor":5,"key":"Guardian:BlockOnCardUsePotion"}],"is_trial":false,"path_per_floor":["R","$","?","M","?","E"],"character_chosen":"THE_SPIRIT","items_purchased":["hexamod:EmpoweredFlame"],"campfire_rested":0,"item_purchase_floors":[2],"current_hp_per_floor":[77,77,77,77,63,0,0,0],"gold":114,"neow_bonus":"TEN_PERCENT_HP_BONUS","is_daily":false,"chose_seed":false,"campfire_upgraded":1,"win_rate":0.0,"timestamp":1613060696,"path_taken":["R","$","?","?","?","E"],"items_purchased_type":["Card"],"build_version":"2020-12-22","purchased_purges":0,"victory":false,"max_hp_per_floor":[77,77,77,77,77,77,77,77],"card_choices":[{"not_picked":["hexamod:DynamicBlow","hexamod:Rewind"],"picked":"hexamod:FirstSeal","floor":2},{"not_picked":["hexamod:Haunt","hexamod:GhostLash"],"picked":"hexamod:RainOfEmbers","floor":4},{"not_picked":["hexamod:ThermalTransfer","hexamod:BacktrackSmack"],"picked":"hexamod:FourthSeal","floor":5}],"player_experience":543717,"relics_obtained":[{"floor":5,"key":"downfall:CloakOfManyFaces"}],"event_choices":[{"damage_healed":0,"gold_gain":0,"player_choice":"Forge","damage_taken":0,"max_hp_gain":0,"max_hp_loss":0,"event_name":"Accursed Blacksmith","floor":3,"gold_loss":0,"cards_upgraded":["hexamod:Sear"]}],"is_beta":false,"boss_relics":[],"items_purged_floors":[],"is_endless":false,"potions_floor_spawned":[4,5],"killed_by":"3 Sentries","ascension_level":0}}