{"host":"k7udt7atmcuzf6l0","time":1613006815,"event":{"mods":["AchievementEnabler","BaseMod","BetterRewards","Colored Map","Colored Powertips","Highlight Path","Minty Spire (QoL Compilation)","Quick Restart","Rare Cards Sparkle","Relic Stats","StSLib","UnlockEverythingMod"],"gold_per_floor":[116,116,127,127,127,127,39,39,39,39,39,39,59,74,74,171,171,171,141,71,71,71,71,71,71,71,71,71,71,71,71,71,71,71,71,71,71,71,71,71,71,71,71,71,71,11,11,11,11,11],"floor_reached":51,"language":"ZHS","playtime":1846,"items_purged":["Strike_R+1"],"score":723,"play_id":"d50f59f1-7507-4f8c-95e6-46ba0f1d6c0e","local_time":"20210211092655","is_ascension_mode":false,"campfire_choices":[{"data":"Pummel","floor":6.0,"key":"SMITH"},{"data":"Body Slam","floor":8.0,"key":"SMITH"},{"data":"Dual Wield","floor":12.0,"key":"SMITH"},{"data":"Shockwave","floor":15.0,"key":"SMITH"},{"data":"Limit Break","floor":23.0,"key":"SMITH"},{"data":"Flex","floor":28.0,"key":"SMITH"},{"floor":32.0,"key":"REST"},{"data":"Armaments","floor":40.0,"key":"SMITH"},{"data":"Double Tap","floor":42.0,"key":"SMITH"},{"data":"Madness","floor":47.0,"key":"SMITH"},{"floor":49,"key":"REST"}],"circlet_count":0,"master_deck":["Strike_R+1","Strike_R+1","Strike_R+1","Strike_R+1","Defend_R+1","Defend_R+1","Defend_R+1","Defend_R+1","Bash+1","Pummel+1","Flex+1","Dual Wield+1","Body Slam+1","Shockwave+1","Seeing Red","Limit Break+1","Cleave+1","Combust","Anger+1","Flex+1","Pommel Strike+1","Rage+1","Intimidate+1","Headbutt","Armaments+1","Dark Embrace+1","Double Tap+1","Hemokinesis+1","Madness+1","Havoc+1","Battle Trance+1","Reaper","Twin Strike+1","Body Slam+1"],"relics":["Burning Blood","Oddly Smooth Stone","Blue Candle","Kunai","InkBottle","Ectoplasm","Lizard Tail","Whetstone","Peace Pipe","The Courier","Philosopher\u0027s Stone","Old Coin","Omamori","Blood Vial"],"acts_visited":["Exordium","TheCity","TheBeyond"],"potions_floor_usage":[],"damage_taken":[{"damage":9.0,"enemies":"Jaw Worm","floor":1.0,"turns":4.0},{"damage":6.0,"enemies":"2 Louse","floor":3.0,"turns":2.0},{"damage":0.0,"enemies":"Small Slimes","floor":13.0,"turns":2.0},{"damage":5.0,"enemies":"Looter","floor":14.0,"turns":3.0},{"damage":37.0,"enemies":"The Guardian","floor":16.0,"turns":12.0},{"damage":9.0,"enemies":"3 Byrds","floor":18.0,"turns":6.0},{"damage":13.0,"enemies":"2 Thieves","floor":19.0,"turns":2.0},{"damage":25.0,"enemies":"Cultist and Chosen","floor":21.0,"turns":5.0},{"damage":17.0,"enemies":"Slavers","floor":24.0,"turns":3.0},{"damage":8.0,"enemies":"Centurion and Healer","floor":25.0,"turns":4.0},{"damage":22.0,"enemies":"Snake Plant","floor":27.0,"turns":3.0},{"damage":7.0,"enemies":"Book of Stabbing","floor":29.0,"turns":4.0},{"damage":24.0,"enemies":"Gremlin Leader","floor":31.0,"turns":6.0},{"damage":24.0,"enemies":"Collector","floor":33.0,"turns":5.0},{"damage":20.0,"enemies":"3 Darklings","floor":35.0,"turns":3.0},{"damage":10.0,"enemies":"3 Shapes","floor":37.0,"turns":3.0},{"damage":15.0,"enemies":"Mind Bloom Boss Battle","floor":39.0,"turns":4.0},{"damage":50.0,"enemies":"Reptomancer","floor":41.0,"turns":4.0},{"damage":2.0,"enemies":"Transient","floor":44.0,"turns":5.0},{"damage":7.0,"enemies":"4 Shapes","floor":45.0,"turns":4.0},{"damage":26,"enemies":"Spire Growth","floor":48,"turns":4},{"damage":93,"enemies":"Awakened One","floor":50,"turns":7}],"seed_played":"1437968167410348936","potions_obtained":[{"floor":1.0,"key":"SpeedPotion"},{"floor":3.0,"key":"EntropicBrew"},{"floor":19.0,"key":"ColorlessPotion"},{"floor":21.0,"key":"FairyPotion"},{"floor":24.0,"key":"LiquidMemories"},{"floor":31.0,"key":"BlessingOfTheForge"},{"floor":33.0,"key":"SkillPotion"},{"floor":39.0,"key":"Regen Potion"},{"floor":41.0,"key":"DistilledChaos"},{"floor":44.0,"key":"FairyPotion"}],"is_trial":false,"path_per_floor":["M","?","M","?","?","R","$","R","T","T","T","R","M","M","R","B",null,"M","M","$","M","?","R","E","M","T","M","R","E","?","E","R","B",null,"M","?","M","?","?","R","E","R","T","M","M","$","R","M","R","B",null],"character_chosen":"IRONCLAD","items_purchased":["Dual Wield","Body Slam","Anger","Flex"],"campfire_rested":2,"item_purchase_floors":[7,7,20,20],"current_hp_per_floor":[77,77,77,61,61,61,61,61,61,61,61,61,67,68,68,37,80,77,70,70,51,51,51,40,38,38,22,22,37,37,19,43,25,80,66,56,52,52,43,43,11,11,11,29,30,30,30,16,40,33],"gold":11,"neow_bonus":"RANDOM_COMMON_RELIC","is_daily":false,"chose_seed":false,"campfire_upgraded":9,"win_rate":0.0,"timestamp":1613006815,"path_taken":["M","?","M","?","?","R","$","R","T","?","?","R","M","M","R","BOSS","M","M","$","M","?","R","E","M","T","M","R","E","?","E","R","BOSS","M","?","M","?","?","R","E","R","T","M","M","$","R","M","R","BOSS"],"items_purchased_type":["Card","Card","Card","Card"],"build_version":"2020-12-22","purchased_purges":1,"victory":true,"max_hp_per_floor":[80,80,80,80,80,80,80,80,80,80,80,80,80,80,80,80,80,80,80,80,80,80,80,80,80,80,80,80,80,80,80,80,80,80,80,80,80,80,80,80,80,80,80,80,80,80,80,80,80,80],"relic_stats":{"Peace Pipe":0,"Blood Vial":8,"Lizard Tail":0,"counters":[22,95],"Blue Candle":[0],"Ectoplasm":792,"Kunai":[51],"Whetstone":["Anger","Bash"],"obtain_stats":[{"Blue Candle":9,"Oddly Smooth Stone":0,"The Courier":31,"Omamori":41,"Whetstone":26,"Burning Blood":0,"Old Coin":39,"Peace Pipe":29,"Blood Vial":43,"Lizard Tail":24,"Philosopher\u0027s Stone":34,"Ectoplasm":17,"Kunai":10,"InkBottle":11},{"Blue Candle":2,"Oddly Smooth Stone":0,"The Courier":13,"Omamori":18,"Whetstone":10,"Burning Blood":0,"Old Coin":17,"Peace Pipe":12,"Blood Vial":18,"Lizard Tail":9,"Philosopher\u0027s Stone":14,"Ectoplasm":5,"Kunai":2,"InkBottle":2},{"Blue Candle":6,"Oddly Smooth Stone":0,"The Courier":56,"Omamori":75,"Whetstone":43,"Burning Blood":0,"Old Coin":71,"Peace Pipe":50,"Blood Vial":75,"Lizard Tail":39,"Philosopher\u0027s Stone":61,"Ectoplasm":23,"Kunai":6,"InkBottle":6}],"Burning Blood":132,"InkBottle":[41]},"card_choices":[{"not_picked":["Twin Strike","Reckless Charge"],"picked":"Pummel","floor":1.0},{"not_picked":["Body Slam","Cleave"],"picked":"Flex","floor":3.0},{"not_picked":["Dropkick","Warcry"],"picked":"Shockwave","floor":13.0},{"not_picked":["Pommel Strike","True Grit"],"picked":"Seeing Red","floor":14.0},{"not_picked":["Juggernaut","Corruption"],"picked":"Limit Break","floor":16.0},{"not_picked":["True Grit","Body Slam"],"picked":"Cleave+1","floor":18.0},{"not_picked":["Burning Pact","Dark Embrace"],"picked":"Combust","floor":19.0},{"not_picked":["Blood for Blood","Headbutt"],"picked":"Pommel Strike+1","floor":21.0},{"not_picked":["Power Through","Clothesline"],"picked":"Rage+1","floor":24.0},{"not_picked":["Heavy Blade","Thunderclap"],"picked":"Intimidate+1","floor":25.0},{"not_picked":["Shrug It Off+1","Clothesline"],"picked":"Headbutt","floor":27.0},{"not_picked":["Demon Form","Disarm"],"picked":"Armaments","floor":29.0},{"not_picked":["Clothesline+1","Sever Soul"],"picked":"Dark Embrace+1","floor":31.0},{"not_picked":["Exhume","Barricade"],"picked":"Double Tap","floor":33.0},{"not_picked":["Headbutt","Pommel Strike"],"picked":"Hemokinesis+1","floor":35.0},{"not_picked":["Uppercut+1","Twin Strike+1"],"picked":"Havoc+1","floor":37.0},{"not_picked":["Shrug It Off+1","Havoc"],"picked":"Battle Trance+1","floor":39.0},{"not_picked":["Pommel Strike+1","Heavy Blade"],"picked":"Reaper","floor":41.0},{"not_picked":["Wild Strike+1","Second Wind","Headbutt"],"picked":"SKIP","floor":44.0},{"not_picked":["Disarm+1","Heavy Blade"],"picked":"Twin Strike+1","floor":45.0},{"not_picked":["Hemokinesis","Battle Trance+1"],"picked":"Body Slam+1","floor":48}],"player_experience":90584,"relics_obtained":[{"floor":9.0,"key":"Blue Candle"},{"floor":10.0,"key":"Kunai"},{"floor":11.0,"key":"InkBottle"},{"floor":24.0,"key":"Lizard Tail"},{"floor":26.0,"key":"Whetstone"},{"floor":29.0,"key":"Peace Pipe"},{"floor":31.0,"key":"The Courier"},{"floor":39.0,"key":"Old Coin"},{"floor":41.0,"key":"Omamori"},{"floor":43.0,"key":"Blood Vial"}],"event_choices":[{"damage_healed":0.0,"max_hp_gain":0.0,"max_hp_loss":0.0,"gold_gain":0.0,"event_name":"The Cleric","player_choice":"Leave","floor":2.0,"gold_loss":0.0,"damage_taken":0.0},{"damage_healed":0.0,"max_hp_gain":0.0,"max_hp_loss":0.0,"gold_gain":0.0,"event_name":"Shining Light","player_choice":"Entered Light","floor":4.0,"gold_loss":0.0,"damage_taken":16.0,"cards_upgraded":["Defend_R","Strike_R"]},{"damage_healed":0.0,"max_hp_gain":0.0,"max_hp_loss":0.0,"gold_gain":0.0,"event_name":"Living Wall","player_choice":"Grow","floor":5.0,"gold_loss":0.0,"damage_taken":0.0,"cards_upgraded":["Flex"]},{"damage_healed":0.0,"max_hp_gain":0.0,"max_hp_loss":0.0,"gold_gain":0.0,"event_name":"Back to Basics","player_choice":"Simplicity","floor":22.0,"gold_loss":0.0,"damage_taken":0.0,"cards_upgraded":["Strike_R","Strike_R","Strike_R","Strike_R","Defend_R","Defend_R","Defend_R"]},{"damage_healed":0.0,"max_hp_gain":0.0,"max_hp_loss":0.0,"gold_gain":0.0,"event_name":"Vampires","player_choice":"Ignored","floor":30.0,"gold_loss":0.0,"damage_taken":0.0},{"damage_healed":0.0,"max_hp_gain":0.0,"max_hp_loss":0.0,"gold_gain":0.0,"event_name":"Winding Halls","player_choice":"Embrace Madness","floor":36.0,"gold_loss":0.0,"damage_taken":10.0,"cards_obtained":["Madness","Madness"]},{"cards_removed":["Madness"],"damage_healed":0.0,"max_hp_gain":0.0,"max_hp_loss":0.0,"gold_gain":0.0,"event_name":"Falling","player_choice":"Removed Skill","floor":38.0,"gold_loss":0.0,"damage_taken":0.0},{"damage_healed":0.0,"max_hp_gain":0.0,"max_hp_loss":0.0,"gold_gain":0.0,"event_name":"MindBloom","player_choice":"Fight","floor":39.0,"gold_loss":0.0,"damage_taken":0.0}],"is_beta":false,"boss_relics":[{"not_picked":["Mark of Pain","SacredBark"],"picked":"Ectoplasm"},{"not_picked":["Sozu","Velvet Choker"],"picked":"Philosopher\u0027s Stone"}],"items_purged_floors":[46],"is_endless":false,"potions_floor_spawned":[1,3,19,21,24,31,33,39,41,44],"ascension_level":0}}