{"host":"h5wult4bedbgdxyl","time":1613049425,"event":{"mods":["AchievementEnabler","BaseMod","Colored Map","Minty Spire (QoL Compilation)","Quick Restart"],"gold_per_floor":[14,32,32,49,49,49,83,94,94,94,94,94,18,50,50,153,153,170,43,55,154,167,167,167,167],"floor_reached":24,"language":"ZHS","playtime":1658,"items_purged":["Defend_R"],"score":224,"play_id":"490a306f-7ea4-418c-9a1a-81dd10318bab","local_time":"20210211211705","is_ascension_mode":true,"campfire_choices":[{"floor":6.0,"key":"REST"},{"data":"Magnetism","floor":11.0,"key":"SMITH"},{"floor":15.0,"key":"REST"},{"data":"Shrug It Off","floor":23.0,"key":"SMITH"}],"circlet_count":0,"master_deck":["Strike_R","Strike_R","Strike_R+1","Strike_R","Defend_R","Defend_R","Defend_R+1","Bash","Magnetism+1","Pommel Strike+1","Reckless Charge","Intimidate","Clash","Clash","Fire Breathing","Shrug It Off+1","Exhume","Shrug It Off+1","Sword Boomerang","Rupture","Pommel Strike"],"relics":["Burning Blood","Meat on the Bone","Gremlin Horn","Darkstone Periapt","Question Card","Coffee Dripper"],"acts_visited":["TheCity"],"potions_floor_usage":[24,24,24,24],"damage_taken":[{"damage":13.0,"enemies":"Jaw Worm","floor":1.0,"turns":5.0},{"damage":1.0,"enemies":"Cultist","floor":2.0,"turns":3.0},{"damage":16.0,"enemies":"2 Louse","floor":4.0,"turns":2.0},{"damage":34.0,"enemies":"3 Sentries","floor":7.0,"turns":10.0},{"damage":17.0,"enemies":"Lots of Slimes","floor":8.0,"turns":6.0},{"damage":13.0,"enemies":"Lagavulin","floor":14.0,"turns":4.0},{"damage":45.0,"enemies":"The Guardian","floor":16.0,"turns":9.0},{"damage":33.0,"enemies":"Shell Parasite","floor":18.0,"turns":7.0},{"damage":6.0,"enemies":"3 Byrds","floor":20.0,"turns":5.0},{"damage":21.0,"enemies":"Snake Plant","floor":22.0,"turns":5.0},{"damage":54,"enemies":"Gremlin Leader","floor":24,"turns":3}],"seed_played":"-5870986242384391457","potions_obtained":[{"floor":1.0,"key":"Fire Potion"},{"floor":4.0,"key":"Ancient Potion"},{"floor":7.0,"key":"Energy Potion"},{"floor":16.0,"key":"SkillPotion"},{"floor":20.0,"key":"EntropicBrew"}],"is_trial":false,"path_per_floor":["M","M","?","M","?","R","E","M","T","?","R","?","$","E","R","B",null,"M","$","M","?","M","R","E"],"character_chosen":"IRONCLAD","items_purchased":["Fire Breathing","Sword Boomerang"],"campfire_rested":2,"item_purchase_floors":[13,19],"current_hp_per_floor":[73,78,78,68,52,76,48,49,49,42,42,42,42,47,71,44,80,53,53,53,53,50,50,0,0],"gold":167,"neow_bonus":"RANDOM_COLORLESS_2","is_daily":false,"chose_seed":false,"campfire_upgraded":2,"win_rate":0.0,"timestamp":1613049425,"path_taken":["M","M","?","?","?","R","E","M","T","?","R","?","$","E","R","BOSS","M","$","?","?","M","R","E"],"items_purchased_type":["Card","Card"],"build_version":"2020-12-22","purchased_purges":1,"victory":false,"max_hp_per_floor":[80,80,80,80,80,80,80,80,80,80,80,80,80,80,80,80,80,80,80,80,80,80,80,80,80],"card_choices":[{"not_picked":["Thinking Ahead","Panache"],"picked":"Magnetism","floor":0.0},{"not_picked":["Havoc","Sword Boomerang"],"picked":"Pommel Strike","floor":1.0},{"not_picked":["Metallicize","Pommel Strike"],"picked":"Reckless Charge","floor":2.0},{"not_picked":["Twin Strike","Heavy Blade"],"picked":"Intimidate","floor":4.0},{"not_picked":["Blood for Blood","Havoc"],"picked":"Clash","floor":7.0},{"not_picked":["Body Slam","Blood for Blood"],"picked":"Clash","floor":8.0},{"not_picked":["Bloodletting","Disarm"],"picked":"Shrug It Off","floor":14.0},{"not_picked":["Reaper","Berserk","Brutality"],"picked":"Exhume","floor":16.0},{"not_picked":["True Grit","Heavy Blade+1","Hemokinesis"],"picked":"Shrug It Off+1","floor":18.0},{"not_picked":["Body Slam+1","Perfected Strike","Thunderclap"],"picked":"Rupture","floor":20.0},{"not_picked":["Feed","Anger","Armaments"],"picked":"Pommel Strike","floor":22.0}],"player_experience":64123,"relics_obtained":[{"floor":7.0,"key":"Meat on the Bone"},{"floor":9.0,"key":"Gremlin Horn"},{"floor":14.0,"key":"Question Card"}],"event_choices":[{"cards_removed":["Strike_R"],"damage_healed":0.0,"max_hp_gain":0.0,"max_hp_loss":0.0,"gold_gain":0.0,"event_name":"Bonfire Elementals","player_choice":"Offered Basic","floor":3.0,"gold_loss":0.0,"damage_taken":0.0},{"damage_healed":0.0,"max_hp_gain":0.0,"max_hp_loss":0.0,"gold_gain":0.0,"event_name":"Shining Light","player_choice":"Entered Light","floor":5.0,"gold_loss":0.0,"damage_taken":16.0,"cards_upgraded":["Strike_R","Defend_R"]},{"damage_healed":0.0,"max_hp_gain":0.0,"max_hp_loss":0.0,"gold_gain":0.0,"event_name":"Scrap Ooze","player_choice":"Success","floor":10.0,"gold_loss":0.0,"damage_taken":7.0,"relics_obtained":["Darkstone Periapt"]},{"damage_healed":0.0,"max_hp_gain":0.0,"max_hp_loss":0.0,"gold_gain":0.0,"event_name":"Accursed Blacksmith","player_choice":"Forge","floor":12.0,"gold_loss":0.0,"damage_taken":0.0,"cards_upgraded":["Pommel Strike"]},{"damage_healed":0.0,"max_hp_gain":0.0,"max_hp_loss":0.0,"gold_gain":99.0,"event_name":"Nest","player_choice":"Stole From Cult","floor":21.0,"gold_loss":0.0,"damage_taken":0.0}],"is_beta":false,"boss_relics":[{"not_picked":["Mark of Pain","SacredBark"],"picked":"Coffee Dripper"}],"items_purged_floors":[19],"is_endless":false,"potions_floor_spawned":[1,4,7,16,20],"killed_by":"Gremlin Leader","ascension_level":2}}