{"host":"qxeepl7ydvsgmfdb","time":1613049567,"event":{"mods":["AchievementEnabler","BaseMod","Colored Powertips","Minty Spire (QoL Compilation)","Quick Restart","slay the spire mod where everything is the same but ironclad has a cowboy hat"],"gold_per_floor":[117,292,242,242,242,267,267,282,282,300,330,348,348,366,366,442,442,461,461,421,441,441,441,441,441],"floor_reached":24,"language":"ENG","playtime":738,"items_purged":[],"score":389,"play_id":"ea20f4bb-e769-472d-aff8-279780804b4d","local_time":"20210211081927","is_ascension_mode":true,"campfire_choices":[{"data":"Neutralize","floor":7,"key":"SMITH"},{"data":"Noxious Fumes","floor":13,"key":"SMITH"},{"data":"Deadly Poison","floor":15,"key":"SMITH"},{"floor":23,"key":"REST"}],"circlet_count":0,"master_deck":["AscendersBane","Strike_G","Strike_G","Strike_G","Strike_G","Strike_G","Defend_G","Defend_G","Defend_G","Defend_G","Defend_G+1","Survivor+1","Neutralize+1","Poisoned Stab+1","Deadly Poison+1","Poisoned Stab","Noxious Fumes+1","Poisoned Stab","After Image","CurseOfTheBell","Slice"],"relics":["Ring of the Snake","NeowsBlessing","War Paint","Nunchaku","Meat on the Bone","HornCleat","Calling Bell","Toy Ornithopter","Blue Candle","Tingsha","Nilry\u0027s Codex","Pantograph"],"acts_visited":["Exordium","TheCity"],"potions_floor_usage":[16,21,21,24],"damage_taken":[{"damage":0,"enemies":"Cultist","floor":1,"turns":1},{"damage":0,"enemies":"Lagavulin","floor":6,"turns":1},{"damage":0,"enemies":"Small Slimes","floor":8,"turns":1},{"damage":3,"enemies":"2 Louse","floor":10,"turns":2},{"damage":20,"enemies":"Gremlin Nob","floor":11,"turns":4},{"damage":14,"enemies":"Large Slime","floor":12,"turns":7},{"damage":12,"enemies":"Exordium Wildlife","floor":14,"turns":4},{"damage":48,"enemies":"Slime Boss","floor":16,"turns":10},{"damage":14,"enemies":"Chosen","floor":18,"turns":5},{"damage":1,"enemies":"3 Byrds","floor":21,"turns":4},{"damage":59,"enemies":"Slavers","floor":24,"turns":7}],"seed_played":"1912692736177418933","potions_obtained":[{"floor":8,"key":"Regen Potion"},{"floor":10,"key":"Ancient Potion"},{"floor":16,"key":"Fire Potion"},{"floor":18,"key":"Energy Potion"},{"floor":21,"key":"GhostInAJar"}],"is_trial":false,"path_per_floor":["M","?","?","?","?","E","R","M","T","M","E","M","R","M","R","B",null,"M","?","?","M","T","R","E"],"character_chosen":"THE_SILENT","items_purchased":[],"campfire_rested":1,"item_purchase_floors":[],"current_hp_per_floor":[59,59,59,56,56,56,56,56,56,53,45,43,43,43,43,22,55,41,25,25,34,34,53,0,0],"gold":441,"neow_bonus":"THREE_ENEMY_KILL","is_daily":false,"chose_seed":false,"campfire_upgraded":3,"win_rate":0.0,"timestamp":1613049567,"path_taken":["M","?","?","?","?","E","R","M","T","M","E","M","R","M","R","BOSS","M","?","?","?","?","R","E"],"items_purchased_type":[],"build_version":"2020-12-22","purchased_purges":0,"victory":false,"max_hp_per_floor":[66,66,66,66,66,66,66,66,66,66,66,66,66,66,66,66,66,66,66,66,66,66,66,66,66],"card_choices":[{"not_picked":["Sucker Punch","Deflect"],"picked":"Poisoned Stab","floor":1},{"not_picked":["Dodge and Roll","Dagger Throw","Bouncing Flask"],"picked":"SKIP","floor":6},{"not_picked":["Escape Plan","Eviscerate"],"picked":"Deadly Poison","floor":8},{"not_picked":["Setup","Dodge and Roll","Quick Slash"],"picked":"SKIP","floor":10},{"not_picked":["Blur","Outmaneuver"],"picked":"Poisoned Stab","floor":11},{"not_picked":["Underhanded Strike","Finisher"],"picked":"Noxious Fumes","floor":12},{"not_picked":["Dagger Throw","PiercingWail"],"picked":"Poisoned Stab","floor":14},{"not_picked":["Doppelganger","Night Terror"],"picked":"After Image","floor":16},{"not_picked":["Quick Slash","Masterful Stab","Dodge and Roll"],"picked":"SKIP","floor":18},{"not_picked":["Heel Hook","PiercingWail"],"picked":"Slice","floor":21}],"player_experience":148378,"relics_obtained":[{"floor":6,"key":"Nunchaku"},{"floor":9,"key":"Meat on the Bone"},{"floor":11,"key":"HornCleat"},{"floor":17,"key":"Toy Ornithopter"},{"floor":17,"key":"Blue Candle"},{"floor":17,"key":"Tingsha"},{"floor":19,"key":"Nilry\u0027s Codex"},{"floor":22,"key":"Pantograph"}],"event_choices":[{"damage_healed":0,"gold_gain":175,"player_choice":"AGREE","damage_taken":0,"max_hp_gain":0,"max_hp_loss":0,"event_name":"Liars Game","floor":2,"gold_loss":0,"cards_obtained":["Doubt"]},{"cards_removed":["Doubt"],"damage_healed":0,"gold_gain":0,"player_choice":"Card Removal","damage_taken":0,"max_hp_gain":0,"max_hp_loss":0,"event_name":"The Cleric","floor":3,"gold_loss":50},{"damage_healed":0,"gold_gain":0,"player_choice":"Success","damage_taken":3,"relics_obtained":["War Paint"],"max_hp_gain":0,"max_hp_loss":0,"event_name":"Scrap Ooze","floor":4,"gold_loss":0},{"damage_healed":0,"gold_gain":0,"player_choice":"Grow","damage_taken":0,"max_hp_gain":0,"max_hp_loss":0,"event_name":"Living Wall","floor":5,"gold_loss":0,"cards_upgraded":["Poisoned Stab"]},{"damage_healed":0,"gold_gain":0,"player_choice":"Obtained Book","damage_taken":16,"max_hp_gain":0,"max_hp_loss":0,"event_name":"Cursed Tome","floor":19,"gold_loss":0},{"damage_healed":0,"gold_gain":0,"player_choice":"Bought 3 Potions","damage_taken":0,"max_hp_gain":0,"max_hp_loss":0,"event_name":"The Woman in Blue","floor":20,"gold_loss":0}],"is_beta":false,"boss_relics":[{"not_picked":["Ring of the Serpent","Sozu"],"picked":"Calling Bell"}],"items_purged_floors":[],"is_endless":false,"potions_floor_spawned":[8,10,16,18,21],"killed_by":"Slavers","ascension_level":14}}