{"host":"vfg9szunmpjwj08o","time":1613078388,"event":{"mods":["Act Like it!","BaseMod","BetterRewards","Bossed Relics","Challenge The Spire","Colored Map","Colored Powertips","Dark Map","Highlight Path","Minty Spire (QoL Compilation)","Quick Restart","Relic Stats","StSLib","Waifu the Spire","everything is the same but u backflip on backflip"],"gold_per_floor":[117,127,142,157,332,362,46,65,136,136,152,152,152],"floor_reached":12,"language":"ENG","playtime":436,"items_purged":["Doubt"],"score":123,"play_id":"37d44fe4-1544-43f9-8e55-3cfd0504d32f","local_time":"20210211221948","is_ascension_mode":true,"campfire_choices":[],"circlet_count":0,"master_deck":["AscendersBane","Strike_P","Strike_P","Defend_P","Defend_P","Defend_P","Defend_P","Eruption","Vigilance","TalkToTheHand","Collect","Halt","CrushJoints","Wallop","TalkToTheHand","Apotheosis","MentalFortress","FlurryOfBlows","ConjureBlade+1"],"relics":["PureWater","Juzu Bracelet","Toxic Egg 2","Golden Idol"],"acts_visited":["Exordium"],"potions_floor_usage":[6],"damage_taken":[{"damage":0,"enemies":"Cultist","floor":1,"turns":4},{"damage":0,"enemies":"Small Slimes","floor":2,"turns":6},{"damage":3,"enemies":"Jaw Worm","floor":3,"turns":4},{"damage":8,"enemies":"3 Louse","floor":4,"turns":4},{"damage":4,"enemies":"Lagavulin","floor":6,"turns":7},{"damage":0,"enemies":"Blue Slaver","floor":8,"turns":3},{"damage":2,"enemies":"Large Slime","floor":11,"turns":4},{"damage":58,"enemies":"Gremlin Nob","floor":12,"turns":3}],"seed_played":"-3611318186794867324","potions_obtained":[{"floor":3,"key":"AttackPotion"},{"floor":4,"key":"DuplicationPotion"}],"is_trial":false,"path_per_floor":["M","M","M","M","?","E","$","M","T","?","M","E"],"character_chosen":"WATCHER","items_purchased":["Apotheosis","MentalFortress"],"campfire_rested":0,"item_purchase_floors":[7,7],"current_hp_per_floor":[65,65,62,54,54,50,50,50,50,34,32,0,0],"gold":152,"neow_bonus":"TRANSFORM_TWO_CARDS","is_daily":false,"chose_seed":false,"campfire_upgraded":0,"win_rate":0.0,"timestamp":1613078388,"path_taken":["M","?","M","M","?","E","$","M","T","?","M","E"],"items_purchased_type":["Card","Card"],"build_version":"2020-12-22","purchased_purges":1,"victory":false,"max_hp_per_floor":[65,65,65,65,65,65,65,65,65,65,65,65,65],"relic_stats":{"counters":[8,35],"Golden Idol":3,"Juzu Bracelet":0,"obtain_stats":[{"Golden Idol":10,"Juzu Bracelet":6,"PureWater":0,"Toxic Egg 2":9},{"Golden Idol":6,"Juzu Bracelet":5,"PureWater":0,"Toxic Egg 2":6},{"Golden Idol":28,"Juzu Bracelet":25,"PureWater":0,"Toxic Egg 2":28}]},"card_choices":[{"not_picked":["Fasting2","Evaluate"],"picked":"Halt","floor":1},{"not_picked":["Collect","Crescendo"],"picked":"CrushJoints","floor":2},{"not_picked":["Halt","BowlingBash","Crescendo"],"picked":"SKIP","floor":3},{"not_picked":["Weave","Crescendo"],"picked":"Wallop","floor":4},{"not_picked":["DeceiveReality","ForeignInfluence"],"picked":"TalkToTheHand","floor":6},{"not_picked":["ClearTheMind","BowlingBash"],"picked":"FlurryOfBlows","floor":8},{"not_picked":["PathToVictory+1","Conclude"],"picked":"ConjureBlade+1","floor":11}],"player_experience":1110127,"relics_obtained":[{"floor":6,"key":"Juzu Bracelet"},{"floor":9,"key":"Toxic Egg 2"}],"event_choices":[{"damage_healed":0,"gold_gain":175,"player_choice":"AGREE","damage_taken":0,"max_hp_gain":0,"max_hp_loss":0,"event_name":"Liars Game","floor":5,"gold_loss":0,"cards_obtained":["Doubt"]},{"damage_healed":0,"gold_gain":0,"player_choice":"Take Damage","damage_taken":16,"relics_obtained":["Golden Idol"],"max_hp_gain":0,"max_hp_loss":0,"event_name":"Golden Idol","floor":10,"gold_loss":0}],"is_beta":false,"boss_relics":[],"items_purged_floors":[7],"is_endless":false,"potions_floor_spawned":[3,4],"killed_by":"Gremlin Nob","ascension_level":10}}