{"host":"yhhyog5h1q67ienp","time":1613004306,"event":{"mods":["AchievementEnabler","BaseMod","Block Reminder","Colored Map","Colored Powertips","Minty Spire (QoL Compilation)","Quick Restart","Relic Stats","StSLib","ojb\u0027s Better Paths Mod","ojb\u0027s Info Mod"],"gold_per_floor":[112,112,132,153,153,196,196,211,235,385,385,428,30,30,30,121,121,146,165,165,3,363,397,409,459,496,539,551,551],"floor_reached":28,"language":"ENG","playtime":2483,"items_purged":["Doubt"],"score":589,"play_id":"07d42d7e-3cce-44f6-a3a9-f1bb2762cb8e","local_time":"20210210214506","is_ascension_mode":true,"campfire_choices":[{"data":"Bash","floor":7,"key":"SMITH"},{"data":"Demon Form","floor":11,"key":"SMITH"},{"data":"Evolve","floor":15,"key":"SMITH"},{"data":"Flame Barrier","floor":24,"key":"SMITH"}],"circlet_count":0,"master_deck":["AscendersBane","Strike_R","Strike_R","Defend_R","Defend_R","Defend_R","Defend_R","Bash+1","Evolve+1","Iron Wave","Evolve+1","Metallicize","Demon Form+1","Power Through","Disarm","Reaper","Spot Weakness","Flame Barrier+1","Brutality","Feed","Power Through","Sword Boomerang+1","Bludgeon"],"relics":["Burning Blood","Golden Idol","Pen Nib","MealTicket","Juzu Bracelet","HornCleat","Velvet Choker","MawBank","Pantograph","Nunchaku","Blood Vial"],"acts_visited":["Exordium","TheCity"],"potions_floor_usage":[6,6,19,23,28,28],"damage_taken":[{"damage":12,"enemies":"Small Slimes","floor":1,"turns":5},{"damage":1,"enemies":"2 Louse","floor":3,"turns":4},{"damage":6,"enemies":"Cultist","floor":4,"turns":3},{"damage":22,"enemies":"Gremlin Nob","floor":6,"turns":4},{"damage":5,"enemies":"Blue Slaver","floor":8,"turns":7},{"damage":34,"enemies":"3 Sentries","floor":12,"turns":7},{"damage":31,"enemies":"The Guardian","floor":16,"turns":10},{"damage":0,"enemies":"Chosen","floor":18,"turns":6},{"damage":21,"enemies":"Shell Parasite","floor":19,"turns":6},{"damage":31,"enemies":"Book of Stabbing","floor":23,"turns":8},{"damage":38,"enemies":"Gremlin Leader","floor":25,"turns":9},{"damage":28,"enemies":"Book of Stabbing","floor":27,"turns":8},{"damage":45,"enemies":"Masked Bandits","floor":28,"turns":5}],"seed_played":"7017090463576572911","potions_obtained":[{"floor":1,"key":"DuplicationPotion"},{"floor":3,"key":"Strength Potion"},{"floor":8,"key":"Explosive Potion"},{"floor":16,"key":"EssenceOfSteel"},{"floor":19,"key":"LiquidMemories"},{"floor":27,"key":"Swift Potion"}],"is_trial":false,"path_per_floor":["M","?","M","M","?","E","R","M","T","?","R","E","$","?","R","B",null,"M","M","?","$","?","E","R","E","T","E","?"],"character_chosen":"IRONCLAD","items_purchased":["HornCleat","Disarm","Feed","Power Through"],"campfire_rested":0,"item_purchase_floors":[13,13,21,21],"current_hp_per_floor":[69,69,74,74,74,58,58,59,59,59,59,31,46,46,46,21,61,74,74,74,74,38,41,41,29,29,25,0,0],"gold":551,"neow_bonus":"TEN_PERCENT_HP_BONUS","is_daily":false,"chose_seed":false,"campfire_upgraded":4,"win_rate":0.0,"timestamp":1613004306,"path_taken":["M","?","M","M","?","E","R","?","T","?","R","E","$","?","R","BOSS","M","M","?","$","?","E","R","E","T","E","?"],"items_purchased_type":["Relic","Card","Card","Card"],"build_version":"2020-12-22","purchased_purges":1,"victory":false,"max_hp_per_floor":[82,74,74,74,74,74,74,74,74,74,74,74,74,74,74,74,74,74,74,74,74,74,74,74,74,74,77,80,80],"relic_stats":{"Blood Vial":2,"Nunchaku":[1],"counters":[13,82],"Golden Idol":86,"Pantograph":0,"MealTicket":15,"Pen Nib":[8],"Juzu Bracelet":1,"MawBank":60,"obtain_stats":[{"Blood Vial":27,"Nunchaku":26,"HornCleat":13,"Golden Idol":2,"Pantograph":25,"Velvet Choker":17,"MealTicket":9,"Pen Nib":6,"Juzu Bracelet":12,"MawBank":23,"Burning Blood":0},{"Blood Vial":12,"Nunchaku":11,"HornCleat":6,"Golden Idol":1,"Pantograph":11,"Velvet Choker":7,"MealTicket":5,"Pen Nib":4,"Juzu Bracelet":6,"MawBank":10,"Burning Blood":0},{"Blood Vial":77,"Nunchaku":69,"HornCleat":30,"Golden Idol":5,"Pantograph":69,"Velvet Choker":40,"MealTicket":23,"Pen Nib":16,"Juzu Bracelet":30,"MawBank":60,"Burning Blood":0}],"Burning Blood":65},"card_choices":[{"not_picked":["Seeing Red","Flex"],"picked":"Evolve","floor":1},{"not_picked":["Havoc","Thunderclap"],"picked":"Iron Wave","floor":3},{"not_picked":["Dark Embrace","Dual Wield"],"picked":"Evolve","floor":4},{"not_picked":["Cleave","Heavy Blade"],"picked":"Metallicize","floor":6},{"not_picked":["Headbutt","Clash"],"picked":"Demon Form","floor":8},{"not_picked":["Sentinel","Second Wind"],"picked":"Power Through","floor":12},{"not_picked":["Berserk","Juggernaut"],"picked":"Reaper","floor":16},{"not_picked":["Infernal Blade","Uppercut"],"picked":"Spot Weakness","floor":18},{"not_picked":["Anger","Flex","Iron Wave"],"picked":"SKIP","floor":19},{"not_picked":["Cleave","Intimidate","Seeing Red"],"picked":"SKIP","floor":23},{"not_picked":["Wild Strike","Intimidate"],"picked":"Sword Boomerang+1","floor":25},{"not_picked":["Sentinel","Thunderclap"],"picked":"Bludgeon","floor":27}],"player_experience":1443215,"relics_obtained":[{"floor":6,"key":"Pen Nib"},{"floor":9,"key":"MealTicket"},{"floor":12,"key":"Juzu Bracelet"},{"floor":23,"key":"MawBank"},{"floor":25,"key":"Pantograph"},{"floor":26,"key":"Nunchaku"},{"floor":27,"key":"Blood Vial"}],"event_choices":[{"damage_healed":0,"gold_gain":0,"player_choice":"Lose Max HP","damage_taken":0,"relics_obtained":["Golden Idol"],"max_hp_gain":0,"max_hp_loss":8,"event_name":"Golden Idol","floor":2,"gold_loss":0},{"cards_removed":["Strike_R"],"damage_healed":0,"gold_gain":0,"player_choice":"Purged","damage_taken":0,"max_hp_gain":0,"max_hp_loss":0,"event_name":"Purifier","floor":5,"gold_loss":0},{"damage_healed":0,"gold_gain":150,"player_choice":"AGREE","damage_taken":0,"max_hp_gain":0,"max_hp_loss":0,"event_name":"Liars Game","floor":10,"gold_loss":0,"cards_obtained":["Doubt"]},{"damage_healed":0,"gold_gain":0,"player_choice":"Grow","damage_taken":0,"max_hp_gain":0,"max_hp_loss":0,"event_name":"Living Wall","floor":14,"gold_loss":0,"cards_upgraded":["Evolve"]},{"damage_healed":0,"gold_gain":0,"cards_transformed":["Strike_R","Strike_R"],"player_choice":"Became Test Subject","damage_taken":0,"max_hp_gain":0,"max_hp_loss":0,"event_name":"Drug Dealer","floor":20,"gold_loss":0,"cards_obtained":["Flame Barrier","Brutality"]},{"damage_healed":0,"gold_gain":360,"player_choice":"GOLD GOLD GOLD GOLD ","damage_taken":36,"max_hp_gain":0,"max_hp_loss":0,"event_name":"Knowing Skull","floor":22,"potions_obtained":[],"gold_loss":0,"cards_obtained":[]},{"damage_healed":0,"gold_gain":0,"player_choice":"Fought Bandits","damage_taken":0,"max_hp_gain":0,"max_hp_loss":0,"event_name":"Masked Bandits","floor":28,"gold_loss":0}],"is_beta":false,"boss_relics":[{"not_picked":["Tiny House","Ectoplasm"],"picked":"Velvet Choker"}],"items_purged_floors":[13],"is_endless":false,"potions_floor_spawned":[1,3,8,16,19,27],"killed_by":"Masked Bandits","ascension_level":20}}