{"host":"y0i0tbisecj7yjyn","time":1613031491,"event":{"mods":["AchievementEnabler","AlwaysNeverKeys","BaseMod","BetterRewards","Colored Map","Colored Powertips","Curses Come First","Disable Question Mark Monsters","Displayed Cursed Tome","Highlight Path","Keyboard Shortcuts","Minty Spire (QoL Compilation)","Quick Restart","Random Character Button","Rare Cards Sparkle","StSLib","SuperFastMode","Transform Curses","Weighted Paths"],"gold_per_floor":[117,117,292,292,307,341,24,53,53,64,64,84,3,14,14,113,113,130,55,55,55,73,106,106,132,205,205,225,32,32,32,32,129,129,141,154,204,204,204,204,171,200,200,31,31,31],"floor_reached":45,"language":"ENG","playtime":2645,"items_purged":["Doubt"],"score":659,"play_id":"c4e5a43e-5f78-423d-8992-28c3541a97f5","local_time":"20210211021811","is_ascension_mode":true,"campfire_choices":[{"floor":11,"key":"REST"},{"floor":15,"key":"REST"},{"floor":24,"key":"DIG"},{"floor":30,"key":"DIG"},{"floor":32,"key":"REST"},{"floor":40,"key":"REST"}],"circlet_count":0,"master_deck":["Strike_B","Strike_B","Strike_B","Defend_B","Defend_B","Defend_B","Defend_B","Zap+1","Dualcast","Consume","Go for the Eyes","Melter","Rip and Tear","Loop","White Noise","Electrodynamics","CurseOfTheBell","Redo+1","Static Discharge","Ball Lightning","Mayhem","Mayhem","Defragment","Beam Cell+1","Hello World+1","Madness+1","Capacitor","Storm+1"],"relics":["Cracked Core","Blue Candle","Spirit Poop","PreservedInsect","Mummified Hand","Thread and Needle","Kunai","Odd Mushroom","Calling Bell","Smiling Mask","Sundial","Shovel","Pear","Bag of Marbles","Singing Bowl","Molten Egg 2","Toxic Egg 2","Art of War","Black Star","CaptainsWheel","Centennial Puzzle","TungstenRod","Frozen Egg 2"],"acts_visited":["Exordium","TheCity","TheBeyond"],"potions_floor_usage":[12,28,28,42,44],"damage_taken":[{"damage":0,"enemies":"Cultist","floor":1,"turns":3},{"damage":1,"enemies":"2 Louse","floor":5,"turns":2},{"damage":41,"enemies":"Lagavulin","floor":6,"turns":7},{"damage":12,"enemies":"Gremlin Nob","floor":8,"turns":3},{"damage":0,"enemies":"Small Slimes","floor":10,"turns":2},{"damage":17,"enemies":"The Mushroom Lair","floor":12,"turns":3},{"damage":0,"enemies":"Exordium Wildlife","floor":14,"turns":3},{"damage":33,"enemies":"Slime Boss","floor":16,"turns":8},{"damage":8,"enemies":"Chosen","floor":18,"turns":3},{"damage":6,"enemies":"3 Byrds","floor":22,"turns":2},{"damage":20,"enemies":"Slavers","floor":23,"turns":3},{"damage":0,"enemies":"Gremlin Leader","floor":25,"turns":4},{"damage":16,"enemies":"Snake Plant","floor":28,"turns":3},{"damage":67,"enemies":"Automaton","floor":33,"turns":8},{"damage":8,"enemies":"3 Shapes","floor":35,"turns":6},{"damage":24,"enemies":"Orb Walker","floor":36,"turns":4},{"damage":20,"enemies":"Mind Bloom Boss Battle","floor":37,"turns":6},{"damage":40,"enemies":"Nemesis","floor":42,"turns":5},{"damage":33,"enemies":"Reptomancer","floor":45,"turns":2}],"seed_played":"2878579920192550228","potions_obtained":[{"floor":1,"key":"Swift Potion"},{"floor":8,"key":"LiquidBronze"},{"floor":12,"key":"Swift Potion"},{"floor":14,"key":"FearPotion"},{"floor":23,"key":"Regen Potion"},{"floor":25,"key":"SkillPotion"},{"floor":33,"key":"Dexterity Potion"},{"floor":36,"key":"BlessingOfTheForge"}],"is_trial":false,"path_per_floor":["M","?","?","?","M","E","$","E","T","M","R","?","$","M","R","B",null,"M","?","T","?","M","E","R","E","T","?","M","$","R","?","R","B",null,"M","M","?","?","$","R","$","E","T","$","E"],"character_chosen":"DEFECT","items_purchased":["Mummified Hand","Loop","Mayhem","Capacitor","Storm+1","Fruit Juice"],"campfire_rested":4,"item_purchase_floors":[7,13,29,41,44,44],"current_hp_per_floor":[75,75,75,75,74,33,33,21,21,21,43,26,26,26,48,15,75,67,67,77,77,71,51,51,53,53,53,44,44,44,44,70,5,91,83,59,39,39,39,66,66,28,28,33,0,0],"gold":31,"neow_bonus":"UPGRADE_CARD","is_daily":false,"chose_seed":false,"campfire_upgraded":0,"win_rate":0.0,"timestamp":1613031491,"path_taken":["M","?","?","?","M","E","$","E","T","?","R","?","?","?","R","BOSS","M","?","?","?","M","E","R","E","T","?","?","$","R","?","R","BOSS","M","?","?","?","?","R","?","E","T","$","E"],"items_purchased_type":["Relic","Card","Card","Card","Card","Potion"],"build_version":"2020-12-22","purchased_purges":1,"victory":false,"max_hp_per_floor":[75,75,75,75,75,75,75,75,75,75,75,75,75,75,75,75,75,75,75,85,85,85,85,85,87,87,87,89,89,89,89,89,91,91,91,91,91,91,91,91,91,93,93,98,98,98],"card_choices":[{"not_picked":["Storm","Redo"],"picked":"Consume","floor":1},{"not_picked":["Streamline","Force Field"],"picked":"Go for the Eyes","floor":5},{"not_picked":["Cold Snap","Leap"],"picked":"Melter","floor":6},{"not_picked":["Recycle","Turbo"],"picked":"Rip and Tear","floor":8},{"not_picked":["Streamline","Reprogram","Lockon"],"picked":"SKIP","floor":10},{"not_picked":["Go for the Eyes","Hologram"],"picked":"White Noise","floor":14},{"not_picked":["Rainbow","Fission"],"picked":"Electrodynamics","floor":16},{"not_picked":["Turbo","Self Repair"],"picked":"Redo+1","floor":18},{"not_picked":["Barrage+1","Melter","Fusion+1"],"picked":"SKIP","floor":22},{"not_picked":["Beam Cell","Tempest"],"picked":"Ball Lightning","floor":23},{"not_picked":["Self Repair+1","Aggregate+1","Steam"],"picked":"Singing Bowl","floor":25},{"not_picked":["Doom and Gloom+1","Hyperbeam+1","Hologram+1"],"picked":"Singing Bowl","floor":28},{"not_picked":["Hyperbeam+1","Fission+1","All For One+1"],"picked":"Singing Bowl","floor":33},{"not_picked":["Ball Lightning+1","Stack+1"],"picked":"Defragment","floor":35},{"not_picked":["Leap+1","Gash+1"],"picked":"Beam Cell+1","floor":36},{"not_picked":["Rainbow+1","Conserve Battery+1"],"picked":"Hello World+1","floor":37},{"not_picked":["Jack Of All Trades+1","Trip+1"],"picked":"Madness+1","floor":38},{"not_picked":["Loop+1","Reinforced Body+1","Leap+1"],"picked":"Singing Bowl","floor":42}],"player_experience":429134,"relics_obtained":[{"floor":6,"key":"PreservedInsect"},{"floor":8,"key":"Thread and Needle"},{"floor":9,"key":"Kunai"},{"floor":12,"key":"Odd Mushroom"},{"floor":17,"key":"Smiling Mask"},{"floor":17,"key":"Sundial"},{"floor":17,"key":"Shovel"},{"floor":20,"key":"Pear"},{"floor":23,"key":"Bag of Marbles"},{"floor":24,"key":"Singing Bowl"},{"floor":25,"key":"Molten Egg 2"},{"floor":26,"key":"Toxic Egg 2"},{"floor":30,"key":"Art of War"},{"floor":37,"key":"CaptainsWheel"},{"floor":42,"key":"Centennial Puzzle"},{"floor":42,"key":"TungstenRod"},{"floor":43,"key":"Frozen Egg 2"}],"event_choices":[{"damage_healed":0,"gold_gain":0,"player_choice":"Box","damage_taken":0,"relics_obtained":["Blue Candle"],"max_hp_gain":0,"max_hp_loss":0,"event_name":"Big Fish","floor":2,"gold_loss":0,"cards_obtained":["Regret"]},{"damage_healed":0,"gold_gain":175,"player_choice":"AGREE","damage_taken":0,"max_hp_gain":0,"max_hp_loss":0,"event_name":"Liars Game","floor":3,"gold_loss":0,"cards_obtained":["Doubt"]},{"cards_removed":["Regret"],"damage_healed":0,"gold_gain":0,"player_choice":"Offered Curse","damage_taken":0,"relics_obtained":["Spirit Poop"],"max_hp_gain":0,"max_hp_loss":0,"event_name":"Bonfire Elementals","floor":4,"gold_loss":0},{"damage_healed":0,"gold_gain":0,"player_choice":"Fought Mushrooms","damage_taken":0,"max_hp_gain":0,"max_hp_loss":0,"event_name":"Mushrooms","floor":12,"gold_loss":0},{"cards_removed":["Strike_B"],"damage_healed":0,"gold_gain":0,"player_choice":"Gave Gold","damage_taken":0,"max_hp_gain":0,"max_hp_loss":0,"event_name":"Beggar","floor":19,"gold_loss":75},{"damage_healed":0,"gold_gain":0,"player_choice":"Read","damage_taken":0,"max_hp_gain":0,"max_hp_loss":0,"event_name":"The Library","floor":21,"gold_loss":0,"cards_obtained":["Static Discharge"]},{"damage_healed":0,"gold_gain":0,"player_choice":"Ignored","damage_taken":0,"max_hp_gain":0,"max_hp_loss":0,"event_name":"Purifier","floor":27,"gold_loss":0},{"damage_healed":0,"gold_gain":0,"player_choice":"Copied","damage_taken":0,"max_hp_gain":0,"max_hp_loss":0,"event_name":"Duplicator","floor":31,"gold_loss":0,"cards_obtained":["Mayhem"]},{"damage_healed":0,"gold_gain":0,"player_choice":"Fight","damage_taken":0,"max_hp_gain":0,"max_hp_loss":0,"event_name":"MindBloom","floor":37,"gold_loss":0},{"damage_healed":0,"gold_gain":0,"player_choice":"Memory 1","damage_taken":0,"max_hp_gain":0,"max_hp_loss":0,"event_name":"SensoryStone","floor":38,"gold_loss":0}],"is_beta":false,"boss_relics":[{"not_picked":["Velvet Choker","Snecko Eye"],"picked":"Calling Bell"},{"not_picked":["SlaversCollar","Tiny House"],"picked":"Black Star"}],"items_purged_floors":[7],"is_endless":false,"potions_floor_spawned":[1,8,12,14,23,25,33,36,37],"killed_by":"Reptomancer","ascension_level":4}}