{"host":"fff5e1uasnm04x18","time":1613010286,"event":{"mods":["BaseMod","Highlight Path","Minty Spire (QoL Compilation)","StSLib"],"gold_per_floor":[114,114,114,132,31,59,59,92,104,116,157,169,192,219,231,344,356,386,398,424,436,60,60,80,80,80],"floor_reached":25,"language":"ENG","playtime":1889,"items_purged":["Defend_B"],"score":252,"play_id":"2d154dd4-9726-49e1-9cf4-edac49ccbcc5","local_time":"20210210212446","is_ascension_mode":true,"campfire_choices":[{"floor":7,"key":"REST"},{"floor":12,"key":"REST"},{"data":"Buffer","floor":15,"key":"SMITH"},{"floor":23,"key":"REST"}],"circlet_count":0,"master_deck":["Strike_B","Strike_B","Strike_B","Defend_B","Zap","Dualcast+1","Loop+1","Cold Snap","Buffer+1","Fusion+1","Machine Learning","CurseOfTheBell","White Noise+1","Machine Learning","Fusion+1","Shame","Apotheosis+1","Coolheaded+1","Core Surge"],"relics":["Cracked Core","Toxic Egg 2","MawBank","Happy Flower","InkBottle","Calling Bell","Dream Catcher","Blue Candle","WingedGreaves","Ornamental Fan","Blood Vial"],"acts_visited":["Exordium","TheCity"],"potions_floor_usage":[8,18,25,25],"damage_taken":[{"damage":2,"enemies":"Jaw Worm","floor":1,"turns":4},{"damage":0,"enemies":"Small Slimes","floor":4,"turns":2},{"damage":28,"enemies":"Lagavulin","floor":6,"turns":5},{"damage":10,"enemies":"Gremlin Nob","floor":8,"turns":5},{"damage":12,"enemies":"Lagavulin","floor":11,"turns":6},{"damage":0,"enemies":"2 Louse","floor":13,"turns":2},{"damage":0,"enemies":"Exordium Thugs","floor":14,"turns":4},{"damage":53,"enemies":"The Guardian","floor":16,"turns":11},{"damage":25,"enemies":"2 Thieves","floor":18,"turns":4},{"damage":20,"enemies":"Shell Parasite","floor":20,"turns":5},{"damage":50,"enemies":"3 Cultists","floor":24,"turns":6},{"damage":17,"enemies":"Gremlin Leader","floor":25,"turns":6}],"seed_played":"-717299799881775514","potions_obtained":[{"floor":4,"key":"Block Potion"},{"floor":11,"key":"Swift Potion"},{"floor":16,"key":"PotionOfCapacity"},{"floor":20,"key":"FocusPotion"},{"floor":24,"key":"PotionOfCapacity"}],"is_trial":false,"path_per_floor":["M","?","?","M","$","E","R","E","T","?","E","R","M","M","R","B",null,"M","?","M","?","$","R","M","E"],"character_chosen":"DEFECT","items_purchased":["Cold Snap","Apotheosis+1","Coolheaded+1","Blood Vial"],"campfire_rested":3,"item_purchase_floors":[5,22,22,22],"current_hp_per_floor":[80,64,64,64,64,36,60,50,50,50,38,62,62,62,62,9,82,57,57,37,37,37,61,13,0,0],"gold":80,"neow_bonus":"TEN_PERCENT_HP_BONUS","is_daily":false,"chose_seed":false,"campfire_upgraded":1,"win_rate":0.0,"timestamp":1613010286,"path_taken":["M","?","?","M","$","E","R","E","T","?","E","R","M","?","R","BOSS","M","?","?","?","?","R","M","E"],"items_purchased_type":["Card","Card","Card","Relic"],"build_version":"2020-12-22","purchased_purges":1,"victory":false,"max_hp_per_floor":[82,82,82,82,82,82,82,82,82,82,82,82,82,82,82,82,82,82,82,82,82,82,82,82,82,82],"card_choices":[{"not_picked":["Leap","Tempest"],"picked":"Loop","floor":1},{"not_picked":["Streamline","Redo","Ball Lightning"],"picked":"SKIP","floor":4},{"not_picked":["Melter","Fission+1"],"picked":"Buffer","floor":6},{"not_picked":["Rebound","Sweeping Beam","Electrodynamics"],"picked":"SKIP","floor":8},{"not_picked":["Hello World","Reprogram+1","Compile Driver"],"picked":"SKIP","floor":11},{"not_picked":["Rebound","Ball Lightning","Static Discharge"],"picked":"SKIP","floor":13},{"not_picked":["Rebound","Chaos+1"],"picked":"Fusion+1","floor":14},{"not_picked":["Buffer","Hyperbeam"],"picked":"Machine Learning","floor":16},{"not_picked":["Beam Cell","Streamline"],"picked":"White Noise+1","floor":18},{"not_picked":["Stack+1","Hello World"],"picked":"Fusion+1","floor":20},{"not_picked":["Conserve Battery+1","Rebound"],"picked":"Core Surge","floor":23},{"not_picked":["Stack+1","Conserve Battery+1","Hologram+1"],"picked":"SKIP","floor":24}],"player_experience":573899,"relics_obtained":[{"floor":6,"key":"Toxic Egg 2"},{"floor":8,"key":"MawBank"},{"floor":9,"key":"Happy Flower"},{"floor":11,"key":"InkBottle"},{"floor":17,"key":"Dream Catcher"},{"floor":17,"key":"Blue Candle"},{"floor":17,"key":"WingedGreaves"}],"event_choices":[{"damage_healed":0,"gold_gain":0,"player_choice":"Entered Light","damage_taken":16,"max_hp_gain":0,"max_hp_loss":0,"event_name":"Shining Light","floor":2,"gold_loss":0,"cards_upgraded":["Dualcast","Loop"]},{"cards_removed":["Defend_B"],"damage_healed":0,"gold_gain":0,"player_choice":"Forget","damage_taken":0,"max_hp_gain":0,"max_hp_loss":0,"event_name":"Living Wall","floor":3,"gold_loss":0},{"cards_removed":["Defend_B"],"damage_healed":0,"gold_gain":0,"player_choice":"Purged","damage_taken":0,"max_hp_gain":0,"max_hp_loss":0,"event_name":"Purifier","floor":10,"gold_loss":0},{"damage_healed":0,"gold_gain":0,"cards_transformed":["Strike_B"],"player_choice":"Transformed","damage_taken":0,"max_hp_gain":0,"max_hp_loss":0,"event_name":"Transmorgrifier","floor":19,"gold_loss":0,"cards_obtained":["Machine Learning"]},{"damage_healed":0,"gold_gain":0,"player_choice":"Stole Relic","damage_taken":0,"relics_obtained":["Ornamental Fan"],"max_hp_gain":0,"max_hp_loss":0,"event_name":"Addict","floor":21,"gold_loss":0,"cards_obtained":["Shame"]}],"is_beta":false,"boss_relics":[{"not_picked":["Snecko Eye","Tiny House"],"picked":"Calling Bell"}],"items_purged_floors":[5],"is_endless":false,"potions_floor_spawned":[4,11,16,20,24],"killed_by":"Gremlin Leader","ascension_level":3}}