{"host":"d61fcf2p3sjwe6yo","time":1613036944,"event":{"mods":["Act Like it!","BaseMod","Colored Map","Hallownest","Minty Spire (QoL Compilation)","StSLib","SuperFastMode","The Bug Knight"],"gold_per_floor":[118,118,118,130,145,145,175,25,49,77,96,96,96,127,127,204,204,221,221,221,238,293,328,347,373,373,0,35,35,35],"floor_reached":29,"language":"ENG","playtime":2078,"items_purged":["HollowMod:NailStrikeStart"],"score":512,"play_id":"43208e0c-0f32-461d-9045-d189a2198c3a","local_time":"20210211124904","is_ascension_mode":true,"campfire_choices":[{"data":"HollowMod:DashSlash","floor":6,"key":"SMITH"},{"data":"HollowMod:DesolateDive","floor":12,"key":"SMITH"},{"data":"HollowMod:DashSlash","floor":15,"key":"SMITH"}],"circlet_count":0,"master_deck":["AscendersBane","HollowMod:NailStrikeStart","HollowMod:NailStrikeStart","HollowMod:NailStrikeStart","HollowMod:QuickDashStart","HollowMod:QuickDashStart","HollowMod:QuickDashStart","HollowMod:QuickDashStart","HollowMod:FocusHealStart","HollowMod:PogoStrike","HollowMod:WhiteLadysBlessing","HollowMod:DashSlash+1","HollowMod:HuntersJournal","HollowMod:SoulSplash","HollowMod:Hiveblood","HollowMod:DesolateDive+1","HollowMod:DashSlash+1","HollowMod:HornetsHelp","HollowMod:CornifersMapStart","HollowMod:QuirrelsAssistance+1","HollowMod:MawleksShell","HollowMod:HuntersJournal","HollowMod:LifebloodCocoon"],"relics":["HollowMod:VesselMask","Hallownest:DreamNailRelic","HollowMod:PaleOreRelic","HollowMod:StagPassRelic","PreservedInsect","Juzu Bracelet","Regal Pillow","Philosopher\u0027s Stone","Smiling Mask","Orichalcum","Torii","Toolbox","Centennial Puzzle","Boot"],"acts_visited":["Hallownest:Greenpath","Hallownest:CityofTears"],"potions_floor_usage":[18,23,24,25],"damage_taken":[{"damage":4,"enemies":"Hallownest:monsterHuskWarrior","floor":1,"turns":5},{"damage":3,"enemies":"Hallownest:monsterHuskGuard","floor":4,"turns":4},{"damage":14,"enemies":"Hallownest:2_Tiktiks_and_1_Crawlid","floor":5,"turns":7},{"damage":8,"enemies":"Hallownest:eliteMossKnight","floor":7,"turns":7},{"damage":19,"enemies":"Hallownest:eliteCrystalGuardian","floor":10,"turns":5},{"damage":28,"enemies":"Hallownest:MossCreep_and_Mosskin","floor":11,"turns":5},{"damage":20,"enemies":"Hallownest:eliteMossKnight","floor":14,"turns":7},{"damage":31,"enemies":"Hallownest:BossBrokenVessel","floor":16,"turns":8},{"damage":30,"enemies":"Hallownest:Guard_and_Sentry","floor":18,"turns":5},{"damage":12,"enemies":"Hallownest:Flukemon_and_Top","floor":21,"turns":6},{"damage":46,"enemies":"Hallownest:Glutton_and_Coward","floor":22,"turns":5},{"damage":14,"enemies":"Hallownest:Nosk","floor":23,"turns":8},{"damage":27,"enemies":"Hallownest:2_Flukemon","floor":24,"turns":11},{"damage":32,"enemies":"Hallownest:eliteWatcherKnight","floor":25,"turns":12},{"damage":42,"enemies":"Hallownest:eliteSoulWarrior","floor":28,"turns":6},{"damage":0,"enemies":"Hallownest:Master_and_Novice","floor":29,"turns":2}],"seed_played":"-4260134067404510631","potions_obtained":[{"floor":4,"key":"SteroidPotion"},{"floor":5,"key":"Explosive Potion"},{"floor":11,"key":"Strength Potion"},{"floor":21,"key":"Swift Potion"},{"floor":24,"key":"Block Potion"}],"is_trial":false,"path_per_floor":["M","?","?","M","M","R","E","?","T","E","M","R","?","E","R","B",null,"M","?","?","M","M","E","M","E","T","$","E","M"],"character_chosen":"THE_BUGKNIGHT","items_purchased":["Toolbox","Centennial Puzzle"],"campfire_rested":0,"item_purchase_floors":[27,27],"current_hp_per_floor":[70,70,70,73,69,69,67,67,67,62,58,58,58,63,63,47,68,52,52,52,60,32,43,42,31,31,31,4,4,4],"gold":35,"neow_bonus":"ONE_RANDOM_RARE_CARD","is_daily":false,"chose_seed":false,"campfire_upgraded":3,"win_rate":0.0,"timestamp":1613036944,"path_taken":["M","?","?","M","?","R","E","?","T","E","M","R","?","E","R","BOSS","M","?","?","M","M","E","M","E","T","$","E","M"],"items_purchased_type":["Relic","Relic"],"build_version":"2020-12-22","purchased_purges":1,"victory":false,"max_hp_per_floor":[75,75,75,75,75,75,75,75,75,75,75,75,75,75,75,75,75,75,75,75,75,75,75,75,75,75,75,75,75,75],"card_choices":[{"not_picked":["HollowMod:HeavyBlow","HollowMod:PureNailStrike"],"picked":"HollowMod:DashSlash","floor":1},{"not_picked":["HollowMod:LuriensSpire","HollowMod:BaldurShell"],"picked":"HollowMod:HuntersJournal","floor":4},{"not_picked":["HollowMod:HeavyBlow","HollowMod:CloakDash"],"picked":"HollowMod:SoulSplash","floor":5},{"not_picked":["HollowMod:GoodIntentions","HollowMod:TaintedHusks"],"picked":"HollowMod:Hiveblood","floor":7},{"not_picked":["HollowMod:SharpenedShadows","HollowMod:SiblingsSouls","HollowMod:SoulSplash"],"picked":"SKIP","floor":10},{"not_picked":["HollowMod:VengefulVoid","HollowMod:AbyssShriek"],"picked":"HollowMod:DesolateDive","floor":11},{"not_picked":["HollowMod:DescendingDark","HollowMod:ShadowDash"],"picked":"HollowMod:DashSlash","floor":14},{"not_picked":["HollowMod:ElderbugsWisdom","HollowMod:SlysStrikes"],"picked":"HollowMod:HornetsHelp","floor":16},{"not_picked":["HollowMod:SharpenedNail","HollowMod:Grubsong","HollowMod:TaintedHusks+1"],"picked":"SKIP","floor":18},{"not_picked":["HollowMod:InfectedAttack","HollowMod:InfectedCysts"],"picked":"HollowMod:CornifersMapStart","floor":20},{"not_picked":["HollowMod:FastStrike","HollowMod:FallenFury"],"picked":"HollowMod:QuirrelsAssistance+1","floor":20},{"not_picked":["HollowMod:DashSlash","HollowMod:SharpenedShadows"],"picked":"HollowMod:MawleksShell","floor":21},{"not_picked":["HollowMod:InfectedAttack","HollowMod:DescendingDark","HollowMod:CycloneSlash"],"picked":"SKIP","floor":22},{"not_picked":["HollowMod:SoulStrike","HollowMod:DescendingDark"],"picked":"HollowMod:HuntersJournal","floor":23},{"not_picked":["HollowMod:VengefulSpirit","HollowMod:MawleksShell","HollowMod:SoulStrike"],"picked":"SKIP","floor":24},{"not_picked":["HollowMod:LordofShades","HollowMod:InfectionAssault","HollowMod:DesolateDive"],"picked":"SKIP","floor":25},{"not_picked":["HollowMod:RadiancesLament","HollowMod:FallenFury"],"picked":"HollowMod:LifebloodCocoon","floor":28}],"player_experience":262215,"relics_obtained":[{"floor":7,"key":"HollowMod:PaleOreRelic"},{"floor":9,"key":"PreservedInsect"},{"floor":10,"key":"Juzu Bracelet"},{"floor":14,"key":"Regal Pillow"},{"floor":23,"key":"Smiling Mask"},{"floor":25,"key":"Orichalcum"},{"floor":26,"key":"Torii"},{"floor":28,"key":"Boot"}],"event_choices":[],"is_beta":false,"boss_relics":[{"not_picked":["Ectoplasm","Tiny House"],"picked":"Philosopher\u0027s Stone"}],"items_purged_floors":[27],"is_endless":false,"potions_floor_spawned":[4,5,10,11,21,22,24],"killed_by":"Hallownest:Master_and_Novice","ascension_level":20}}