{"host":"hpn0uxah5qjr7pa6","time":1613028582,"event":{"mods":["2.2 Compatiblity","Act Like it!","Aspiration","BaseMod","Better Third Choice","BetterRewards","Challenge The Spire","Colored Powertips","Conspire","DeckTracker","Downfall","Energized Spire","Hallownest","Hermit","Highlight Path","Hubris","Infinite Spire","Minty Spire (QoL Compilation)","Permanent Neow","Quick Restart","Rare Cards Sparkle","Replay The Spire","Spicy Shops","StSLib","The Bug Knight","The Jungle"],"gold_per_floor":[114,131,146,56,76,76,124,140,152,152,34,34,34,34,34,130,130,145,159,175,186,186,186,186],"floor_reached":22,"language":"ENG","playtime":774,"items_purged":[],"score":243,"play_id":"7aed0d95-4aba-4266-9b20-b7711975c3a9","local_time":"20210210232942","is_ascension_mode":true,"campfire_choices":[{"floor":6.0,"key":"REST"},{"floor":10.0,"key":"REST"},{"floor":15.0,"key":"REST"}],"circlet_count":0,"master_deck":["bronze:Strike","bronze:Strike","bronze:Strike","bronze:Strike","bronze:Defend","bronze:Defend","bronze:Defend","bronze:Defend","bronze:Replicate","bronze:Branch","bronze:OilSpill","bronze:OilSpill","bronze:Branch","bronze:BronzeOrb","bronze:Branch+1"],"relics":["bronze:BronzeCore","aspiration:TomeofQuesting","aspiration:FutureDiary"],"acts_visited":["Exordium","TheCity"],"potions_floor_usage":[16,16,19,20,20],"damage_taken":[{"damage":8.0,"enemies":"Jaw Worm","floor":1.0,"turns":4.0},{"damage":2.0,"enemies":"Small Slimes","floor":2.0,"turns":3.0},{"damage":5.0,"enemies":"2 Louse","floor":3.0,"turns":2.0},{"damage":0.0,"enemies":"downfall:FleeingMerchant","floor":4.0,"turns":4.0},{"damage":6.0,"enemies":"Exordium Wildlife","floor":5.0,"turns":2.0},{"damage":8.0,"enemies":"Blue Slaver","floor":8.0,"turns":3.0},{"damage":4.0,"enemies":"Large Slime","floor":9.0,"turns":6.0},{"damage":7.0,"enemies":"downfall:FleeingMerchant","floor":11.0,"turns":4.0},{"damage":20,"enemies":"IC_STATUS_ARCHETYPE","floor":16,"turns":5},{"damage":5,"enemies":"3 Byrds","floor":18,"turns":6},{"damage":28,"enemies":"Cultist and Chosen","floor":19,"turns":8},{"damage":21,"enemies":"Chosen and Byrds","floor":20,"turns":7},{"damage":5,"enemies":"Snecko","floor":21,"turns":5},{"damage":15,"enemies":"Shelled Parasite and Fungi","floor":22,"turns":4}],"seed_played":"6422629704383094603","potions_obtained":[{"floor":1.0,"key":"EntropicBrew"},{"floor":5.0,"key":"Block Potion"},{"floor":16,"key":"Dexterity Potion"},{"floor":18,"key":"Fire Potion"},{"floor":21,"key":"Ancient Potion"}],"is_trial":false,"path_per_floor":["M","M","M","$","M","R","T","M","M","R","$","?","?","?","R","B",null,"M","M","M","M","M"],"character_chosen":"THE_AUTOMATON","items_purchased":["bronze:OilSpill","bronze:Branch","bronze:BronzeOrb"],"campfire_rested":3,"item_purchase_floors":[4,4,11],"current_hp_per_floor":[55,53,48,48,42,63,63,55,51,70,63,63,68,68,75,55,70,65,37,16,11,0,0,0],"gold":186,"neow_bonus":"REMOVE_CARD","is_daily":false,"chose_seed":false,"campfire_upgraded":0,"win_rate":0.0,"timestamp":1613028582,"path_taken":["M","M","M","$","M","R","T","M","M","R","$","?","?","?","R","BOSS","M","M","M","M","M"],"items_purchased_type":["Card","Card","Card"],"build_version":"2020-12-22","purchased_purges":0,"victory":false,"max_hp_per_floor":[70,70,70,70,70,70,70,70,70,70,70,70,75,75,75,75,75,75,75,75,75,75,75,75],"card_choices":[{"not_picked":["bronze:DarkDash","bronze:DelayedGuard"],"picked":"bronze:Branch","floor":1.0},{"not_picked":["bronze:Repulsor","bronze:FollowUp","bronze:ItsAFeature"],"picked":"SKIP","floor":2.0},{"not_picked":["bronze:Turbo","bronze:Repair"],"picked":"bronze:OilSpill","floor":3.0},{"not_picked":["bronze:Deprecate","bronze:WildBeam","bronze:Shell"],"picked":"SKIP","floor":4.0},{"not_picked":["bronze:CloningBeam","bronze:Constructor","bronze:Shield"],"picked":"SKIP","floor":5.0},{"not_picked":["bronze:Philosophize","bronze:CutThrough","bronze:BuggyMess"],"picked":"SKIP","floor":8.0},{"not_picked":["bronze:Overheat","bronze:FollowUp","bronze:Repulsor"],"picked":"SKIP","floor":9.0},{"not_picked":["bronze:Frontload","bronze:ClassDefault","bronze:Separator"],"picked":"SKIP","floor":11.0},{"not_picked":["bronze:Constructor","bronze:DarkDash","bronze:FineTuning+1"],"picked":"SKIP","floor":18},{"not_picked":["bronze:ChildClass","bronze:DarkDash+1","bronze:BitShift"],"picked":"SKIP","floor":19},{"not_picked":["bronze:BugBarrage","bronze:FineTuning+1"],"picked":"bronze:Branch+1","floor":20},{"not_picked":["bronze:Return+1","bronze:BugBarrage","bronze:Overload"],"picked":"SKIP","floor":21}],"player_experience":223123,"relics_obtained":[{"floor":7.0,"key":"aspiration:TomeofQuesting"}],"event_choices":[{"damage_healed":0.0,"max_hp_gain":5.0,"max_hp_loss":0.0,"gold_gain":0.0,"event_name":"Big Fish","player_choice":"Donut","floor":13.0,"gold_loss":0.0,"damage_taken":0.0}],"is_beta":false,"boss_relics":[{"not_picked":["energizedSpire:HugeHouse","aspiration:RitualDagger"],"picked":"aspiration:FutureDiary"}],"items_purged_floors":[],"is_endless":false,"potions_floor_spawned":[1,5,9,16,18,21],"killed_by":"Shelled Parasite and Fungi","ascension_level":7}}