{"host":"a3wpq7kyokchzawk","time":1613083840,"event":{"mods":["BaseMod","Colored Map","Highlight Path","Minty Spire (QoL Compilation)","Permanent Neow","Potion Indicator Mod","Relic Stats","Weighted Paths"],"gold_per_floor":[110,110,120,134,145,145,173,173,223,251,251,263,283,29,29,106,106,120,120,20,34,34,65,65,65,65,92,92,92,126,136,136,212,212,222,6,18,18,18,53,53,78,149,174,8,19,19,48,48,48,48],"floor_reached":50,"language":"ENG","playtime":4458,"items_purged":["Strike_R","Decay","Strike_R+1"],"score":1213,"play_id":"448c9799-a24a-4234-9551-4d3db9ff51bb","local_time":"20210211205040","is_ascension_mode":true,"campfire_choices":[{"data":"Combust","floor":6.0,"key":"SMITH"},{"data":"Corruption","floor":8.0,"key":"SMITH"},{"data":"Demon Form","floor":11.0,"key":"SMITH"},{"floor":15.0,"key":"REST"},{"floor":25.0,"key":"REST"},{"floor":28.0,"key":"REST"},{"floor":32.0,"key":"REST"},{"floor":41.0,"key":"REST"},{"floor":47,"key":"REST"},{"data":"Armaments","floor":49,"key":"SMITH"}],"circlet_count":0,"master_deck":["AscendersBane","Strike_R+1","Strike_R+1","Strike_R+1","Defend_R+1","Defend_R+1","Defend_R+1","Defend_R+1","Bash+1","Combust+1","Twin Strike","Cleave","Anger","Corruption+1","Demon Form+1","Rage","Armaments+1","Offering","True Grit","Reaper","Intimidate","Sword Boomerang","Feel No Pain","Flame Barrier","Power Through","Seeing Red","Shockwave","True Grit+1","Clash+1","Impervious","Iron Wave","Dramatic Entrance","Warcry+1","Ghostly Armor","Ghostly Armor","Entrench+1","Juggernaut","Clash","Iron Wave+1"],"relics":["Burning Blood","Self Forming Clay","Oddly Smooth Stone","Dream Catcher","Runic Dome","Strawberry","Smiling Mask","Question Card","Nloth\u0027s Gift","Charon\u0027s Ashes","Sozu","Medical Kit","Nunchaku","Magic Flower","Meat on the Bone","TheAbacus","Molten Egg 2"],"acts_visited":["Exordium","TheCity","TheBeyond"],"potions_floor_usage":[],"damage_taken":[{"damage":12.0,"enemies":"Jaw Worm","floor":1.0,"turns":2.0},{"damage":1.0,"enemies":"Cultist","floor":3.0,"turns":3.0},{"damage":7.0,"enemies":"Small Slimes","floor":4.0,"turns":3.0},{"damage":19.0,"enemies":"Blue Slaver","floor":5.0,"turns":4.0},{"damage":9.0,"enemies":"Gremlin Nob","floor":7.0,"turns":3.0},{"damage":20.0,"enemies":"3 Sentries","floor":10.0,"turns":4.0},{"damage":34.0,"enemies":"Large Slime","floor":12.0,"turns":4.0},{"damage":15.0,"enemies":"Lots of Slimes","floor":13.0,"turns":3.0},{"damage":19.0,"enemies":"Slime Boss","floor":16.0,"turns":7.0},{"damage":22.0,"enemies":"3 Byrds","floor":18.0,"turns":5.0},{"damage":12.0,"enemies":"Chosen","floor":21.0,"turns":4.0},{"damage":25.0,"enemies":"Book of Stabbing","floor":23.0,"turns":5.0},{"damage":15.0,"enemies":"Gremlin Leader","floor":27.0,"turns":7.0},{"damage":45.0,"enemies":"Book of Stabbing","floor":30.0,"turns":6.0},{"damage":17.0,"enemies":"Snake Plant","floor":31.0,"turns":4.0},{"damage":27.0,"enemies":"Collector","floor":33.0,"turns":8.0},{"damage":2.0,"enemies":"3 Shapes","floor":35.0,"turns":7.0},{"damage":13.0,"enemies":"3 Darklings","floor":37.0,"turns":5.0},{"damage":40.0,"enemies":"Nemesis","floor":40.0,"turns":11.0},{"damage":24.0,"enemies":"Mind Bloom Boss Battle","floor":42.0,"turns":9.0},{"damage":53,"enemies":"Giant Head","floor":44,"turns":8},{"damage":35,"enemies":"Maw","floor":46,"turns":7},{"damage":43,"enemies":"Nemesis","floor":48,"turns":5},{"damage":72,"enemies":"Time Eater","floor":50,"turns":4}],"seed_played":"-3587818633703559238","potions_obtained":[{"floor":2.0,"key":"BloodPotion"},{"floor":2.0,"key":"ColorlessPotion"},{"floor":10.0,"key":"Ancient Potion"},{"floor":13.0,"key":"AttackPotion"},{"floor":18.0,"key":"EssenceOfSteel"},{"floor":21.0,"key":"DistilledChaos"},{"floor":27.0,"key":"GamblersBrew"},{"floor":30.0,"key":"EntropicBrew"},{"floor":33.0,"key":"SkillPotion"}],"is_trial":false,"path_per_floor":["M","?","M","M","M","R","E","R","T","E","R","M","M","$","R","B",null,"M","?","$","M","?","E","T","R","T","E","R","?","E","M","R","B",null,"M","$","M","$","?","E","R","?","T","E","$","M","R","E","R","B"],"character_chosen":"IRONCLAD","items_purchased":["Offering","Medical Kit","TheAbacus"],"campfire_rested":6,"item_purchase_floors":[14,36,45],"current_hp_per_floor":[62,62,67,66,53,53,50,50,50,36,36,23,14,14,36,23,62,54,54,54,48,48,36,36,60,60,51,75,75,36,32,56,68,79,82,82,75,75,75,41,65,66,66,82,82,56,80,64,64,0,0],"gold":48,"neow_bonus":"UPGRADE_CARD","is_daily":false,"chose_seed":false,"campfire_upgraded":4,"win_rate":0.0,"timestamp":1613083840,"path_taken":["M","?","M","M","M","R","E","R","T","E","R","M","M","$","R","BOSS","M","?","$","M","?","E","?","R","T","E","R","?","E","M","R","BOSS","M","?","M","$","?","E","R","?","T","E","$","M","R","E","R","BOSS"],"items_purchased_type":["Card","Relic","Relic"],"build_version":"2020-12-22","purchased_purges":3,"victory":false,"max_hp_per_floor":[75,75,75,75,75,75,75,75,75,75,75,75,75,75,75,75,75,75,75,75,75,75,82,82,82,82,82,82,82,82,82,82,82,82,82,82,82,82,82,82,82,82,82,82,82,82,82,82,82,82,82],"relic_stats":{"counters":[24,128],"Self Forming Clay":[300],"Magic Flower":[30],"Charon\u0027s Ashes":[429],"Smiling Mask":75,"Question Card":16,"Medical Kit":[16],"Burning Blood":134,"Sozu":4,"Dream Catcher":6,"Nunchaku":[5],"TheAbacus":[0],"Nloth\u0027s Gift":2,"obtain_stats":[{"Self Forming Clay":7,"Oddly Smooth Stone":9,"Magic Flower":42,"Charon\u0027s Ashes":30,"Smiling Mask":24,"Question Card":26,"Medical Kit":36,"Burning Blood":0,"Blood Vial":27,"Sozu":34,"Runic Dome":17,"Dream Catcher":10,"Nunchaku":40,"TheAbacus":45,"Strawberry":23,"Molten Egg 2":48,"Nloth\u0027s Gift":29,"Meat on the Bone":44},{"Self Forming Clay":5,"Oddly Smooth Stone":5,"Magic Flower":20,"Charon\u0027s Ashes":14,"Smiling Mask":12,"Question Card":12,"Medical Kit":17,"Burning Blood":0,"Blood Vial":13,"Sozu":16,"Runic Dome":9,"Dream Catcher":6,"Nunchaku":19,"TheAbacus":21,"Strawberry":12,"Molten Egg 2":23,"Nloth\u0027s Gift":13,"Meat on the Bone":21},{"Self Forming Clay":15,"Oddly Smooth Stone":15,"Magic Flower":104,"Charon\u0027s Ashes":60,"Smiling Mask":47,"Question Card":47,"Medical Kit":79,"Burning Blood":0,"Blood Vial":54,"Sozu":72,"Runic Dome":33,"Dream Catcher":19,"Nunchaku":95,"TheAbacus":112,"Strawberry":47,"Molten Egg 2":124,"Nloth\u0027s Gift":54,"Meat on the Bone":112}],"Meat on the Bone":18},"card_choices":[{"not_picked":["Anger","Seeing Red"],"picked":"Combust","floor":1.0},{"not_picked":["Armaments","Clash"],"picked":"Twin Strike","floor":3.0},{"not_picked":["Disarm","Warcry"],"picked":"Cleave","floor":4.0},{"not_picked":["Sentinel","Heavy Blade"],"picked":"Anger","floor":5.0},{"not_picked":["Second Wind","Fire Breathing"],"picked":"Corruption","floor":7.0},{"not_picked":["Evolve","Feel No Pain"],"picked":"Demon Form","floor":10.0},{"not_picked":["Inflame","Evolve"],"picked":"Rage","floor":12.0},{"not_picked":["Sever Soul","Thunderclap"],"picked":"Armaments","floor":13.0},{"not_picked":["Sword Boomerang","Headbutt"],"picked":"True Grit","floor":15.0},{"not_picked":["Exhume","Corruption"],"picked":"Reaper","floor":16.0},{"not_picked":["Clothesline","Flex"],"picked":"Intimidate","floor":18.0},{"not_picked":["Havoc","Whirlwind"],"picked":"Sword Boomerang","floor":21.0},{"not_picked":["Shockwave","Double Tap"],"picked":"Feel No Pain","floor":23.0},{"not_picked":["Havoc+1","Hemokinesis"],"picked":"Flame Barrier","floor":25.0},{"not_picked":["Uppercut","Perfected Strike","True Grit"],"picked":"Power Through","floor":27.0},{"not_picked":["Pummel","Second Wind","Anger"],"picked":"Seeing Red","floor":28.0},{"not_picked":["Pommel Strike","Headbutt","Double Tap"],"picked":"Shockwave","floor":30.0},{"not_picked":["Shrug It Off","Bloodletting","Intimidate"],"picked":"True Grit+1","floor":31.0},{"not_picked":["Pommel Strike","Cleave","Wild Strike"],"picked":"Clash+1","floor":32.0},{"not_picked":["Immolate","Berserk","Exhume"],"picked":"Impervious","floor":33.0},{"not_picked":["Twin Strike","Sever Soul","Sword Boomerang","Searing Blow"],"picked":"SKIP","floor":35.0},{"not_picked":["Thunderclap","Warcry","Fire Breathing"],"picked":"Iron Wave","floor":37.0},{"not_picked":["Secret Technique","Swift Strike","Bandage Up"],"picked":"Dramatic Entrance","floor":39.0},{"not_picked":["Second Wind+1","True Grit+1","Anger"],"picked":"Warcry+1","floor":40.0},{"not_picked":["Havoc","Warcry","True Grit+1"],"picked":"Ghostly Armor","floor":41.0},{"not_picked":["Flex","Infernal Blade","True Grit"],"picked":"Ghostly Armor","floor":42.0},{"not_picked":["Flex","Offering","Sever Soul+1"],"picked":"Entrench+1","floor":44},{"not_picked":["Feel No Pain","Dropkick+1","True Grit+1"],"picked":"Juggernaut","floor":46},{"not_picked":["Warcry","Armaments","Heavy Blade"],"picked":"Clash","floor":47},{"not_picked":["Twin Strike+1","Flex","Blood for Blood+1"],"picked":"Iron Wave+1","floor":48}],"player_experience":2689232,"relics_obtained":[{"floor":7.0,"key":"Self Forming Clay"},{"floor":9.0,"key":"Oddly Smooth Stone"},{"floor":10.0,"key":"Dream Catcher"},{"floor":23.0,"key":"Strawberry"},{"floor":24.0,"key":"Smiling Mask"},{"floor":26.0,"key":"Question Card"},{"floor":27.0,"key":"Blood Vial"},{"floor":30.0,"key":"Charon\u0027s Ashes"},{"floor":40.0,"key":"Nunchaku"},{"floor":42.0,"key":"Magic Flower"},{"floor":44,"key":"Meat on the Bone"},{"floor":48,"key":"Molten Egg 2"}],"event_choices":[{"damage_healed":0.0,"max_hp_gain":0.0,"max_hp_loss":0.0,"gold_gain":0.0,"event_name":"Lab","player_choice":"Got Potions","floor":2.0,"gold_loss":0.0,"damage_taken":0.0},{"damage_healed":0.0,"max_hp_gain":0.0,"max_hp_loss":0.0,"gold_gain":0.0,"event_name":"Forgotten Altar","player_choice":"Smashed Altar","floor":19.0,"gold_loss":0.0,"damage_taken":0.0,"cards_obtained":["Decay"]},{"damage_healed":0.0,"max_hp_gain":0.0,"max_hp_loss":0.0,"gold_gain":0.0,"event_name":"Back to Basics","player_choice":"Simplicity","floor":22.0,"gold_loss":0.0,"damage_taken":0.0,"cards_upgraded":["Strike_R","Strike_R","Strike_R","Strike_R","Defend_R","Defend_R","Defend_R","Defend_R"]},{"damage_healed":0.0,"max_hp_gain":0.0,"max_hp_loss":0.0,"gold_gain":0.0,"event_name":"N\u0027loth","player_choice":"Traded Relic","floor":29.0,"relics_lost":["Blood Vial"],"gold_loss":0.0,"damage_taken":0.0,"relics_obtained":["Nloth\u0027s Gift"]},{"damage_healed":0.0,"max_hp_gain":0.0,"max_hp_loss":0.0,"gold_gain":0.0,"event_name":"SensoryStone","player_choice":"Memory 1","floor":39.0,"gold_loss":0.0,"damage_taken":0.0},{"damage_healed":0.0,"max_hp_gain":0.0,"max_hp_loss":0.0,"gold_gain":0.0,"event_name":"MindBloom","player_choice":"Fight","floor":42.0,"gold_loss":0.0,"damage_taken":0.0}],"is_beta":false,"boss_relics":[{"not_picked":["Black Star","Calling Bell"],"picked":"Runic Dome"},{"not_picked":["Runic Pyramid","Pandora\u0027s Box"],"picked":"Sozu"}],"items_purged_floors":[14,20,36],"is_endless":false,"potions_floor_spawned":[3,4,10,13,18,21,27,30,33,42,44,46,48],"killed_by":"Time Eater","ascension_level":20}}