{"host":"c64dsqyrqv0ei9yn","time":1613071982,"event":{"mods":["BaseMod","Bestiary","Hero for Fun","LagranYue(ùfäiòNÅEåé)","Minty Spire (QoL Compilation)","The Servant 0.9.4"],"gold_per_floor":[20,40,51,65,78,78,113,113,138,150,175,204,232,263,275,383,395,423,455,392,406,422,449,449,449,449,481,481,152,165,199,199,298,298,311,311,221,96,112,140,140,167,167,185,204,220,45,62,62,62,62,62,62,88,88],"floor_reached":56,"language":"ENG","playtime":1007,"items_purged":["Defend_Y","Defend_Y","Side_Hop","Wear_Disguise"],"score":1645,"play_id":"2b06921c-4a70-4c5c-adb2-1f4365718417","local_time":"20210211193302","is_ascension_mode":false,"campfire_choices":[{"data":"Strike_Y","floor":6,"key":"SMITH"},{"data":"Toss_Stone","floor":8,"key":"SMITH"},{"floor":10,"key":"RECALL"},{"data":"Consecutive_Normal_Punch","floor":15,"key":"SMITH"},{"data":"Serious_Punch","floor":28,"key":"SMITH"},{"data":"Get_Hopes_Up","floor":32,"key":"SMITH"},{"data":"Hip_Strike","floor":41,"key":"SMITH"},{"data":"Do_Nothing","floor":49,"key":"SMITH"},{"data":"Ignore","floor":52,"key":"SMITH"}],"circlet_count":0,"master_deck":["Strike_Y+1","Strike_Y+1","Strike_Y","Strike_Y+1","Defend_Y","Yawn","Slap","Side_Hop","Toss_Stone+1","Do_Nothing+1","Wear_Disguise","Side_Hop","Consecutive_Normal_Punch+1","Serious_Punch+1","Hop+1","Serious_Side_Hops+1","Hip_Strike+1","Get_Hopes_Up+1","Normal_Punch","Serious_Side_Hops","Ignore+1"],"relics":["Cape","LagranYue:RandomDrawCardRelic","Whetstone","MawBank","Sozu","Strawberry","Anchor","LagranYue:GuideDeadRelic","Busted Crown","Boot","White Beast Statue","LagranYue:ReturningEmperorRelic"],"acts_visited":["Exordium","TheCity","TheBeyond","TheEnding"],"potions_floor_usage":[],"damage_taken":[{"damage":0,"enemies":"Jaw Worm","floor":1,"turns":1},{"damage":0,"enemies":"Small Slimes","floor":2,"turns":1},{"damage":0,"enemies":"2 Louse","floor":3,"turns":1},{"damage":0,"enemies":"Blue Slaver","floor":4,"turns":1},{"damage":0,"enemies":"Lots of Slimes","floor":5,"turns":3},{"damage":0,"enemies":"3 Sentries","floor":7,"turns":2},{"damage":0,"enemies":"Exordium Thugs","floor":11,"turns":1},{"damage":0,"enemies":"Looter","floor":12,"turns":1},{"damage":0,"enemies":"3 Louse","floor":13,"turns":1},{"damage":0,"enemies":"2 Fungi Beasts","floor":14,"turns":1},{"damage":0,"enemies":"Hexaghost","floor":16,"turns":2},{"damage":0,"enemies":"Shell Parasite","floor":18,"turns":1},{"damage":0,"enemies":"3 Byrds","floor":19,"turns":1},{"damage":0,"enemies":"Centurion and Healer","floor":21,"turns":1},{"damage":0,"enemies":"Chosen and Byrds","floor":22,"turns":1},{"damage":0,"enemies":"Book of Stabbing","floor":23,"turns":1},{"damage":0,"enemies":"Slavers","floor":27,"turns":1},{"damage":0,"enemies":"Cultist and Chosen","floor":30,"turns":1},{"damage":0,"enemies":"Book of Stabbing","floor":31,"turns":1},{"damage":0,"enemies":"Automaton","floor":33,"turns":1},{"damage":0,"enemies":"3 Darklings","floor":35,"turns":1},{"damage":0,"enemies":"3 Shapes","floor":39,"turns":3},{"damage":0,"enemies":"Giant Head","floor":40,"turns":2},{"damage":0,"enemies":"Writhing Mass","floor":44,"turns":1},{"damage":0,"enemies":"Jaw Worm Horde","floor":45,"turns":1},{"damage":0,"enemies":"Maw","floor":46,"turns":1},{"damage":0,"enemies":"4 Shapes","floor":48,"turns":3},{"damage":0,"enemies":"Donu and Deca","floor":50,"turns":1},{"damage":0,"enemies":"Shield and Spear","floor":54,"turns":2},{"damage":0,"enemies":"The Heart","floor":55,"turns":1}],"seed_played":"-4782237720633494195","potions_obtained":[{"floor":2,"key":"Block Potion"},{"floor":4,"key":"Swift Potion"},{"floor":13,"key":"LiquidMemories"}],"is_trial":false,"path_per_floor":["M","M","M","M","M","R","E","R","T","R","M","M","M","M","R","B",null,"M","M","$","M","M","E","?","?","T","E","R","$","M","E","R","B",null,"M","?","?","$","M","E","R","T","T","M","M","M","$","M","R","B",null,"R","$","E","B",null],"character_chosen":"OPM","items_purchased":["Get_Hopes_Up","Normal_Punch","Ignore"],"campfire_rested":0,"item_purchase_floors":[29,29,47],"current_hp_per_floor":[1098,1098,1098,1098,1098,1098,1098,1098,1098,1098,1098,1098,1098,1098,1098,1098,1098,1098,1098,1098,1098,1098,1105,1105,1105,1105,1105,1105,1105,1105,1105,1105,1105,1105,1105,1105,1105,1105,1105,1105,1105,1105,1105,1105,1105,1105,1105,1105,1105,1105,1105,1105,1105,1105,1105],"gold":88,"neow_bonus":"TEN_PERCENT_HP_BONUS","is_daily":false,"chose_seed":false,"campfire_upgraded":8,"win_rate":0.0,"timestamp":1613071982,"path_taken":["M","M","M","M","M","R","E","R","T","R","M","M","M","M","R","BOSS","M","M","$","M","M","E","?","?","T","E","R","?","M","E","R","BOSS","M","?","?","$","?","E","R","?","T","M","M","M","$","M","R","BOSS","R","$","E","BOSS"],"items_purchased_type":["Card","Card","Card"],"build_version":"2020-12-22","purchased_purges":4,"victory":true,"max_hp_per_floor":[1098,1098,1098,1098,1098,1098,1098,1098,1098,1098,1098,1098,1098,1098,1098,1098,1098,1098,1098,1098,1098,1098,1105,1105,1105,1105,1105,1105,1105,1105,1105,1105,1105,1105,1105,1105,1105,1105,1105,1105,1105,1105,1105,1105,1105,1105,1105,1105,1105,1105,1105,1105,1105,1105,1105],"card_choices":[{"not_picked":["Hop","Ignore"],"picked":"Wear_Disguise","floor":1},{"not_picked":["Side_Hop","Ignore"],"picked":"Yawn","floor":2},{"not_picked":["Yawn","Side_Hop"],"picked":"Slap","floor":3},{"not_picked":["Slap","Ignore"],"picked":"Side_Hop","floor":4},{"not_picked":["Wear_Disguise","Ignore"],"picked":"Side_Hop","floor":5},{"not_picked":["Hop","Serious_Side_Hops"],"picked":"Toss_Stone","floor":7},{"not_picked":["Wear_Disguise","Side_Hop"],"picked":"Do_Nothing","floor":11},{"not_picked":["Toss_Stone","Slap"],"picked":"Wear_Disguise","floor":12},{"not_picked":["Wear_Disguise","Do_Nothing"],"picked":"Side_Hop","floor":13},{"not_picked":["Do_Nothing","Normal_Punch"],"picked":"Consecutive_Normal_Punch","floor":14},{"not_picked":["Hip_Strike","Terrifying_Presence"],"picked":"Serious_Punch","floor":16},{"not_picked":["Consecutive_Normal_Punch+1","Yawn"],"picked":"Hop+1","floor":18},{"not_picked":["Do_Nothing","Wear_Disguise+1","Toss_Stone"],"picked":"SKIP","floor":19},{"not_picked":["Do_Nothing+1","Consecutive_Normal_Punch+1","Normal_Punch+1"],"picked":"SKIP","floor":21},{"not_picked":["Side_Hop","Hop","Ignore+1"],"picked":"SKIP","floor":22},{"not_picked":["Wear_Disguise+1","Side_Hop+1","Hop"],"picked":"SKIP","floor":23},{"not_picked":["Side_Hop","Hop","Do_Nothing"],"picked":"SKIP","floor":27},{"not_picked":["Side_Hop","Normal_Punch","Wear_Disguise"],"picked":"SKIP","floor":30},{"not_picked":["Toss_Stone","Wear_Disguise+1","Side_Hop+1"],"picked":"SKIP","floor":31},{"not_picked":["Hip_Strike","Get_Hopes_Up"],"picked":"Serious_Side_Hops","floor":33},{"not_picked":["Slap+1"],"picked":"SKIP","floor":35},{"not_picked":["Side_Hop+1"],"picked":"SKIP","floor":39},{"not_picked":["Ignore+1"],"picked":"SKIP","floor":40},{"not_picked":["Do_Nothing"],"picked":"SKIP","floor":44},{"not_picked":["Wear_Disguise+1"],"picked":"SKIP","floor":45},{"not_picked":["Slap"],"picked":"SKIP","floor":46},{"not_picked":["Yawn+1"],"picked":"SKIP","floor":48},{"not_picked":["Toss_Stone"],"picked":"SKIP","floor":54}],"player_experience":34773,"relics_obtained":[{"floor":7,"key":"Whetstone"},{"floor":9,"key":"MawBank"},{"floor":23,"key":"Strawberry"},{"floor":27,"key":"Anchor"},{"floor":31,"key":"LagranYue:GuideDeadRelic"},{"floor":42,"key":"Boot"},{"floor":43,"key":"White Beast Statue"},{"floor":54,"key":"LagranYue:ReturningEmperorRelic"}],"event_choices":[{"damage_healed":0,"gold_gain":0,"player_choice":"Ignored","damage_taken":0,"max_hp_gain":0,"max_hp_loss":0,"event_name":"Vampires","floor":24,"gold_loss":0},{"damage_healed":0,"gold_gain":0,"cards_transformed":["Defend_Y","Defend_Y"],"player_choice":"Became Test Subject","damage_taken":0,"max_hp_gain":0,"max_hp_loss":0,"event_name":"Drug Dealer","floor":25,"gold_loss":0,"cards_obtained":["Serious_Side_Hops","Hip_Strike"]},{"damage_healed":0,"gold_gain":0,"player_choice":"Ignored","damage_taken":0,"max_hp_gain":0,"max_hp_loss":0,"event_name":"Tomb of Lord Red Mask","floor":36,"gold_loss":0},{"cards_removed":["Strike_Y"],"damage_healed":0,"gold_gain":0,"player_choice":"Upgrade and Remove","damage_taken":0,"max_hp_gain":0,"max_hp_loss":0,"event_name":"Designer","floor":37,"gold_loss":90,"cards_upgraded":["Serious_Side_Hops"]}],"is_beta":false,"boss_relics":[{"not_picked":["Calling Bell","Cursed Key"],"picked":"Sozu"},{"not_picked":["Black Star","SacredBark"],"picked":"Busted Crown"}],"items_purged_floors":[20,29,38,47],"is_endless":false,"potions_floor_spawned":[2,4,13,14,21,23,27,30,33,39,44,45,46,48,54],"ascension_level":0}}