{"host":"9l1knhxfturzliqa","time":1613037919,"event":{"mods":["AchievementEnabler","BaseMod","Colored Map","Colored Powertips","DeckTracker","Highlight Path","Keyboard Shortcuts","Minty Spire (QoL Compilation)","Random Character Button"],"gold_per_floor":[112,127,139,152,166,166,166,185,185,204,204,219,219,236,236,309,309,326,326,346,73,93,120,136,8,31,31,51,51,68,80,80,158,158,173,187,204,221,235,261,276,276,276,301,320,338,72,86,86,86,86],"floor_reached":52,"language":"KOR","playtime":9038,"items_purged":["Defend_G","Defend_G"],"score":2105,"play_id":"3899954b-f79f-46a0-841d-92955055fc7d","local_time":"20210211190519","is_ascension_mode":true,"campfire_choices":[{"data":"Corpse Explosion","floor":6.0,"key":"SMITH"},{"data":"Die Die Die","floor":13.0,"key":"SMITH"},{"data":"Dodge and Roll","floor":15.0,"key":"SMITH"},{"data":"Malaise","floor":27.0,"key":"SMITH"},{"data":"Tools of the Trade","floor":29.0,"key":"SMITH"},{"data":"Burst","floor":32.0,"key":"SMITH"},{"data":"Envenom","floor":49.0,"key":"SMITH"}],"circlet_count":0,"master_deck":["AscendersBane","Strike_G","Strike_G","Strike_G","Defend_G","Defend_G","Defend_G","Survivor","Neutralize","Corpse Explosion+1","Backflip+1","PiercingWail","Flechettes","Dodge and Roll+1","Dagger Throw","Die Die Die+1","Prepared","Malaise+1","Well Laid Plans","Deflect","Burst+1","Tools of the Trade+1","Quick Slash","Concentrate+1","After Image","Acrobatics+1","Blur","Acrobatics+1","Underhanded Strike+1","Footwork","Envenom+1","Concentrate+1","Calculated Gamble","Expertise","Reflex"],"relics":["Ring of the Snake","Question Card","Coffee Dripper","Eternal Feather","Ice Cream","Ancient Tea Set","SlaversCollar","PreservedInsect","Darkstone Periapt","Shovel","Sling"],"acts_visited":["Exordium","TheCity","TheBeyond"],"potions_floor_usage":[51],"damage_taken":[{"damage":0.0,"enemies":"Small Slimes","floor":1.0,"turns":6.0},{"damage":1.0,"enemies":"Cultist","floor":2.0,"turns":4.0},{"damage":0.0,"enemies":"2 Louse","floor":3.0,"turns":2.0},{"damage":0.0,"enemies":"Lots of Slimes","floor":4.0,"turns":3.0},{"damage":4.0,"enemies":"Exordium Thugs","floor":5.0,"turns":4.0},{"damage":0.0,"enemies":"2 Fungi Beasts","floor":8.0,"turns":2.0},{"damage":5.0,"enemies":"Red Slaver","floor":10.0,"turns":4.0},{"damage":14.0,"enemies":"Exordium Thugs","floor":12.0,"turns":2.0},{"damage":0.0,"enemies":"Blue Slaver","floor":14.0,"turns":5.0},{"damage":21.0,"enemies":"The Guardian","floor":16.0,"turns":16.0},{"damage":6.0,"enemies":"Chosen","floor":18.0,"turns":4.0},{"damage":12.0,"enemies":"2 Thieves","floor":20.0,"turns":2.0},{"damage":9.0,"enemies":"Chosen and Byrds","floor":22.0,"turns":7.0},{"damage":11.0,"enemies":"Book of Stabbing","floor":23.0,"turns":8.0},{"damage":5.0,"enemies":"Snake Plant","floor":24.0,"turns":6.0},{"damage":4.0,"enemies":"Shelled Parasite and Fungi","floor":28.0,"turns":4.0},{"damage":0.0,"enemies":"Cultist and Chosen","floor":30.0,"turns":6.0},{"damage":5.0,"enemies":"Snecko","floor":31.0,"turns":5.0},{"damage":28.0,"enemies":"Automaton","floor":33.0,"turns":12.0},{"damage":0.0,"enemies":"3 Shapes","floor":35.0,"turns":4.0},{"damage":1.0,"enemies":"3 Darklings","floor":36.0,"turns":3.0},{"damage":3.0,"enemies":"Sphere and 2 Shapes","floor":37.0,"turns":7.0},{"damage":0.0,"enemies":"4 Shapes","floor":38.0,"turns":5.0},{"damage":12.0,"enemies":"Jaw Worm Horde","floor":39.0,"turns":5.0},{"damage":0.0,"enemies":"Giant Head","floor":40.0,"turns":10.0},{"damage":0.0,"enemies":"Maw","floor":41.0,"turns":7.0},{"damage":0.0,"enemies":"Reptomancer","floor":44.0,"turns":8.0},{"damage":0.0,"enemies":"Writhing Mass","floor":45.0,"turns":8.0},{"damage":4.0,"enemies":"4 Shapes","floor":46.0,"turns":8.0},{"damage":0.0,"enemies":"Jaw Worm Horde","floor":48.0,"turns":3.0},{"damage":0.0,"enemies":"Donu and Deca","floor":50.0,"turns":7.0},{"damage":14,"enemies":"Awakened One","floor":51,"turns":15}],"seed_played":"8249490443011545601","potions_obtained":[{"floor":3.0,"key":"Swift Potion"},{"floor":4.0,"key":"Fire Potion"},{"floor":5.0,"key":"LiquidMemories"},{"floor":8.0,"key":"Dexterity Potion"},{"floor":14.0,"key":"LiquidMemories"},{"floor":18.0,"key":"Poison Potion"},{"floor":20.0,"key":"SkillPotion"},{"floor":30.0,"key":"Energy Potion"},{"floor":31.0,"key":"LiquidMemories"},{"floor":33.0,"key":"AttackPotion"},{"floor":35.0,"key":"SpeedPotion"},{"floor":36.0,"key":"Poison Potion"},{"floor":40.0,"key":"DuplicationPotion"},{"floor":46.0,"key":"DistilledChaos"},{"floor":48.0,"key":"AttackPotion"}],"is_trial":false,"path_per_floor":["M","M","M","M","M","R","?","M","T","M","?","M","R","M","R","B",null,"M","?","M","$","M","E","M","$","T","R","M","R","M","M","R","B",null,"M","M","M","M","M","E","M","?","T","E","M","M","$","M","R","B","B",null],"character_chosen":"THE_SILENT","items_purchased":["Eternal Feather","AttackPotion","Sling"],"campfire_rested":0,"item_purchase_floors":[21,25,47],"current_hp_per_floor":[59,58,58,58,54,54,54,54,54,49,49,35,35,35,35,14,49,43,43,31,31,22,11,6,6,6,18,14,26,26,21,36,8,47,47,46,43,43,31,31,31,31,31,31,31,27,27,27,48,48,34],"gold":86,"neow_bonus":"THREE_RARE_CARDS","is_daily":false,"chose_seed":false,"campfire_upgraded":7,"win_rate":0.0,"timestamp":1613037919,"path_taken":["M","M","M","M","M","R","?","M","T","?","?","?","R","M","R","BOSS","M","?","M","$","M","E","M","?","T","R","M","R","M","M","R","BOSS","M","M","M","M","M","E","M","?","T","E","?","M","$","M","R","BOSS","BOSS"],"items_purchased_type":["Relic","Potion","Relic"],"build_version":"2020-12-22","purchased_purges":2,"victory":true,"max_hp_per_floor":[60,60,60,60,60,60,60,60,60,60,60,60,60,60,60,60,60,60,60,60,60,60,60,60,60,60,60,60,60,60,60,60,60,60,60,60,60,60,60,60,60,60,60,60,60,60,60,60,60,60,60],"card_choices":[{"not_picked":["A Thousand Cuts","Tools of the Trade"],"picked":"Corpse Explosion","floor":0.0},{"not_picked":["Slice","Dodge and Roll"],"picked":"Backflip","floor":1.0},{"not_picked":["Footwork","Predator"],"picked":"PiercingWail","floor":2.0},{"not_picked":["Predator","Outmaneuver"],"picked":"Flechettes","floor":3.0},{"not_picked":["Choke","Quick Slash","Backflip"],"picked":"SKIP","floor":4.0},{"not_picked":["Caltrops","Blade Dance"],"picked":"Dodge and Roll","floor":5.0},{"not_picked":["Distraction","Predator"],"picked":"Dagger Throw","floor":8.0},{"not_picked":["Acrobatics","Dash","Predator"],"picked":"Die Die Die","floor":10.0},{"not_picked":["Deflect","Sucker Punch","Setup"],"picked":"Prepared","floor":12.0},{"not_picked":["Sucker Punch","Dagger Spray","Bane","Cloak And Dagger"],"picked":"SKIP","floor":14.0},{"not_picked":["Phantasmal Killer","Storm of Steel","Burst"],"picked":"Malaise","floor":16.0},{"not_picked":["Underhanded Strike","Bane","Catalyst"],"picked":"Well Laid Plans","floor":18.0},{"not_picked":["Bane","Cloak And Dagger","Poisoned Stab"],"picked":"Deflect","floor":20.0},{"not_picked":["Eviscerate","Deflect","Cloak And Dagger","Quick Slash"],"picked":"SKIP","floor":22.0},{"not_picked":["Heel Hook","Prepared","Blur"],"picked":"Burst","floor":23.0},{"not_picked":["Flechettes+1","Flying Knee","Backflip","Dodge and Roll"],"picked":"SKIP","floor":24.0},{"not_picked":["Blade Dance","Poisoned Stab","Acrobatics"],"picked":"Tools of the Trade","floor":28.0},{"not_picked":["Outmaneuver","Sucker Punch","Underhanded Strike"],"picked":"Quick Slash","floor":30.0},{"not_picked":["Blade Dance","Deflect","Dagger Spray"],"picked":"Concentrate+1","floor":31.0},{"not_picked":["A Thousand Cuts","Tools of the Trade","Phantasmal Killer"],"picked":"After Image","floor":33.0},{"not_picked":["Endless Agony+1","Well Laid Plans","Prepared"],"picked":"Acrobatics+1","floor":35.0},{"not_picked":["Dagger Spray+1","Choke","Slice+1"],"picked":"Blur","floor":36.0},{"not_picked":["Endless Agony","Dodge and Roll","Dagger Throw","Cloak And Dagger"],"picked":"SKIP","floor":37.0},{"not_picked":["Flechettes","Choke","Poisoned Stab+1"],"picked":"Acrobatics+1","floor":38.0},{"not_picked":["Cloak And Dagger","Slice","Quick Slash","Dodge and Roll"],"picked":"SKIP","floor":39.0},{"not_picked":["Glass Knife","Acrobatics","Heel Hook+1"],"picked":"Underhanded Strike+1","floor":40.0},{"not_picked":["Endless Agony","Riddle With Holes","Cloak And Dagger+1"],"picked":"Footwork","floor":41.0},{"not_picked":["Sucker Punch","Acrobatics+1","Backflip+1"],"picked":"Concentrate+1","floor":44.0},{"not_picked":["Backflip","Footwork","Dagger Spray"],"picked":"Calculated Gamble","floor":45.0},{"not_picked":["Dagger Spray+1","Endless Agony+1","Flying Knee"],"picked":"Expertise","floor":46.0},{"not_picked":["Flying Knee","Envenom","Footwork"],"picked":"Reflex","floor":48.0}],"player_experience":670520,"relics_obtained":[{"floor":9.0,"key":"Question Card"},{"floor":23.0,"key":"Ice Cream"},{"floor":26.0,"key":"Ancient Tea Set"},{"floor":40.0,"key":"PreservedInsect"},{"floor":43.0,"key":"Darkstone Periapt"},{"floor":44.0,"key":"Shovel"}],"event_choices":[{"damage_healed":0.0,"max_hp_gain":0.0,"max_hp_loss":0.0,"gold_gain":0.0,"event_name":"Upgrade Shrine","player_choice":"Upgraded","floor":7.0,"gold_loss":0.0,"damage_taken":0.0,"cards_upgraded":["Backflip"]},{"cards_removed":["Strike_G"],"damage_healed":0.0,"max_hp_gain":0.0,"max_hp_loss":0.0,"gold_gain":0.0,"event_name":"Wheel of Change","player_choice":"Card Removal","floor":11.0,"gold_loss":0.0,"damage_taken":0.0},{"cards_removed":["Strike_G"],"damage_healed":0.0,"max_hp_gain":0.0,"max_hp_loss":0.0,"gold_gain":0.0,"event_name":"Bonfire Elementals","player_choice":"Offered Basic","floor":19.0,"gold_loss":0.0,"damage_taken":0.0},{"damage_healed":0.0,"max_hp_gain":0.0,"max_hp_loss":0.0,"gold_gain":0.0,"event_name":"Match and Keep!","player_choice":"1 cards matched","floor":42.0,"gold_loss":0.0,"damage_taken":0.0,"cards_obtained":["Envenom"]}],"is_beta":false,"boss_relics":[{"not_picked":["Velvet Choker","Ring of the Serpent"],"picked":"Coffee Dripper"},{"not_picked":["Fusion Hammer","WristBlade"],"picked":"SlaversCollar"}],"items_purged_floors":[25,47],"is_endless":false,"potions_floor_spawned":[3,4,5,8,10,14,18,20,30,31,33,35,36,40,46,48],"ascension_level":20}}