{"host":"bf5upntvbdompq33","time":1613027877,"event":{"mods":["BaseMod","Colored Map","Colored Powertips","Curses Come First","Minty Spire (QoL Compilation)","StSLib","The Dragon Tamer","The Hierophant","The Marked","The Mystic","The Servant 0.9.4"],"gold_per_floor":[110,124,141,161,3,3,35,35,35,35,35,35],"floor_reached":11,"language":"ENG","playtime":394,"items_purged":["Strike_G"],"score":106,"play_id":"dbea950e-e867-4141-bca9-20e0987a2c49","local_time":"20210211001757","is_ascension_mode":true,"campfire_choices":[{"floor":6,"key":"REST"},{"floor":8,"key":"REST"},{"floor":10,"key":"REST"}],"circlet_count":0,"master_deck":["Strike_G","Strike_G","Defend_G","Defend_G","Defend_G","Defend_G","Defend_G","Survivor","Neutralize","Blade Dance","Dash","Dagger Throw","Predator","Accuracy","Dagger Throw","Blur"],"relics":["Ring of the Snake","Boot","Art of War"],"acts_visited":["Exordium"],"potions_floor_usage":[],"damage_taken":[{"damage":47,"enemies":"Cultist","floor":1,"turns":9},{"damage":3,"enemies":"Jaw Worm","floor":2,"turns":4},{"damage":0,"enemies":"2 Louse","floor":3,"turns":2},{"damage":10,"enemies":"2 Fungi Beasts","floor":4,"turns":3},{"damage":12,"enemies":"Lagavulin","floor":7,"turns":5},{"damage":53,"enemies":"Gremlin Nob","floor":11,"turns":5}],"seed_played":"-6465256518896803388","potions_obtained":[{"floor":2,"key":"Weak Potion"},{"floor":3,"key":"SteroidPotion"}],"is_trial":false,"path_per_floor":["M","M","M","M","$","R","E","R","T","R","E"],"character_chosen":"THE_SILENT","items_purchased":["Accuracy","Dagger Throw"],"campfire_rested":3,"item_purchase_floors":[5,5],"current_hp_per_floor":[16,13,13,3,3,21,9,27,27,45,0,0],"gold":35,"neow_bonus":"REMOVE_TWO","is_daily":false,"chose_seed":false,"campfire_upgraded":0,"win_rate":0.0,"timestamp":1613027877,"path_taken":["M","?","M","M","$","R","E","R","T","R","E"],"items_purchased_type":["Card","Card"],"build_version":"2020-12-22","purchased_purges":1,"victory":false,"max_hp_per_floor":[63,63,63,63,63,63,63,63,63,63,63,63],"card_choices":[{"not_picked":["Acrobatics","Footwork"],"picked":"Blade Dance","floor":1},{"not_picked":["Dodge and Roll","Deadly Poison"],"picked":"Dash","floor":2},{"not_picked":["Cloak And Dagger","Slice"],"picked":"Dagger Throw","floor":3},{"not_picked":["Catalyst","Well Laid Plans"],"picked":"Predator","floor":4},{"not_picked":["Skewer","Poisoned Stab"],"picked":"Blur","floor":7}],"player_experience":1536082,"relics_obtained":[{"floor":7,"key":"Boot"},{"floor":9,"key":"Art of War"}],"event_choices":[],"is_beta":false,"boss_relics":[],"items_purged_floors":[5],"is_endless":false,"potions_floor_spawned":[2,3],"killed_by":"Gremlin Nob","ascension_level":9}}