{"host":"4lch21uqe3ag08cj","time":1613005180,"event":{"mods":["AchievementEnabler","BaseMod","Block Reminder","Colored Map","Colored Powertips","Minty Spire (QoL Compilation)","Permanent Neow","Relic Stats"],"gold_per_floor":[115,125,142,162,179,205,205,236,287,315,1,14,14,30,30,132,132,142,156,175,175,186,218,71,99,170,187,205,205,240,256,256,355,355,367,367,71,71,83,83,117,117,117,131,165,42,53,66,66,66,66,66,40,65,65,65],"floor_reached":55,"language":"ENG","playtime":3113,"items_purged":["Strike_G","Tactician","Infinite Blades"],"score":992,"play_id":"0ea1b9fc-9020-4698-86c7-94fc3ab834ba","local_time":"20210210215940","is_ascension_mode":true,"campfire_choices":[{"floor":7.0,"key":"REST"},{"floor":13.0,"key":"REST"},{"data":"Adrenaline","floor":15.0,"key":"SMITH"},{"data":"Envenom","floor":29.0,"key":"SMITH"},{"data":"Calculated Gamble","floor":32.0,"key":"SMITH"},{"data":"Malaise","floor":40.0,"key":"SMITH"},{"data":"Cloak And Dagger","floor":42.0,"key":"SMITH"},{"floor":49.0,"key":"RECALL"},{"data":"Accuracy","floor":52,"key":"SMITH"}],"circlet_count":0,"master_deck":["Survivor","Neutralize","Crippling Poison","Flying Knee","Blade Dance","Adrenaline+1","Endless Agony","Noxious Fumes","A Thousand Cuts","Noxious Fumes","Backflip","Finisher","Malaise+1","Skewer","Deadly Poison","Calculated Gamble+1","Finisher","Sucker Punch","Masterful Stab","PiercingWail","Accuracy","Envenom+1","Accuracy+1","Backflip","Cloak And Dagger+1","Blade Dance","Blade Dance+1","Dodge and Roll","Footwork","Panache","Accuracy+1","Cloak And Dagger+1"],"relics":["Ring of the Snake","Pen Nib","Ornamental Fan","Ninja Scroll","Happy Flower","Sundial","Anchor","Pandora\u0027s Box","Smiling Mask","Eternal Feather","Kunai","Juzu Bracelet","Philosopher\u0027s Stone","Membership Card","Calipers","Regal Pillow","InkBottle","Shuriken"],"acts_visited":["Exordium","TheCity","TheBeyond","TheEnding"],"potions_floor_usage":[50,54,55,55,55,55,55],"damage_taken":[{"damage":0.0,"enemies":"Jaw Worm","floor":1.0,"turns":4.0},{"damage":8.0,"enemies":"2 Louse","floor":2.0,"turns":3.0},{"damage":0.0,"enemies":"Cultist","floor":3.0,"turns":3.0},{"damage":18.0,"enemies":"Gremlin Gang","floor":4.0,"turns":4.0},{"damage":0.0,"enemies":"3 Louse","floor":5.0,"turns":3.0},{"damage":18.0,"enemies":"Gremlin Nob","floor":6.0,"turns":4.0},{"damage":15.0,"enemies":"Lagavulin","floor":8.0,"turns":6.0},{"damage":19.0,"enemies":"Gremlin Nob","floor":10.0,"turns":4.0},{"damage":0.0,"enemies":"2 Fungi Beasts","floor":12.0,"turns":2.0},{"damage":0.0,"enemies":"Looter","floor":14.0,"turns":2.0},{"damage":0.0,"enemies":"Slime Boss","floor":16.0,"turns":6.0},{"damage":0.0,"enemies":"Shell Parasite","floor":18.0,"turns":1.0},{"damage":0.0,"enemies":"Chosen","floor":19.0,"turns":1.0},{"damage":0.0,"enemies":"3 Cultists","floor":20.0,"turns":3.0},{"damage":6.0,"enemies":"Snake Plant","floor":22.0,"turns":4.0},{"damage":12.0,"enemies":"Book of Stabbing","floor":23.0,"turns":4.0},{"damage":7.0,"enemies":"Slavers","floor":25.0,"turns":4.0},{"damage":6.0,"enemies":"Cultist and Chosen","floor":27.0,"turns":5.0},{"damage":0.0,"enemies":"Centurion and Healer","floor":28.0,"turns":4.0},{"damage":1.0,"enemies":"Gremlin Leader","floor":30.0,"turns":4.0},{"damage":0.0,"enemies":"Snake Plant","floor":31.0,"turns":4.0},{"damage":37.0,"enemies":"Collector","floor":33.0,"turns":7.0},{"damage":0.0,"enemies":"3 Darklings","floor":35.0,"turns":3.0},{"damage":2.0,"enemies":"Orb Walker","floor":39.0,"turns":3.0},{"damage":0.0,"enemies":"Reptomancer","floor":41.0,"turns":5.0},{"damage":0.0,"enemies":"3 Darklings","floor":44.0,"turns":2.0},{"damage":0.0,"enemies":"Giant Head","floor":45.0,"turns":5.0},{"damage":13.0,"enemies":"Transient","floor":47.0,"turns":5.0},{"damage":0.0,"enemies":"4 Shapes","floor":48.0,"turns":5.0},{"damage":31,"enemies":"Time Eater","floor":50,"turns":11},{"damage":31,"enemies":"Shield and Spear","floor":54,"turns":4},{"damage":53,"enemies":"The Heart","floor":55,"turns":3}],"seed_played":"7733710967119138684","potions_obtained":[{"floor":1.0,"key":"Weak Potion"},{"floor":5.0,"key":"Block Potion"},{"floor":8.0,"key":"LiquidMemories"},{"floor":10.0,"key":"PowerPotion"},{"floor":14.0,"key":"EssenceOfSteel"},{"floor":20.0,"key":"CultistPotion"},{"floor":30.0,"key":"DuplicationPotion"},{"floor":47.0,"key":"SkillPotion"}],"is_trial":false,"path_per_floor":["M","M","M","M","M","E","R","E","T","E","$","M","R","M","R","B",null,"M","M","M","?","M","E","$","E","T","M","M","R","E","M","R","B",null,"M","?","$","?","M","R","E","R","T","M","E","$","M","M","R","B",null,"R","$","E","B"],"character_chosen":"THE_SILENT","items_purchased":["Anchor","Noxious Fumes","Strength Potion","Accuracy","Backflip","Membership Card","Dodge and Roll","EntropicBrew","Footwork","InkBottle","PowerPotion"],"campfire_rested":2,"item_purchase_floors":[11,11,11,24,24,37,37,37,37,46,53],"current_hp_per_floor":[70,62,62,44,44,26,47,32,32,13,13,13,34,34,34,34,70,70,70,70,70,64,52,52,45,45,39,39,54,53,53,68,31,70,70,70,70,70,68,70,70,70,70,70,70,70,57,57,70,39,70,70,70,39,0,0],"gold":65,"neow_bonus":"RANDOM_COMMON_RELIC","is_daily":false,"chose_seed":false,"campfire_upgraded":6,"win_rate":0.0,"timestamp":1613005180,"path_taken":["M","M","M","M","M","E","R","E","T","E","$","M","R","M","R","BOSS","M","M","M","?","M","E","$","E","T","M","M","R","E","M","R","BOSS","M","?","$","?","M","R","E","R","T","M","E","?","M","M","R","BOSS","R","$","E","BOSS"],"items_purchased_type":["Relic","Card","Potion","Card","Card","Relic","Card","Potion","Card","Relic","Potion"],"build_version":"2020-12-22","purchased_purges":3,"victory":false,"max_hp_per_floor":[70,70,70,70,70,70,70,70,70,70,70,70,70,70,70,70,70,70,70,70,70,70,70,70,70,70,70,70,70,70,70,70,70,70,70,70,70,70,70,70,70,70,70,70,70,70,70,70,70,70,70,70,70,70,70,70],"relic_stats":{"Regal Pillow":0,"Happy Flower":[33],"counters":[32,128],"Eternal Feather":45,"Pen Nib":[48],"Juzu Bracelet":0,"Smiling Mask":63,"Ornamental Fan":[428],"Sundial":[8],"Shuriken":[6],"Pandora\u0027s Box":["Tactician","Skewer","Deadly Poison","Infinite Blades","Calculated Gamble","Finisher","Sucker Punch","Masterful Stab","PiercingWail"],"Kunai":[72],"obtain_stats":[{"Regal Pillow":45,"Calipers":41,"Happy Flower":9,"Eternal Feather":25,"Pen Nib":0,"Juzu Bracelet":30,"Smiling Mask":23,"Anchor":11,"Ornamental Fan":6,"Ninja Scroll":8,"Sundial":10,"Shuriken":54,"Pandora\u0027s Box":17,"Philosopher\u0027s Stone":34,"Kunai":26,"Membership Card":37,"InkBottle":46,"Ring of the Snake":0},{"Regal Pillow":27,"Calipers":25,"Happy Flower":7,"Eternal Feather":17,"Pen Nib":0,"Juzu Bracelet":20,"Smiling Mask":16,"Anchor":8,"Ornamental Fan":6,"Ninja Scroll":7,"Sundial":8,"Shuriken":31,"Pandora\u0027s Box":11,"Philosopher\u0027s Stone":22,"Kunai":17,"Membership Card":23,"InkBottle":27,"Ring of the Snake":0},{"Regal Pillow":100,"Calipers":93,"Happy Flower":27,"Eternal Feather":58,"Pen Nib":0,"Juzu Bracelet":71,"Smiling Mask":54,"Anchor":31,"Ornamental Fan":21,"Ninja Scroll":27,"Sundial":31,"Shuriken":125,"Pandora\u0027s Box":41,"Philosopher\u0027s Stone":82,"Kunai":58,"Membership Card":85,"InkBottle":100,"Ring of the Snake":0}],"InkBottle":[20],"Ring of the Snake":[55]},"card_choices":[{"not_picked":["Riddle With Holes","Deflect"],"picked":"Crippling Poison","floor":1.0},{"not_picked":["Backflip","Dodge and Roll"],"picked":"Flying Knee","floor":2.0},{"not_picked":["Deadly Poison","Quick Slash"],"picked":"Blade Dance","floor":3.0},{"not_picked":["Slice","Dodge and Roll","Reflex"],"picked":"SKIP","floor":4.0},{"not_picked":["Slice","Acrobatics"],"picked":"Adrenaline","floor":5.0},{"not_picked":["Flying Knee","Acrobatics"],"picked":"Endless Agony","floor":6.0},{"not_picked":["Slice","Calculated Gamble"],"picked":"Noxious Fumes","floor":8.0},{"not_picked":["Skewer","Eviscerate"],"picked":"A Thousand Cuts","floor":10.0},{"not_picked":["Acrobatics","Quick Slash"],"picked":"Backflip","floor":12.0},{"not_picked":["Cloak And Dagger","Underhanded Strike"],"picked":"Finisher","floor":14.0},{"not_picked":["Storm of Steel","Venomology"],"picked":"Malaise","floor":16.0},{"not_picked":["Poisoned Stab+1","Underhanded Strike","Quick Slash"],"picked":"SKIP","floor":18.0},{"not_picked":["Slice+1","Choke"],"picked":"Accuracy","floor":19.0},{"not_picked":["Tools of the Trade","Escape Plan","Dagger Spray"],"picked":"SKIP","floor":20.0},{"not_picked":["Underhanded Strike","Bane","Dagger Spray"],"picked":"SKIP","floor":22.0},{"not_picked":["Eviscerate","Outmaneuver"],"picked":"Envenom","floor":23.0},{"not_picked":["Distraction+1","Acrobatics","Flying Knee"],"picked":"SKIP","floor":25.0},{"not_picked":["Quick Slash","Leg Sweep"],"picked":"Cloak And Dagger","floor":27.0},{"not_picked":["Dagger Throw","Dodge and Roll+1"],"picked":"Blade Dance","floor":28.0},{"not_picked":["Caltrops","Sucker Punch+1"],"picked":"Blade Dance+1","floor":30.0},{"not_picked":["Expertise","Blur","Deflect"],"picked":"SKIP","floor":31.0},{"not_picked":["Escape Plan+1","Poisoned Stab+1","Dagger Spray+1"],"picked":"SKIP","floor":35.0},{"not_picked":["PanicButton","Mayhem"],"picked":"Panache","floor":38.0},{"not_picked":["Riddle With Holes+1","Escape Plan","Dagger Spray"],"picked":"SKIP","floor":39.0},{"not_picked":["Prepared+1","Bane"],"picked":"Accuracy+1","floor":41.0},{"not_picked":["Underhanded Strike","Dagger Spray+1","Acrobatics+1"],"picked":"SKIP","floor":44.0},{"not_picked":["Underhanded Strike","Storm of Steel","Eviscerate+1"],"picked":"SKIP","floor":45.0},{"not_picked":["Outmaneuver+1","Sucker Punch+1"],"picked":"Cloak And Dagger+1","floor":47.0},{"not_picked":["Underhanded Strike+1","Skewer+1","Dodge and Roll"],"picked":"SKIP","floor":48.0},{"not_picked":["Masterful Stab+1","Underhanded Strike+1","Slice"],"picked":"SKIP","floor":54}],"player_experience":62213,"relics_obtained":[{"floor":6.0,"key":"Ornamental Fan"},{"floor":8.0,"key":"Ninja Scroll"},{"floor":9.0,"key":"Happy Flower"},{"floor":10.0,"key":"Sundial"},{"floor":23.0,"key":"Smiling Mask"},{"floor":25.0,"key":"Eternal Feather"},{"floor":26.0,"key":"Kunai"},{"floor":30.0,"key":"Juzu Bracelet"},{"floor":41.0,"key":"Calipers"},{"floor":45.0,"key":"Regal Pillow"},{"floor":54,"key":"Shuriken"}],"event_choices":[{"damage_healed":0.0,"max_hp_gain":0.0,"max_hp_loss":0.0,"gold_gain":0.0,"event_name":"Vampires","player_choice":"Ignored","floor":21.0,"gold_loss":0.0,"damage_taken":0.0},{"damage_healed":0.0,"max_hp_gain":0.0,"max_hp_loss":0.0,"gold_gain":0.0,"event_name":"Tomb of Lord Red Mask","player_choice":"Ignored","floor":36.0,"gold_loss":0.0,"damage_taken":0.0},{"damage_healed":0.0,"max_hp_gain":0.0,"max_hp_loss":0.0,"gold_gain":0.0,"event_name":"SensoryStone","player_choice":"Memory 1","floor":38.0,"gold_loss":0.0,"damage_taken":0.0}],"is_beta":false,"boss_relics":[{"not_picked":["SlaversCollar","Busted Crown"],"picked":"Pandora\u0027s Box"},{"not_picked":["Astrolabe","Fusion Hammer"],"picked":"Philosopher\u0027s Stone"}],"items_purged_floors":[11,24,37],"is_endless":false,"potions_floor_spawned":[1,5,8,10,14,20,22,25,28,30,39,45,47],"killed_by":"The Heart","ascension_level":3}}