{"host":"mqhvlr3kpxebko0t","time":1613040446,"event":{"mods":["AchievementEnabler","BaseMod","Colored Map","Colored Powertips","KOR Keyword Fix","Keyboard Shortcuts","Minty Spire (QoL Compilation)","StSLib","SuperFastMode"],"gold_per_floor":[114,39,39,39,189,233,233,253,253,253,5,5,40,53,53,144,144,159,23,43,68,87,87,122,122,122,122,122],"floor_reached":27,"language":"KOR","playtime":484,"items_purged":["Strike_G","Doubt","Strike_G"],"score":520,"play_id":"d3b42e57-cb55-46d3-b697-07b8f2441940","local_time":"20210211194726","is_ascension_mode":true,"campfire_choices":[{"data":"Neutralize","floor":7,"key":"SMITH"},{"data":"Deadly Poison","floor":12,"key":"SMITH"},{"data":"Prepared","floor":15,"key":"SMITH"},{"floor":23,"key":"REST"},{"data":"Catalyst","floor":25,"key":"SMITH"}],"circlet_count":0,"master_deck":["AscendersBane","Defend_G","Defend_G","Defend_G","Defend_G","Defend_G","Survivor","Neutralize+1","Backflip","Deadly Poison+1","Sucker Punch","Dagger Throw","Prepared+1","Catalyst+1","Corpse Explosion","Prepared","Tactician+1"],"relics":["Ring of the Snake","NeowsBlessing","Golden Idol","Pantograph","Centennial Puzzle","Membership Card","Smiling Mask","Empty Cage","Oddly Smooth Stone","Shovel","Bag of Marbles"],"acts_visited":["Exordium","TheCity"],"potions_floor_usage":[20,24,24],"damage_taken":[{"damage":0,"enemies":"2 Louse","floor":1,"turns":1},{"damage":0,"enemies":"Lagavulin","floor":6,"turns":1},{"damage":0,"enemies":"Small Slimes","floor":8,"turns":1},{"damage":23,"enemies":"3 Sentries","floor":13,"turns":13},{"damage":4,"enemies":"Jaw Worm","floor":14,"turns":3},{"damage":18,"enemies":"Hexaghost","floor":16,"turns":9},{"damage":14,"enemies":"Spheric Guardian","floor":18,"turns":4},{"damage":0,"enemies":"Chosen","floor":20,"turns":4},{"damage":6,"enemies":"Centurion and Healer","floor":21,"turns":3},{"damage":19,"enemies":"Cultist and Chosen","floor":22,"turns":7},{"damage":22,"enemies":"Book of Stabbing","floor":24,"turns":6},{"damage":36,"enemies":"Gremlin Leader","floor":27,"turns":5}],"seed_played":"3738857781848841798","potions_obtained":[{"floor":8,"key":"Energy Potion"},{"floor":13,"key":"Regen Potion"},{"floor":22,"key":"Weak Potion"}],"is_trial":false,"path_per_floor":["M","$","?","$","?","E","R","M","T","?","$","R","E","M","R","B",null,"M","$","M","M","M","R","E","R","T","E"],"character_chosen":"THE_SILENT","items_purchased":["Membership Card","Dagger Throw","Oddly Smooth Stone"],"campfire_rested":1,"item_purchase_floors":[11,11,19],"current_hp_per_floor":[59,59,59,59,59,59,59,59,59,59,59,59,36,32,32,39,55,41,41,41,35,16,34,27,27,27,0,0],"gold":122,"neow_bonus":"THREE_ENEMY_KILL","is_daily":false,"chose_seed":false,"campfire_upgraded":4,"win_rate":0.0,"timestamp":1613040446,"path_taken":["M","$","?","$","?","E","R","M","T","?","$","R","E","M","R","BOSS","M","$","M","M","M","R","E","R","T","E"],"items_purchased_type":["Relic","Card","Relic"],"build_version":"2020-12-22","purchased_purges":3,"victory":false,"max_hp_per_floor":[66,66,60,60,60,60,60,60,60,60,60,60,60,60,60,60,60,60,60,60,60,60,60,60,60,60,60,60],"card_choices":[{"not_picked":["Acrobatics","Dodge and Roll"],"picked":"Backflip","floor":1},{"not_picked":["A Thousand Cuts","Heel Hook","Underhanded Strike"],"picked":"SKIP","floor":6},{"not_picked":["Slice","Calculated Gamble"],"picked":"Deadly Poison","floor":8},{"not_picked":["Underhanded Strike","Riddle With Holes"],"picked":"Prepared","floor":13},{"not_picked":["Dagger Spray","Blur"],"picked":"Catalyst","floor":14},{"not_picked":["Night Terror","Venomology"],"picked":"Corpse Explosion","floor":16},{"not_picked":["PiercingWail","Bane","Dash"],"picked":"SKIP","floor":18},{"not_picked":["Quick Slash","Blade Dance"],"picked":"Prepared","floor":20},{"not_picked":["Prepared","Blade Dance","Deflect"],"picked":"SKIP","floor":21},{"not_picked":["Dash","Backflip"],"picked":"Tactician+1","floor":22},{"not_picked":["Quick Slash","Night Terror","Backstab"],"picked":"SKIP","floor":24}],"player_experience":709225,"relics_obtained":[{"floor":6,"key":"Pantograph"},{"floor":9,"key":"Centennial Puzzle"},{"floor":13,"key":"Smiling Mask"},{"floor":24,"key":"Shovel"},{"floor":26,"key":"Bag of Marbles"}],"event_choices":[{"damage_healed":0,"gold_gain":0,"player_choice":"Lose Max HP","damage_taken":0,"relics_obtained":["Golden Idol"],"max_hp_gain":0,"max_hp_loss":6,"event_name":"Golden Idol","floor":3,"gold_loss":0},{"damage_healed":0,"gold_gain":150,"player_choice":"AGREE","damage_taken":0,"max_hp_gain":0,"max_hp_loss":0,"event_name":"Liars Game","floor":5,"gold_loss":0,"cards_obtained":["Doubt"]},{"damage_healed":0,"gold_gain":0,"cards_transformed":["Strike_G"],"player_choice":"Change","damage_taken":0,"max_hp_gain":0,"max_hp_loss":0,"event_name":"Living Wall","floor":10,"gold_loss":0,"cards_obtained":["Sucker Punch"]}],"is_beta":false,"boss_relics":[{"not_picked":["SlaversCollar","Velvet Choker"],"picked":"Empty Cage"}],"items_purged_floors":[2,11,19],"is_endless":false,"potions_floor_spawned":[8,13,14,18,22],"killed_by":"Gremlin Leader","ascension_level":16}}