{"host":"3d7yvplr5ovcyppx","time":1613070173,"event":{"mods":["AchievementEnabler","BaseMod","Hermit","Jorbs\u0027s Wanderer Trilogy","Minty Spire (QoL Compilation)","Quick Restart","Somnambulant","StSLib","The Cursed","The Disciple","The Servant 0.9.4"],"gold_per_floor":[119,129,129,143,162,193,193,193,193,221,77,77,91,126,126,225,225,236,236,252,432,8,8,42,42,66,99,112,112,112],"floor_reached":29,"language":"ENG","playtime":1960,"items_purged":[],"score":295,"play_id":"ece59777-810f-48a1-a0db-a782e54ab6b5","local_time":"20210212003253","is_ascension_mode":true,"campfire_choices":[{"data":"Zap","floor":7,"key":"SMITH"},{"data":"Dualcast","floor":12,"key":"SMITH"},{"data":"Redo","floor":15,"key":"SMITH"},{"data":"Static Discharge","floor":23,"key":"SMITH"},{"floor":25,"key":"REST"}],"circlet_count":0,"master_deck":["Strike_B","Strike_B","Strike_B","Strike_B","Defend_B","Defend_B","Defend_B","Defend_B","Zap+1","Dualcast+1","Loop","Cold Snap","Gash","Beam Cell","Skim","Amplify","Fusion","Redo+1","Electrodynamics","Undo+1","Rip and Tear+1","Metamorphosis","Static Discharge+1","Stack","Redo+1","stsjorbsmod:Withering","Rebound+1","Electrodynamics"],"relics":["Cracked Core","Eternal Feather","Bottled Flame","Nunchaku","Vajra","Potion Belt","Cursed Key","Lantern","Happy Flower","Ancient Tea Set","Bottled Lightning"],"acts_visited":["Exordium","TheCity"],"potions_floor_usage":[6,16,27,27,29],"damage_taken":[{"damage":0,"enemies":"Small Slimes","floor":1,"turns":3},{"damage":0,"enemies":"Cultist","floor":2,"turns":4},{"damage":6,"enemies":"Jaw Worm","floor":4,"turns":3},{"damage":11,"enemies":"Exordium Thugs","floor":5,"turns":4},{"damage":26,"enemies":"3 Sentries","floor":6,"turns":6},{"damage":15,"enemies":"Gremlin Nob","floor":10,"turns":4},{"damage":5,"enemies":"Blue Slaver","floor":13,"turns":3},{"damage":29,"enemies":"3 Sentries","floor":14,"turns":8},{"damage":29,"enemies":"The Guardian","floor":16,"turns":14},{"damage":3,"enemies":"Chosen","floor":18,"turns":4},{"damage":18,"enemies":"2 Thieves","floor":20,"turns":4},{"damage":29,"enemies":"Book of Stabbing","floor":24,"turns":5},{"damage":22,"enemies":"Slavers","floor":27,"turns":3},{"damage":5,"enemies":"Sentry and Sphere","floor":28,"turns":4},{"damage":16,"enemies":"Centurion and Healer","floor":29,"turns":3}],"seed_played":"8882800274976093651","potions_obtained":[{"floor":1,"key":"Ancient Potion"},{"floor":2,"key":"DistilledChaos"},{"floor":6,"key":"Ancient Potion"},{"floor":14,"key":"Dexterity Potion"},{"floor":20,"key":"SpeedPotion"}],"is_trial":false,"path_per_floor":["M","M","?","M","M","E","R","?","T","E","$","R","M","E","R","B",null,"M","?","M","?","$","R","E","R","T","E","M","M"],"character_chosen":"DEFECT","items_purchased":["Vajra","Lantern","Metamorphosis","Static Discharge","Stack"],"campfire_rested":1,"item_purchase_floors":[11,22,22,22,22],"current_hp_per_floor":[75,75,75,69,58,32,41,75,75,60,60,69,64,35,44,15,75,72,58,40,21,21,33,4,43,43,21,16,0,0],"gold":112,"neow_bonus":"RANDOM_COLORLESS","is_daily":false,"chose_seed":false,"campfire_upgraded":4,"win_rate":0.0,"timestamp":1613070173,"path_taken":["M","M","?","?","M","E","R","?","T","E","?","R","M","E","R","BOSS","M","?","M","?","$","R","E","R","T","E","M","M"],"items_purchased_type":["Relic","Relic","Card","Card","Card"],"build_version":"2020-12-22","purchased_purges":0,"victory":false,"max_hp_per_floor":[75,75,75,75,75,75,75,75,75,75,75,75,75,75,75,75,75,75,80,80,80,80,80,80,80,80,80,80,80,80],"card_choices":[{"not_picked":["Forethought","Purity"],"picked":"Deep Breath","floor":0},{"not_picked":["Conserve Battery","Streamline"],"picked":"Loop","floor":1},{"not_picked":["Coolheaded","Hologram"],"picked":"Cold Snap","floor":2},{"not_picked":["Go for the Eyes","Heatsinks"],"picked":"Gash","floor":4},{"not_picked":["Go for the Eyes","Glacier"],"picked":"Beam Cell","floor":5},{"not_picked":["Go for the Eyes","Barrage"],"picked":"Skim","floor":6},{"not_picked":["Reinforced Body","Redo"],"picked":"Amplify","floor":10},{"not_picked":["Cold Snap","Hologram"],"picked":"Fusion","floor":13},{"not_picked":["Genetic Algorithm","Streamline"],"picked":"Redo","floor":14},{"not_picked":["Multi-Cast","Biased Cognition"],"picked":"Electrodynamics","floor":16},{"not_picked":["Streamline","Steam"],"picked":"Undo+1","floor":18},{"not_picked":["BootSequence","Leap"],"picked":"Rip and Tear+1","floor":20},{"not_picked":["Cold Snap","Melter"],"picked":"Redo+1","floor":24},{"not_picked":["Barrage","Compile Driver"],"picked":"Rebound+1","floor":27},{"not_picked":["Barrage","Hologram+1"],"picked":"Electrodynamics","floor":28}],"player_experience":31752,"relics_obtained":[{"floor":6,"key":"Eternal Feather"},{"floor":9,"key":"Bottled Flame"},{"floor":10,"key":"Nunchaku"},{"floor":14,"key":"Potion Belt"},{"floor":24,"key":"Happy Flower"},{"floor":26,"key":"Ancient Tea Set"},{"floor":27,"key":"Bottled Lightning"}],"event_choices":[{"damage_healed":0,"gold_gain":0,"player_choice":"Ignored","damage_taken":0,"max_hp_gain":0,"max_hp_loss":0,"event_name":"Purifier","floor":3,"gold_loss":0},{"cards_removed":["Deep Breath"],"damage_healed":34,"gold_gain":0,"player_choice":"Offered Uncommon","damage_taken":0,"max_hp_gain":0,"max_hp_loss":0,"event_name":"Bonfire Elementals","floor":8,"gold_loss":0},{"damage_healed":0,"gold_gain":0,"player_choice":"Shed Blood","damage_taken":19,"max_hp_gain":5,"max_hp_loss":0,"event_name":"Forgotten Altar","floor":19,"gold_loss":0},{"damage_healed":0,"gold_gain":180,"player_choice":"GOLD GOLD ","damage_taken":19,"max_hp_gain":0,"max_hp_loss":0,"event_name":"Knowing Skull","floor":21,"potions_obtained":[],"gold_loss":0,"cards_obtained":[]}],"is_beta":false,"boss_relics":[{"not_picked":["Tiny House","Empty Cage"],"picked":"Cursed Key"}],"items_purged_floors":[],"is_endless":false,"potions_floor_spawned":[1,2,6,14,20],"killed_by":"Centurion and Healer","ascension_level":1}}