{"host":"q0zqetm8yj025qes","time":1613081531,"event":{"mods":["2.2 Compatiblity","Bard","BaseMod","Better Third Choice","Colored Map","Colored Powertips","Conspire","Downfall","Friendly Minions","Hermit","Hubris","Infinite Spire","Mad Scientist","Mimic Mod","Minty Spire (QoL Compilation)","Replay The Spire","Robot Space Explorer","Shade Mod","Shop Mod","StSLib","The Blackbeard","The Bug Knight","The Construct","The Cursed","The Disciple","The Jungle","The Necromancer","The Valiant","The Witch"],"gold_per_floor":[116,28,28,28,28,28,54,54,54,69,144,62,62,76,76,175,175,194,142,142,162,162,162],"floor_reached":22,"language":"ENG","playtime":1097,"items_purged":[],"score":207,"play_id":"d4d91409-17a6-46c3-b9ba-d97318d37cd4","local_time":"20210211151211","is_ascension_mode":false,"campfire_choices":[{"data":"Devotion","floor":6,"key":"SMITH"},{"data":"RobotSpaceExplorer:MakeshiftVolley","floor":15,"key":"SMITH"}],"circlet_count":0,"master_deck":["RobotSpaceExplorer:Strike","RobotSpaceExplorer:Strike","RobotSpaceExplorer:Defend","RobotSpaceExplorer:Defend+1","RobotSpaceExplorer:Defend","RobotSpaceExplorer:Defend","RobotSpaceExplorer:Scan","RobotSpaceExplorer:MiniLasers","Devotion+1","RobotSpaceExplorer:Blitz+1","RobotSpaceExplorer:MakeshiftVolley+1","RobotSpaceExplorer:StunGrenade","RobotSpaceExplorer:DroneSwarm","RobotSpaceExplorer:Pulsar+1","RobotSpaceExplorer:StarDust","RobotSpaceExplorer:StarDust","RobotSpaceExplorer:PowerCollector"],"relics":["RobotSpaceExplorer:RoboCore","NeowsBlessing","ReplayTheSpireMod:CursedCoin","infinitespire:FocusingShard","infinitespire:Lucky Rock","TungstenRod","Matryoshka","conspire:SlowCooker"],"acts_visited":["Exordium","Exordium"],"potions_floor_usage":[16,16],"damage_taken":[{"damage":0,"enemies":"Jaw Worm","floor":1,"turns":1},{"damage":0,"enemies":"Gremlin Nob","floor":7,"turns":1},{"damage":0,"enemies":"conspire:RoseBush","floor":10,"turns":1},{"damage":4,"enemies":"Small Slimes","floor":12,"turns":4},{"damage":0,"enemies":"Blue Slaver","floor":14,"turns":3},{"damage":10,"enemies":"The Guardian","floor":16,"turns":6},{"damage":21,"enemies":"theJungle:MUSHROOMGANG","floor":18,"turns":5},{"damage":24,"enemies":"Shell Parasite","floor":21,"turns":5},{"damage":30,"enemies":"Snake Plant","floor":22,"turns":3}],"seed_played":"3606031052227921573","potions_obtained":[{"floor":10,"key":"SneckoOil"},{"floor":12,"key":"Fire Potion"},{"floor":16,"key":"Swift Potion"},{"floor":18,"key":"DuplicationPotion"}],"is_trial":false,"path_per_floor":["M","$","?","?","?","R","E","?","T","M","?","M","$","M","R","B",null,"M","$","?","M","M"],"character_chosen":"RobotSpaceExplorer","items_purchased":["ReplayTheSpireMod:CursedCoin","infinitespire:FocusingShard","RobotSpaceExplorer:StarDust"],"campfire_rested":0,"item_purchase_floors":[2,2,19],"current_hp_per_floor":[75,75,75,58,51,51,51,37,37,37,27,23,23,23,23,13,75,54,54,54,30,0,0],"gold":162,"neow_bonus":"THREE_ENEMY_KILL","is_daily":false,"chose_seed":false,"campfire_upgraded":2,"win_rate":0.0,"timestamp":1613081531,"path_taken":["M","$","?","?","?","R","E","?","T","M","?","M","?","?","R","BOSS","M","$","?","?","M"],"items_purchased_type":["Relic","Relic","Card"],"build_version":"2020-12-22","purchased_purges":0,"victory":false,"max_hp_per_floor":[75,75,75,75,75,75,75,75,75,75,75,75,75,75,75,75,75,75,75,75,75,75,75],"card_choices":[{"not_picked":["RobotSpaceExplorer:Probe","RobotSpaceExplorer:Reload","RobotSpaceExplorer:GlueShot"],"picked":"SKIP","floor":1},{"not_picked":["RobotSpaceExplorer:ShovelStrike","RobotSpaceExplorer:ImprovisedAttack"],"picked":"RobotSpaceExplorer:Blitz","floor":7},{"not_picked":["RobotSpaceExplorer:ShovelStrike","RobotSpaceExplorer:ScrapMissile"],"picked":"RobotSpaceExplorer:MakeshiftVolley","floor":10},{"not_picked":["RobotSpaceExplorer:SlimeMissile","RobotSpaceExplorer:ShovelStrike"],"picked":"RobotSpaceExplorer:StunGrenade","floor":12},{"not_picked":["RobotSpaceExplorer:SurgingShield","RobotSpaceExplorer:FreezingShield","RobotSpaceExplorer:SelfCleaning"],"picked":"SKIP","floor":14},{"not_picked":["RobotSpaceExplorer:HighVoltage","RobotSpaceExplorer:Arsenal"],"picked":"RobotSpaceExplorer:DroneSwarm","floor":16},{"not_picked":["RobotSpaceExplorer:GlueSpray+1","RobotSpaceExplorer:SurgingStrike"],"picked":"RobotSpaceExplorer:Pulsar+1","floor":18},{"not_picked":["RobotSpaceExplorer:SwiftStep","RobotSpaceExplorer:MetalStrike+1"],"picked":"RobotSpaceExplorer:PowerCollector","floor":21}],"player_experience":414966,"relics_obtained":[{"floor":7,"key":"TungstenRod"},{"floor":9,"key":"Matryoshka"}],"event_choices":[{"cards_removed":["RobotSpaceExplorer:Strike"],"damage_healed":0,"gold_gain":0,"player_choice":"Card Removal","damage_taken":7,"max_hp_gain":0,"max_hp_loss":0,"event_name":"Golden Wing","floor":5,"gold_loss":0},{"damage_healed":51,"gold_gain":0,"player_choice":"Upgrade","damage_taken":15,"max_hp_gain":0,"max_hp_loss":75,"event_name":"betterThird:BetterShining","floor":8,"gold_loss":0,"cards_upgraded":["RobotSpaceExplorer:Defend","RobotSpaceExplorer:Blitz"]},{"damage_healed":0,"gold_gain":75,"player_choice":"Gold","damage_taken":11,"max_hp_gain":0,"max_hp_loss":0,"event_name":"betterThird:BetterGoop","floor":11,"gold_loss":0},{"damage_healed":0,"gold_gain":0,"player_choice":"Bought 0 Potions","damage_taken":0,"max_hp_gain":0,"max_hp_loss":0,"event_name":"The Woman in Blue","floor":20,"gold_loss":0}],"is_beta":false,"boss_relics":[{"not_picked":["SacredBark","hubris:BlackHole"],"picked":"conspire:SlowCooker"}],"items_purged_floors":[],"is_endless":false,"potions_floor_spawned":[10,12,16,18],"killed_by":"Snake Plant","ascension_level":0}}