{"host":"f5gffvlv6a66yqkd","time":1613054748,"event":{"mods":["2.2 Compatiblity","BaseMod","Colored Map","Custom Start","DeckTracker","Keyboard Shortcuts","Minty Spire (QoL Compilation)","Permanent Neow","Quick Restart","Relic Stats","StSLib","SuperFastMode"],"gold_per_floor":[368,381,381,381,396,396,409,110,133,148,164,114,114,134,134,229,229,248,267,366,392,292,292,308,324,324,324,354,50,66,80,80,181,181,191,211,86,102,102,102,135,185,238,238,269,286,317,328,328,328,328,328,24,58,58],"floor_reached":56,"language":"KOR","playtime":1368,"items_purged":["Strike_P","Defend_P","Defend_P","Consecrate"],"score":1402,"play_id":"8cabc311-40e5-4c6a-b9a2-af57215aa173","local_time":"20210211234548","is_ascension_mode":true,"campfire_choices":[{"data":"Eruption","floor":6.0,"key":"SMITH"},{"data":"Study","floor":13.0,"key":"SMITH"},{"data":"Vigilance","floor":15.0,"key":"SMITH"},{"data":"MentalFortress","floor":23.0,"key":"SMITH"},{"data":"Tantrum","floor":27.0,"key":"SMITH"},{"data":"MasterReality","floor":32.0,"key":"SMITH"},{"data":"Ragnarok","floor":40.0,"key":"SMITH"},{"floor":49.0,"key":"RECALL"},{"data":"WheelKick","floor":52.0,"key":"SMITH"}],"circlet_count":0,"master_deck":["Eruption+1","Vigilance+1","FlurryOfBlows","WheelKick+1","Study+1","Judgement","Tantrum+1","MentalFortress+1","MasterReality+1","FearNoEvil","Ragnarok+1","MentalFortress+1","TalkToTheHand+1"],"relics":["PureWater","TheAbacus","Empty Cage","Damaru","Turnip","Lantern","Vajra","Toy Ornithopter","VioletLotus","Mummified Hand","Incense Burner","Bag of Preparation","Ornamental Fan","White Beast Statue","Bag of Marbles","TeardropLocket"],"acts_visited":["Exordium","TheCity","TheBeyond","TheEnding"],"potions_floor_usage":[55,55,55,55,55],"damage_taken":[{"damage":0.0,"enemies":"Small Slimes","floor":1.0,"turns":6.0},{"damage":0.0,"enemies":"Cultist","floor":2.0,"turns":3.0},{"damage":0.0,"enemies":"Jaw Worm","floor":5.0,"turns":2.0},{"damage":0.0,"enemies":"Lots of Slimes","floor":7.0,"turns":2.0},{"damage":11.0,"enemies":"Large Slime","floor":10.0,"turns":2.0},{"damage":0.0,"enemies":"2 Fungi Beasts","floor":11.0,"turns":2.0},{"damage":0.0,"enemies":"Exordium Thugs","floor":14.0,"turns":2.0},{"damage":7.0,"enemies":"The Guardian","floor":16.0,"turns":10.0},{"damage":0.0,"enemies":"Chosen","floor":18.0,"turns":4.0},{"damage":3.0,"enemies":"2 Thieves","floor":19.0,"turns":2.0},{"damage":0.0,"enemies":"Shelled Parasite and Fungi","floor":24.0,"turns":2.0},{"damage":0.0,"enemies":"Sentry and Sphere","floor":25.0,"turns":2.0},{"damage":0.0,"enemies":"Slavers","floor":28.0,"turns":2.0},{"damage":0.0,"enemies":"Centurion and Healer","floor":30.0,"turns":2.0},{"damage":24.0,"enemies":"3 Cultists","floor":31.0,"turns":3.0},{"damage":21.0,"enemies":"Collector","floor":33.0,"turns":5.0},{"damage":13.0,"enemies":"3 Shapes","floor":35.0,"turns":2.0},{"damage":0.0,"enemies":"Orb Walker","floor":36.0,"turns":1.0},{"damage":3.0,"enemies":"Writhing Mass","floor":38.0,"turns":3.0},{"damage":17.0,"enemies":"Giant Head","floor":41.0,"turns":4.0},{"damage":0.0,"enemies":"Mind Bloom Boss Battle","floor":42.0,"turns":2.0},{"damage":0.0,"enemies":"Nemesis","floor":45.0,"turns":3.0},{"damage":0.0,"enemies":"Jaw Worm Horde","floor":46.0,"turns":1.0},{"damage":1.0,"enemies":"Giant Head","floor":47.0,"turns":4.0},{"damage":0.0,"enemies":"Sphere and 2 Shapes","floor":48.0,"turns":2.0},{"damage":0.0,"enemies":"Donu and Deca","floor":50.0,"turns":5.0},{"damage":10.0,"enemies":"Shield and Spear","floor":54.0,"turns":2.0},{"damage":65,"enemies":"The Heart","floor":55,"turns":5}],"seed_played":"-8679239042450889136","potions_obtained":[{"floor":5.0,"key":"Energy Potion"},{"floor":11.0,"key":"Strength Potion"},{"floor":16.0,"key":"EssenceOfSteel"},{"floor":18.0,"key":"AttackPotion"},{"floor":24.0,"key":"FearPotion"},{"floor":28.0,"key":"Weak Potion"},{"floor":38.0,"key":"FearPotion"},{"floor":41.0,"key":"EntropicBrew"},{"floor":46.0,"key":"Dexterity Potion"},{"floor":54.0,"key":"BottledMiracle"}],"is_trial":false,"path_per_floor":["M","M","?","?","M","R","M","$","T","M","M","?","R","M","R","B",null,"M","M","?","T","$","R","M","M","T","R","E","$","M","M","R","B",null,"M","M","$","M","?","R","E","?","T","?","E","M","E","M","R","B",null,"R","$","E","B",null],"character_chosen":"WATCHER","items_purchased":["TheAbacus","WheelKick","Vajra","Toy Ornithopter","Bag of Marbles"],"campfire_rested":0,"item_purchase_floors":[8,8,29,29,53],"current_hp_per_floor":[51,51,44,44,44,44,44,44,44,33,33,33,33,33,33,26,72,72,69,69,69,69,69,69,69,69,69,69,69,69,45,45,29,72,59,59,59,56,56,56,39,39,39,39,39,39,38,38,38,38,68,68,68,58,5],"gold":58,"neow_bonus":"TWO_FIFTY_GOLD","is_daily":false,"chose_seed":false,"campfire_upgraded":8,"win_rate":0.0,"timestamp":1613054748,"path_taken":["M","M","?","?","?","R","M","$","T","M","M","?","R","M","R","BOSS","M","M","?","?","$","R","M","M","T","R","E","$","M","M","R","BOSS","M","?","$","M","?","R","E","?","T","?","E","?","E","M","R","BOSS","R","$","E","BOSS"],"items_purchased_type":["Relic","Card","Relic","Relic","Relic"],"build_version":"2020-12-22","purchased_purges":4,"victory":true,"max_hp_per_floor":[72,72,72,72,72,72,72,72,72,72,72,72,72,72,72,72,72,72,72,72,72,72,72,72,72,72,72,72,72,72,72,72,72,72,72,72,72,72,68,68,68,68,68,68,68,68,68,68,68,68,68,68,68,68,68],"relic_stats":{"TheAbacus":[192],"counters":[28,85],"Mummified Hand":[41],"Ornamental Fan":[100],"Turnip":[5],"VioletLotus":[29],"Bag of Preparation":[14],"obtain_stats":[{"Lantern":28,"Damaru":21,"Vajra":29,"Incense Burner":42,"Bag of Preparation":43,"TeardropLocket":54,"Empty Cage":17,"White Beast Statue":47,"TheAbacus":8,"Mummified Hand":41,"Ornamental Fan":45,"Turnip":26,"VioletLotus":34,"Bag of Marbles":53,"PureWater":0,"Toy Ornithopter":29},{"Lantern":13,"Damaru":10,"Vajra":13,"Incense Burner":21,"Bag of Preparation":21,"TeardropLocket":27,"Empty Cage":8,"White Beast Statue":24,"TheAbacus":4,"Mummified Hand":20,"Ornamental Fan":22,"Turnip":12,"VioletLotus":16,"Bag of Marbles":26,"PureWater":0,"Toy Ornithopter":13},{"Lantern":41,"Damaru":35,"Vajra":41,"Incense Burner":63,"Bag of Preparation":63,"TeardropLocket":80,"Empty Cage":29,"White Beast Statue":71,"TheAbacus":13,"Mummified Hand":61,"Ornamental Fan":66,"Turnip":39,"VioletLotus":51,"Bag of Marbles":78,"PureWater":0,"Toy Ornithopter":41}],"Toy Ornithopter":17},"card_choices":[{"not_picked":["EmptyBody","Crescendo","JustLucky"],"picked":"SKIP","floor":1.0},{"not_picked":["ReachHeaven","EmptyMind"],"picked":"Consecrate","floor":2.0},{"not_picked":["Crescendo","PathToVictory","WreathOfFlame"],"picked":"SKIP","floor":5.0},{"not_picked":["EmptyFist","Crescendo"],"picked":"FlurryOfBlows","floor":7.0},{"not_picked":["ClearTheMind","Swivel","FollowUp"],"picked":"SKIP","floor":10.0},{"not_picked":["Conclude","Protect"],"picked":"Study","floor":11.0},{"not_picked":["Protect","BowlingBash"],"picked":"Judgement","floor":14.0},{"not_picked":["SashWhip+1","CrushJoints+1"],"picked":"Tantrum","floor":18.0},{"not_picked":["FlyingSleeves+1","Indignation"],"picked":"MentalFortress","floor":19.0},{"not_picked":["WheelKick","JustLucky","DeceiveReality"],"picked":"SKIP","floor":24.0},{"not_picked":["SashWhip","FlyingSleeves","Tantrum"],"picked":"SKIP","floor":25.0},{"not_picked":["Crescendo","EmptyBody"],"picked":"MasterReality","floor":28.0},{"not_picked":["Perseverance","FlurryOfBlows"],"picked":"FearNoEvil","floor":30.0},{"not_picked":["FlurryOfBlows","Evaluate","Prostrate"],"picked":"SKIP","floor":31.0},{"not_picked":["Establishment","DevaForm"],"picked":"Ragnarok","floor":33.0},{"not_picked":["Fasting2+1","BowlingBash+1"],"picked":"Wallop","floor":35.0},{"not_picked":["Consecrate","EmptyBody+1"],"picked":"MentalFortress+1","floor":36.0},{"not_picked":["SignatureMove+1","Meditate+1","PathToVictory"],"picked":"SKIP","floor":38.0},{"not_picked":["CrushJoints+1","FlyingSleeves","PathToVictory"],"picked":"SKIP","floor":41.0},{"not_picked":["JustLucky+1","Evaluate","SashWhip+1"],"picked":"SKIP","floor":45.0},{"not_picked":["Study","ConjureBlade","FlyingSleeves+1"],"picked":"SKIP","floor":46.0},{"not_picked":["Study","ConjureBlade","FlyingSleeves+1"],"picked":"SKIP","floor":46.0},{"not_picked":["Omniscience","Protect"],"picked":"TalkToTheHand+1","floor":47.0},{"not_picked":["BattleHymn+1","PathToVictory+1","Swivel+1"],"picked":"SKIP","floor":48.0},{"not_picked":["Sanctity","WindmillStrike","ReachHeaven+1"],"picked":"SKIP","floor":54.0}],"player_experience":1455144,"relics_obtained":[{"floor":21.0,"key":"Damaru"},{"floor":26.0,"key":"Turnip"},{"floor":28.0,"key":"Lantern"},{"floor":41.0,"key":"Mummified Hand"},{"floor":42.0,"key":"Incense Burner"},{"floor":43.0,"key":"Bag of Preparation"},{"floor":45.0,"key":"Ornamental Fan"},{"floor":47.0,"key":"White Beast Statue"},{"floor":54.0,"key":"TeardropLocket"}],"event_choices":[{"cards_removed":["Defend_P"],"damage_healed":0.0,"max_hp_gain":0.0,"max_hp_loss":0.0,"gold_gain":0.0,"event_name":"Golden Wing","player_choice":"Card Removal","floor":3.0,"gold_loss":0.0,"damage_taken":7.0},{"cards_removed":["Defend_P"],"damage_healed":0.0,"max_hp_gain":0.0,"max_hp_loss":0.0,"gold_gain":0.0,"event_name":"Bonfire Elementals","player_choice":"Offered Basic","floor":4.0,"gold_loss":0.0,"damage_taken":0.0},{"cards_removed":["Strike_P"],"damage_healed":0.0,"max_hp_gain":0.0,"max_hp_loss":0.0,"gold_gain":0.0,"event_name":"The Cleric","player_choice":"Card Removal","floor":12.0,"gold_loss":50.0,"damage_taken":0.0},{"damage_healed":0.0,"max_hp_gain":0.0,"max_hp_loss":0.0,"gold_gain":99.0,"event_name":"Nest","player_choice":"Stole From Cult","floor":20.0,"gold_loss":0.0,"damage_taken":0.0},{"damage_healed":0.0,"max_hp_gain":0.0,"max_hp_loss":4.0,"gold_gain":0.0,"event_name":"Winding Halls","player_choice":"Max HP","floor":39.0,"gold_loss":0.0,"damage_taken":0.0},{"damage_healed":0.0,"max_hp_gain":0.0,"max_hp_loss":0.0,"gold_gain":0.0,"event_name":"MindBloom","player_choice":"Fight","floor":42.0,"gold_loss":0.0,"damage_taken":0.0},{"cards_removed":["Wallop"],"damage_healed":0.0,"max_hp_gain":0.0,"max_hp_loss":0.0,"gold_gain":0.0,"event_name":"Falling","player_choice":"Removed Attack","floor":44.0,"gold_loss":0.0,"damage_taken":0.0}],"is_beta":false,"boss_relics":[{"not_picked":["Cursed Key","Fusion Hammer"],"picked":"Empty Cage"},{"not_picked":["Coffee Dripper","Runic Dome"],"picked":"VioletLotus"}],"items_purged_floors":[8,22,37,53],"is_endless":false,"potions_floor_spawned":[5,11,16,18,24,28,38,41,46,48,54],"ascension_level":1}}