{"host":"BaytaKuk","time":1613015054,"event":{"mods":["2.2 Compatiblity","BaseMod","Minty Spire (QoL Compilation)","Random Character Button","Rare Cards Sparkle","StSLib","SuperFastMode","Swap Starting Deck Mod","everything is the same but u backflip on backflip"],"gold_per_floor":[112,112,112,187,199,230,230,113,187,187,187],"floor_reached":10,"language":"ENG","playtime":279,"items_purged":["Strike_G"],"score":122,"play_id":"68a3c533-c5f2-4dec-8e37-988b3739d8ca","local_time":"20210210224414","is_ascension_mode":true,"campfire_choices":[{"data":"Calculated Gamble","floor":7.0,"key":"SMITH"}],"circlet_count":0,"master_deck":["AscendersBane","Strike_G","Strike_G","Strike_G","Strike_G","Defend_G","Defend_G","Defend_G","Defend_G","Defend_G","Survivor","Neutralize","A Thousand Cuts+1","Escape Plan","Calculated Gamble+1","Footwork"],"relics":["Ring of the Snake","Snake Skull","Letter Opener"],"acts_visited":["Exordium"],"potions_floor_usage":[10,10],"damage_taken":[{"damage":2.0,"enemies":"Small Slimes","floor":1.0,"turns":4.0},{"damage":1.0,"enemies":"2 Louse","floor":5.0,"turns":3.0},{"damage":17.0,"enemies":"3 Sentries","floor":6.0,"turns":4.0},{"damage":39,"enemies":"Gremlin Nob","floor":10,"turns":4}],"seed_played":"5616966675685225507","potions_obtained":[{"floor":1.0,"key":"DistilledChaos"},{"floor":5.0,"key":"DuplicationPotion"},{"floor":6.0,"key":"GamblersBrew"}],"is_trial":false,"path_per_floor":["M","?","?","?","M","E","R","$","T","E"],"character_chosen":"THE_SILENT","items_purchased":["Footwork"],"campfire_rested":0,"item_purchase_floors":[8],"current_hp_per_floor":[57,57,62,51,50,33,33,33,33,0,0],"gold":187,"neow_bonus":"ONE_RANDOM_RARE_CARD","is_daily":false,"chose_seed":false,"campfire_upgraded":1,"win_rate":0.0,"timestamp":1613015054,"path_taken":["M","?","?","?","M","E","R","$","T","E"],"items_purchased_type":["Card"],"build_version":"2020-12-18","purchased_purges":1,"victory":false,"max_hp_per_floor":[66,66,71,71,71,71,71,71,71,71,71],"card_choices":[{"not_picked":["Skewer","Masterful Stab"],"picked":"Escape Plan","floor":1.0},{"not_picked":["Expertise","Terror","Slice"],"picked":"SKIP","floor":5.0},{"not_picked":["Tactician","Caltrops"],"picked":"Calculated Gamble","floor":6.0}],"player_experience":414179,"relics_obtained":[{"floor":6.0,"key":"Snake Skull"},{"floor":9.0,"key":"Letter Opener"}],"event_choices":[{"damage_healed":0.0,"max_hp_gain":0.0,"max_hp_loss":0.0,"gold_gain":0.0,"event_name":"Living Wall","player_choice":"Grow","floor":2.0,"gold_loss":0.0,"damage_taken":0.0,"cards_upgraded":["A Thousand Cuts"]},{"damage_healed":0.0,"max_hp_gain":5.0,"max_hp_loss":0.0,"gold_gain":0.0,"event_name":"Big Fish","player_choice":"Donut","floor":3.0,"gold_loss":0.0,"damage_taken":0.0},{"damage_healed":0.0,"max_hp_gain":0.0,"max_hp_loss":0.0,"gold_gain":75.0,"event_name":"World of Goop","player_choice":"Gather Gold","floor":4.0,"gold_loss":0.0,"damage_taken":11.0}],"is_beta":true,"boss_relics":[],"items_purged_floors":[8],"is_endless":false,"potions_floor_spawned":[1,5,6],"killed_by":"Gremlin Nob","ascension_level":18}}