{"host":"rykcscnxwcosqdkz","time":1613039644,"event":{"mods":["BaseMod","Downfall","GifTheSpireLib","Minty Spire (QoL Compilation)","StSLib"],"gold_per_floor":[99,114,114,114,141,141,167,184,284,313,324,124,144,171,188,291,291,291,307,317,267,267,2,2,2,2,345,355,355,355,355],"floor_reached":29,"language":"ENG","playtime":1672,"items_purged":[],"score":289,"play_id":"c8abc001-64a9-4b74-a684-cc27cdbb6ddb","local_time":"20210211113404","is_ascension_mode":true,"campfire_choices":[{"floor":1,"key":"RECALL"},{"floor":12,"key":"REST"},{"data":"sneckomod:UnendingSupply","floor":18,"key":"SMITH"},{"data":"sneckomod:SerpentIdol","floor":25,"key":"SMITH"}],"circlet_count":0,"master_deck":["sneckomod:Defend","sneckomod:Defend","sneckomod:Defend","sneckomod:TailWhip+1","sneckomod:SnekBite+1","sneckomod:Unknown","sneckomod:Unknown","sneckomod:SlitherStrike","sneckomod:UnknownColorless","sneckomod:UnendingSupply+1","sneckomod:UnknownCommonSkill","sneckomod:DiceBlock","sneckomod:UnknownVulnerable","sneckomod:ImprovisedAttack","sneckomod:SlitherStrike","sneckomod:Unknown3Cost","sneckomod:SerpentIdol+1","sneckomod:SoulCleanse+1","sneckomod:UnknownUncommonPower+1","sneckomod:Nope+1","sneckomod:SerpentIdol"],"relics":["SlaversCollar","downfall:ShatteredFragment","Ancient Tea Set","downfall:HeartBlessingRed","downfall:HeartBlessingBlue","Gremlin Horn","downfall:RedIOU","Eternal Feather","Omamori","Old Coin"],"acts_visited":["Exordium","TheCity"],"potions_floor_usage":[9,16,28,29],"damage_taken":[{"damage":0,"enemies":"Small Slimes","floor":2,"turns":3},{"damage":0,"enemies":"2 Louse","floor":8,"turns":2},{"damage":45,"enemies":"downfall:Heads","floor":9,"turns":7},{"damage":5,"enemies":"Lagavulin","floor":10,"turns":4},{"damage":0,"enemies":"Jaw Worm","floor":11,"turns":3},{"damage":9,"enemies":"2 Fungi Beasts","floor":13,"turns":4},{"damage":7,"enemies":"3 Sentries","floor":14,"turns":5},{"damage":2,"enemies":"Blue Slaver","floor":15,"turns":2},{"damage":7,"enemies":"IC_STATUS_ARCHETYPE","floor":16,"turns":4},{"damage":3,"enemies":"Shell Parasite","floor":19,"turns":3},{"damage":50,"enemies":"3 Byrds","floor":20,"turns":5},{"damage":5,"enemies":"downfall:FleeingMerchant","floor":23,"turns":4},{"damage":31,"enemies":"Gremlin Leader","floor":27,"turns":5},{"damage":19,"enemies":"3 Cultists","floor":28,"turns":5},{"damage":48,"enemies":"Shelled Parasite and Fungi","floor":29,"turns":3}],"seed_played":"304915251094420119","potions_obtained":[{"floor":2,"key":"sneckomod:DiceRollPotion"},{"floor":8,"key":"ColorlessPotion"},{"floor":14,"key":"Dexterity Potion"},{"floor":16,"key":"champ:CounterPotion"},{"floor":19,"key":"LiquidMemories"},{"floor":28,"key":"SneckoOil"}],"is_trial":false,"path_per_floor":["R","M","?","?","T","?","T","M","?","E","M","R","M","E","M","B",null,"R","M","M","?","?","$","T","R","?","E","M","M"],"character_chosen":"THE_SNECKO","items_purchased":["Eternal Feather"],"campfire_rested":1,"item_purchase_floors":[23],"current_hp_per_floor":[90,90,69,74,74,74,74,74,29,24,24,65,56,49,47,40,105,105,102,52,88,88,83,83,92,92,61,42,0,0,0],"gold":355,"neow_bonus":"BOSS_RELIC","is_daily":false,"chose_seed":false,"campfire_upgraded":2,"win_rate":0.0,"timestamp":1613039644,"path_taken":["R","M","?","?","?","?","T","?","?","E","M","R","M","E","M","BOSS","R","M","M","?","?","$","T","R","?","E","M","?"],"items_purchased_type":["Relic"],"build_version":"2020-12-22","purchased_purges":0,"victory":false,"max_hp_per_floor":[90,90,90,95,95,95,95,95,95,95,95,105,105,105,105,105,105,105,105,105,105,105,105,105,105,105,105,105,105,105,105],"card_choices":[{"not_picked":["sneckomod:TrashToTreasure","sneckomod:SoulRoll"],"picked":"sneckomod:SlitherStrike","floor":2},{"not_picked":["sneckomod:SoulRoll","sneckomod:TrashToTreasure"],"picked":"sneckomod:UnknownColorless","floor":8},{"not_picked":["sneckomod:WideSting","sneckomod:UnknownWeak"],"picked":"sneckomod:UnendingSupply","floor":9},{"not_picked":["sneckomod:RainOfDice","sneckomod:SoulRoll","sneckomod:UnlimitedRolls"],"picked":"SKIP","floor":10},{"not_picked":["sneckomod:UnknownUncommonPower","sneckomod:UnknownStrength"],"picked":"sneckomod:DiceBlock","floor":11},{"not_picked":["sneckomod:UnknownDraw","sneckomod:UnknownCommonAttack"],"picked":"sneckomod:UnknownVulnerable","floor":13},{"not_picked":["sneckomod:UnknownVulnerable","sneckomod:UnknownCommonSkill"],"picked":"sneckomod:ImprovisedAttack","floor":14},{"not_picked":["sneckomod:UnknownCommonAttack","sneckomod:QuickMove"],"picked":"sneckomod:SlitherStrike","floor":15},{"not_picked":["sneckomod:UnlimitedRolls","sneckomod:Mudshield"],"picked":"sneckomod:Unknown3Cost","floor":16},{"not_picked":["sneckomod:UnknownDraw","sneckomod:UnknownCommonSkill"],"picked":"sneckomod:SerpentIdol","floor":19},{"not_picked":["sneckomod:UnknownClassHEXA_GHOST_PURPLE","sneckomod:DiceCrush"],"picked":"sneckomod:SoulCleanse+1","floor":20},{"not_picked":["sneckomod:UnknownVulnerable","sneckomod:RainOfDice"],"picked":"sneckomod:UnknownUncommonPower+1","floor":23},{"not_picked":["sneckomod:IronFang+1","sneckomod:DiceBoulder"],"picked":"sneckomod:Nope+1","floor":27},{"not_picked":["sneckomod:UnknownStrike","sneckomod:DefensiveFlair+1"],"picked":"sneckomod:SerpentIdol","floor":28}],"player_experience":101601,"relics_obtained":[{"floor":5,"key":"Ancient Tea Set"},{"floor":10,"key":"Lantern"},{"floor":14,"key":"Gremlin Horn"},{"floor":24,"key":"Omamori"},{"floor":27,"key":"Old Coin"}],"event_choices":[{"damage_healed":0,"gold_gain":0,"player_choice":"Donut","damage_taken":0,"max_hp_gain":5,"max_hp_loss":0,"event_name":"Big Fish","floor":4,"gold_loss":0},{"cards_removed":["sneckomod:Strike"],"damage_healed":0,"gold_gain":0,"player_choice":"Card Removal","damage_taken":0,"max_hp_gain":0,"max_hp_loss":0,"event_name":"The Cleric","floor":6,"gold_loss":0}],"is_beta":false,"boss_relics":[{"not_picked":["Calling Bell","Fusion Hammer","Busted Crown"]}],"items_purged_floors":[],"is_endless":false,"potions_floor_spawned":[2,8,14,16,19,20,28],"killed_by":"Shelled Parasite and Fungi","ascension_level":1}}