{"host":"RampantMystic","time":1613073060,"event":{"mods":["Act Like it!","BaseMod","Bestiary","Better Match","Better Third Choice","Better Vampires","Block Reminder","Bossed Relics","ChefMod","Conjunction","Conspire","Dota2Spire","Evolution","GifTheSpireLib","Infinite Spire","Menagerie","Minty Spire (QoL Compilation)","Potionbrewer","QueenMod","Rare Cards Sparkle","Relic Stats","Replay The Spire","Spicy Shops","Spikes Relics","Spire Arcade","StSLib","Stuff the Spire","Swap Starting Deck Mod","The Blue Laboratory","The Cursed","The Jungle","The Mystic","The Necromancer","The Runesmith","TheVacant","Thieving Mod","Wandering Minibosses","Weighted Paths","slay the spire mod where everything is the same but ironclad has a cowboy hat"],"gold_per_floor":[113,113,113,113,141,157,183,205,254,285,285,337,337,369,369,466,466,494,494,519,519,519,548,548,571,649,649,64,99,124,148,148,249,249,266,292,292,313,42,42,67,67,67,67,67,88,115,115,115,125],"floor_reached":51,"language":"ENG","playtime":2264,"items_purged":["Iron Wave","True Grit","Parasite"],"score":738,"play_id":"b5b32314-1b38-4793-abc8-cfb42055c6c8","local_time":"20210211215100","is_ascension_mode":true,"campfire_choices":[{"data":"infinitespire:Oblivion","floor":11,"key":"SMITH"},{"floor":13,"key":"REST"},{"data":"Defend_R","floor":15,"key":"SMITH"},{"data":"Demon Form","floor":24,"key":"SMITH"},{"data":"Defend_R","floor":27,"key":"SMITH"},{"data":"Bash","floor":32,"key":"SMITH"},{"data":"Defend_R","floor":40,"key":"SMITH"},{"data":"Twin Strike","floor":42,"key":"SMITH"},{"data":"Pommel Strike","floor":49,"key":"SMITH"}],"circlet_count":0,"master_deck":["Cleave","Thunderclap+1","Pommel Strike+1","Defend_R+1","Defend_R+1","Defend_R+1","Bash+1","infinitespire:Oblivion+1","Menagerie:Skullclamp","Twin Strike+1","Reaper","Heavy Blade+1","Offering+1","Demon Form+1","potionbrewer:Fuel+1","potionbrewer:Spark+1","Conjunction:LightningStorm+1","Deep Breath+1","StuffTheSpire:Brawn","Slice+1"],"relics":["Burning Blood","EVO:Axolotl","Menagerie:HuntersKnife","RetroEgg","Dota2Spire:EchoSabre","Replay:Baseball","Dota2Spire:OrchidMalevolence","PreservedInsect","potionbrewer:BhaskarasWheel","Replay:Blank Codex","Bird Faced Urn","Dota2Spire:BattleFury","infinitespire:FocusingShard","PrismaticShard","ReplayTheSpireMod:TigerMarble","Ring of Chaos","wanderingMiniBosses:ThiefScarf","Brimstone","Bag of Marbles","Paper Frog","Blue Candle"],"acts_visited":["Exordium","TheCity","TheBeyond"],"potions_floor_usage":[16,16,50,50],"damage_taken":[{"damage":0,"enemies":"Menagerie:StygianBoar","floor":1,"turns":2},{"damage":0,"enemies":"Menagerie:2_RABBITS","floor":5,"turns":2},{"damage":10,"enemies":"Menagerie:WhisperingWraith","floor":6,"turns":3},{"damage":25,"enemies":"Menagerie:VoidReaper","floor":7,"turns":4},{"damage":11,"enemies":"Menagerie:RedMage","floor":8,"turns":3},{"damage":0,"enemies":"Menagerie:MaskedSummoner","floor":10,"turns":3},{"damage":1,"enemies":"Menagerie:Hydra","floor":14,"turns":2},{"damage":41,"enemies":"Menagerie:Suneater","floor":16,"turns":5},{"damage":14,"enemies":"2 Thieves","floor":18,"turns":2},{"damage":0,"enemies":"Chosen","floor":20,"turns":3},{"damage":6,"enemies":"Gremlin Leader","floor":23,"turns":1},{"damage":21,"enemies":"Snake Plant","floor":25,"turns":3},{"damage":6,"enemies":"3 Cultists","floor":29,"turns":2},{"damage":16,"enemies":"conspire:SneckoGhost","floor":30,"turns":3},{"damage":6,"enemies":"Sentry and Sphere","floor":31,"turns":2},{"damage":21,"enemies":"conspire:MysteriousRune","floor":33,"turns":3},{"damage":0,"enemies":"Orb Walker","floor":35,"turns":2},{"damage":0,"enemies":"3 Shapes","floor":36,"turns":2},{"damage":22,"enemies":"Writhing Mass","floor":38,"turns":4},{"damage":0,"enemies":"Reptomancer","floor":41,"turns":3},{"damage":0,"enemies":"3 Darklings","floor":46,"turns":2},{"damage":6,"enemies":"R_Hoarder","floor":47,"turns":2},{"damage":60,"enemies":"Awakened One","floor":50,"turns":5}],"seed_played":"-5968782069897603268","potions_obtained":[{"floor":6,"key":"Elixir"},{"floor":7,"key":"blueLaboratory:BottleOfRum"},{"floor":10,"key":"blueLaboratory:RememoryPotion"},{"floor":12,"key":"potionbrewer:CleansingPotion"},{"floor":14,"key":"blueLaboratory:FruitPunch"},{"floor":16,"key":"blueLaboratory:AbyssPotion"},{"floor":18,"key":"SteroidPotion"},{"floor":23,"key":"Elixir"},{"floor":38,"key":"potionbrewer:DiscountPotion"}],"is_trial":false,"path_per_floor":["M","?","?","?","M","M","E","M","T","E","R","?","R","E","R","B",null,"M","?","M","?","?","E","R","M","T","R","$","M","E","M","R","B",null,"M","M","?","M","$","R","E","R","T","?","$","M","E","?","R","B",null],"character_chosen":"IRONCLAD","items_purchased":["infinitespire:FocusingShard","PrismaticShard","Brimstone"],"campfire_rested":1,"item_purchase_floors":[28,28,39],"current_hp_per_floor":[80,60,60,60,66,62,43,38,38,44,44,26,48,53,53,32,76,76,76,76,60,60,60,60,47,47,47,47,59,53,57,57,46,76,77,77,77,65,65,65,74,74,74,74,74,74,74,74,74,32],"gold":125,"neow_bonus":"UPGRADE_CARD","is_daily":false,"chose_seed":false,"campfire_upgraded":8,"win_rate":0.0,"timestamp":1613073060,"path_taken":["M","?","?","?","M","M","E","?","T","E","R","?","R","E","R","BOSS","M","?","M","?","?","E","R","M","T","R","$","?","E","M","R","BOSS","M","M","?","M","?","R","E","R","T","?","$","M","E","?","R","BOSS"],"items_purchased_type":["Relic","Relic","Relic"],"build_version":"2020-12-18","purchased_purges":3,"victory":true,"max_hp_per_floor":[80,80,80,74,74,74,74,74,74,74,74,74,74,74,74,76,76,76,76,76,76,76,76,76,76,76,76,76,76,76,76,76,76,76,77,77,77,77,74,74,74,74,74,74,74,74,74,74,74,74],"relic_stats":{"counters":[23,63],"Bird Faced Urn":[20],"Blue Candle":[2],"PreservedInsect":215,"obtain_stats":[{"Dota2Spire:EchoSabre":9,"Menagerie:HuntersKnife":4,"RetroEgg":7,"Dota2Spire:OrchidMalevolence":12,"EVO:Axolotl":0,"PrismaticShard":28,"Smiling Mask":41,"Burning Blood":0,"Replay:Ringing Soul":50,"StuffTheSpire:Gunfinga":47,"infinitespire:ShieldingShard":46,"Replay:Blank Codex":21,"Red Skull":50,"Paper Frog":45,"wanderingMiniBosses:ThiefScarf":38,"Blue Candle":47,"PreservedInsect":14,"Dota2Spire:BattleFury":26,"infinitespire:FocusingShard":28,"Ring of Chaos":34,"potionbrewer:BhaskarasWheel":17,"infinitespire:CheckeredPen":41,"Replay:Baseball":10,"Brimstone":39,"Ornamental Fan":46,"Bird Faced Urn":23,"ReplayTheSpireMod:TigerMarble":30,"Snack Pack":41,"Bag of Marbles":43,"infinitespire:PuzzleCube":47},{"Dota2Spire:EchoSabre":5,"Menagerie:HuntersKnife":1,"RetroEgg":4,"Dota2Spire:OrchidMalevolence":6,"EVO:Axolotl":0,"PrismaticShard":12,"Smiling Mask":20,"Burning Blood":0,"Replay:Ringing Soul":22,"StuffTheSpire:Gunfinga":21,"infinitespire:ShieldingShard":20,"Replay:Blank Codex":10,"Red Skull":22,"Paper Frog":20,"wanderingMiniBosses:ThiefScarf":19,"Blue Candle":22,"PreservedInsect":7,"Dota2Spire:BattleFury":12,"infinitespire:FocusingShard":12,"Ring of Chaos":16,"potionbrewer:BhaskarasWheel":8,"infinitespire:CheckeredPen":19,"Replay:Baseball":6,"Brimstone":19,"Ornamental Fan":20,"Bird Faced Urn":11,"ReplayTheSpireMod:TigerMarble":14,"Snack Pack":19,"Bag of Marbles":20,"infinitespire:PuzzleCube":21},{"Dota2Spire:EchoSabre":14,"Menagerie:HuntersKnife":2,"RetroEgg":11,"Dota2Spire:OrchidMalevolence":17,"EVO:Axolotl":0,"PrismaticShard":33,"Smiling Mask":54,"Burning Blood":0,"Replay:Ringing Soul":58,"StuffTheSpire:Gunfinga":56,"infinitespire:ShieldingShard":54,"Replay:Blank Codex":29,"Red Skull":58,"Paper Frog":54,"wanderingMiniBosses:ThiefScarf":51,"Blue Candle":58,"PreservedInsect":19,"Dota2Spire:BattleFury":33,"infinitespire:FocusingShard":33,"Ring of Chaos":43,"potionbrewer:BhaskarasWheel":24,"infinitespire:CheckeredPen":51,"Replay:Baseball":17,"Brimstone":51,"Ornamental Fan":54,"Bird Faced Urn":30,"ReplayTheSpireMod:TigerMarble":38,"Snack Pack":51,"Bag of Marbles":54,"infinitespire:PuzzleCube":56}],"Burning Blood":99},"card_choices":[{"not_picked":["Shrug It Off","StuffTheSpire:RockThrow","Clothesline"],"picked":"SKIP","floor":1},{"not_picked":["infinitespire:UltimateForm","infinitespire:Starlight"],"picked":"infinitespire:Oblivion","floor":2},{"not_picked":["Burning Pact","ReplayReversal"],"picked":"Twin Strike","floor":5},{"not_picked":["Abandon","Second Wind","Cleave"],"picked":"SKIP","floor":6},{"not_picked":["Heavy Blade","Clash"],"picked":"Reaper","floor":7},{"not_picked":["Combust","StuffTheSpire:Slingshot","StuffTheSpire:Pyroclast"],"picked":"SKIP","floor":8},{"not_picked":["Clash","StuffTheSpire:BloodClot"],"picked":"Heavy Blade","floor":10},{"not_picked":["Armaments","ReplayTheSpireMod:LeadingStrike"],"picked":"Offering","floor":14},{"not_picked":["StuffTheSpire:TitanForm","Brutality"],"picked":"Demon Form","floor":16},{"not_picked":["Perfected Strike","Pommel Strike","Hemokinesis"],"picked":"SKIP","floor":18},{"not_picked":["Disarm+1","Feel No Pain","Havoc"],"picked":"SKIP","floor":20},{"not_picked":["StuffTheSpire:RockThrow","Havoc+1","Wild Strike+1"],"picked":"SKIP","floor":23},{"not_picked":["Immolate","Armaments","Infernal Blade+1"],"picked":"SKIP","floor":25},{"not_picked":["TheCursedMod:Wield","Runesmith:Firewall"],"picked":"potionbrewer:Fuel","floor":29},{"not_picked":["Replay:DivineShield","QueenMod:SwarmingStrike+1"],"picked":"potionbrewer:Spark+1","floor":30},{"not_picked":["TheCursedMod:Grudge","theVacant:BattleScars+1","theVacant:EyePoke"],"picked":"SKIP","floor":31},{"not_picked":["mysticmod:BulkUp+1","Hologram","Negative_Energy_Javelin+1"],"picked":"SKIP","floor":35},{"not_picked":["potionbrewer:Biohazard","StuffTheSpire:BumpUp"],"picked":"Conjunction:LightningStorm+1","floor":36},{"not_picked":["ReplayUltimateDefense","ReplayTheSpireMod:Brewmster"],"picked":"Deep Breath","floor":37},{"not_picked":["chefmod:FryPan+1","Barrage"],"picked":"PathToVictory","floor":38},{"not_picked":["CutThroughFate","Absolvement+1","Bane+1"],"picked":"SKIP","floor":41},{"not_picked":["StuffTheSpire:Harmony","StuffTheSpire:Vigor"],"picked":"StuffTheSpire:Brawn","floor":44},{"not_picked":["chefmod:ZaruSoba","ReplayTheSpireMod:Muscle Training+1"],"picked":"Slice+1","floor":46},{"not_picked":["Blasphemy","Runesmith:Discharge+1","potionbrewer:FuelCell+1"],"picked":"SKIP","floor":47}],"player_experience":1570583,"relics_obtained":[{"floor":7,"key":"RetroEgg"},{"floor":9,"key":"Dota2Spire:EchoSabre"},{"floor":10,"key":"Replay:Baseball"},{"floor":12,"key":"Dota2Spire:OrchidMalevolence"},{"floor":14,"key":"PreservedInsect"},{"floor":21,"key":"Replay:Blank Codex"},{"floor":23,"key":"Bird Faced Urn"},{"floor":26,"key":"Dota2Spire:BattleFury"},{"floor":30,"key":"ReplayTheSpireMod:TigerMarble"},{"floor":38,"key":"wanderingMiniBosses:ThiefScarf"},{"floor":41,"key":"Smiling Mask"},{"floor":43,"key":"Bag of Marbles"},{"floor":47,"key":"Blue Candle"}],"event_choices":[{"damage_healed":0,"gold_gain":0,"cards_transformed":["Wild Strike"],"player_choice":"Grasp","damage_taken":0,"max_hp_gain":0,"max_hp_loss":0,"event_name":"Menagerie:MagesHand","floor":3,"gold_loss":0,"cards_obtained":["Menagerie:Skullclamp"]},{"damage_healed":0,"gold_gain":0,"player_choice":"Take","damage_taken":0,"relics_obtained":["Menagerie:HuntersKnife"],"max_hp_gain":0,"max_hp_loss":6,"event_name":"Menagerie:BigGameHunter","floor":4,"gold_loss":0},{"damage_healed":0,"gold_gain":0,"player_choice":"Obtained Book","damage_taken":16,"max_hp_gain":0,"max_hp_loss":0,"event_name":"Cursed Tome","floor":21,"gold_loss":0},{"damage_healed":0,"gold_gain":0,"player_choice":"Upgraded","damage_taken":0,"max_hp_gain":0,"max_hp_loss":0,"event_name":"Upgrade Shrine","floor":22,"gold_loss":0,"cards_upgraded":["Heavy Blade"]},{"damage_healed":0,"gold_gain":0,"player_choice":"Memory 1","damage_taken":0,"max_hp_gain":0,"max_hp_loss":0,"event_name":"SensoryStone","floor":37,"gold_loss":0},{"cards_removed":["PathToVictory"],"damage_healed":0,"gold_gain":0,"player_choice":"Removed Skill","damage_taken":0,"max_hp_gain":0,"max_hp_loss":0,"event_name":"Falling","floor":48,"gold_loss":0}],"is_beta":true,"boss_relics":[{"not_picked":["infinitespire:Burning Sword","Runic Dome"],"picked":"potionbrewer:BhaskarasWheel"},{"not_picked":["Abe\u0027s Treasure","Philosopher\u0027s Stone"],"picked":"Ring of Chaos"}],"items_purged_floors":[28,28,39],"is_endless":false,"potions_floor_spawned":[6,7,10,14,16,18,23,25,29,35,36,38],"ascension_level":1}}