{"host":"d17dpptiltdcqz9s","time":1613055511,"event":{"mods":["BaseMod","Colored Powertips","Downfall","Minty Spire (QoL Compilation)","Replay The Spire","StSLib"],"gold_per_floor":[99,118,28,28,178,190,190,206,224,224,258,258,258,287,304,404,404,404,420,434,7,7,22,22,38,54,54,64,79,106,1,17,117,117,17,35,54,54,64,79,79,99,109,329,359,370,270,305,205,205,205,233,88,88,88,88],"floor_reached":57,"language":"ZHS","playtime":7395,"items_purged":["champ:Strike","downfall:Icky","champ:Strike"],"score":1265,"play_id":"f7439615-52a5-4a95-b561-340ee6823bef","local_time":"20210211225831","is_ascension_mode":false,"campfire_choices":[{"data":"champ:FanOfKnives","floor":13.0,"key":"SMITH"},{"floor":18.0,"key":"RECALL"},{"floor":35.0,"key":"DIG"},{"floor":47.0,"key":"REST"},{"floor":49.0,"key":"REST"},{"floor":54,"key":"REST"}],"circlet_count":0,"master_deck":["champ:Strike","champ:Strike","champ:Defend","champ:Defend","champ:Defend","champ:Defend","champ:Execute","champ:Taunt","champ:FaceSlap","champ:BringItOn","champ:Improvising","champ:Endure","champ:FanOfKnives+1","Feed","champ:TornadoPunch","champ:EnGarde","champ:Improvising","champ:Shatter","champ:MurderStrike","champ:StanceDance","Replay:SS_forest_2","expansioncontent:QuickStudy","champ:FocusedBerserking+1","champ:IronFortress+1","champ:ArenaPreparation","champ:Devastate","champ:RecklessLeap+1","Replay:SS_forest_2","champ:GladiatorForm","Pot Of Greed","Pot Of Greed","Pot Of Greed","champ:GutPunch","expansioncontent:AwakenDeath","champ:ShieldSlam+1","champ:UltimateStance"],"relics":["Ring of Panic","Ring of Peace","m_IronCrown","Blood Vial","Odd Mushroom","Fusion Hammer","Enchiridion","Singing Bowl","Counterbalance","Runic Pyramid","downfall:HeartBlessingRed","Grinning Jar","Nunchaku","downfall:HeartBlessingBlue","champ:GladiatorsBookOfMartialProwess","downfall:HeartBlessingGreen","Ice Cream"],"acts_visited":["Exordium","TheCity","TheBeyond","TheEnding"],"potions_floor_usage":[55,55,56],"damage_taken":[{"damage":20.0,"enemies":"Jaw Worm","floor":2.0,"turns":5.0},{"damage":10.0,"enemies":"downfall:FleeingMerchant","floor":3.0,"turns":4.0},{"damage":0.0,"enemies":"Small Slimes","floor":6.0,"turns":3.0},{"damage":2.0,"enemies":"2 Louse","floor":8.0,"turns":4.0},{"damage":20.0,"enemies":"2 Fungi Beasts","floor":9.0,"turns":4.0},{"damage":18.0,"enemies":"3 Sentries","floor":11.0,"turns":8.0},{"damage":10.0,"enemies":"The Mushroom Lair","floor":14.0,"turns":3.0},{"damage":6.0,"enemies":"Large Slime","floor":15.0,"turns":4.0},{"damage":81.0,"enemies":"DF_ARCHETYPE_STREAMLINE","floor":16.0,"turns":9.0},{"damage":7.0,"enemies":"Shell Parasite","floor":19.0,"turns":5.0},{"damage":12.0,"enemies":"Snake Plant","floor":20.0,"turns":5.0},{"damage":10.0,"enemies":"downfall:FleeingMerchant","floor":21.0,"turns":4.0},{"damage":47.0,"enemies":"3 Cultists","floor":23.0,"turns":5.0},{"damage":20.0,"enemies":"Shelled Parasite and Fungi","floor":25.0,"turns":4.0},{"damage":11.0,"enemies":"Cultist and Chosen","floor":26.0,"turns":8.0},{"damage":17.0,"enemies":"Snake Plant","floor":28.0,"turns":3.0},{"damage":34.0,"enemies":"Shelled Parasite and Fungi","floor":29.0,"turns":4.0},{"damage":42.0,"enemies":"Book of Stabbing","floor":30.0,"turns":4.0},{"damage":38.0,"enemies":"downfall:FleeingMerchant","floor":31.0,"turns":4.0},{"damage":28.0,"enemies":"Cultist and Chosen","floor":32.0,"turns":4.0},{"damage":43.0,"enemies":"WA_ARCHETYPE_CALM","floor":33.0,"turns":7.0},{"damage":34.0,"enemies":"3 Darklings","floor":36.0,"turns":2.0},{"damage":38.0,"enemies":"Orb Walker","floor":37.0,"turns":4.0},{"damage":30.0,"enemies":"Maw","floor":39.0,"turns":6.0},{"damage":38.0,"enemies":"Writhing Mass","floor":40.0,"turns":5.0},{"damage":53.0,"enemies":"3 Darklings","floor":42.0,"turns":6.0},{"damage":91.0,"enemies":"Spire Growth","floor":43.0,"turns":6.0},{"damage":5.0,"enemies":"downfall:FleeingMerchant","floor":44.0,"turns":2.0},{"damage":56.0,"enemies":"Reptomancer","floor":45.0,"turns":5.0},{"damage":57.0,"enemies":"Writhing Mass","floor":46.0,"turns":4.0},{"damage":59.0,"enemies":"Nemesis","floor":48.0,"turns":5.0},{"damage":64.0,"enemies":"IC_BLOCK_ARCHETYPE","floor":50.0,"turns":8.0},{"damage":187.0,"enemies":"downfall:CharBossMerchant","floor":52.0,"turns":8.0},{"damage":76,"enemies":"downfall:NeowBoss","floor":55,"turns":9},{"damage":75,"enemies":"downfall:NeowBossFinal","floor":56,"turns":11}],"seed_played":"8846470365700608832","potions_obtained":[{"floor":1.0,"key":"SteroidPotion"},{"floor":1.0,"key":"Guardian:BlockOnCardUsePotion"},{"floor":6.0,"key":"Explosive Potion"},{"floor":9.0,"key":"SpeedPotion"},{"floor":14.0,"key":"AttackPotion"},{"floor":16.0,"key":"EssenceOfSteel"},{"floor":20.0,"key":"Fire Potion"},{"floor":25.0,"key":"FearPotion"},{"floor":26.0,"key":"Toxic Potion"},{"floor":29.0,"key":"champ:UltimateStancePotion"},{"floor":30.0,"key":"Energy Potion"},{"floor":37.0,"key":"Elixir"},{"floor":39.0,"key":"LifebloodPotion"},{"floor":42.0,"key":"Strength Potion"},{"floor":45.0,"key":"Adrenaline Potion"}],"is_trial":false,"path_per_floor":["R","M","$","?","?","M","T","M","M","?","E","?","R","?","M","B",null,"R","M","M","$","?","M","T","M","M","?","M","M","E","$","M","B",null,"R","M","M","?","M","M","T","M","M","$","E","M","R","E","R","B",null,"E","$","R","B","B",null],"character_chosen":"THE_CHAMP","items_purchased":["champ:StanceDance","Replay:SS_forest_2","expansioncontent:QuickStudy","Replay:SS_forest_2","CultistPotion","Strength Potion"],"campfire_rested":3,"item_purchase_floors":[21,21,21,31,53,53],"current_hp_per_floor":[99,99,99,99,99,99,99,97,87,87,90,90,90,101,102,57,102,102,104,105,105,89,100,100,105,108,108,110,110,114,115,119,112,119,119,116,113,113,121,126,126,122,78,93,85,88,143,139,152,134,152,48,48,94,91,79],"gold":88,"neow_bonus":"TEN_PERCENT_HP_BONUS","is_daily":false,"chose_seed":false,"campfire_upgraded":1,"win_rate":0.0,"timestamp":1613055511,"path_taken":["R","M","$","?","?","?","T","M","M","?","E","?","R","?","M","BOSS","R","M","M","$","?","M","T","M","M","?","?","M","E","$","M","BOSS","R","?","M","?","M","M","T","M","M","$","E","M","R","E","R","BOSS","E","$","R","BOSS","BOSS"],"items_purchased_type":["Card","Card","Card","Card","Potion","Potion"],"build_version":"2020-12-22","purchased_purges":3,"victory":true,"max_hp_per_floor":[99,99,99,99,99,99,99,99,99,99,99,99,99,102,102,102,102,102,105,105,105,105,105,105,105,108,108,110,113,115,117,119,119,119,119,119,121,121,121,126,126,129,131,133,138,140,150,152,152,152,152,154,154,154,154,154],"card_choices":[{"not_picked":["champ:PreciseThrust","champ:DeathBlow"],"picked":"champ:FaceSlap","floor":2.0},{"not_picked":["champ:RapidStrikes","champ:Circumvent"],"picked":"champ:BringItOn","floor":3.0},{"not_picked":["champ:PreemptiveStrike","champ:PreciseThrust"],"picked":"champ:Improvising","floor":6.0},{"not_picked":["champ:GladiatorStyle","champ:FlashCut"],"picked":"champ:Endure","floor":8.0},{"not_picked":["champ:Parry","champ:DefensiveShout"],"picked":"champ:FanOfKnives","floor":9.0},{"not_picked":["champ:GutPunch","champ:BladeFlurry"],"picked":"Feed","floor":11.0},{"not_picked":["champ:Encircle","champ:BerserkersShout"],"picked":"champ:TornadoPunch","floor":14.0},{"not_picked":["champ:BladeFlurry","champ:Haymaker"],"picked":"champ:EnGarde","floor":15.0},{"not_picked":["champ:SteelEdge","Reaper"],"picked":"champ:Improvising","floor":16.0},{"not_picked":["champ:EndlessRage","champ:BerserkersShout","champ:FanOfKnives"],"picked":"SKIP","floor":19.0},{"not_picked":["champ:PerfectedStrike","champ:DefensiveShout"],"picked":"champ:Shatter","floor":20.0},{"not_picked":["champ:ShieldSlam+1","champ:AdrenalArmor"],"picked":"champ:MurderStrike","floor":21.0},{"not_picked":["champ:FaceSlap","champ:DefensiveShout"],"picked":"champ:FocusedBerserking+1","floor":23.0},{"not_picked":["champ:Circumvent+1","champ:FalseCounter"],"picked":"champ:IronFortress+1","floor":25.0},{"not_picked":["champ:BringItOn+1","champ:StanceDance"],"picked":"champ:ArenaPreparation","floor":26.0},{"not_picked":["champ:BringItOn+1","champ:Circumvent","champ:ArenaPreparation+1"],"picked":"Singing Bowl","floor":28.0},{"not_picked":["champ:CrownThrow","champ:IronFortress"],"picked":"champ:RecklessLeap+1","floor":29.0},{"not_picked":["champ:ArenaPreparation","champ:FlashCut+1","champ:HeavySlash"],"picked":"Singing Bowl","floor":30.0},{"not_picked":["champ:FaceSlap","champ:RisingSlash","champ:BerserkersShout"],"picked":"Singing Bowl","floor":31.0},{"not_picked":["champ:Encircle","champ:BringItOn","champ:FanOfKnives+1"],"picked":"Singing Bowl","floor":32.0},{"not_picked":["champ:Improvising","champ:ShieldThrow"],"picked":"champ:GladiatorForm","floor":33.0},{"not_picked":["champ:AdrenalArmor+1","champ:FocusedDefense+1"],"picked":"champ:GutPunch","floor":36.0},{"not_picked":["champ:Shatter+1","champ:CrownThrow+1","champ:DefensiveShout+1"],"picked":"Singing Bowl","floor":37.0},{"not_picked":["expansioncontent:GuardianWhirl","expansioncontent:Hexaburn"],"picked":"expansioncontent:AwakenDeath","floor":38.0},{"not_picked":["champ:BringItOn","champ:FocusedBerserking"],"picked":"champ:ShieldSlam+1","floor":39.0},{"not_picked":["champ:FaceSlap","champ:BladeFlurry+1","champ:FocusedBerserking"],"picked":"Singing Bowl","floor":40.0},{"not_picked":["champ:Circumvent+1","champ:CrownThrow"],"picked":"champ:UltimateStance","floor":42.0},{"not_picked":["champ:HeartStrike","champ:Backstep+1","champ:Circumvent+1"],"picked":"Singing Bowl","floor":43.0},{"not_picked":["champ:Duel+1","champ:FancyFootwork","champ:RisingSlash+1"],"picked":"Singing Bowl","floor":44.0},{"not_picked":["champ:Parry+1","champ:FlashCut","champ:EnGarde"],"picked":"Singing Bowl","floor":45.0},{"not_picked":["champ:DefensiveShout+1","champ:FlashCut+1","champ:FalseCounter+1"],"picked":"Singing Bowl","floor":46.0},{"not_picked":["champ:SetATrap+1","champ:DeathBlow","champ:Backstep+1"],"picked":"Singing Bowl","floor":48.0},{"not_picked":["champ:TornadoPunch+1","champ:GladiatorStyle+1","champ:RapidStrikes"],"picked":"Singing Bowl","floor":52.0}],"player_experience":244843,"relics_obtained":[{"floor":4.0,"key":"Ring of Panic"},{"floor":4.0,"key":"Ring of Peace"},{"floor":7.0,"key":"Divine Protection"},{"floor":11.0,"key":"Blood Vial"},{"floor":14.0,"key":"Odd Mushroom"},{"floor":22.0,"key":"Enchiridion"},{"floor":24.0,"key":"Singing Bowl"},{"floor":30.0,"key":"Counterbalance"},{"floor":35.0,"key":"Grinning Jar"},{"floor":45.0,"key":"Nunchaku"},{"floor":48.0,"key":"champ:GladiatorsBookOfMartialProwess"},{"floor":52.0,"key":"Ice Cream"}],"event_choices":[{"cards_removed":["Delirium"],"damage_healed":0.0,"max_hp_gain":0.0,"max_hp_loss":0.0,"gold_gain":0.0,"event_name":"The Cleric","player_choice":"Card Removal","floor":12.0,"gold_loss":0.0,"damage_taken":0.0},{"damage_healed":0.0,"max_hp_gain":0.0,"max_hp_loss":0.0,"gold_gain":0.0,"event_name":"Mushrooms","player_choice":"Fought Mushrooms","floor":14.0,"gold_loss":0.0,"damage_taken":0.0}],"is_beta":false,"boss_relics":[{"not_picked":["Replay:Ancient Bell","Ring of Chaos"],"picked":"Fusion Hammer"},{"not_picked":["SacredBark","bronze:MakeshiftBattery"],"picked":"Runic Pyramid"}],"items_purged_floors":[3,21,44],"is_endless":false,"potions_floor_spawned":[6,9,14,16,20,25,26,29,30,37,39,42,45,48],"ascension_level":0}}