{"host":"avfk0uqadyfnr875","time":1613026904,"event":{"mods":["2.2 Compatiblity","Act Like it!","BaseMod","Chen","Colored Powertips","Downfall","Gensokyo","Koishi","KomeijiMod","Marisa（F雨　魔理沙）","Minty Spire (QoL Compilation)","Pale of the Ancients","Quick Restart","READ ME - Guardian Mod","Reimu（博丽灵梦）","Shop Mod","StSLib","The Animator","[功能]功能增强和修复MOD"],"gold_per_floor":[366,406,52,52,7,7,7,7,7],"floor_reached":8,"language":"ZHS","playtime":430,"items_purged":["animator:Strike","animator:Strike","Clumsy"],"score":67,"play_id":"16401c70-3fc1-489e-b001-d265275f9048","local_time":"20210211150144","is_ascension_mode":true,"campfire_choices":[{"floor":6,"key":"REST"}],"circlet_count":0,"master_deck":["animator:Strike_Elsword","animator:Defend_Elsword","animator:Strike","animator:Defend","animator:Defend","animator:Defend","animator:Chung","animator:Raven","animator:NarberalGamma","animator:Shalltear","Gensokyo:LochNessMonster","Gensokyo:ScrapIron","Gensokyo:LockedMedkit","Gensokyo:DepletedGenerator","Injury"],"relics":["animator:LivingPicture","animator:TheMissingPiece","Toxic Egg 2","Gensokyo:OccultBall","Orichalcum","Happy Flower"],"acts_visited":["Gensokyo:Gensokyo"],"potions_floor_usage":[2],"damage_taken":[{"damage":0,"enemies":"Gensokyo:3_Fairies","floor":1,"turns":6},{"damage":33,"enemies":"Gensokyo:Aya","floor":2,"turns":7},{"damage":48,"enemies":"Gensokyo:Aya","floor":8,"turns":9}],"seed_played":"6002944091889038644","potions_obtained":[{"floor":1,"key":"ZuzhouPotion:ReiMu"},{"floor":1,"key":"Energy Potion"}],"is_trial":false,"path_per_floor":["M","?","COS","?","$","R","?","E"],"character_chosen":"THE_ANIMATOR","items_purchased":["Orichalcum"],"campfire_rested":1,"item_purchase_floors":[5],"current_hp_per_floor":[59,26,26,26,26,45,45,0,0],"gold":7,"neow_bonus":"TWO_FIFTY_GOLD","is_daily":false,"chose_seed":false,"campfire_upgraded":0,"win_rate":0.0,"timestamp":1613026904,"path_taken":["M","?","COS","?","?","R","?","E"],"items_purchased_type":["Relic"],"build_version":"2020-12-22","purchased_purges":3,"victory":false,"max_hp_per_floor":[66,66,66,66,66,66,66,66,66],"card_choices":[{"not_picked":["animator:LizardPriest","animator:Darkness"],"picked":"animator:NarberalGamma","floor":1},{"not_picked":["animator:YaoHaDucy","animator:ChaikaBohdan"],"picked":"animator:Shalltear","floor":1},{"not_picked":["animator:RoyMustang","animator:Darkness"],"picked":"animator:Add+1","floor":2}],"player_experience":386699,"relics_obtained":[{"floor":2,"key":"Toxic Egg 2"}],"event_choices":[],"is_beta":false,"boss_relics":[],"items_purged_floors":[5,5,5],"is_endless":false,"potions_floor_spawned":[1,1],"killed_by":"Gensokyo:Aya","ascension_level":7}}