{"host":"fl6c84p0pqwjbhud","time":1613037758,"event":{"mods":["AchievementEnabler","BaseMod","Better Altar","Better Match","Better Note","Better Sensory Stone","Better Skull","Better Third Choice","Better Vampires","Better-Laid Plans","Colored Map","Defuse TimeMaze Blight","Displayed Cursed Tome","Energized Spire","Highlight Path","Minty Spire (QoL Compilation)","Permanent Neow","Quick Restart","Relic Sorter","StSLib","Synergy Search","Transform Curses"],"gold_per_floor":[115,115,131,149,160,160,172,186,186,186,186,206,241,252,252,252,252],"floor_reached":16,"language":"ENG","playtime":909,"items_purged":[],"score":111,"play_id":"062e12de-5201-49cc-8167-ce297fd2457e","local_time":"20210211110238","is_ascension_mode":true,"campfire_choices":[{"floor":6,"key":"REST"},{"floor":15,"key":"REST"}],"circlet_count":0,"master_deck":["Strike_B","Strike_B","Strike_B","Strike_B","Defend_B","Defend_B","Defend_B","Zap","Dualcast","Coolheaded","FTL","Coolheaded","Defragment","Storm","Steam","Steam","Magnetism","White Noise","Electrodynamics","Cold Snap"],"relics":["Cracked Core","Shuriken","Bag of Preparation"],"acts_visited":["Exordium"],"potions_floor_usage":[],"damage_taken":[{"damage":8,"enemies":"2 Louse","floor":1,"turns":3},{"damage":4,"enemies":"Cultist","floor":3,"turns":4},{"damage":8,"enemies":"Small Slimes","floor":4,"turns":3},{"damage":30,"enemies":"Gremlin Gang","floor":5,"turns":4},{"damage":11,"enemies":"Exordium Wildlife","floor":7,"turns":4},{"damage":13,"enemies":"Large Slime","floor":8,"turns":7},{"damage":5,"enemies":"3 Louse","floor":12,"turns":5},{"damage":5,"enemies":"Lagavulin","floor":13,"turns":6},{"damage":12,"enemies":"2 Fungi Beasts","floor":14,"turns":4},{"damage":23,"enemies":"The Guardian","floor":16,"turns":5}],"seed_played":"7182396015527457389","potions_obtained":[{"floor":0,"key":"ColorlessPotion"},{"floor":0,"key":"Strength Potion"},{"floor":0,"key":"EssenceOfSteel"},{"floor":4,"key":"ColorlessPotion"},{"floor":7,"key":"Energy Potion"}],"is_trial":false,"path_per_floor":["M","?","M","M","M","R","M","M","T","?","?","M","E","M","R","B"],"character_chosen":"DEFECT","items_purchased":[],"campfire_rested":2,"item_purchase_floors":[],"current_hp_per_floor":[67,67,63,55,25,47,36,23,23,23,23,18,13,1,23,0,0],"gold":252,"neow_bonus":"THREE_SMALL_POTIONS","is_daily":false,"chose_seed":false,"campfire_upgraded":0,"win_rate":0.0,"timestamp":1613037758,"path_taken":["M","?","M","M","M","R","?","M","T","?","?","M","E","M","R","BOSS"],"items_purchased_type":[],"build_version":"2020-12-22","purchased_purges":0,"victory":false,"max_hp_per_floor":[75,75,75,75,75,75,75,75,75,75,75,75,75,75,75,75,75],"card_choices":[{"not_picked":["Stack","Redo"],"picked":"Coolheaded","floor":1},{"not_picked":["Conserve Battery","Turbo"],"picked":"FTL","floor":3},{"not_picked":["Compile Driver","Steam"],"picked":"Coolheaded","floor":4},{"not_picked":["BootSequence","Skim"],"picked":"Defragment","floor":5},{"not_picked":["Blizzard","Turbo"],"picked":"Storm","floor":7},{"not_picked":["Rebound","Compile Driver"],"picked":"Steam","floor":8},{"not_picked":["Leap","Ball Lightning"],"picked":"Steam","floor":11},{"not_picked":["Secret Technique","Chrysalis"],"picked":"Magnetism","floor":11},{"not_picked":["Ball Lightning","BootSequence"],"picked":"White Noise","floor":12},{"not_picked":["Redo","Turbo"],"picked":"Electrodynamics","floor":13},{"not_picked":["BootSequence","Multi-Cast"],"picked":"Cold Snap","floor":14}],"player_experience":501126,"relics_obtained":[{"floor":9,"key":"Shuriken"},{"floor":13,"key":"Bag of Preparation"}],"event_choices":[{"cards_removed":["Defend_B"],"damage_healed":0,"gold_gain":0,"player_choice":"Purged","damage_taken":0,"max_hp_gain":0,"max_hp_loss":0,"event_name":"Purifier","floor":2,"gold_loss":0},{"damage_healed":0,"gold_gain":0,"player_choice":"Ignored","damage_taken":186,"max_hp_gain":0,"max_hp_loss":0,"event_name":"betterThird:BetterSerpent","floor":10,"gold_loss":0},{"damage_healed":0,"gold_gain":0,"player_choice":"1","damage_taken":0,"max_hp_gain":0,"max_hp_loss":0,"event_name":"betterMatch:BetterMatch","floor":11,"gold_loss":0,"cards_obtained":["betterMatch:CommonCard","betterMatch:ColorlessRareCard"]}],"is_beta":false,"boss_relics":[],"items_purged_floors":[],"is_endless":false,"potions_floor_spawned":[4,7,8],"killed_by":"The Guardian","ascension_level":1}}