{"host":"p4v0hquynnreu717","time":1613045985,"event":{"mods":["BaseMod","Better Vampires","DeckTracker","Googly Eyes","Minty Spire (QoL Compilation)","Quick Restart","StSLib","SuperFastMode"],"gold_per_floor":[369,5,5,21,39,39,66,66,66,66,91,9,21,37,37,114,114,129,44,44,44,61,61,92,92,119,119,119,219,71,101,101,180,180,191,206,255,255,275,275,302,302,354,389,406,47,79,89,89,89,89,89,19,45,45],"floor_reached":56,"language":"ZHS","playtime":4446,"items_purged":["Strike_R","Wild Strike+1"],"score":2123,"play_id":"0ef8add0-511a-43d3-8cf5-773d9c69fc38","local_time":"20210211201945","is_ascension_mode":true,"campfire_choices":[{"data":"Berserk","floor":6.0,"key":"SMITH"},{"data":"Inflame","floor":8.0,"key":"SMITH"},{"data":"Armaments","floor":15.0,"key":"SMITH"},{"data":"Offering","floor":23.0,"key":"SMITH"},{"floor":25.0,"key":"REST"},{"data":"Rupture","floor":27.0,"key":"SMITH"},{"data":"Rupture","floor":32.0,"key":"SMITH"},{"floor":40.0,"key":"RECALL"},{"floor":49,"key":"REST"},{"floor":52,"key":"REST"}],"circlet_count":0,"master_deck":["AscendersBane","Bash","Berserk+1","Second Wind","Inflame+1","True Grit+1","Shrug It Off","Reaper","Rupture+1","Armaments+1","Rupture+1","Sentinel","Offering+1","J.A.X.","Power Through+1","Sentinel+1","Pommel Strike+1","Exhume+1","Pummel+1","Rupture+1","Berserk","Pommel Strike+1","Dark Embrace","Exhume","Bloodletting","Exhume","Seeing Red"],"relics":["Burning Blood","Orrery","Centennial Puzzle","Sundial","Molten Egg 2","Paper Frog","Pandora\u0027s Box","PreservedInsect","Juzu Bracelet","FossilizedHelix","Matryoshka","Bronze Scales","Fusion Hammer","Prayer Wheel","War Paint","Strawberry","Bag of Marbles","Dream Catcher","OrangePellets","Bag of Preparation","Red Skull"],"acts_visited":["Exordium","TheCity","TheBeyond","TheEnding"],"potions_floor_usage":[],"damage_taken":[{"damage":7.0,"enemies":"2 Louse","floor":1.0,"turns":4.0},{"damage":8.0,"enemies":"Jaw Worm","floor":4.0,"turns":3.0},{"damage":0.0,"enemies":"Cultist","floor":5.0,"turns":3.0},{"damage":14.0,"enemies":"3 Sentries","floor":7.0,"turns":9.0},{"damage":13.0,"enemies":"Lagavulin","floor":11.0,"turns":7.0},{"damage":37.0,"enemies":"Exordium Thugs","floor":13.0,"turns":6.0},{"damage":11.0,"enemies":"Looter","floor":14.0,"turns":5.0},{"damage":19.0,"enemies":"The Guardian","floor":16.0,"turns":15.0},{"damage":30.0,"enemies":"3 Byrds","floor":18.0,"turns":6.0},{"damage":41.0,"enemies":"Spheric Guardian","floor":22.0,"turns":6.0},{"damage":43.0,"enemies":"Book of Stabbing","floor":24.0,"turns":4.0},{"damage":0.0,"enemies":"Snecko","floor":28.0,"turns":1.0},{"damage":36.0,"enemies":"Colosseum Slavers","floor":29.0,"turns":8.0},{"damage":23.0,"enemies":"Colosseum Nobs","floor":29.0,"turns":5.0},{"damage":53.0,"enemies":"Slavers","floor":31.0,"turns":10.0},{"damage":51.0,"enemies":"Automaton","floor":33.0,"turns":9.0},{"damage":12.0,"enemies":"Orb Walker","floor":35.0,"turns":2.0},{"damage":30.0,"enemies":"3 Darklings","floor":36.0,"turns":7.0},{"damage":38.0,"enemies":"2 Orb Walkers","floor":37.0,"turns":4.0},{"damage":15.0,"enemies":"Transient","floor":39.0,"turns":4.0},{"damage":39.0,"enemies":"Nemesis","floor":41.0,"turns":3.0},{"damage":9.0,"enemies":"Reptomancer","floor":44.0,"turns":2.0},{"damage":28.0,"enemies":"Jaw Worm Horde","floor":45.0,"turns":2.0},{"damage":18.0,"enemies":"Nemesis","floor":47.0,"turns":1.0},{"damage":18.0,"enemies":"Sphere and 2 Shapes","floor":48.0,"turns":3.0},{"damage":100,"enemies":"Awakened One","floor":50,"turns":4},{"damage":27,"enemies":"Shield and Spear","floor":54,"turns":2},{"damage":117,"enemies":"The Heart","floor":55,"turns":6}],"seed_played":"6507532604520571846","potions_obtained":[{"floor":4.0,"key":"Explosive Potion"},{"floor":7.0,"key":"SteroidPotion"},{"floor":13.0,"key":"ElixirPotion"},{"floor":22.0,"key":"SmokeBomb"},{"floor":33.0,"key":"Weak Potion"},{"floor":39.0,"key":"Energy Potion"},{"floor":54,"key":"Strength Potion"}],"is_trial":false,"path_per_floor":["M","$","?","M","M","R","E","R","T","?","E","$","M","M","R","B",null,"M","?","?","$","M","R","E","R","T","R","M","?","$","E","R","B",null,"M","M","?","?","M","R","E","?","T","E","M","$","E","M","R","B",null,"R","$","E","B",null],"character_chosen":"IRONCLAD","items_purchased":["Orrery","Centennial Puzzle","Rupture","Armaments","Pommel Strike+1","Dark Embrace","OrangePellets","Exhume","Exhume"],"campfire_rested":3,"item_purchase_floors":[2,2,12,12,30,46,46,46,53],"current_hp_per_floor":[49,49,26,24,30,30,22,22,22,47,49,49,32,32,32,28,63,60,60,60,60,45,45,8,30,30,30,36,62,62,58,58,75,75,75,75,69,65,75,75,75,75,82,82,82,82,82,82,82,82,82,82,82,82,63],"gold":45,"neow_bonus":"TWO_FIFTY_GOLD","is_daily":false,"chose_seed":false,"campfire_upgraded":6,"win_rate":0.0,"timestamp":1613045985,"path_taken":["M","$","?","M","M","R","E","R","T","?","E","$","M","M","R","BOSS","M","?","?","?","M","R","E","R","T","R","M","?","$","E","R","BOSS","M","M","?","?","M","R","E","?","T","E","M","?","E","M","R","BOSS","R","$","E","BOSS"],"items_purchased_type":["Relic","Relic","Card","Card","Card","Card","Relic","Card","Card"],"build_version":"2020-12-22","purchased_purges":2,"victory":true,"max_hp_per_floor":[75,75,75,75,75,75,75,75,75,75,75,75,75,75,75,75,75,75,75,75,75,75,75,75,75,75,75,75,75,75,75,75,75,75,75,75,75,75,75,75,75,75,82,82,82,82,82,82,82,82,82,82,82,82,82],"card_choices":[{"not_picked":["Pommel Strike","Clash","Heavy Blade"],"picked":"SKIP","floor":1.0},{"not_picked":["Pommel Strike","Clash","Heavy Blade"],"picked":"SKIP","floor":1.0},{"not_picked":["Twin Strike","Intimidate"],"picked":"Berserk","floor":2.0},{"not_picked":["Power Through","Armaments"],"picked":"Second Wind","floor":2.0},{"not_picked":["Combust","Thunderclap"],"picked":"Inflame","floor":2.0},{"not_picked":["Searing Blow","Twin Strike"],"picked":"True Grit","floor":2.0},{"not_picked":["Seeing Red","Headbutt","Searing Blow"],"picked":"SKIP","floor":4.0},{"not_picked":["Iron Wave","Clash"],"picked":"Shrug It Off","floor":5.0},{"not_picked":["Blood for Blood","Infernal Blade"],"picked":"Reaper","floor":7.0},{"not_picked":["Clothesline+1","Perfected Strike+1","Headbutt+1"],"picked":"SKIP","floor":11.0},{"not_picked":["Heavy Blade+1","Perfected Strike+1"],"picked":"Rupture","floor":13.0},{"not_picked":["Havoc","Sentinel","Intimidate"],"picked":"SKIP","floor":14.0},{"not_picked":["Havoc","Intimidate"],"picked":"Sentinel","floor":14.0},{"not_picked":["Immolate+1","Juggernaut"],"picked":"Offering","floor":16.0},{"not_picked":["Headbutt+1","Shrug It Off","Flex"],"picked":"SKIP","floor":18.0},{"not_picked":["Fire Breathing","Shrug It Off"],"picked":"Wild Strike+1","floor":22.0},{"not_picked":["Infernal Blade","Pummel+1"],"picked":"Power Through","floor":24.0},{"not_picked":["Blood for Blood+1","Ghostly Armor"],"picked":"Sentinel+1","floor":29.0},{"not_picked":["Clothesline+1","Flame Barrier","Heavy Blade+1"],"picked":"SKIP","floor":31.0},{"not_picked":["Bludgeon+1","Corruption"],"picked":"Exhume","floor":33.0},{"not_picked":["Flame Barrier","Inflame","Wild Strike+1"],"picked":"SKIP","floor":35.0},{"not_picked":["Twin Strike+1","Metallicize","Headbutt+1"],"picked":"SKIP","floor":36.0},{"not_picked":["Battle Trance","Shrug It Off","Sword Boomerang+1"],"picked":"SKIP","floor":39.0},{"not_picked":["Metallicize","Flex+1","Infernal Blade"],"picked":"SKIP","floor":39.0},{"not_picked":["Hemokinesis+1","Perfected Strike+1"],"picked":"Pummel+1","floor":41.0},{"not_picked":["Seeing Red","Clothesline+1"],"picked":"Berserk","floor":44.0},{"not_picked":["Bludgeon+1","Anger+1"],"picked":"Pommel Strike+1","floor":45.0},{"not_picked":["Heavy Blade+1","Anger+1","Iron Wave+1"],"picked":"SKIP","floor":45.0},{"not_picked":["Shrug It Off","Wild Strike+1","Armaments"],"picked":"SKIP","floor":47.0},{"not_picked":["Cleave+1","Wild Strike+1","Headbutt+1"],"picked":"SKIP","floor":48},{"not_picked":["True Grit+1","Sentinel","Pummel+1"],"picked":"SKIP","floor":48},{"not_picked":["Dropkick+1","Sword Boomerang+1"],"picked":"Bloodletting","floor":49},{"not_picked":["Ghostly Armor","Headbutt+1"],"picked":"Seeing Red","floor":54}],"player_experience":836229,"relics_obtained":[{"floor":7.0,"key":"Sundial"},{"floor":9.0,"key":"Molten Egg 2"},{"floor":11.0,"key":"Paper Frog"},{"floor":24.0,"key":"Juzu Bracelet"},{"floor":29.0,"key":"FossilizedHelix"},{"floor":29.0,"key":"Matryoshka"},{"floor":31.0,"key":"Bronze Scales"},{"floor":37.0,"key":"Prayer Wheel"},{"floor":41.0,"key":"War Paint"},{"floor":43.0,"key":"Strawberry"},{"floor":43.0,"key":"Bag of Marbles"},{"floor":44.0,"key":"Dream Catcher"},{"floor":47.0,"key":"Bag of Preparation"},{"floor":54,"key":"Red Skull"}],"event_choices":[{"damage_healed":0.0,"max_hp_gain":0.0,"max_hp_loss":0.0,"gold_gain":0.0,"event_name":"Shining Light","player_choice":"Entered Light","floor":3.0,"gold_loss":0.0,"damage_taken":23.0,"cards_upgraded":["Strike_R","True Grit"]},{"damage_healed":25.0,"max_hp_gain":0.0,"max_hp_loss":0.0,"gold_gain":0.0,"event_name":"Big Fish","player_choice":"Banana","floor":10.0,"gold_loss":0.0,"damage_taken":0.0},{"damage_healed":0.0,"max_hp_gain":0.0,"max_hp_loss":0.0,"gold_gain":0.0,"event_name":"Addict","player_choice":"Obtained Relic","floor":19.0,"gold_loss":85.0,"damage_taken":0.0,"relics_obtained":["PreservedInsect"]},{"damage_healed":0.0,"max_hp_gain":0.0,"max_hp_loss":0.0,"gold_gain":0.0,"event_name":"Drug Dealer","player_choice":"Obtain J.A.X.","floor":20.0,"gold_loss":0.0,"damage_taken":0.0,"cards_obtained":["J.A.X."]},{"damage_healed":0.0,"max_hp_gain":0.0,"max_hp_loss":0.0,"gold_gain":0.0,"event_name":"Colosseum","player_choice":"Fight","floor":29.0,"gold_loss":0.0,"damage_taken":0.0},{"damage_healed":0.0,"max_hp_gain":0.0,"max_hp_loss":0.0,"gold_gain":0.0,"event_name":"Colosseum","player_choice":"Fought Nobs","floor":29.0,"gold_loss":0.0,"damage_taken":0.0},{"damage_healed":0.0,"max_hp_gain":0.0,"max_hp_loss":0.0,"gold_gain":0.0,"event_name":"Mysterious Sphere","player_choice":"Fight","floor":37.0,"gold_loss":0.0,"damage_taken":0.0},{"damage_healed":0.0,"max_hp_gain":0.0,"max_hp_loss":0.0,"gold_gain":0.0,"event_name":"The Woman in Blue","player_choice":"Bought 0 Potions","floor":38.0,"gold_loss":0.0,"damage_taken":0.0},{"damage_healed":0.0,"max_hp_gain":0.0,"max_hp_loss":0.0,"gold_gain":0.0,"event_name":"Duplicator","player_choice":"Copied","floor":42.0,"gold_loss":0.0,"damage_taken":0.0,"cards_obtained":["Rupture"]}],"is_beta":false,"boss_relics":[{"not_picked":["Velvet Choker","SacredBark"],"picked":"Pandora\u0027s Box"},{"not_picked":["Tiny House","Busted Crown"],"picked":"Fusion Hammer"}],"items_purged_floors":[2,30],"is_endless":false,"potions_floor_spawned":[4,7,13,16,22,28,33,39,44,45,47,54],"ascension_level":15}}