{"host":"mz5hf7l9u79ze5ha","time":1613052674,"event":{"mods":["AchievementEnabler","BaseMod","Bestiary","Better Third Choice","BetterRewards","Colored Map","Colored Powertips","Curses Come First","Downfall","Googly Eyes","Hermit","Hubris","Minty Spire (QoL Compilation)","Quick Restart","Rare Cards Sparkle","Relic Stats","Reliquary","Replay The Spire","StSLib","The Bladedancer","The Bug Knight","The Cursed","The Hierophant","The Marked","Unceasing Turn Reminder"],"gold_per_floor":[115,115,130,130,142,142,171,206,206,206,238,338,177,189,189,292,292,308,320,346,365,365,365,365,365],"floor_reached":24,"language":"ENG","playtime":1612,"items_purged":["hermit:Strike_Hermit"],"score":225,"play_id":"f240fcd7-1553-45c8-944a-15fd10e327f5","local_time":"20210211161114","is_ascension_mode":false,"campfire_choices":[{"floor":6,"key":"REST"},{"floor":10,"key":"REST"},{"floor":23,"key":"REST"}],"circlet_count":0,"master_deck":["hermit:Strike_Hermit","hermit:Strike_Hermit","hermit:Strike_Hermit","hermit:Defend_Hermit","hermit:Defend_Hermit","hermit:Defend_Hermit","hermit:Defend_Hermit","hermit:Snapshot","hermit:Covet","hermit:Coalescence+1","hermit:BodyArmor+1","hermit:TrackingShot","hermit:DeadOrAlive","hermit:Misfire","hermit:Gambit","ReplayTheSpireMod:Splinters","hermit:Deadeye","hermit:Vantage","Looming Evil","Replay:Sssssssssshield","hermit:Reprieve","hermit:Dive+1","hermit:TakeAim","hermit:Malice","downfall:Bewildered"],"relics":["hermit:Momento","NeowsBlessing","Bag of Preparation","Darkstone Periapt","hubris:ToyBattleship","StoneCalendar","reliquary:RosewoodLute","ReplayTheSpireMod:CursedCoin","HollowMod:PaleOreRelic","Gremlin Horn"],"acts_visited":["Exordium","TheCity"],"potions_floor_usage":[16,16,20,24,24],"damage_taken":[{"damage":0,"enemies":"Jaw Worm","floor":1,"turns":1},{"damage":0,"enemies":"2 Louse","floor":3,"turns":1},{"damage":0,"enemies":"Small Slimes","floor":5,"turns":1},{"damage":29,"enemies":"3 Sentries","floor":7,"turns":14},{"damage":14,"enemies":"Gremlin Gang","floor":8,"turns":6},{"damage":0,"enemies":"Blue Slaver","floor":11,"turns":2},{"damage":0,"enemies":"2 Fungi Beasts","floor":14,"turns":3},{"damage":57,"enemies":"Fading Forest","floor":16,"turns":11},{"damage":18,"enemies":"Shell Parasite","floor":18,"turns":7},{"damage":18,"enemies":"Spheric Guardian","floor":19,"turns":7},{"damage":14,"enemies":"Centurion and Healer","floor":20,"turns":9},{"damage":30,"enemies":"Snake Plant","floor":21,"turns":7},{"damage":62,"enemies":"Slavers","floor":24,"turns":4}],"seed_played":"4801085367256491492","potions_obtained":[{"floor":3,"key":"Explosive Potion"},{"floor":11,"key":"Slimebound:ThreeZeroPotion"},{"floor":14,"key":"bronze:BurnAndBuffPotion"},{"floor":16,"key":"Toxic Potion"},{"floor":18,"key":"hermit:BlackBile"}],"is_trial":false,"path_per_floor":["M","?","M","?","M","R","E","M","T","R","M","?","$","M","R_BF","B",null,"M","M","M","M","?","R","E"],"character_chosen":"HERMIT","items_purchased":["ReplayTheSpireMod:CursedCoin","HollowMod:PaleOreRelic","Replay:Sssssssssshield"],"campfire_rested":3,"item_purchase_floors":[13,13,13],"current_hp_per_floor":[75,75,75,54,54,75,46,32,32,54,54,60,66,66,87,50,87,69,59,49,27,33,60,0,0],"gold":365,"neow_bonus":"THREE_ENEMY_KILL","is_daily":false,"chose_seed":false,"campfire_upgraded":0,"win_rate":0.0,"timestamp":1613052674,"path_taken":["M","?","M","?","M","R","E","?","T","R","M","?","$","M","R_BF","BOSS","M","M","M","?","?","R","E"],"items_purchased_type":["Relic","Relic","Card"],"build_version":"2020-12-22","purchased_purges":1,"victory":false,"max_hp_per_floor":[75,75,75,75,75,75,75,75,75,75,75,81,87,87,87,87,87,87,87,87,87,93,93,93,93],"relic_stats":{"Darkstone Periapt":18,"Gremlin Horn":[1,1],"counters":[31,172],"StoneCalendar":[263],"Bag of Preparation":[22],"obtain_stats":[{"Darkstone Periapt":4,"hubris:DisguiseKit":22,"Pear":24,"NeowsBlessing":0,"Gremlin Horn":22,"ReplayTheSpireMod:CursedCoin":25,"Dead Branch":11,"HollowMod:VesselMask":0,"Mango":6,"StoneCalendar":9,"Bag of Preparation":4,"Odd Mushroom":10,"reliquary:RosewoodLute":12,"HollowMod:MillibellesNoteRelic":20,"Sozu":17,"BranchBurnRelic":13,"Ornamental Fan":9,"Ring of Peace":21,"Red Mask":19,"hubris:TenFootPole":25,"Art of War":29,"hubris:ToyBattleship":7,"HollowMod:PaleOreRelic":13},{"Darkstone Periapt":20,"hubris:DisguiseKit":12,"Pear":13,"NeowsBlessing":0,"Gremlin Horn":30,"ReplayTheSpireMod:CursedCoin":13,"Dead Branch":7,"HollowMod:VesselMask":0,"Mango":4,"StoneCalendar":23,"Bag of Preparation":20,"Odd Mushroom":6,"reliquary:RosewoodLute":24,"HollowMod:MillibellesNoteRelic":12,"Sozu":10,"BranchBurnRelic":8,"Ornamental Fan":5,"Ring of Peace":12,"Red Mask":12,"hubris:TenFootPole":13,"Art of War":15,"hubris:ToyBattleship":22,"HollowMod:PaleOreRelic":24},{"Darkstone Periapt":101,"hubris:DisguiseKit":52,"Pear":59,"NeowsBlessing":0,"Gremlin Horn":168,"ReplayTheSpireMod:CursedCoin":59,"Dead Branch":26,"HollowMod:VesselMask":0,"Mango":12,"StoneCalendar":122,"Bag of Preparation":101,"Odd Mushroom":20,"reliquary:RosewoodLute":124,"HollowMod:MillibellesNoteRelic":52,"Sozu":42,"BranchBurnRelic":29,"Ornamental Fan":16,"Ring of Peace":52,"Red Mask":52,"hubris:TenFootPole":59,"Art of War":72,"hubris:ToyBattleship":116,"HollowMod:PaleOreRelic":124}]},"card_choices":[{"not_picked":["hermit:HoleUp","hermit:Combo"],"picked":"hermit:Coalescence","floor":1},{"not_picked":["hermit:FullyLoaded","hermit:LuckOfTheDraw"],"picked":"hermit:BodyArmor","floor":3},{"not_picked":["hermit:Quickdraw","hermit:Coalescence"],"picked":"hermit:TrackingShot","floor":5},{"not_picked":["hermit:Midnight","hermit:ItchyTrigger"],"picked":"hermit:DeadOrAlive","floor":7},{"not_picked":["hermit:WideOpen","hermit:NoHoldsBarred"],"picked":"hermit:Misfire","floor":8},{"not_picked":["hermit:Gestalt","hermit:Feint"],"picked":"hermit:Gambit","floor":11},{"not_picked":["hermit:Midnight","hermit:Manifest"],"picked":"hermit:Deadeye","floor":12},{"not_picked":["hermit:WideOpen","hermit:SprayPray"],"picked":"hermit:Vantage","floor":12},{"not_picked":["hermit:SprayPray","hermit:Glare","hermit:Combo"],"picked":"SKIP","floor":14},{"not_picked":["hermit:FatalDesire","hermit:Roughhouse"],"picked":"hermit:Reprieve","floor":16},{"not_picked":["hermit:ItchyTrigger","hermit:Vantage+1"],"picked":"hermit:Dive+1","floor":18},{"not_picked":["hermit:TrackingShot","hermit:Ricochet","hermit:HighCaliber"],"picked":"SKIP","floor":19},{"not_picked":["hermit:Roulette","hermit:Quickdraw"],"picked":"hermit:TakeAim","floor":20},{"not_picked":["hermit:Dive","hermit:Glare"],"picked":"hermit:Malice","floor":21}],"player_experience":163701,"relics_obtained":[{"floor":7,"key":"hubris:ToyBattleship"},{"floor":9,"key":"StoneCalendar"},{"floor":12,"key":"reliquary:RosewoodLute"}],"event_choices":[{"damage_healed":0,"gold_gain":1,"player_choice":"Relic Relic ","damage_taken":21,"max_hp_gain":0,"max_hp_loss":0,"event_name":"betterThird:BetterScrap","floor":4,"gold_loss":0,"cards_obtained":["Study"]}],"is_beta":false,"boss_relics":[{"not_picked":["Velvet Choker","ReplayTheSpireMod:DimensionalGlitch","reliquary:RedCape"]}],"items_purged_floors":[13],"is_endless":false,"potions_floor_spawned":[3,11,14,16,18,19],"killed_by":"Slavers","ascension_level":0}}