{"host":"s6xp7bbqy5sa00x4","time":1613060149,"event":{"mods":["BaseMod","BetterRewards","Downfall","Hermit","Infinite Spire","Marisa????????","Minty Spire (QoL Compilation)","Remilia??????","Replay The Spire","Shop Mod","StSLib","The Hierophant","The Poker Player","The Runesmith","The Servant 0.9.4"],"gold_per_floor":[110,121,133,19,19,51,66,79,79,92,92,104,122,139,139,240,240,250,250,250,224,240,240,240,240],"floor_reached":24,"language":"ENG","playtime":2186,"items_purged":[],"score":204,"play_id":"5a2838ae-63d0-4b75-87d9-df0685d6ed77","local_time":"20210211111549","is_ascension_mode":false,"campfire_choices":[{"floor":11,"key":"REST"},{"floor":15,"key":"RECALL"},{"floor":23,"key":"REST"}],"circlet_count":0,"master_deck":["Runesmith:Strike_RS","Runesmith:Strike_RS","Runesmith:Strike_RS","Runesmith:Strike_RS","Runesmith:Defend_RS","Runesmith:Defend_RS","Runesmith:Defend_RS","Runesmith:Defend_RS","Runesmith:CraftFirestone","Runesmith:Fortify","Runesmith:Empowerment","Runesmith:ChiselStab","Runesmith:Firestorm","Runesmith:HeatedChisel","Decay","Runesmith:CraftObretio","Runesmith:EarthShield","Runesmith:CraftVitae","Runesmith:Grindstone","Runesmith:BackupBattery","Runesmith:CreatorForm","Runesmith:NegativeSpace","Runesmith:ReplicatingBarrier","Runesmith:RuneHurl","Runesmith:CraftMedicinae","Runesmith:RunicBlueprint","Runesmith:GoWithTheFlow"],"relics":["Runesmith:BrokenRuby","NeowsBlessing","Runesmith:Locket","Fusion Hammer"],"acts_visited":["Exordium","TheCity"],"potions_floor_usage":[10,10,14,16,21,21],"damage_taken":[{"damage":0,"enemies":"Jaw Worm","floor":1,"turns":1},{"damage":0,"enemies":"Cultist","floor":2,"turns":1},{"damage":0,"enemies":"2 Louse","floor":3,"turns":2},{"damage":33,"enemies":"3 Sentries","floor":6,"turns":9},{"damage":30,"enemies":"Exordium Thugs","floor":7,"turns":5},{"damage":0,"enemies":"2 Fungi Beasts","floor":8,"turns":3},{"damage":0,"enemies":"Exordium Wildlife","floor":10,"turns":3},{"damage":9,"enemies":"Exordium Thugs","floor":12,"turns":6},{"damage":7,"enemies":"3 Louse","floor":13,"turns":5},{"damage":0,"enemies":"Looter","floor":14,"turns":4},{"damage":45,"enemies":"Fading Forest","floor":16,"turns":11},{"damage":17,"enemies":"Shell Parasite","floor":18,"turns":7},{"damage":16,"enemies":"2 Thieves","floor":21,"turns":5},{"damage":17,"enemies":"Snake Plant","floor":22,"turns":7},{"damage":50,"enemies":"Cultist and Chosen","floor":24,"turns":8}],"seed_played":"-7102917987836828875","potions_obtained":[{"floor":3,"key":"BlessingOfTheForge"},{"floor":6,"key":"Energy Potion"},{"floor":8,"key":"hexamod:SoulburnPotion"},{"floor":10,"key":"Regen Potion"},{"floor":12,"key":"Fire Potion"},{"floor":16,"key":"ColorlessPotion"},{"floor":18,"key":"CultistPotion"}],"is_trial":false,"path_per_floor":["M","M","M","$","?","E","M","M","T","M","R","M","M","M","R","B",null,"M","?","?","M","M","R","M"],"character_chosen":"RUNESMITH_CLASS","items_purchased":["Runesmith:Firestorm","Runesmith:HeatedChisel"],"campfire_rested":2,"item_purchase_floors":[4,4],"current_hp_per_floor":[70,70,70,70,70,37,7,7,7,7,28,19,12,12,12,8,70,53,53,53,37,20,41,0,0],"gold":240,"neow_bonus":"THREE_ENEMY_KILL","is_daily":false,"chose_seed":false,"campfire_upgraded":0,"win_rate":0.0,"timestamp":1613060149,"path_taken":["M","M","M","$","?","E","M","M","T","M","R","?","M","?","R","BOSS","M","?","?","?","M","R","M"],"items_purchased_type":["Card","Card"],"build_version":"2020-12-22","purchased_purges":0,"victory":false,"max_hp_per_floor":[70,70,70,70,70,70,70,70,70,70,70,70,70,70,70,70,70,70,70,70,70,70,70,70,70],"card_choices":[{"not_picked":["Runesmith:ChiselStab","Runesmith:Prism"],"picked":"Runesmith:UnstableHammer","floor":1},{"not_picked":["Runesmith:Retool","Runesmith:Prism"],"picked":"Runesmith:Empowerment","floor":2},{"not_picked":["Runesmith:RuneHurl","Runesmith:UnstableHammer"],"picked":"Runesmith:ChiselStab","floor":3},{"not_picked":["Runesmith:Reinforce","Runesmith:HammerAndChisel"],"picked":"Runesmith:CraftObretio","floor":6},{"not_picked":["Runesmith:StaticCage","Runesmith:UnstableHammer"],"picked":"Runesmith:EarthShield","floor":7},{"not_picked":["Runesmith:RunicBlueprint","Runesmith:Repurpose"],"picked":"Runesmith:CraftVitae","floor":8},{"not_picked":["Runesmith:Retool","Runesmith:HeatExchange"],"picked":"Runesmith:Grindstone","floor":10},{"not_picked":["Runesmith:Accelerate","Runesmith:FrozenChisel"],"picked":"Runesmith:BackupBattery","floor":12},{"not_picked":["Runesmith:UnstableHammer","Runesmith:HeatedChisel"],"picked":"Runesmith:CreatorForm","floor":13},{"not_picked":["Runesmith:MakeshiftArmor","Runesmith:HammerThrow"],"picked":"Runesmith:NegativeSpace","floor":14},{"not_picked":["Runesmith:Duplicate","Runesmith:CreatorForm"],"picked":"Runesmith:ReplicatingBarrier","floor":16},{"not_picked":["Runesmith:CraftMagma","Runesmith:StaticCage"],"picked":"Runesmith:RuneHurl","floor":18},{"not_picked":["Runesmith:CraftReservo+1","Runesmith:Accelerate+1"],"picked":"Runesmith:RunicBlueprint","floor":21},{"not_picked":["Runesmith:StaticCage","Runesmith:ChiselStab"],"picked":"Runesmith:GoWithTheFlow","floor":22}],"player_experience":394447,"relics_obtained":[{"floor":6,"key":"Runesmith:Locket"}],"event_choices":[{"damage_healed":0,"gold_gain":0,"player_choice":"Cursed","damage_taken":0,"max_hp_gain":0,"max_hp_loss":0,"event_name":"Wheel of Change","floor":5,"gold_loss":0,"cards_obtained":["Decay"]},{"damage_healed":0,"gold_gain":0,"player_choice":"Ignored","damage_taken":0,"max_hp_gain":0,"max_hp_loss":0,"event_name":"Vampires","floor":19,"gold_loss":0},{"damage_healed":0,"gold_gain":0,"cards_transformed":["Runesmith:UnstableHammer"],"player_choice":"Transformed","damage_taken":0,"max_hp_gain":0,"max_hp_loss":0,"event_name":"Transmorgrifier","floor":20,"gold_loss":0,"cards_obtained":["Runesmith:CraftMedicinae"]}],"is_beta":false,"boss_relics":[{"not_picked":["Empty Cage","Philosopher\u0027s Stone"],"picked":"Fusion Hammer"}],"items_purged_floors":[],"is_endless":false,"potions_floor_spawned":[3,6,8,10,12,16,18],"killed_by":"Cultist and Chosen","ascension_level":0}}