{"host":"3n5xmnb54n2y5mb4","time":1613017142,"event":{"mods":["BaseMod","Colored Map","Colored Powertips","Downfall","Minty Spire (QoL Compilation)","Permanent Neow","StSLib","Unceasing Turn Reminder","everything is the same but u backflip on backflip"],"gold_per_floor":[99,110,72,86,103,119,119,134,167,183,203,203,203,230,245,347,347,247,264,281,4,4,22,72,72,91,106,31,59,59,92,110,214,214,214,234,234,23,41,75,75,75,93,93,109,151,51,62,77,77],"floor_reached":51,"language":"ENG","playtime":3536,"items_purged":["downfall:Haunted","champ:FaceSlap+1"],"score":810,"play_id":"d1887fdf-7716-4935-8051-0c1712d7bda5","local_time":"20210210231902","is_ascension_mode":false,"campfire_choices":[{"data":"champ:Taunt","floor":1.0,"key":"SMITH"},{"floor":13.0,"key":"REST"},{"data":"champ:StrikeOfGenius","floor":18.0,"key":"SMITH"},{"data":"champ:PerfectedStrike","floor":25.0,"key":"SMITH"},{"floor":30.0,"key":"REST"},{"floor":35.0,"key":"RECALL"},{"floor":42.0,"key":"REST"},{"data":"champ:Improvising","floor":44.0,"key":"SMITH"},{"data":"champ:StrikeOfGenius","floor":47,"key":"SMITH"}],"circlet_count":0,"master_deck":["champ:Strike","champ:Strike","champ:Strike","champ:Defend","champ:Defend","champ:Taunt+1","champ:FlashCut","champ:DefensiveStyle","champ:Circumvent+1","champ:StanceDance+1","champ:FlashCut","champ:PreemptiveStrike","champ:VampiricStrike","champ:Improvising+1","champ:Duel","CurseOfTheBell","CurseOfTheBell","champ:StrikeOfGenius+1","champ:PerfectedStrike+1","champ:DefensiveStyle","champ:StrikeOfGenius+1","champ:ArenaPreparation+1","champ:RapidStrikes","champ:SkillfulDodge+1","champ:ShieldWall","champ:ArenaPreparation+1","champ:Lariat+1","champ:FalseCounter","champ:TripleStrike","champ:Parry+1","champ:Duel+1","champ:BringItOn","champ:TornadoPunch","champ:PerfectedStrike+1","champ:ShieldThrow","expansioncontent:GuardianWhirl","champ:HoldFirm"],"relics":["champ:ChampionCrown","Centennial Puzzle","The Courier","downfall:ExtraCursedBell","Regal Pillow","Question Card","WingedGreaves","StrikeDummy","Busted Crown","downfall:HeartBlessingGreen","Bottled Lightning","Strawberry","Shuriken","Pear","Astrolabe","War Paint","champ:FightingForDummies","champ:BerserkersGuideToSlaughter","downfall:HeartBlessingRed"],"acts_visited":["Exordium","TheCity","TheBeyond"],"potions_floor_usage":[50],"damage_taken":[{"damage":24.0,"enemies":"Cultist","floor":2.0,"turns":4.0},{"damage":20.0,"enemies":"downfall:FleeingMerchant","floor":3.0,"turns":4.0},{"damage":1.0,"enemies":"Jaw Worm","floor":4.0,"turns":4.0},{"damage":10.0,"enemies":"2 Louse","floor":5.0,"turns":3.0},{"damage":11.0,"enemies":"Exordium Thugs","floor":6.0,"turns":4.0},{"damage":8.0,"enemies":"Lots of Slimes","floor":8.0,"turns":4.0},{"damage":7.0,"enemies":"3 Sentries","floor":9.0,"turns":5.0},{"damage":3.0,"enemies":"Red Slaver","floor":10.0,"turns":4.0},{"damage":1.0,"enemies":"Exordium Thugs","floor":11.0,"turns":4.0},{"damage":7.0,"enemies":"Gremlin Nob","floor":14.0,"turns":4.0},{"damage":10.0,"enemies":"3 Louse","floor":15.0,"turns":3.0},{"damage":50.0,"enemies":"DF_ARCHETYPE_STREAMLINE","floor":16.0,"turns":8.0},{"damage":0.0,"enemies":"3 Byrds","floor":19.0,"turns":4.0},{"damage":40.0,"enemies":"Chosen","floor":20.0,"turns":3.0},{"damage":0.0,"enemies":"downfall:FleeingMerchant","floor":21.0,"turns":4.0},{"damage":15.0,"enemies":"Snecko","floor":23.0,"turns":4.0},{"damage":7.0,"enemies":"Centurion and Healer","floor":26.0,"turns":4.0},{"damage":0.0,"enemies":"Snake Plant","floor":27.0,"turns":3.0},{"damage":13.0,"enemies":"downfall:FleeingMerchant","floor":28.0,"turns":4.0},{"damage":0.0,"enemies":"Slavers","floor":29.0,"turns":4.0},{"damage":37.0,"enemies":"Gremlin Leader","floor":31.0,"turns":6.0},{"damage":22.0,"enemies":"Shelled Parasite and Fungi","floor":32.0,"turns":5.0},{"damage":10.0,"enemies":"IC_MUSHROOM_ARCHETYPE","floor":33.0,"turns":4.0},{"damage":1.0,"enemies":"3 Shapes","floor":36.0,"turns":4.0},{"damage":13.0,"enemies":"downfall:FleeingMerchant","floor":38.0,"turns":4.0},{"damage":4.0,"enemies":"3 Darklings","floor":39.0,"turns":5.0},{"damage":3.0,"enemies":"Nemesis","floor":40.0,"turns":5.0},{"damage":1.0,"enemies":"Spire Growth","floor":43.0,"turns":3.0},{"damage":0.0,"enemies":"Writhing Mass","floor":45.0,"turns":5.0},{"damage":0.0,"enemies":"downfall:FleeingMerchant","floor":46.0,"turns":2.0},{"damage":10,"enemies":"Jaw Worm Horde","floor":48,"turns":3},{"damage":10,"enemies":"Transient","floor":49,"turns":5},{"damage":101,"enemies":"WA_ARCHETYPE_DIVINITY","floor":50,"turns":10}],"seed_played":"8067003361655563016","potions_obtained":[{"floor":4.0,"key":"BlessingOfTheForge"},{"floor":8.0,"key":"SmokeBomb"},{"floor":9.0,"key":"sneckomod:MuddlingPotion"},{"floor":10.0,"key":"PowerPotion"},{"floor":16.0,"key":"SteroidPotion"},{"floor":20.0,"key":"PowerPotion"},{"floor":23.0,"key":"EntropicBrew"},{"floor":29.0,"key":"Guardian:BlockOnCardUsePotion"},{"floor":31.0,"key":"AttackPotion"},{"floor":36.0,"key":"Block Potion"},{"floor":37.0,"key":"PowerPotion"},{"floor":43.0,"key":"ColorlessPotion"},{"floor":49,"key":"SteroidPotion"}],"is_trial":false,"path_per_floor":["R","M","$","M","M","M","T","M","E","M","M","?","R","E","M","B",null,"R","M","M","$","?","M","T","R","M","M","$","E","R","E","M","B",null,"R","M","?","$","M","E","T","R","M","R","M","$","R","M","M","B",null],"character_chosen":"THE_CHAMP","items_purchased":["champ:Circumvent","Bottled Lightning","champ:ShieldWall","War Paint","champ:ShieldThrow","champ:BerserkersGuideToSlaughter","expansioncontent:GuardianWhirl"],"campfire_rested":3,"item_purchase_floors":[3,21,21,38,46,46,46],"current_hp_per_floor":[90,86,86,85,85,84,84,76,69,66,65,65,90,83,83,43,90,90,90,80,80,80,65,72,72,65,65,52,52,96,79,67,57,107,107,106,106,93,89,86,86,107,106,106,106,106,106,96,86,25],"gold":77,"neow_bonus":"REMOVE_CARD","is_daily":false,"chose_seed":false,"campfire_upgraded":5,"win_rate":0.0,"timestamp":1613017142,"path_taken":["R","M","$","M","M","?","T","M","E","M","M","?","R","E","M","BOSS","R","M","M","$","?","M","T","R","M","M","?","E","R","E","M","BOSS","R","M","?","$","M","E","T","R","M","R","M","$","R","M","M","BOSS"],"items_purchased_type":["Card","Relic","Card","Relic","Card","Relic","Card"],"build_version":"2020-12-22","purchased_purges":2,"victory":true,"max_hp_per_floor":[90,90,90,90,90,90,90,90,90,90,90,90,90,90,90,90,90,90,90,90,90,90,90,97,97,97,97,97,97,97,107,107,107,107,107,107,107,107,107,107,107,107,107,107,107,107,107,107,107,107],"card_choices":[{"not_picked":["champ:PerfectedStrike","champ:BringItOn"],"picked":"champ:FlashCut","floor":2.0},{"not_picked":["champ:Circumvent","champ:RapidStrikes"],"picked":"champ:DefensiveStyle","floor":3.0},{"not_picked":["champ:FanOfKnives","champ:Haymaker"],"picked":"champ:StanceDance","floor":4.0},{"not_picked":["champ:EnGarde","champ:FocusedBerserking"],"picked":"champ:FlashCut","floor":5.0},{"not_picked":["champ:BladeFlurry","champ:EnGarde"],"picked":"champ:PreemptiveStrike","floor":6.0},{"not_picked":["champ:FanOfKnives","champ:PreciseThrust"],"picked":"champ:VampiricStrike","floor":8.0},{"not_picked":["champ:FlashCut","champ:Circumvent"],"picked":"champ:Improvising","floor":9.0},{"not_picked":["champ:PreciseThrust","champ:Circumvent","champ:Encircle"],"picked":"SKIP","floor":10.0},{"not_picked":["champ:Backstep","champ:PerfectedStrike"],"picked":"champ:Duel","floor":11.0},{"not_picked":["champ:PreemptiveStrike","champ:DeathBlow","champ:BerserkersShout"],"picked":"champ:PerfectedStrike","floor":14.0},{"not_picked":["champ:BerserkerStyle","champ:FanOfKnives","champ:Haymaker"],"picked":"champ:DefensiveStyle","floor":15.0},{"not_picked":["champ:DancingMaster","champ:HeavySlash","champ:MurderStrike"],"picked":"champ:StrikeOfGenius","floor":16.0},{"not_picked":["champ:FlashCut"],"picked":"champ:ArenaPreparation+1","floor":19.0},{"not_picked":["champ:GutPunch"],"picked":"champ:RapidStrikes","floor":20.0},{"not_picked":["champ:UltimateStance"],"picked":"champ:SkillfulDodge+1","floor":21.0},{"not_picked":["champ:SkillfulDodge","champ:GutPunch"],"picked":"SKIP","floor":23.0},{"not_picked":["champ:Backstep","champ:GutPunch"],"picked":"SKIP","floor":26.0},{"not_picked":["champ:Backstep+1"],"picked":"champ:ArenaPreparation+1","floor":27.0},{"not_picked":["champ:GutPunch"],"picked":"champ:Lariat+1","floor":28.0},{"not_picked":["champ:SkillfulDodge"],"picked":"champ:FalseCounter","floor":29.0},{"not_picked":["champ:Haymaker","champ:CrookedStrike"],"picked":"SKIP","floor":31.0},{"not_picked":["champ:BladeFlurry","champ:GutPunch+1"],"picked":"SKIP","floor":32.0},{"not_picked":["champ:Devastate"],"picked":"champ:TripleStrike","floor":33.0},{"not_picked":["champ:AdrenalArmor"],"picked":"champ:BringItOn","floor":36.0},{"not_picked":["champ:FanOfKnives"],"picked":"champ:TornadoPunch","floor":38.0},{"not_picked":["champ:Haymaker","champ:AdrenalArmor"],"picked":"SKIP","floor":39.0},{"not_picked":["champ:BerserkersShout+1","champ:FanOfKnives"],"picked":"SKIP","floor":40.0},{"not_picked":["champ:AdrenalArmor"],"picked":"champ:PerfectedStrike+1","floor":43.0},{"not_picked":["champ:TornadoPunch+1","champ:PreemptiveStrike"],"picked":"SKIP","floor":45.0},{"not_picked":["champ:TornadoPunch"],"picked":"champ:HoldFirm","floor":48},{"not_picked":["champ:FlashCut+1","champ:Backstep"],"picked":"SKIP","floor":49}],"player_experience":1036386,"relics_obtained":[{"floor":7.0,"key":"Centennial Puzzle"},{"floor":9.0,"key":"The Courier"},{"floor":12.0,"key":"Regal Pillow"},{"floor":12.0,"key":"Question Card"},{"floor":12.0,"key":"WingedGreaves"},{"floor":14.0,"key":"StrikeDummy"},{"floor":24.0,"key":"Strawberry"},{"floor":29.0,"key":"Shuriken"},{"floor":31.0,"key":"Pear"},{"floor":40.0,"key":"champ:FightingForDummies"}],"event_choices":[{"damage_healed":0.0,"max_hp_gain":0.0,"max_hp_loss":0.0,"gold_gain":0.0,"event_name":"Lab","player_choice":"Got Potions","floor":37.0,"gold_loss":0.0,"damage_taken":0.0}],"is_beta":false,"boss_relics":[{"not_picked":["SacredBark","Coffee Dripper"],"picked":"Busted Crown"},{"not_picked":["Velvet Choker","Tiny House"],"picked":"Astrolabe"}],"items_purged_floors":[28,38],"is_endless":false,"potions_floor_spawned":[4,8,9,10,16,20,23,29,31,36,43,49],"ascension_level":0}}