{"host":"8is2j71l4wmybkoi","time":1613035250,"event":{"mods":["AchievementEnabler","BaseMod","Colored Map","Minty Spire (QoL Compilation)","Rare Cards Sparkle","StSLib","SuperFastMode"],"gold_per_floor":[10,10,22,42,61,61,87,87,87,103,103,113,133,164,164,237,237,250,8,21,39,39,39,59,85,85,116,128,128,163,178,178,178,178],"floor_reached":33,"language":"KOR","playtime":984,"items_purged":[],"score":649,"play_id":"6dc966d6-d341-47fb-ac0c-51c76e52124d","local_time":"20210211182050","is_ascension_mode":true,"campfire_choices":[{"data":"Body Slam","floor":6.0,"key":"SMITH"},{"data":"Combust","floor":8,"key":"SMITH"},{"data":"Hemokinesis","floor":11,"key":"SMITH"},{"data":"Entrench","floor":15,"key":"SMITH"},{"data":"Perfected Strike","floor":23,"key":"SMITH"},{"floor":29,"key":"REST"},{"data":"Perfected Strike","floor":32,"key":"SMITH"}],"circlet_count":0,"master_deck":["AscendersBane","Strike_R","Strike_R","Strike_R","Strike_R","Defend_R","Defend_R","Bash","Shrug It Off","Disarm","Body Slam+1","Combust+1","Hemokinesis+1","Perfected Strike+1","Entrench+1","Offering","Second Wind+1","Berserk+1","Wild Strike+1","Perfected Strike+1","Flame Barrier+1","Evolve+1","Pommel Strike","Wild Strike","Perfected Strike+1","Power Through","Twin Strike"],"relics":["Burning Blood","Thread and Needle","Mercury Hourglass","StrikeDummy","Potion Belt","Astrolabe","Gremlin Horn","Paper Frog","Frozen Egg 2","HornCleat","Turnip"],"acts_visited":["Exordium","TheCity"],"potions_floor_usage":[14,16,16,21,30,33,33],"damage_taken":[{"damage":7.0,"enemies":"Jaw Worm","floor":1.0,"turns":3.0},{"damage":1.0,"enemies":"Cultist","floor":3.0,"turns":4.0},{"damage":0.0,"enemies":"2 Louse","floor":4.0,"turns":2.0},{"damage":14.0,"enemies":"Gremlin Gang","floor":5.0,"turns":4.0},{"damage":13.0,"enemies":"3 Sentries","floor":7.0,"turns":4.0},{"damage":5,"enemies":"Looter","floor":10,"turns":3},{"damage":3,"enemies":"Exordium Wildlife","floor":12,"turns":2},{"damage":4,"enemies":"3 Louse","floor":13,"turns":3},{"damage":7,"enemies":"Gremlin Nob","floor":14,"turns":3},{"damage":47,"enemies":"Hexaghost","floor":16,"turns":8},{"damage":6,"enemies":"Spheric Guardian","floor":18,"turns":3},{"damage":8,"enemies":"2 Thieves","floor":20,"turns":3},{"damage":11,"enemies":"Shelled Parasite and Fungi","floor":21,"turns":4},{"damage":2,"enemies":"Snake Plant","floor":24,"turns":3},{"damage":38,"enemies":"Book of Stabbing","floor":25,"turns":5},{"damage":10,"enemies":"Gremlin Leader","floor":27,"turns":4},{"damage":4,"enemies":"Sentry and Sphere","floor":28,"turns":3},{"damage":6,"enemies":"Book of Stabbing","floor":30,"turns":3},{"damage":12,"enemies":"Shelled Parasite and Fungi","floor":31,"turns":3},{"damage":65,"enemies":"Collector","floor":33,"turns":5}],"seed_played":"2270313596789498849","potions_obtained":[{"floor":4.0,"key":"PowerPotion"},{"floor":5.0,"key":"LiquidBronze"},{"floor":10,"key":"LiquidBronze"},{"floor":14,"key":"Energy Potion"},{"floor":18,"key":"GamblersBrew"},{"floor":20,"key":"LiquidMemories"},{"floor":28,"key":"SneckoOil"},{"floor":31,"key":"Weak Potion"}],"is_trial":false,"path_per_floor":["M","?","M","M","M","R","E","R","T","M","R","M","M","E","R","B",null,"M","$","M","M","?","R","M","E","T","E","M","R","E","M","R","B"],"character_chosen":"IRONCLAD","items_purchased":["Gremlin Horn"],"campfire_rested":1,"item_purchase_floors":[19],"current_hp_per_floor":[67,67,72,75,67,67,60,60,60,61,61,64,66,65,65,24,62,62,62,60,55,55,55,59,27,27,23,25,47,47,41,41,0,0],"gold":178,"neow_bonus":"ONE_RARE_RELIC","is_daily":false,"chose_seed":false,"campfire_upgraded":6,"win_rate":0.0,"timestamp":1613035250,"path_taken":["M","?","M","?","M","R","E","R","T","M","R","M","M","E","R","BOSS","M","$","M","M","?","R","M","E","T","E","?","R","E","M","R","BOSS"],"items_purchased_type":["Relic"],"build_version":"2020-12-22","purchased_purges":0,"victory":false,"max_hp_per_floor":[75,75,75,75,75,75,75,75,75,75,75,75,75,75,75,75,75,75,75,75,75,75,75,75,75,75,75,75,75,75,75,75,75,75],"card_choices":[{"not_picked":["Cleave","Pommel Strike"],"picked":"Searing Blow","floor":1.0},{"not_picked":["Thunderclap","Rage"],"picked":"Shrug It Off","floor":3.0},{"not_picked":["Cleave","Ghostly Armor"],"picked":"Disarm","floor":4.0},{"not_picked":["Shrug It Off","Armaments"],"picked":"Body Slam","floor":5.0},{"not_picked":["Havoc","Iron Wave"],"picked":"Combust","floor":7.0},{"not_picked":["Infernal Blade","Second Wind"],"picked":"Hemokinesis","floor":10},{"not_picked":["Clothesline","Limit Break"],"picked":"Perfected Strike","floor":12},{"not_picked":["Warcry","Clash"],"picked":"Entrench","floor":13},{"not_picked":["Dark Embrace","Spot Weakness","Clothesline"],"picked":"SKIP","floor":14},{"not_picked":["Fiend Fire","Brutality"],"picked":"Offering","floor":16},{"not_picked":["Sword Boomerang+1","Clothesline+1"],"picked":"Perfected Strike","floor":18},{"not_picked":["Heavy Blade+1","Twin Strike"],"picked":"Flame Barrier+1","floor":20},{"not_picked":["Rampage","Body Slam"],"picked":"Evolve","floor":21},{"not_picked":["True Grit","Cleave+1"],"picked":"Pommel Strike","floor":24},{"not_picked":["Fire Breathing","Heavy Blade"],"picked":"Wild Strike","floor":25},{"not_picked":["Evolve+1","Twin Strike+1"],"picked":"Perfected Strike+1","floor":27},{"not_picked":["Infernal Blade","Thunderclap","Wild Strike"],"picked":"SKIP","floor":28},{"not_picked":["Spot Weakness","Fiend Fire"],"picked":"Power Through","floor":30},{"not_picked":["Flame Barrier","Clothesline"],"picked":"Twin Strike","floor":31}],"player_experience":1131319,"relics_obtained":[{"floor":7.0,"key":"StrikeDummy"},{"floor":14,"key":"Potion Belt"},{"floor":25,"key":"Paper Frog"},{"floor":26,"key":"Frozen Egg 2"},{"floor":27,"key":"HornCleat"},{"floor":30,"key":"Turnip"}],"event_choices":[{"cards_removed":["Searing Blow"],"damage_healed":0.0,"max_hp_gain":0.0,"max_hp_loss":0.0,"gold_gain":0.0,"event_name":"WeMeetAgain","player_choice":"Gave Card","floor":2.0,"gold_loss":0.0,"damage_taken":0.0,"relics_obtained":["Mercury Hourglass"]},{"damage_healed":0,"gold_gain":0,"player_choice":"Forge","damage_taken":0,"max_hp_gain":0,"max_hp_loss":0,"event_name":"Accursed Blacksmith","floor":22,"gold_loss":0,"cards_upgraded":["Evolve"]}],"is_beta":false,"boss_relics":[{"not_picked":["Busted Crown","Coffee Dripper"],"picked":"Astrolabe"}],"items_purged_floors":[],"is_endless":false,"potions_floor_spawned":[4,5,10,14,18,20,28,31],"killed_by":"Collector","ascension_level":15}}