{"host":"pqs17sqrgflf4eqa","time":1613014094,"event":{"mods":["AchievementEnabler","BaseMod","Bestiary","Better Altar","Colored Map","Colored Powertips","Emptier Cage","Googly Eyes","Highlight Path","Minty Spire (QoL Compilation)","Quick Restart","StSLib","SuperFastMode","Transform Curses","slay the spire mod where everything is the same but ironclad has a cowboy hat"],"gold_per_floor":[118,128,38,54,65,97,97,130,130,130,155,155,155,174,174,276,276,291,4,4,4,15,15,42,42,42,60,60,75,108,127,127,226,226,241,253,253,29,0,28,28,62,62,62,109,109,143,163,163,163],"floor_reached":51,"language":"ENG","playtime":1215,"items_purged":["Strike_R"],"score":1008,"play_id":"81072ad7-62a4-4f61-bedc-fc6d9eda97a8","local_time":"20210210222814","is_ascension_mode":true,"campfire_choices":[{"data":"Bash","floor":7.0,"key":"SMITH"},{"data":"Whirlwind","floor":10.0,"key":"SMITH"},{"data":"Twin Strike","floor":15.0,"key":"SMITH"},{"data":"Evolve","floor":23,"key":"SMITH"},{"data":"RitualDagger","floor":25,"key":"SMITH"},{"data":"Berserk","floor":32,"key":"SMITH"},{"data":"Reaper","floor":41,"key":"SMITH"},{"data":"Impervious","floor":46,"key":"SMITH"},{"data":"Flex","floor":49,"key":"SMITH"}],"circlet_count":0,"master_deck":["Strike_R","Strike_R","Strike_R","Strike_R","Defend_R","Defend_R","Defend_R","Defend_R","Bash+1","Twin Strike+1","Iron Wave","Anger","Cleave","Thunderclap","Impervious+1","Whirlwind+1","Warcry","Twin Strike+1","Berserk+1","Evolve+1","Feed","RitualDagger+1","Sword Boomerang","Flex+1","Flex+1","Reaper+1","Armaments+1","Impervious","Power Through+1","Armaments+1"],"relics":["Burning Blood","NeowsBlessing","FossilizedHelix","StoneCalendar","Matryoshka","Mummified Hand","Ancient Tea Set","Mercury Hourglass","Sozu","Chemical X","Unceasing Top","Pen Nib","InkBottle","Bottled Tornado","Busted Crown","Frozen Eye","Red Mask","Magic Flower","Meat on the Bone","Potion Belt","Prayer Wheel","Happy Flower"],"acts_visited":["Exordium","TheCity","TheBeyond"],"potions_floor_usage":[16,16,30,33],"damage_taken":[{"damage":0.0,"enemies":"Cultist","floor":1.0,"turns":1.0},{"damage":0.0,"enemies":"2 Louse","floor":2.0,"turns":1.0},{"damage":0.0,"enemies":"Jaw Worm","floor":4.0,"turns":1.0},{"damage":13.0,"enemies":"Red Slaver","floor":5.0,"turns":4.0},{"damage":30.0,"enemies":"3 Sentries","floor":6.0,"turns":5.0},{"damage":11.0,"enemies":"Gremlin Nob","floor":8.0,"turns":4.0},{"damage":20.0,"enemies":"Lagavulin","floor":11.0,"turns":4.0},{"damage":0.0,"enemies":"3 Louse","floor":14.0,"turns":2.0},{"damage":29,"enemies":"Hexaghost","floor":16,"turns":7},{"damage":7,"enemies":"Shell Parasite","floor":18,"turns":4},{"damage":0,"enemies":"Spheric Guardian","floor":22,"turns":3},{"damage":17,"enemies":"Gremlin Leader","floor":24,"turns":5},{"damage":0,"enemies":"Centurion and Healer","floor":27,"turns":7},{"damage":16,"enemies":"Sentry and Sphere","floor":29,"turns":4},{"damage":10,"enemies":"Book of Stabbing","floor":30,"turns":3},{"damage":9,"enemies":"Chosen and Byrds","floor":31,"turns":2},{"damage":43,"enemies":"Champ","floor":33,"turns":7},{"damage":0,"enemies":"Orb Walker","floor":35,"turns":3},{"damage":18,"enemies":"3 Darklings","floor":36,"turns":3},{"damage":0,"enemies":"Giant Head","floor":40,"turns":6},{"damage":67,"enemies":"Nemesis","floor":42,"turns":5},{"damage":33,"enemies":"2 Orb Walkers","floor":45,"turns":3},{"damage":9,"enemies":"Reptomancer","floor":47,"turns":4},{"damage":0,"enemies":"Sphere and 2 Shapes","floor":48,"turns":3},{"damage":85,"enemies":"Donu and Deca","floor":50,"turns":8}],"seed_played":"5080169458194246185","potions_obtained":[{"floor":4.0,"key":"Regen Potion"},{"floor":5.0,"key":"EssenceOfSteel"},{"floor":8.0,"key":"LiquidMemories"},{"floor":11.0,"key":"Swift Potion"},{"floor":16,"key":"Fire Potion"}],"is_trial":false,"path_per_floor":["M","M","$","M","M","E","R","E","T","R","E","?","T","M","R","B",null,"M","$","$","?","M","R","E","R","T","M","?","M","E","M","R","B",null,"M","M","?","$","?","E","R","E","T","$","?","R","E","M","R","B",null],"character_chosen":"IRONCLAD","items_purchased":["Anger","Cleave","Chemical X","Feed","Frozen Eye"],"campfire_rested":0,"item_purchase_floors":[3,3,19,19,38],"current_hp_per_floor":[80,80,80,80,73,49,49,44,44,44,30,30,30,36,36,28,67,66,66,66,60,66,66,55,55,55,64,64,54,50,47,47,10,65,77,74,74,74,74,82,82,32,32,32,41,41,64,85,85,57],"gold":163,"neow_bonus":"THREE_ENEMY_KILL","is_daily":false,"chose_seed":false,"campfire_upgraded":9,"win_rate":0.0,"timestamp":1613014094,"path_taken":["M","?","$","M","?","E","R","E","T","R","E","?","?","M","R","BOSS","M","?","$","?","M","R","E","R","T","M","?","M","E","M","R","BOSS","M","M","?","$","?","E","R","E","T","$","?","R","E","M","R","BOSS"],"items_purchased_type":["Card","Card","Relic","Card","Relic"],"build_version":"2020-12-22","purchased_purges":1,"victory":true,"max_hp_per_floor":[80,80,80,80,80,80,80,80,80,80,80,80,80,80,80,80,80,80,80,80,80,80,80,80,80,80,83,83,83,83,83,83,83,83,83,86,82,82,82,82,82,82,82,82,82,82,82,85,85,85],"card_choices":[{"not_picked":["Anger","Intimidate"],"picked":"Twin Strike","floor":1.0},{"not_picked":["Shrug It Off","Wild Strike"],"picked":"Iron Wave","floor":2.0},{"not_picked":["Feel No Pain","Havoc"],"picked":"Thunderclap","floor":4.0},{"not_picked":["Feel No Pain","Clash","Heavy Blade"],"picked":"SKIP","floor":5.0},{"not_picked":["Wild Strike","Cleave"],"picked":"Impervious","floor":6.0},{"not_picked":["Infernal Blade","Headbutt"],"picked":"Whirlwind","floor":8.0},{"not_picked":["Whirlwind","Body Slam"],"picked":"Warcry","floor":11.0},{"not_picked":["Fire Breathing","Body Slam"],"picked":"Twin Strike","floor":14.0},{"not_picked":["Barricade","Brutality"],"picked":"Berserk","floor":16},{"not_picked":["Twin Strike+1","Anger"],"picked":"Evolve","floor":18},{"not_picked":["Flame Barrier","Feel No Pain"],"picked":"Sword Boomerang","floor":22},{"not_picked":["Reckless Charge","Wild Strike"],"picked":"Flex","floor":24},{"not_picked":["Clothesline","Warcry","Dark Embrace"],"picked":"SKIP","floor":27},{"not_picked":["Shrug It Off","Berserk"],"picked":"Flex+1","floor":29},{"not_picked":["Flex","Heavy Blade","Iron Wave+1"],"picked":"SKIP","floor":30},{"not_picked":["Flex","Heavy Blade","Iron Wave+1"],"picked":"SKIP","floor":30},{"not_picked":["Warcry+1","Infernal Blade","Sword Boomerang"],"picked":"SKIP","floor":31},{"not_picked":["Juggernaut","Brutality"],"picked":"Reaper","floor":33},{"not_picked":["Heavy Blade+1"],"picked":"SKIP","floor":35},{"not_picked":["Thunderclap+1"],"picked":"SKIP","floor":36},{"not_picked":[],"picked":"Armaments+1","floor":40},{"not_picked":[],"picked":"Impervious","floor":42},{"not_picked":["Perfected Strike+1"],"picked":"SKIP","floor":47},{"not_picked":[],"picked":"Power Through+1","floor":48},{"not_picked":[],"picked":"Armaments+1","floor":48}],"player_experience":158081,"relics_obtained":[{"floor":6.0,"key":"FossilizedHelix"},{"floor":8.0,"key":"StoneCalendar"},{"floor":9.0,"key":"Matryoshka"},{"floor":11.0,"key":"Mummified Hand"},{"floor":13.0,"key":"Ancient Tea Set"},{"floor":13.0,"key":"Mercury Hourglass"},{"floor":24,"key":"Unceasing Top"},{"floor":26,"key":"Pen Nib"},{"floor":26,"key":"InkBottle"},{"floor":30,"key":"Bottled Tornado"},{"floor":40,"key":"Magic Flower"},{"floor":42,"key":"Meat on the Bone"},{"floor":43,"key":"Potion Belt"},{"floor":45,"key":"Prayer Wheel"},{"floor":47,"key":"Happy Flower"}],"event_choices":[{"damage_healed":0.0,"max_hp_gain":0.0,"max_hp_loss":0.0,"gold_gain":0.0,"event_name":"Living Wall","player_choice":"Grow","floor":12.0,"gold_loss":0.0,"damage_taken":0.0,"cards_upgraded":["Twin Strike"]},{"damage_healed":0,"gold_gain":0,"player_choice":"Joined the Cult","damage_taken":6,"max_hp_gain":0,"max_hp_loss":0,"event_name":"Nest","floor":21,"gold_loss":0,"cards_obtained":["RitualDagger"]},{"damage_healed":0,"gold_gain":0,"player_choice":"Max HP","damage_taken":0,"max_hp_gain":0,"max_hp_loss":4,"event_name":"Winding Halls","floor":37,"gold_loss":0},{"damage_healed":0,"gold_gain":0,"player_choice":"Paid","damage_taken":0,"relics_obtained":["Red Mask"],"max_hp_gain":0,"max_hp_loss":0,"event_name":"Tomb of Lord Red Mask","floor":39,"gold_loss":29},{"damage_healed":0,"gold_gain":0,"player_choice":"Fight","damage_taken":0,"max_hp_gain":0,"max_hp_loss":0,"event_name":"Mysterious Sphere","floor":45,"gold_loss":0}],"is_beta":false,"boss_relics":[{"not_picked":["Cursed Key","Runic Cube"],"picked":"Sozu"},{"not_picked":["Snecko Eye","Runic Pyramid"],"picked":"Busted Crown"}],"items_purged_floors":[38],"is_endless":false,"potions_floor_spawned":[4,5,8,11,14,16,18,22,24,30,33,40,42,48],"ascension_level":5}}