{"host":"ia9e4s524g7bamk7","time":1613057989,"event":{"mods":["AchievementEnabler","BaseMod","Minty Spire (QoL Compilation)","Slay-I"],"gold_per_floor":[363,363,160,171,187,218,246,263,290,302,345,357,401,413,425,532,544,556,583,140,157,157,157,157,157],"floor_reached":24,"language":"ENG","playtime":1783,"items_purged":["Clumsy","Strike_R"],"score":268,"play_id":"cafcdbf5-61f8-467a-aafd-c5191dc6795b","local_time":"20210211163948","is_ascension_mode":true,"campfire_choices":[{"data":"Flame Barrier","floor":10.0,"key":"SMITH"},{"data":"Barricade","floor":12.0,"key":"SMITH"},{"floor":15.0,"key":"REST"},{"floor":23.0,"key":"REST"}],"circlet_count":0,"master_deck":["Strike_R","Strike_R","Strike_R","Strike_R","Defend_R+1","Defend_R","Defend_R+1","Defend_R","Thunderclap","Dropkick","Sword Boomerang","Anger","Sword Boomerang","Spot Weakness","Flame Barrier+1","Barricade+1","Juggernaut","Body Slam+1","Necronomicurse"],"relics":["Burning Blood","Smiling Mask","Odd Mushroom","MawBank","Juzu Bracelet","War Paint","Snecko Eye","Shuriken","Medical Kit","Necronomicon"],"acts_visited":["Exordium","TheCity"],"potions_floor_usage":[24],"damage_taken":[{"damage":9.0,"enemies":"Jaw Worm","floor":1.0,"turns":7.0},{"damage":3.0,"enemies":"Small Slimes","floor":4.0,"turns":3.0},{"damage":9.0,"enemies":"2 Louse","floor":5.0,"turns":2.0},{"damage":30.0,"enemies":"Lagavulin","floor":6.0,"turns":4.0},{"damage":23.0,"enemies":"The Mushroom Lair","floor":7.0,"turns":4.0},{"damage":7.0,"enemies":"Looter","floor":8.0,"turns":3.0},{"damage":14.0,"enemies":"3 Sentries","floor":11.0,"turns":6.0},{"damage":38.0,"enemies":"Gremlin Nob","floor":13.0,"turns":5.0},{"damage":21.0,"enemies":"The Guardian","floor":16.0,"turns":14.0},{"damage":0.0,"enemies":"3 Byrds","floor":18.0,"turns":3.0},{"damage":25.0,"enemies":"2 Thieves","floor":19.0,"turns":4.0},{"damage":12.0,"enemies":"Cultist and Chosen","floor":21.0,"turns":6.0},{"damage":57,"enemies":"Book of Stabbing","floor":24,"turns":4}],"seed_played":"-3905375728549764794","potions_obtained":[{"floor":5.0,"key":"DuplicationPotion"},{"floor":7.0,"key":"Regen Potion"},{"floor":13.0,"key":"ColorlessPotion"},{"floor":16.0,"key":"Energy Potion"},{"floor":21.0,"key":"AttackPotion"}],"is_trial":false,"path_per_floor":["M","?","$","M","M","E","?","M","T","R","E","R","E","?","R","B",null,"M","M","$","M","?","R","E"],"character_chosen":"IRONCLAD","items_purchased":["Dropkick","Sword Boomerang","Shuriken","Medical Kit"],"campfire_rested":2,"item_purchase_floors":[3,3,20,20],"current_hp_per_floor":[77,77,77,80,77,53,36,35,35,35,42,42,10,10,34,19,65,71,52,52,46,30,54,0,0],"gold":157,"neow_bonus":"TWO_FIFTY_GOLD","is_daily":false,"chose_seed":false,"campfire_upgraded":2,"win_rate":0.0,"timestamp":1613057988,"path_taken":["M","?","$","M","M","E","?","M","T","R","E","R","E","?","R","BOSS","M","M","$","M","?","R","E"],"items_purchased_type":["Card","Card","Relic","Relic"],"build_version":"2020-12-22","purchased_purges":2,"victory":false,"max_hp_per_floor":[80,80,80,80,80,80,80,80,80,80,80,80,80,80,80,80,80,80,80,80,80,80,80,80,80],"card_choices":[{"not_picked":["Hemokinesis","Sentinel","Dual Wield"],"picked":"SKIP","floor":1.0},{"not_picked":["Body Slam","Wild Strike"],"picked":"Anger","floor":4.0},{"not_picked":["Pommel Strike","True Grit"],"picked":"Sword Boomerang","floor":5.0},{"not_picked":["Bludgeon","Shrug It Off"],"picked":"Spot Weakness","floor":6.0},{"not_picked":["Carnage","Cleave"],"picked":"Flame Barrier","floor":8.0},{"not_picked":["Combust","Body Slam"],"picked":"Barricade","floor":11.0},{"not_picked":["Flex","Cleave","Twin Strike"],"picked":"SKIP","floor":13.0},{"not_picked":["Corruption","Immolate"],"picked":"Juggernaut","floor":16.0},{"not_picked":["Iron Wave","Intimidate"],"picked":"Body Slam+1","floor":18.0},{"not_picked":["Clash","Havoc","Fire Breathing"],"picked":"SKIP","floor":19.0},{"not_picked":["Pommel Strike","Infernal Blade+1","Havoc"],"picked":"SKIP","floor":21.0}],"player_experience":320034,"relics_obtained":[{"floor":6.0,"key":"Smiling Mask"},{"floor":7.0,"key":"Odd Mushroom"},{"floor":9.0,"key":"MawBank"},{"floor":11.0,"key":"Juzu Bracelet"},{"floor":13.0,"key":"War Paint"},{"floor":22.0,"key":"Necronomicon"}],"event_choices":[{"damage_healed":0.0,"max_hp_gain":0.0,"max_hp_loss":0.0,"gold_gain":0.0,"cards_transformed":["Bash"],"event_name":"Living Wall","player_choice":"Change","floor":2.0,"gold_loss":0.0,"damage_taken":0.0,"cards_obtained":["Thunderclap"]},{"damage_healed":0.0,"max_hp_gain":0.0,"max_hp_loss":0.0,"gold_gain":0.0,"event_name":"Mushrooms","player_choice":"Fought Mushrooms","floor":7.0,"gold_loss":0.0,"damage_taken":0.0},{"damage_healed":0.0,"max_hp_gain":0.0,"max_hp_loss":0.0,"gold_gain":0.0,"event_name":"Liars Game","player_choice":"Ignored","floor":14.0,"gold_loss":0.0,"damage_taken":0.0},{"damage_healed":0.0,"max_hp_gain":0.0,"max_hp_loss":0.0,"gold_gain":0.0,"event_name":"Cursed Tome","player_choice":"Obtained Book","floor":22.0,"gold_loss":0.0,"damage_taken":16.0}],"is_beta":false,"boss_relics":[{"not_picked":["Black Star","Cursed Key"],"picked":"Snecko Eye"}],"items_purged_floors":[3,20],"is_endless":false,"potions_floor_spawned":[5,7,13,16,21],"killed_by":"Book of Stabbing","ascension_level":5}}