{"host":"sc0o2qwpf9j16a4i","time":1613054015,"event":{"mods":["AchievementEnabler","BaseMod","BetterRewards","Block Reminder","Colored Map","Colored Powertips","Custom Start","Highlight Path","Minty Spire (QoL Compilation)","Relic Stats"],"gold_per_floor":[113,113,132,146,163,195,195,224,224,258,7,33,88,108,108,207,207,255,296,296,296,296,358,373,373,373,431,165,193,193,193,193,288,288,328,1327,1327,597,650,684,684,720,729,729,754,797,797,831,831,840],"floor_reached":51,"language":"ENG","playtime":1686,"items_purged":["Normality"],"score":1420,"play_id":"818f9ae1-bd72-4aeb-a45b-5849f17e0591","local_time":"20210211163335","daily_mods":["Cursed Run","Diverse","Elite Swarm"],"is_ascension_mode":false,"campfire_choices":[{"data":"Wish","floor":15,"key":"SMITH"},{"data":"Seek","floor":25,"key":"SMITH"},{"floor":32,"key":"DIG"},{"data":"Normality","floor":44,"key":"PURGE"},{"floor":47,"key":"DIG"},{"floor":49,"key":"DIG"}],"circlet_count":0,"master_deck":["Strike_P","Strike_P","Strike_P","Defend_P","Defend_P","Defend_P","Defend_P","Eruption","Vigilance","CrushJoints","Sucker Punch","Impervious","Adrenaline","Corpse Explosion","Parasite","Wish+1","ThirdEye","Malaise","Power Through","Evaluate","Doubt","Seek+1","Heavy Blade+1","Necronomicurse","Regret","Limit Break","Parasite","Offering","Apotheosis","DeceiveReality","Heavy Blade","Shame","Devotion","Protect","Inflame","CutThroughFate+1","Ragnarok+1","Feed+1","Normality","ThirdEye+1","Reaper+1","Pain"],"relics":["Cursed Key","Darkstone Periapt","Du-Vu Doll","Kunai","Blue Candle","Eternal Feather","InkBottle","Damaru","Gambling Chip","Pantograph","Sozu","Necronomicon","Sundial","Strawberry","Meat on the Bone","Smiling Mask","Shovel","Question Card","Letter Opener","Snecko Eye","ClockworkSouvenir","Molten Egg 2","CeramicFish","Ice Cream","Peace Pipe","Toxic Egg 2","White Beast Statue","Art of War","CaptainsWheel","Pocketwatch","HornCleat"],"acts_visited":["Exordium","TheCity","TheBeyond"],"potions_floor_usage":[6,8,10,12,13,16,16,50],"damage_taken":[{"damage":0,"enemies":"2 Louse","floor":1,"turns":2},{"damage":0,"enemies":"Cultist","floor":3,"turns":4},{"damage":1,"enemies":"Jaw Worm","floor":4,"turns":3},{"damage":3,"enemies":"Red Slaver","floor":5,"turns":4},{"damage":18,"enemies":"3 Sentries","floor":6,"turns":11},{"damage":0,"enemies":"Lagavulin","floor":8,"turns":7},{"damage":0,"enemies":"3 Sentries","floor":10,"turns":2},{"damage":0,"enemies":"Lagavulin","floor":12,"turns":8},{"damage":0,"enemies":"Gremlin Nob","floor":13,"turns":2},{"damage":0,"enemies":"2 Fungi Beasts","floor":14,"turns":2},{"damage":0,"enemies":"Hexaghost","floor":16,"turns":9},{"damage":0,"enemies":"2 Thieves","floor":18,"turns":3},{"damage":1,"enemies":"Spheric Guardian","floor":19,"turns":6},{"damage":18,"enemies":"Slavers","floor":23,"turns":2},{"damage":1,"enemies":"Snake Plant","floor":24,"turns":4},{"damage":8,"enemies":"Gremlin Leader","floor":27,"turns":5},{"damage":8,"enemies":"Book of Stabbing","floor":29,"turns":5},{"damage":23,"enemies":"Collector","floor":33,"turns":5},{"damage":6,"enemies":"Orb Walker","floor":35,"turns":3},{"damage":2,"enemies":"2 Orb Walkers","floor":39,"turns":2},{"damage":10,"enemies":"Giant Head","floor":40,"turns":3},{"damage":15,"enemies":"Reptomancer","floor":42,"turns":4},{"damage":53,"enemies":"3 Darklings","floor":45,"turns":3},{"damage":1,"enemies":"Giant Head","floor":46,"turns":3},{"damage":11,"enemies":"Nemesis","floor":48,"turns":3},{"damage":10,"enemies":"Awakened One","floor":50,"turns":7}],"seed_played":"-7028900206464732529","potions_obtained":[{"floor":2,"key":"Swift Potion"},{"floor":2,"key":"ColorlessPotion"},{"floor":2,"key":"Fire Potion"},{"floor":5,"key":"LiquidBronze"},{"floor":6,"key":"StancePotion"},{"floor":10,"key":"Swift Potion"},{"floor":12,"key":"StancePotion"},{"floor":14,"key":"Energy Potion"}],"is_trial":true,"path_per_floor":["M","?","M","M","M","E","?","E","T","E","$","E","?","M","R","B",null,"M","M","?","?","T","E","M","R","T","E","$","E","?","?","R","B",null,"M","?","?","$","?","E","?","E","T","R","M","E","R","E","R","B",null],"character_chosen":"WATCHER","items_purchased":["Damaru","ThirdEye","PowerPotion","Apotheosis","DeceiveReality","Heavy Blade","ClockworkSouvenir","Protect","Molten Egg 2","CeramicFish","Inflame","CutThroughFate+1"],"campfire_rested":0,"item_purchase_floors":[11,11,11,28,28,28,38,38,38,38,38,38],"current_hp_per_floor":[72,72,72,71,68,50,43,43,49,49,49,49,49,49,61,84,84,84,83,73,73,79,68,67,82,88,80,80,72,72,50,68,76,120,114,126,125,125,123,113,113,98,104,128,75,78,102,135,135,142],"gold":840,"neow_bonus":"","is_daily":false,"chose_seed":false,"campfire_upgraded":2,"win_rate":0.0,"timestamp":1613054015,"path_taken":["M","?","?","M","M","E","?","E","T","E","$","E","?","M","R","BOSS","M","M","?","?","?","E","?","R","T","E","?","E","?","?","R","BOSS","M","?","?","$","?","E","?","E","T","R","M","E","R","E","R","BOSS"],"items_purchased_type":["Relic","Card","Potion","Card","Card","Card","Relic","Card","Relic","Relic","Card","Card"],"build_version":"2020-12-22","purchased_purges":1,"victory":true,"max_hp_per_floor":[72,72,72,72,72,72,72,72,78,78,78,78,78,78,78,84,84,84,84,90,90,96,103,103,103,109,109,109,109,109,114,114,120,120,120,132,125,125,125,125,125,125,131,131,131,135,135,135,135,145],"relic_stats":{"Darkstone Periapt":60,"counters":[26,112],"Blue Candle":[29],"CeramicFish":72,"Eternal Feather":93,"Letter Opener":[140],"Cursed Key":4,"Smiling Mask":25,"Question Card":8,"Sozu":6,"Peace Pipe":1,"Shovel":3,"Sundial":[4],"Gambling Chip":[57],"Pantograph":42,"Snecko Eye":[58,63,55,50],"Necronomicon":[16],"Art of War":[2],"Kunai":[19],"obtain_stats":[{"Darkstone Periapt":0,"Ice Cream":39,"CeramicFish":38,"Cursed Key":0,"Smiling Mask":27,"ClockworkSouvenir":38,"Sozu":17,"Shovel":29,"HornCleat":49,"Sundial":22,"Gambling Chip":12,"Pantograph":13,"Strawberry":23,"Necronomicon":20,"Kunai":6,"Toxic Egg 2":42,"InkBottle":10,"Blue Candle":8,"Damaru":11,"Eternal Feather":9,"Letter Opener":32,"Question Card":30,"White Beast Statue":43,"Du-Vu Doll":0,"Peace Pipe":40,"CaptainsWheel":47,"Snecko Eye":34,"Molten Egg 2":38,"Art of War":46,"Meat on the Bone":26,"Pocketwatch":48},{"Darkstone Periapt":0,"Ice Cream":20,"CeramicFish":19,"Cursed Key":0,"Smiling Mask":16,"ClockworkSouvenir":19,"Sozu":11,"Shovel":17,"HornCleat":25,"Sundial":13,"Gambling Chip":8,"Pantograph":9,"Strawberry":14,"Necronomicon":13,"Kunai":5,"Toxic Egg 2":22,"InkBottle":7,"Blue Candle":6,"Damaru":7,"Eternal Feather":6,"Letter Opener":17,"Question Card":17,"White Beast Statue":22,"Du-Vu Doll":0,"Peace Pipe":21,"CaptainsWheel":24,"Snecko Eye":18,"Molten Egg 2":19,"Art of War":24,"Meat on the Bone":15,"Pocketwatch":25},{"Darkstone Periapt":0,"Ice Cream":89,"CeramicFish":87,"Cursed Key":0,"Smiling Mask":74,"ClockworkSouvenir":87,"Sozu":54,"Shovel":79,"HornCleat":105,"Sundial":63,"Gambling Chip":41,"Pantograph":43,"Strawberry":65,"Necronomicon":63,"Kunai":24,"Toxic Egg 2":96,"InkBottle":33,"Blue Candle":31,"Damaru":33,"Eternal Feather":31,"Letter Opener":79,"Question Card":79,"White Beast Statue":96,"Du-Vu Doll":0,"Peace Pipe":92,"CaptainsWheel":102,"Snecko Eye":84,"Molten Egg 2":87,"Art of War":102,"Meat on the Bone":69,"Pocketwatch":105}],"InkBottle":[32],"Meat on the Bone":0,"Pocketwatch":[0]},"card_choices":[{"not_picked":["Consecrate","Prepared"],"picked":"CrushJoints","floor":1},{"not_picked":["Nirvana","Bane"],"picked":"Sucker Punch","floor":3},{"not_picked":["CrushJoints","Gash","MentalFortress"],"picked":"SKIP","floor":4},{"not_picked":["Second Wind","Twin Strike"],"picked":"Impervious","floor":5},{"not_picked":["Brilliance","Brutality"],"picked":"Adrenaline","floor":6},{"not_picked":["Exhume","Machine Learning"],"picked":"Corpse Explosion","floor":8},{"not_picked":["Reaper","DevaForm"],"picked":"Wish","floor":10},{"not_picked":["Envenom","Rainbow"],"picked":"Malaise","floor":12},{"not_picked":["Warcry","BowlingBash"],"picked":"Power Through","floor":13},{"not_picked":["Acrobatics","Heavy Blade"],"picked":"Evaluate","floor":14},{"not_picked":["Brilliance","LessonLearned"],"picked":"Seek","floor":16},{"not_picked":["Stack","Prostrate+1","Expertise"],"picked":"SKIP","floor":18},{"not_picked":["Body Slam","Tactician"],"picked":"Heavy Blade+1","floor":19},{"not_picked":["Venomology","Rainbow"],"picked":"Limit Break","floor":23},{"not_picked":["Cloak And Dagger","Havoc","Coolheaded"],"picked":"SKIP","floor":24},{"not_picked":["Berserk","Malaise"],"picked":"Offering","floor":27},{"not_picked":["Corpse Explosion","Storm of Steel","Brilliance"],"picked":"SKIP","floor":29},{"not_picked":["Corpse Explosion","Limit Break","A Thousand Cuts"],"picked":"Devotion","floor":33},{"not_picked":["Backstab","Armaments","Halt+1","Outmaneuver"],"picked":"SKIP","floor":35},{"not_picked":["Burst","Feed+1","Hyperbeam+1"],"picked":"Ragnarok+1","floor":40},{"not_picked":["Double Tap+1","Fission+1","Grand Finale+1"],"picked":"Feed+1","floor":42},{"not_picked":["Blizzard+1","BowlingBash+1","Armaments+1"],"picked":"ThirdEye+1","floor":45},{"not_picked":["Unload+1","DevaForm","Grand Finale+1"],"picked":"Reaper+1","floor":46},{"not_picked":["Scrawl+1","Corpse Explosion+1","Bullet Time+1","Phantasmal Killer+1"],"picked":"SKIP","floor":48}],"player_experience":1335043,"relics_obtained":[{"floor":6,"key":"Kunai"},{"floor":8,"key":"Blue Candle"},{"floor":9,"key":"Eternal Feather"},{"floor":10,"key":"InkBottle"},{"floor":12,"key":"Gambling Chip"},{"floor":13,"key":"Pantograph"},{"floor":20,"key":"Necronomicon"},{"floor":22,"key":"Sundial"},{"floor":23,"key":"Strawberry"},{"floor":26,"key":"Meat on the Bone"},{"floor":27,"key":"Smiling Mask"},{"floor":29,"key":"Shovel"},{"floor":32,"key":"Letter Opener"},{"floor":39,"key":"Ice Cream"},{"floor":40,"key":"Peace Pipe"},{"floor":42,"key":"Toxic Egg 2"},{"floor":43,"key":"White Beast Statue"},{"floor":46,"key":"Art of War"},{"floor":47,"key":"CaptainsWheel"},{"floor":48,"key":"Pocketwatch"},{"floor":49,"key":"HornCleat"}],"event_choices":[{"damage_healed":0,"gold_gain":0,"player_choice":"Got Potions","damage_taken":0,"max_hp_gain":0,"max_hp_loss":0,"event_name":"Lab","floor":2,"gold_loss":0},{"cards_removed":["Strike_P"],"damage_healed":0,"gold_gain":0,"player_choice":"Card Removal","damage_taken":7,"max_hp_gain":0,"max_hp_loss":0,"event_name":"Golden Wing","floor":7,"gold_loss":0},{"damage_healed":0,"gold_gain":30,"player_choice":"Searched \u00272\u0027 times","damage_taken":0,"max_hp_gain":0,"max_hp_loss":0,"event_name":"Dead Adventurer","floor":13,"gold_loss":0},{"damage_healed":0,"gold_gain":0,"player_choice":"Obtained Book","damage_taken":16,"max_hp_gain":0,"max_hp_loss":0,"event_name":"Cursed Tome","floor":20,"gold_loss":0},{"damage_healed":0,"gold_gain":0,"player_choice":"Ignored","damage_taken":0,"max_hp_gain":0,"max_hp_loss":0,"event_name":"Ghosts","floor":21,"gold_loss":0},{"damage_healed":0,"gold_gain":0,"player_choice":"Opened","damage_taken":0,"relics_obtained":["Question Card"],"max_hp_gain":0,"max_hp_loss":0,"event_name":"The Mausoleum","floor":30,"gold_loss":0},{"damage_healed":0,"gold_gain":0,"player_choice":"Shed Blood","damage_taken":27,"max_hp_gain":5,"max_hp_loss":0,"event_name":"Forgotten Altar","floor":31,"gold_loss":0},{"damage_healed":0,"gold_gain":999,"player_choice":"Gold","damage_taken":0,"max_hp_gain":0,"max_hp_loss":0,"event_name":"MindBloom","floor":36,"gold_loss":0,"cards_obtained":["Normality","Normality"]},{"damage_healed":0,"gold_gain":0,"player_choice":"Max HP","damage_taken":0,"max_hp_gain":0,"max_hp_loss":7,"event_name":"Winding Halls","floor":37,"gold_loss":0},{"damage_healed":0,"gold_gain":0,"player_choice":"Fight","damage_taken":0,"max_hp_gain":0,"max_hp_loss":0,"event_name":"Mysterious Sphere","floor":39,"gold_loss":0},{"damage_healed":0,"gold_gain":0,"player_choice":"Ignored","damage_taken":0,"max_hp_gain":0,"max_hp_loss":0,"event_name":"Transmorgrifier","floor":41,"gold_loss":0}],"is_beta":false,"boss_relics":[{"not_picked":["Ectoplasm","Fusion Hammer"],"picked":"Sozu"},{"not_picked":["SlaversCollar","Runic Pyramid"],"picked":"Snecko Eye"}],"items_purged_floors":[38],"is_endless":false,"potions_floor_spawned":[5,6,10,12,14,27,29,40,45,46,48],"ascension_level":0}}