{"host":"fpyz1np99lc1z3pg","time":1613026378,"event":{"mods":["BaseMod","Beaked The Cultist","BetterRewards","Defuse TimeMaze Blight","Downfall","Friendly Minions","Hubris","Infinite Spire","Koishi","Minty Spire (QoL Compilation)","READ ME - Guardian Mod","Remilia£®¿Ÿ√◊¿Ú—«£©","Replay The Spire","StSLib","Td1madao Mod","The Bug Knight","The Construct","The Hierophant","The Jungle","The Servant 0.9.4","Youmu£®ªÍ∆«—˝√Œ£©"],"gold_per_floor":[99,99,99,99,99,199,249,259,293,293,363,397,397,447,465,465,465,465],"floor_reached":16,"language":"ZHS","playtime":2986,"items_purged":[],"score":106,"play_id":"8cbaf5f7-ea18-47c6-9221-8bff0a48f02c","local_time":"20210211145258","is_ascension_mode":false,"campfire_choices":[{"floor":1,"key":"RECALL"},{"data":"Slimebound:CorrosiveSpit","floor":10,"key":"SMITH"},{"floor":13,"key":"REST"}],"circlet_count":0,"master_deck":["Slimebound:Strike_Slimebound","Slimebound:Strike_Slimebound+1","Slimebound:Tackle","Slimebound:Defend_Slimebound","Slimebound:Defend_Slimebound+1","Slimebound:Defend_Slimebound","Slimebound:Defend_Slimebound","Slimebound:Split","Slimebound:CorrosiveSpit+1","Slimebound:ItLooksTasty+1","Slimebound:LeechingTouch","downfall:Malfunctioning","Slimebound:Prepare","Slimebound:SplitBruiser","Slimebound:FirmFortitude","Slimebound:Schlurp","Slimebound:ProtectTheBoss","Slimebound:FirmFortitude","Slimebound:SplitBruiser"],"relics":["Slimebound:AbsorbEndCombat","downfall:HeartsMalice","hubris:Towel","downfall:CloakOfManyFaces","CultistMask","FaceOfCleric","NlothsMask","GremlinMask","SsserpentHead","infinitespire:Beetle Shell","hubris:PeanutButter"],"acts_visited":["Exordium"],"potions_floor_usage":[12,12,16],"damage_taken":[{"damage":0,"enemies":"2 Louse","floor":2,"turns":1},{"damage":0,"enemies":"Jaw Worm","floor":3,"turns":1},{"damage":0,"enemies":"downfall:FaceTrader","floor":6,"turns":1},{"damage":15,"enemies":"infinitespire:Voidling","floor":8,"turns":5},{"damage":22,"enemies":"Lagavulin","floor":9,"turns":7},{"damage":13,"enemies":"2 Fungi Beasts","floor":11,"turns":3},{"damage":29,"enemies":"Gremlin Nob","floor":12,"turns":4},{"damage":0,"enemies":"Exordium Thugs","floor":15,"turns":4},{"damage":68,"enemies":"WA_ARCHETYPE_RETAIN","floor":16,"turns":10}],"seed_played":"2214591333113792680","potions_obtained":[{"floor":9,"key":"FearPotion"},{"floor":11,"key":"Venom Potion"},{"floor":12,"key":"Adrenaline Potion"}],"is_trial":false,"path_per_floor":["R","M","M","?","?","?","T","M","E","R","M","E","R","?","M","B"],"character_chosen":"SLIMEBOUND","items_purchased":[],"campfire_rested":1,"item_purchase_floors":[],"current_hp_per_floor":[65,65,65,65,65,65,65,63,48,48,38,14,34,34,43,0,0,0],"gold":465,"neow_bonus":"THREE_ENEMY_KILL","is_daily":false,"chose_seed":false,"campfire_upgraded":1,"win_rate":0.0,"timestamp":1613026378,"path_taken":["R","M","M","?","?","?","T","M","E","R","?","E","R","?","M","BOSS"],"items_purchased_type":[],"build_version":"2020-12-22","purchased_purges":0,"victory":false,"max_hp_per_floor":[65,65,65,65,65,65,65,66,67,67,68,69,69,69,70,70,70,70],"card_choices":[{"not_picked":["Slimebound:HauntingLick","Slimebound:SpikyOuterGoop"],"picked":"Slimebound:ItLooksTasty","floor":2},{"not_picked":["Slimebound:ForwardTackle","Slimebound:DivideAndConquer"],"picked":"Slimebound:LeechingTouch","floor":3},{"not_picked":["Slimebound:RollThrough","Slimebound:ServeAndProtect"],"picked":"Slimebound:Prepare","floor":6},{"not_picked":["Slimebound:LeechEnergy","Slimebound:ComboTackle"],"picked":"Slimebound:SplitBruiser","floor":8},{"not_picked":["Slimebound:ForwardTackle","Slimebound:LeechEnergy"],"picked":"Slimebound:FirmFortitude","floor":9},{"not_picked":["Slimebound:LeechingTouch","Slimebound:Replication"],"picked":"Slimebound:Schlurp","floor":11},{"not_picked":["Slimebound:ServeAndProtect","Slimebound:Recollect"],"picked":"Slimebound:ProtectTheBoss","floor":12},{"not_picked":["Slimebound:PressTheAttack","Slimebound:FinishingTackle"],"picked":"Slimebound:SplitBruiser","floor":15}],"player_experience":283110,"relics_obtained":[{"floor":6,"key":"downfall:CloakOfManyFaces"},{"floor":9,"key":"infinitespire:Beetle Shell"},{"floor":12,"key":"hubris:PeanutButter"}],"event_choices":[{"damage_healed":0,"gold_gain":0,"cards_transformed":["Slimebound:Strike_Slimebound"],"player_choice":"Change","damage_taken":0,"max_hp_gain":0,"max_hp_loss":0,"event_name":"Living Wall","floor":14,"gold_loss":0,"cards_obtained":["Slimebound:FirmFortitude"]}],"is_beta":false,"boss_relics":[],"items_purged_floors":[],"is_endless":false,"potions_floor_spawned":[9,11,12],"killed_by":"WA_ARCHETYPE_RETAIN","ascension_level":0}}