{"host":"ky7z67tg8zpdk0g7","time":1613015409,"event":{"mods":["BaseMod","CapriCore","Energized Spire","Halation","Hubris","Minty Spire (QoL Compilation)","Replay The Spire","StSLib","The Construct"],"gold_per_floor":[118,118,20,36,51,84,84,119,188,188,188,188,200,200,200,297,297,316,332,348,348,348,348,348,348,348],"floor_reached":25,"language":"RUS","playtime":837,"items_purged":["construct:Strike_Gold"],"score":240,"play_id":"30a62fa3-833b-42f9-8505-7f5a38b1dcd0","local_time":"20210211105009","is_ascension_mode":true,"campfire_choices":[{"data":"construct:Autoturret","floor":7,"key":"SMITH"},{"data":"construct:NuclearCore","floor":10,"key":"SMITH"},{"data":"construct:CreateCores","floor":15,"key":"SMITH"},{"data":"construct:CreateCores+1","floor":24,"key":"SMITH"}],"circlet_count":0,"master_deck":["construct:Defend_Gold","construct:Defend_Gold+1","construct:Defend_Gold","construct:Defend_Gold","construct:Defend_Gold","construct:DefenseMode","ReplayTheSpireMod:Faulty Equipment","construct:Meltdown","construct:NuclearCore+1","construct:Autoturret+1","construct:Meltdown","construct:LongRangeLance","construct:CreateCores+2","construct:Anticipate","construct:Reinforce"],"relics":["construct:ClockworkPhoenix","construct:BoolHorns","hubris:64BitClover","halation:EternalFortune","Empty Cage"],"acts_visited":["Exordium","TheCity"],"potions_floor_usage":[20,23,25],"damage_taken":[{"damage":0,"enemies":"2 Louse","floor":1,"turns":3},{"damage":8,"enemies":"Jaw Worm","floor":4,"turns":4},{"damage":1,"enemies":"Small Slimes","floor":5,"turns":4},{"damage":6,"enemies":"Replay:BlueRogue","floor":6,"turns":8},{"damage":13,"enemies":"3 Sentries","floor":8,"turns":4},{"damage":0,"enemies":"Exordium Thugs","floor":13,"turns":3},{"damage":35,"enemies":"Slime Boss","floor":16,"turns":7},{"damage":20,"enemies":"2 Thieves","floor":18,"turns":4},{"damage":24,"enemies":"Spheric Guardian","floor":19,"turns":6},{"damage":21,"enemies":"Snake Plant","floor":20,"turns":3},{"damage":5,"enemies":"Gremlin Leader","floor":23,"turns":2},{"damage":23,"enemies":"Book of Stabbing","floor":25,"turns":5}],"seed_played":"3356654498016954941","potions_obtained":[{"floor":6,"key":"Reflective Coating"},{"floor":13,"key":"SpeedPotion"},{"floor":18,"key":"SmokeBomb"}],"is_trial":false,"path_per_floor":["M","?","$","M","M","E","R","E","T","R","?","?","M","?","R","B",null,"M","M","M","?","?","E","R","E"],"character_chosen":"THE_CONSTRUCT_MOD","items_purchased":["construct:Autoturret"],"campfire_rested":0,"item_purchase_floors":[3],"current_hp_per_floor":[85,78,78,70,69,63,63,50,50,50,33,36,36,36,36,1,88,68,44,23,23,23,18,18,0,0],"gold":348,"neow_bonus":"THREE_RARE_CARDS","is_daily":false,"chose_seed":false,"campfire_upgraded":4,"win_rate":0.0,"timestamp":1613015409,"path_taken":["M","?","$","M","M","E","R","E","T","R","?","?","M","?","R","BOSS","M","M","M","?","?","E","R","E"],"items_purchased_type":["Card"],"build_version":"2020-12-22","purchased_purges":1,"victory":false,"max_hp_per_floor":[85,85,85,85,85,85,85,85,85,85,85,88,88,88,88,88,88,88,88,88,88,88,88,88,88,88],"card_choices":[{"not_picked":["construct:Multistage","construct:Afterburners"],"picked":"construct:Meltdown","floor":0},{"not_picked":["construct:Versatility","construct:ShiftStrike"],"picked":"construct:NuclearCore","floor":1},{"not_picked":["construct:UnbalancingBlast","construct:FierceBash","construct:FocusedBeam"],"picked":"SKIP","floor":4},{"not_picked":["construct:ScrapCannon","construct:CreateCores","construct:Electrocute"],"picked":"SKIP","floor":5},{"not_picked":["construct:Hazardproof","construct:ScopeCore"],"picked":"construct:Meltdown","floor":6},{"not_picked":["construct:ModeShift","construct:ChargeShot"],"picked":"construct:LongRangeLance","floor":8},{"not_picked":["construct:FierceBash","construct:BlazingSpeed"],"picked":"construct:CreateCores","floor":13},{"not_picked":["construct:Analyze","construct:ClusterMines+1"],"picked":"construct:Anticipate","floor":18},{"not_picked":["construct:Backfire+1","construct:ScrapCannon+1","construct:ClusterMines+1"],"picked":"SKIP","floor":19},{"not_picked":["construct:Antimatter","construct:HardReboot","construct:NuclearCore"],"picked":"SKIP","floor":20}],"player_experience":74780,"relics_obtained":[{"floor":6,"key":"construct:BoolHorns"},{"floor":8,"key":"hubris:64BitClover"}],"event_choices":[{"cards_removed":["construct:Strike_Gold"],"damage_healed":0,"gold_gain":0,"player_choice":"Card Removal","damage_taken":7,"max_hp_gain":0,"max_hp_loss":0,"event_name":"Golden Wing","floor":2,"gold_loss":0},{"damage_healed":0,"gold_gain":0,"player_choice":"Entered Light","damage_taken":17,"max_hp_gain":0,"max_hp_loss":0,"event_name":"Shining Light","floor":11,"gold_loss":0,"cards_upgraded":["construct:Strike_Gold","construct:Defend_Gold"]},{"cards_removed":["construct:Strike_Gold"],"damage_healed":0,"gold_gain":0,"player_choice":"Purged","damage_taken":0,"max_hp_gain":0,"max_hp_loss":0,"event_name":"Purifier","floor":14,"gold_loss":0},{"damage_healed":0,"gold_gain":0,"player_choice":"Ignored","damage_taken":0,"max_hp_gain":0,"max_hp_loss":0,"event_name":"Vampires","floor":21,"gold_loss":0},{"damage_healed":0,"gold_gain":0,"cards_transformed":["construct:Strike_Gold"],"player_choice":"Transformed","damage_taken":0,"max_hp_gain":0,"max_hp_loss":0,"event_name":"Transmorgrifier","floor":22,"gold_loss":0,"cards_obtained":["construct:Reinforce"]}],"is_beta":false,"boss_relics":[{"not_picked":["halation:PlatinumPhoenix","Painkiller Herb"],"picked":"Empty Cage"}],"items_purged_floors":[3],"is_endless":false,"potions_floor_spawned":[6,13,18,23],"killed_by":"Book of Stabbing","ascension_level":1}}