{"host":"l4kdldlios54gl54","time":1613086217,"event":{"mods":["AchievementEnabler","BaseMod","Colored Map","Colored Powertips","Minty Spire (QoL Compilation)","Random Character Button"],"gold_per_floor":[361,10,29,29,29,29,42,42,67,83,98,114,39,39,39,39,39],"floor_reached":16,"language":"ENG","playtime":430,"items_purged":["Strike_R"],"score":184,"play_id":"b429ec8a-bd84-48db-8658-a2724fa54bca","local_time":"20210212003017","is_ascension_mode":true,"campfire_choices":[{"data":"Shrug It Off","floor":6,"key":"SMITH"},{"data":"Wild Strike","floor":15,"key":"SMITH"}],"circlet_count":0,"master_deck":["AscendersBane","Strike_R","Strike_R","Strike_R","Strike_R","Defend_R","Defend_R","Defend_R","Defend_R","Bash","Cleave+1","Shrug It Off+1","Wild Strike+1","Wild Strike"],"relics":["Burning Blood","PrismaticShard","Lantern","Art of War","PreservedInsect"],"acts_visited":["Exordium"],"potions_floor_usage":[10,16,16],"damage_taken":[{"damage":2,"enemies":"Cultist","floor":1,"turns":4},{"damage":7,"enemies":"Jaw Worm","floor":3,"turns":3},{"damage":3,"enemies":"Small Slimes","floor":7,"turns":3},{"damage":1,"enemies":"Exordium Wildlife","floor":10,"turns":3},{"damage":10,"enemies":"Blue Slaver","floor":11,"turns":3},{"damage":1,"enemies":"Looter","floor":12,"turns":3},{"damage":56,"enemies":"Hexaghost","floor":16,"turns":8}],"seed_played":"-961617609335428921","potions_obtained":[{"floor":3,"key":"DistilledChaos"},{"floor":10,"key":"Strength Potion"},{"floor":12,"key":"SkillPotion"}],"is_trial":false,"path_per_floor":["M","$","M","$","?","R","M","?","T","M","M","M","$","?","R","B"],"character_chosen":"IRONCLAD","items_purchased":["PrismaticShard","Lantern","Shrug It Off"],"campfire_rested":0,"item_purchase_floors":[2,2,2],"current_hp_per_floor":[54,54,53,53,53,53,56,21,21,26,22,27,27,52,52,0,0],"gold":39,"neow_bonus":"TWO_FIFTY_GOLD","is_daily":false,"chose_seed":false,"campfire_upgraded":2,"win_rate":0.0,"timestamp":1613086217,"path_taken":["M","?","M","$","?","R","M","?","T","M","M","M","$","?","R","BOSS"],"items_purchased_type":["Relic","Relic","Card"],"build_version":"2020-12-22","purchased_purges":1,"victory":false,"max_hp_per_floor":[75,75,75,75,75,75,75,75,75,75,75,75,75,75,75,75,75],"card_choices":[{"not_picked":["Clothesline","Dark Embrace"],"picked":"Cleave","floor":1},{"not_picked":["Fire Breathing","ThirdEye","Flying Knee"],"picked":"SKIP","floor":3},{"not_picked":["Halt","Impatience"],"picked":"Wild Strike","floor":7},{"not_picked":["FlyingSleeves","Intimidate"],"picked":"Wild Strike","floor":10},{"not_picked":["Dark Shackles","Gash","Compile Driver"],"picked":"SKIP","floor":11},{"not_picked":["Headbutt","Thunderclap","Iron Wave"],"picked":"SKIP","floor":12}],"player_experience":904228,"relics_obtained":[{"floor":9,"key":"PreservedInsect"}],"event_choices":[{"damage_healed":0,"gold_gain":0,"player_choice":"Grow","damage_taken":0,"max_hp_gain":0,"max_hp_loss":0,"event_name":"Living Wall","floor":5,"gold_loss":0,"cards_upgraded":["Cleave"]},{"damage_healed":0,"gold_gain":0,"player_choice":"Success","damage_taken":35,"relics_obtained":["Art of War"],"max_hp_gain":0,"max_hp_loss":0,"event_name":"Scrap Ooze","floor":8,"gold_loss":0},{"damage_healed":25,"gold_gain":0,"player_choice":"Banana","damage_taken":0,"max_hp_gain":0,"max_hp_loss":0,"event_name":"Big Fish","floor":14,"gold_loss":0}],"is_beta":false,"boss_relics":[],"items_purged_floors":[13],"is_endless":false,"potions_floor_spawned":[3,10,12],"killed_by":"Hexaghost","ascension_level":20}}