{"host":"8d5lz1qub9wfpdii","time":1613034715,"event":{"mods":["2.2 Compatiblity","AchievementEnabler","Act Like it!","Arknights","Aspiration","BaseMod","Beaked The Cultist","Bestiary","Better Altar","Better Match","Better Note","Better Skull","Better Third Choice","BetterRewards","Bossed Relics","Colored Powertips","Conspire","Downfall","Friendly Minions","GifTheSpireLib","Hallownest","Hermit","Hubris","Infinite Spire","Jorbs\u0027s Wanderer Trilogy","Minty Spire (QoL Compilation)","RNG Fix","Relic Stats","Replay The Spire","Shade Mod","Shop Mod","Spicy Shops","Spire Arcade","StSLib","Stuff the Spire","The Animator","The Blackbeard","The Bug Knight","The Clintock","The Forsaken","The Hayseed","The Hierophant","The Necromancer","The Runesmith","The Servant 0.9.4","Uncapped","Wandering Minibosses"],"gold_per_floor":[116,116,132,132,132,132,148,148,148,163,163,163,189,209,209,209,209],"floor_reached":16,"language":"ENG","playtime":557,"items_purged":[],"score":100,"play_id":"f62babaa-f386-4b1b-ad1d-ff477826c3e2","local_time":"20210211194155","is_ascension_mode":false,"campfire_choices":[{"data":"clintock:DGMP","floor":6,"key":"SMITH"},{"data":"clintock:Replenish","floor":8,"key":"SMITH"},{"data":"clintock:Thymidine","floor":15,"key":"SMITH"}],"circlet_count":0,"master_deck":["clintock:ClintockStrike","clintock:ClintockStrike","clintock:ClintockStrike","clintock:ClintockStrike","clintock:ClintockDefend","clintock:ClintockDefend","clintock:ClintockDefend","clintock:ClintockDefend","clintock:BaseSynthesis","clintock:Replenish+1","clintock:Centrifuge","clintock:DGMP+1","clintock:ProteinUtilization","clintock:Obstruct","clintock:Thymidine+1"],"relics":["clintock:BiomoleculePool","NeowsBlessing","FaceOfCleric","aspiration:StickyExplosives_weak","Toy Ornithopter"],"acts_visited":["Exordium"],"potions_floor_usage":[16,16,16,16],"damage_taken":[{"damage":0,"enemies":"2 Louse","floor":1,"turns":1},{"damage":0,"enemies":"Cultist","floor":3,"turns":1},{"damage":0,"enemies":"Jaw Worm","floor":7,"turns":1},{"damage":0,"enemies":"Large Slime","floor":10,"turns":5},{"damage":33,"enemies":"Lagavulin","floor":13,"turns":10},{"damage":8,"enemies":"3 Louse","floor":14,"turns":3},{"damage":69,"enemies":"The Guardian","floor":16,"turns":10}],"seed_played":"-4949640605876589138","potions_obtained":[{"floor":3,"key":"EntropicBrew"},{"floor":7,"key":"PowerPotion"},{"floor":14,"key":"ColorlessPotion"}],"is_trial":false,"path_per_floor":["M","?","M","?","$","R","M","R","T","M","?","?","E","M","R","B"],"character_chosen":"CLINTOCK_CLASS","items_purchased":[],"campfire_rested":0,"item_purchase_floors":[],"current_hp_per_floor":[80,80,81,84,84,84,85,85,85,86,86,86,54,47,47,0,0],"gold":209,"neow_bonus":"THREE_ENEMY_KILL","is_daily":false,"chose_seed":false,"campfire_upgraded":3,"win_rate":0.0,"timestamp":1613034715,"path_taken":["M","?","M","?","$","R","M","R","T","M","?","?","E","?","R","BOSS"],"items_purchased_type":[],"build_version":"2020-12-22","purchased_purges":0,"victory":false,"max_hp_per_floor":[80,80,81,84,84,84,85,85,85,86,86,86,87,88,88,88,88],"relic_stats":{"FaceOfCleric":5,"counters":[7,31],"obtain_stats":[{"clintock:BiomoleculePool":0,"NeowsBlessing":0,"FaceOfCleric":2,"Toy Ornithopter":13,"aspiration:StickyExplosives_weak":9},{"clintock:BiomoleculePool":0,"NeowsBlessing":0,"FaceOfCleric":1,"Toy Ornithopter":5,"aspiration:StickyExplosives_weak":3},{"clintock:BiomoleculePool":0,"NeowsBlessing":0,"FaceOfCleric":1,"Toy Ornithopter":18,"aspiration:StickyExplosives_weak":3}],"Toy Ornithopter":20},"card_choices":[{"not_picked":["clintock:ATPReserves","clintock:BruteForce"],"picked":"clintock:Centrifuge","floor":1},{"not_picked":["clintock:Epidemic","clintock:Excavate"],"picked":"clintock:DGMP","floor":3},{"not_picked":["clintock:PurineMetabolism","clintock:Deoxycytidine","clintock:VectorFlow"],"picked":"SKIP","floor":7},{"not_picked":["clintock:BiolelePrime","clintock:Polymerize"],"picked":"clintock:ProteinUtilization","floor":10},{"not_picked":["clintock:PurineMetabolism","clintock:Eureka"],"picked":"clintock:Obstruct","floor":13},{"not_picked":["clintock:VectorFlow","clintock:Obstruct"],"picked":"clintock:Thymidine","floor":14}],"player_experience":110724,"relics_obtained":[{"floor":9,"key":"aspiration:StickyExplosives_weak"},{"floor":13,"key":"Toy Ornithopter"}],"event_choices":[{"damage_healed":0,"gold_gain":0,"player_choice":"Trade","damage_taken":0,"relics_obtained":["FaceOfCleric"],"max_hp_gain":0,"max_hp_loss":0,"event_name":"FaceTrader","floor":2,"gold_loss":0}],"is_beta":false,"boss_relics":[],"items_purged_floors":[],"is_endless":false,"potions_floor_spawned":[3,7,14],"killed_by":"The Guardian","ascension_level":0}}