{"host":"qs9tt0idvebcxhcs","time":1613001675,"event":{"mods":["BaseMod","Downfall","Friendly Minions","Highlight Path","Minty Spire (QoL Compilation)","StSLib","Synergy Search","The Administrix"],"gold_per_floor":[99,109,209,1,12,32,32,32,59,59,4,34,47,63,83,182,182,182,193,210,229,229,244,293,311,327,339,350,380,380,395,412,510,510,510,529,601,651,651,551,551,551,551,551,565,598,398,411,427,427,427,462,37,37,37,37,37,37],"floor_reached":56,"language":"ENG","playtime":10699,"items_purged":[],"score":830,"play_id":"e2dabdca-df7d-444f-9b44-3273170355e4","local_time":"20210211100115","is_ascension_mode":false,"campfire_choices":[{"data":"champ:Taunt","floor":1.0,"key":"SMITH"},{"data":"champ:Duel","floor":10.0,"key":"SMITH"},{"data":"champ:CheapShot","floor":18.0,"key":"SMITH"},{"data":"champ:HoldFirm","floor":35,"key":"SMITH"},{"data":"expansioncontent:QuickStudy","floor":40,"key":"SMITH"},{"floor":43,"key":"RECALL"},{"data":"champ:Shatter","floor":47,"key":"SMITH"},{"data":"champ:Duel","floor":54,"key":"SMITH"}],"circlet_count":0,"master_deck":["champ:Strike","champ:Strike","champ:Strike","champ:Defend","champ:Defend","champ:Defend","champ:Defend","champ:Execute","champ:Taunt+1","champ:Shatter+1","champ:FanOfKnives","champ:FaceSlap","champ:Haymaker","expansioncontent:QuickStudy+1","champ:Duel+1","champ:Backstep","champ:HoldFirm+1","champ:Encircle","champ:EnragedBash","champ:IronFortress","champ:CheapShot+1","champ:Backstep+1","champ:CrownThrow+1","champ:FlashCut","champ:ArenaPreparation","champ:GutPunch","champ:Backstep+1","champ:IgnorePain","champ:AdrenalArmor","champ:BringItOn","champ:Improvising","expansioncontent:PrepareCrush","champ:HeavySlash","champ:MurderStrike","champ:Duel+1"],"relics":["champ:ChampionCrown","Champion Belt","Matryoshka","Oddly Smooth Stone","Pen Nib","Snecko Eye","Juzu Bracelet","Anchor","Philosopher\u0027s Stone","Centennial Puzzle","Lizard Tail","downfall:HeartBlessingBlue","StoneCalendar","champ:DefensiveTrainingManual","downfall:HeartBlessingRed","downfall:HeartBlessingGreen","Nunchaku","HornCleat"],"acts_visited":["Exordium","TheCity","TheBeyond","TheEnding"],"potions_floor_usage":[38,50,50,56,56,56],"damage_taken":[{"damage":10.0,"enemies":"2 Louse","floor":2.0,"turns":3.0},{"damage":40.0,"enemies":"2 Louse","floor":3.0,"turns":5.0},{"damage":20.0,"enemies":"downfall:FleeingMerchant","floor":4.0,"turns":4.0},{"damage":0.0,"enemies":"Small Slimes","floor":5.0,"turns":3.0},{"damage":13.0,"enemies":"Jaw Worm","floor":6.0,"turns":3.0},{"damage":23.0,"enemies":"Lagavulin","floor":9.0,"turns":5.0},{"damage":15.0,"enemies":"downfall:FleeingMerchant","floor":11.0,"turns":4.0},{"damage":5.0,"enemies":"Exordium Wildlife","floor":13.0,"turns":2.0},{"damage":16.0,"enemies":"Blue Slaver","floor":14.0,"turns":4.0},{"damage":21.0,"enemies":"Exordium Thugs","floor":15.0,"turns":5.0},{"damage":44.0,"enemies":"DF_ARCHETYPE_STREAMLINE","floor":16.0,"turns":11.0},{"damage":20.0,"enemies":"Spheric Guardian","floor":19.0,"turns":3.0},{"damage":35.0,"enemies":"Centurion and Healer","floor":20.0,"turns":7.0},{"damage":25.0,"enemies":"3 Cultists","floor":21.0,"turns":4.0},{"damage":10.0,"enemies":"Shelled Parasite and Fungi","floor":23.0,"turns":3.0},{"damage":10.0,"enemies":"Chosen and Byrds","floor":25.0,"turns":4.0},{"damage":11.0,"enemies":"3 Cultists","floor":26.0,"turns":5.0},{"damage":25.0,"enemies":"Snecko","floor":27.0,"turns":3.0},{"damage":25.0,"enemies":"Sentry and Sphere","floor":28.0,"turns":3.0},{"damage":66.0,"enemies":"Slavers","floor":29.0,"turns":6.0},{"damage":20,"enemies":"Centurion and Healer","floor":31,"turns":7},{"damage":38,"enemies":"Shelled Parasite and Fungi","floor":32,"turns":5},{"damage":61,"enemies":"WA_ARCHETYPE_CALM","floor":33,"turns":8},{"damage":18,"enemies":"3 Shapes","floor":36,"turns":3},{"damage":25,"enemies":"3 Shapes","floor":38,"turns":5},{"damage":10,"enemies":"3 Darklings","floor":45,"turns":4},{"damage":50,"enemies":"Giant Head","floor":46,"turns":7},{"damage":18,"enemies":"Spire Growth","floor":48,"turns":4},{"damage":11,"enemies":"Jaw Worm Horde","floor":49,"turns":2},{"damage":30,"enemies":"SI_POISON_ARCHETYPE","floor":50,"turns":8},{"damage":65,"enemies":"downfall:CharBossMerchant","floor":52,"turns":9},{"damage":136,"enemies":"downfall:NeowBoss","floor":55,"turns":16},{"damage":100,"enemies":"downfall:NeowBossFinal","floor":56,"turns":8}],"seed_played":"1919362423802259344","potions_obtained":[{"floor":5.0,"key":"champ:OpenerPotion"},{"floor":6.0,"key":"SteroidPotion"},{"floor":13.0,"key":"Strength Potion"},{"floor":19.0,"key":"SteroidPotion"},{"floor":29.0,"key":"PowerPotion"},{"floor":31,"key":"Strength Potion"},{"floor":32,"key":"champ:CounterPotion"},{"floor":33,"key":"Fruit Juice"},{"floor":38,"key":"DuplicationPotion"}],"is_trial":false,"path_per_floor":["R","M","?","$","M","M","T","?","E","R","$","?","M","M","M","B",null,"R","M","M","M","?","M","T","M","M","M","M","E","?","M","M","B",null,"R","M","?","?","?","R","T","?","R","?","M","E","R","M","M","B",null,"E","$","R","B","B"],"character_chosen":"THE_CHAMP","items_purchased":["champ:Haymaker","expansioncontent:QuickStudy","champ:Encircle","HornCleat","champ:Duel","AttackPotion","Weak Potion"],"campfire_rested":0,"item_purchase_floors":[4,4,11,53,53,53,53],"current_hp_per_floor":[99,99,69,69,69,66,66,66,58,58,58,58,53,52,46,27,99,99,99,89,89,89,89,89,89,88,88,78,37,70,70,62,62,99,99,96,96,104,104,114,114,114,114,114,114,114,114,106,105,85,114,94,94,94,33,0,0,0],"gold":37,"neow_bonus":"TEN_PERCENT_HP_BONUS","is_daily":false,"chose_seed":false,"campfire_upgraded":7,"win_rate":0.0,"timestamp":1613001675,"path_taken":["R","M","?","$","M","M","T","?","E","R","?","?","M","?","M","BOSS","R","M","M","M","?","M","T","M","M","M","M","E","?","M","M","BOSS","R","M","?","?","?","R","T","?","R","?","M","E","R","M","M","BOSS","E","$","R","BOSS","BOSS"],"items_purchased_type":["Card","Card","Card","Relic","Card","Potion","Potion"],"build_version":"2020-12-22","purchased_purges":0,"victory":false,"max_hp_per_floor":[99,99,99,99,99,99,99,99,99,99,99,99,99,99,99,99,99,99,99,99,99,99,99,99,99,99,99,99,99,99,99,99,99,99,99,99,99,104,104,114,114,114,114,114,114,114,114,114,114,114,114,114,114,114,114,114,114,114],"card_choices":[{"not_picked":["champ:GutPunch","champ:IronFortress"],"picked":"champ:Shatter","floor":2.0},{"not_picked":["champ:PerfectedStrike","champ:ShieldWall"],"picked":"champ:FanOfKnives","floor":3.0},{"not_picked":["champ:RecklessLeap","champ:CrownThrow"],"picked":"champ:FaceSlap","floor":4.0},{"not_picked":["champ:BladeFlurry","champ:Shatter"],"picked":"champ:Duel","floor":5.0},{"not_picked":["champ:TornadoPunch","champ:BringItOn"],"picked":"champ:Backstep","floor":6.0},{"not_picked":["champ:Lariat","champ:Shatter","champ:SkillfulDodge"],"picked":"SKIP","floor":9.0},{"not_picked":["champ:Haymaker","champ:BerserkersShout"],"picked":"champ:HoldFirm","floor":11.0},{"not_picked":["champ:Parry","champ:DefensiveShout","champ:Encircle"],"picked":"SKIP","floor":13.0},{"not_picked":["champ:CrookedStrike","champ:CalledShot"],"picked":"champ:EnragedBash","floor":14.0},{"not_picked":["champ:SkillfulDodge","champ:ShieldSlam"],"picked":"champ:IronFortress","floor":15.0},{"not_picked":["champ:HoldFirm","champ:SteelEdge"],"picked":"champ:CheapShot","floor":16.0},{"not_picked":["champ:DeathBlow","champ:FalseCounter"],"picked":"champ:Backstep+1","floor":19.0},{"not_picked":["champ:FaceSlap","champ:EnragedBash+1"],"picked":"champ:CrownThrow+1","floor":20.0},{"not_picked":["champ:Circumvent+1","champ:CrookedStrike"],"picked":"champ:FlashCut","floor":21.0},{"not_picked":["champ:Parry","champ:BerserkersShout+1"],"picked":"champ:ArenaPreparation","floor":23.0},{"not_picked":["champ:FocusedDefense+1","champ:CrownThrow"],"picked":"champ:GutPunch","floor":25.0},{"not_picked":["champ:BerserkersShout","champ:DefensiveShout+1"],"picked":"champ:Backstep+1","floor":26.0},{"not_picked":["champ:CrownThrow","champ:BladeFlurry","champ:FancyFootwork"],"picked":"SKIP","floor":27.0},{"not_picked":["champ:TornadoPunch","champ:FancyFootwork","champ:FlashCut+1"],"picked":"SKIP","floor":28.0},{"not_picked":["champ:ArenaPreparation","champ:PerfectedStrike"],"picked":"champ:IgnorePain","floor":29.0},{"not_picked":["champ:FocusedBerserking","champ:FocusedDefense"],"picked":"champ:AdrenalArmor","floor":31},{"not_picked":["champ:BladeFlurry+1","champ:Encircle"],"picked":"champ:BringItOn","floor":32},{"not_picked":["champ:SteelEdge","champ:LastStand"],"picked":"champ:Improvising","floor":33},{"not_picked":["champ:GutPunch+1","champ:TornadoPunch","champ:FlashCut+1"],"picked":"SKIP","floor":36},{"not_picked":["expansioncontent:AwakenDeath","expansioncontent:Chronoboost"],"picked":"expansioncontent:PrepareCrush","floor":42},{"not_picked":["champ:GladiatorStyle","champ:DefensiveShout+1","champ:FanOfKnives"],"picked":"SKIP","floor":45},{"not_picked":["champ:TornadoPunch+1","champ:Haymaker","champ:FancyFootwork+1"],"picked":"SKIP","floor":46},{"not_picked":["champ:CrownThrow+1","champ:RapidStrikes"],"picked":"champ:MurderStrike","floor":48},{"not_picked":["champ:CrownThrow+1","champ:Shatter","champ:HeartStrike+1"],"picked":"SKIP","floor":49},{"not_picked":["champ:BringItOn","champ:RisingSlash+1","champ:BerserkersShout"],"picked":"SKIP","floor":52}],"player_experience":380725,"relics_obtained":[{"floor":3.0,"key":"Champion Belt"},{"floor":7.0,"key":"Matryoshka"},{"floor":9.0,"key":"Oddly Smooth Stone"},{"floor":24.0,"key":"Juzu Bracelet"},{"floor":24.0,"key":"Potion Belt"},{"floor":29.0,"key":"Anchor"},{"floor":37,"key":"Centennial Puzzle"},{"floor":38,"key":"Lizard Tail"},{"floor":41,"key":"StoneCalendar"},{"floor":46,"key":"champ:DefensiveTrainingManual"},{"floor":52,"key":"Nunchaku"}],"event_choices":[{"damage_healed":33,"gold_gain":0,"player_choice":"Heal","damage_taken":0,"max_hp_gain":0,"max_hp_loss":0,"event_name":"The Library","floor":30,"gold_loss":0},{"cards_removed":["champ:Strike"],"damage_healed":0,"gold_gain":0,"player_choice":"Removed Attack","damage_taken":0,"max_hp_gain":0,"max_hp_loss":0,"event_name":"Falling","floor":39,"gold_loss":0}],"is_beta":false,"boss_relics":[{"not_picked":["Fusion Hammer","Coffee Dripper"],"picked":"Snecko Eye"},{"not_picked":["Black Star","Cursed Key"],"picked":"Philosopher\u0027s Stone"}],"items_purged_floors":[],"is_endless":false,"potions_floor_spawned":[5,6,13,14,19,23,29,31,32,33,38,45,49],"killed_by":"downfall:NeowBossFinal","ascension_level":0}}