{"host":"b9sas8jv6tsy9swm","time":1613002753,"event":{"mods":["AchievementEnabler","BaseMod","Minty Spire (QoL Compilation)","Permanent Neow","Quick Restart","Replay The Spire","StSLib"],"gold_per_floor":[366,166,178,178,191,219,219,250,250,263,263,289,309,341,341,451,451,489,489],"floor_reached":18,"language":"ZHS","playtime":975,"items_purged":["Strike_B"],"score":250,"play_id":"cfd5bf64-af36-411c-975e-8d1fc573f6a5","local_time":"20210211081913","is_ascension_mode":true,"campfire_choices":[{"data":"Genetic Algorithm","floor":7.0,"key":"SMITH"},{"floor":15.0,"key":"DIG"}],"circlet_count":0,"master_deck":["Strike_B","Strike_B","Strike_B","Defend_B","Defend_B","Defend_B+1","Defend_B","Zap","Dualcast","Go for the Eyes","Self Repair+1","Turbo","Ball Lightning","Gash","Genetic Algorithm+1","Panic Button","Injury","Hologram","Echo Form","Beam Cell","All For One","Heatsinks+1"],"relics":["Cracked Core","CaptainsWheel","Bottled Flame","Solar Panel","Ring of Hypnosis","Ring of Panic","Gremlin Horn","Singing Bowl","Replay:Bandana","Honey Jar"],"acts_visited":["Exordium","TheCity"],"potions_floor_usage":[],"damage_taken":[{"damage":9.0,"enemies":"Jaw Worm","floor":1.0,"turns":3.0},{"damage":1.0,"enemies":"Small Slimes","floor":3.0,"turns":4.0},{"damage":1.0,"enemies":"2 Louse","floor":5.0,"turns":3.0},{"damage":24.0,"enemies":"3 Sentries","floor":6.0,"turns":8.0},{"damage":1.0,"enemies":"Gremlin Nob","floor":8.0,"turns":4.0},{"damage":17.0,"enemies":"Exordium Wildlife","floor":10.0,"turns":3.0},{"damage":30.0,"enemies":"3 Sentries","floor":12.0,"turns":9.0},{"damage":11.0,"enemies":"Lots of Slimes","floor":13.0,"turns":4.0},{"damage":20.0,"enemies":"Lagavulin","floor":14.0,"turns":6.0},{"damage":16.0,"enemies":"Slime Boss","floor":16.0,"turns":9.0},{"damage":4,"enemies":"Chosen","floor":18,"turns":4}],"seed_played":"6070555215867171250","potions_obtained":[{"floor":1.0,"key":"Weak Potion"},{"floor":8.0,"key":"Swift Potion"},{"floor":14.0,"key":"Fire Potion"},{"floor":18,"key":"Explosive Potion"}],"is_trial":false,"path_per_floor":["M","$","M","?","M","E","R","E","T","M","?","E","M","E","R","B",null,"M"],"character_chosen":"DEFECT","items_purchased":["Self Repair","Turbo"],"campfire_rested":0,"item_purchase_floors":[2,2],"current_hp_per_floor":[59,59,65,51,60,46,46,55,55,52,52,36,39,31,31,35,60,70,70],"gold":489,"neow_bonus":"TWO_FIFTY_GOLD","is_daily":false,"chose_seed":false,"campfire_upgraded":1,"win_rate":0.0,"timestamp":1613002753,"path_taken":["M","$","M","?","M","E","R","E","T","M","?","E","M","E","R","BOSS","M"],"items_purchased_type":["Card","Card"],"build_version":"2020-12-22","purchased_purges":1,"victory":false,"max_hp_per_floor":[68,68,68,68,68,68,68,68,68,68,68,68,68,68,68,68,68,70,70],"card_choices":[{"not_picked":["Auto Shields","Redo"],"picked":"Go for the Eyes","floor":1.0},{"not_picked":["Rebound","Barrage"],"picked":"Ball Lightning","floor":3.0},{"not_picked":["Loop","Chaos"],"picked":"Gash","floor":5.0},{"not_picked":["Self Repair","Lockon"],"picked":"Genetic Algorithm","floor":6.0},{"not_picked":["Coolheaded","Storm"],"picked":"Panic Button","floor":8.0},{"not_picked":["Static Discharge","ReplaySort","Coolheaded"],"picked":"SKIP","floor":10.0},{"not_picked":["Steam","BasicCrystalCard"],"picked":"Hologram","floor":12.0},{"not_picked":["Beam Cell","Cold Snap"],"picked":"Echo Form","floor":13.0},{"not_picked":["Genetic Algorithm","Steam"],"picked":"Beam Cell","floor":14.0},{"not_picked":["Meteor Strike","Creative AI"],"picked":"All For One","floor":16.0},{"not_picked":["Heatsinks+1","ReplayTheSpireMod:Reroute Power","Coolheaded+1","Redo"],"picked":"Singing Bowl","floor":18}],"player_experience":375711,"relics_obtained":[{"floor":6.0,"key":"CaptainsWheel"},{"floor":8.0,"key":"Bottled Flame"},{"floor":9.0,"key":"Solar Panel"},{"floor":11.0,"key":"Ring of Hypnosis"},{"floor":11.0,"key":"Ring of Panic"},{"floor":12.0,"key":"Gremlin Horn"},{"floor":14.0,"key":"Singing Bowl"},{"floor":15.0,"key":"Replay:Bandana"}],"event_choices":[{"damage_healed":0.0,"max_hp_gain":0.0,"max_hp_loss":0.0,"gold_gain":0.0,"event_name":"Shining Light","player_choice":"Entered Light","floor":4.0,"gold_loss":0.0,"damage_taken":14.0,"cards_upgraded":["Defend_B","Self Repair"]}],"is_beta":false,"boss_relics":[{"not_picked":["SacredBark","Tiny House"],"picked":"Honey Jar"}],"items_purged_floors":[2],"is_endless":false,"potions_floor_spawned":[1,8,14,18],"killed_by":"Chosen","ascension_level":6}}