{"host":"jz4ul6vrcxqkcr33","time":1613081252,"event":{"mods":["BaseMod","Minty Spire (QoL Compilation)","StSLib"],"gold_per_floor":[112,130,149,159,176,176,176,195,220,231,331,351,368,368,368],"floor_reached":14,"language":"ENG","playtime":447,"items_purged":[],"score":123,"play_id":"a87d5adf-cecb-4fe1-a375-ff2d8d4e7c35","local_time":"20210211170732","is_ascension_mode":true,"campfire_choices":[{"floor":6.0,"key":"REST"}],"circlet_count":0,"master_deck":["Strike_B","Strike_B","Strike_B","Strike_B","Defend_B","Defend_B","Defend_B","Defend_B","Zap","Dualcast","Ball Lightning","Compile Driver","Loop","Capacitor","Core Surge","Genetic Algorithm","Double Energy","Ball Lightning","Tempest"],"relics":["Philosopher\u0027s Stone","Bag of Preparation","Akabeko"],"acts_visited":[],"potions_floor_usage":[12,13,14,14],"damage_taken":[{"damage":8.0,"enemies":"2 Louse","floor":1.0,"turns":3.0},{"damage":4.0,"enemies":"Small Slimes","floor":2.0,"turns":2.0},{"damage":2.0,"enemies":"Cultist","floor":3.0,"turns":3.0},{"damage":25.0,"enemies":"Lots of Slimes","floor":4.0,"turns":4.0},{"damage":11.0,"enemies":"Exordium Thugs","floor":5.0,"turns":4.0},{"damage":15,"enemies":"Exordium Wildlife","floor":8,"turns":4},{"damage":4,"enemies":"Red Slaver","floor":10,"turns":3},{"damage":0,"enemies":"Blue Slaver","floor":12,"turns":3},{"damage":2,"enemies":"Lots of Slimes","floor":13,"turns":3},{"damage":5,"enemies":"Gremlin Nob","floor":14,"turns":2}],"seed_played":"-6763832646499271683","potions_obtained":[{"floor":5.0,"key":"SpeedPotion"},{"floor":8,"key":"DistilledChaos"},{"floor":10,"key":"Energy Potion"},{"floor":12,"key":"FearPotion"}],"is_trial":false,"path_per_floor":["M","M","M","M","M","R","?","M","T","M","?","M","M","E"],"character_chosen":"DEFECT","items_purchased":[],"campfire_rested":1,"item_purchase_floors":[],"current_hp_per_floor":[60,56,54,29,18,40,22,7,7,3,3,3,1,0,0],"gold":368,"neow_bonus":"BOSS_RELIC","is_daily":false,"chose_seed":false,"campfire_upgraded":0,"win_rate":0.0,"timestamp":1613081252,"path_taken":["M","M","M","M","M","R","?","M","T","M","?","?","?","E"],"items_purchased_type":[],"build_version":"2020-12-13","purchased_purges":0,"victory":false,"max_hp_per_floor":[75,75,75,75,75,75,75,75,75,75,75,75,75,75,75],"card_choices":[{"not_picked":["Rebound","Chaos"],"picked":"Ball Lightning","floor":1.0},{"not_picked":["Gash","Redo"],"picked":"Compile Driver","floor":2.0},{"not_picked":["Steam","Darkness"],"picked":"Loop","floor":3.0},{"not_picked":["Gash","Double Energy"],"picked":"Capacitor","floor":4.0},{"not_picked":["Recycle","Redo"],"picked":"Core Surge","floor":5.0},{"not_picked":["Sunder","Aggregate"],"picked":"Genetic Algorithm","floor":8},{"not_picked":["Sweeping Beam","Chaos"],"picked":"Double Energy","floor":10},{"not_picked":["Stack","Static Discharge"],"picked":"Ball Lightning","floor":12},{"not_picked":["Turbo","Compile Driver"],"picked":"Tempest","floor":13}],"player_experience":223648,"relics_obtained":[{"floor":9,"key":"Akabeko"}],"event_choices":[{"damage_healed":0.0,"max_hp_gain":0.0,"max_hp_loss":0.0,"gold_gain":0.0,"event_name":"Scrap Ooze","player_choice":"Success","floor":7.0,"gold_loss":0.0,"damage_taken":18.0,"relics_obtained":["Bag of Preparation"]},{"damage_healed":0,"gold_gain":100,"player_choice":"Pray","damage_taken":0,"max_hp_gain":0,"max_hp_loss":0,"event_name":"Golden Shrine","floor":11,"gold_loss":0}],"is_beta":false,"boss_relics":[],"items_purged_floors":[],"is_endless":false,"potions_floor_spawned":[5,8,10,12],"killed_by":"Gremlin Nob","ascension_level":8}}