{"host":"p4v0hquynnreu717","time":1613015049,"event":{"mods":["BaseMod","Better Vampires","DeckTracker","Googly Eyes","Minty Spire (QoL Compilation)","Quick Restart","StSLib","SuperFastMode"],"gold_per_floor":[117,117,135,148,148,148,177,177,177,27,42,42,56,56,56,135,135,155,166,166,166,66,66,98,98,174,174,49,77,77,97,97,174,174,192,192,204,214,230,258,270,305,332,358,338,338,356,368,368,368,368,368,66,101,101,101],"floor_reached":55,"language":"ZHS","playtime":1908,"items_purged":["Defend_P","Strike_P","Defend_P","Judgement+1"],"score":1566,"play_id":"dec69fed-eb99-427c-a30e-c882feb9cbf1","local_time":"20210211114409","is_ascension_mode":true,"campfire_choices":[{"data":"Eruption","floor":6.0,"key":"SMITH"},{"data":"Tantrum","floor":8.0,"key":"SMITH"},{"data":"TalkToTheHand","floor":12.0,"key":"SMITH"},{"data":"Adaptation","floor":15.0,"key":"SMITH"},{"floor":23.0,"key":"REST"},{"data":"EmptyMind","floor":25.0,"key":"SMITH"},{"floor":30.0,"key":"REST"},{"data":"MentalFortress","floor":32.0,"key":"SMITH"},{"floor":46.0,"key":"REST"},{"floor":49.0,"key":"RECALL"},{"data":"TalkToTheHand","floor":52.0,"key":"SMITH"}],"circlet_count":0,"master_deck":["AscendersBane","Eruption+1","Vigilance","Tantrum+1","Adaptation+1","Crescendo+1","DevaForm","CrushJoints+1","Blasphemy+1","MentalFortress+1","TalkToTheHand+1","EmptyMind+1","Evaluate+1","InnerPeace+1","SpiritShield","WreathOfFlame"],"relics":["PureWater","NeowsBlessing","TeardropLocket","PreservedInsect","Akabeko","Astrolabe","Bottled Lightning","Shuriken","Blood Vial","SlaversCollar","Anchor","Letter Opener","FossilizedHelix","TheAbacus","Boot"],"acts_visited":["Exordium","TheCity","TheBeyond","TheEnding"],"potions_floor_usage":[],"damage_taken":[{"damage":0.0,"enemies":"2 Louse","floor":1.0,"turns":1.0},{"damage":0.0,"enemies":"Cultist","floor":3.0,"turns":1.0},{"damage":0.0,"enemies":"Small Slimes","floor":4.0,"turns":1.0},{"damage":10.0,"enemies":"Gremlin Nob","floor":7.0,"turns":3.0},{"damage":0.0,"enemies":"2 Fungi Beasts","floor":11.0,"turns":2.0},{"damage":0.0,"enemies":"Blue Slaver","floor":13.0,"turns":1.0},{"damage":0.0,"enemies":"The Guardian","floor":16.0,"turns":8.0},{"damage":9.0,"enemies":"2 Thieves","floor":18.0,"turns":2.0},{"damage":0.0,"enemies":"Chosen","floor":19.0,"turns":1.0},{"damage":24.0,"enemies":"Book of Stabbing","floor":24.0,"turns":2.0},{"damage":0.0,"enemies":"Slavers","floor":29.0,"turns":1.0},{"damage":13.0,"enemies":"Snake Plant","floor":31.0,"turns":2.0},{"damage":22.0,"enemies":"Collector","floor":33.0,"turns":5.0},{"damage":6.0,"enemies":"3 Darklings","floor":35.0,"turns":3.0},{"damage":22.0,"enemies":"3 Shapes","floor":37.0,"turns":2.0},{"damage":12.0,"enemies":"Transient","floor":38.0,"turns":5.0},{"damage":2.0,"enemies":"Maw","floor":39.0,"turns":5.0},{"damage":0.0,"enemies":"Nemesis","floor":40.0,"turns":1.0},{"damage":0.0,"enemies":"Spire Growth","floor":41.0,"turns":4.0},{"damage":0.0,"enemies":"Giant Head","floor":42.0,"turns":4.0},{"damage":16.0,"enemies":"Reptomancer","floor":44.0,"turns":3.0},{"damage":0.0,"enemies":"4 Shapes","floor":47.0,"turns":7.0},{"damage":0.0,"enemies":"Maw","floor":48.0,"turns":6.0},{"damage":24.0,"enemies":"Time Eater","floor":50.0,"turns":9.0},{"damage":28.0,"enemies":"Shield and Spear","floor":54.0,"turns":5.0},{"damage":39,"enemies":"The Heart","floor":55,"turns":3}],"seed_played":"3981436735515182106","potions_obtained":[{"floor":4.0,"key":"Weak Potion"},{"floor":7.0,"key":"AttackPotion"},{"floor":35.0,"key":"Energy Potion"},{"floor":37.0,"key":"GamblersBrew"},{"floor":42.0,"key":"SpeedPotion"},{"floor":44.0,"key":"FearPotion"}],"is_trial":false,"path_per_floor":["M","?","M","M","?","R","E","R","T","$","M","R","M","?","R","B",null,"M","M","?","?","$","R","E","R","T","?","$","E","R","M","R","B",null,"M","?","M","M","M","E","M","E","T","E","?","R","M","M","R","B",null,"R","$","E","B"],"character_chosen":"WATCHER","items_purchased":["TalkToTheHand","TheAbacus"],"campfire_rested":3,"item_purchase_floors":[10,53],"current_hp_per_floor":[61,43,43,43,33,33,23,23,23,23,23,23,23,16,16,16,55,46,46,46,27,27,48,24,24,24,24,24,24,45,34,34,14,58,54,54,34,24,24,26,28,30,30,16,16,37,39,41,41,19,60,60,60,34,0,0],"gold":101,"neow_bonus":"THREE_ENEMY_KILL","is_daily":false,"chose_seed":false,"campfire_upgraded":7,"win_rate":0.0,"timestamp":1613015049,"path_taken":["M","?","M","M","?","R","E","R","T","$","?","R","M","?","R","BOSS","M","M","?","?","$","R","E","R","T","?","$","E","R","M","R","BOSS","M","?","M","M","M","E","M","E","T","E","?","R","M","M","R","BOSS","R","$","E","BOSS"],"items_purchased_type":["Card","Relic"],"build_version":"2020-12-22","purchased_purges":4,"victory":false,"max_hp_per_floor":[68,68,68,68,68,68,68,68,68,68,68,68,68,68,68,68,68,68,68,68,73,73,73,73,73,73,73,73,73,73,73,73,73,73,73,73,73,73,73,73,73,73,73,73,73,73,73,73,73,73,73,73,73,73,73,73],"card_choices":[{"not_picked":["FlyingSleeves","Study"],"picked":"Tantrum","floor":1.0},{"not_picked":["Prostrate","EmptyBody","Evaluate"],"picked":"SKIP","floor":3.0},{"not_picked":["EmptyBody","SignatureMove"],"picked":"Adaptation","floor":4.0},{"not_picked":["Perseverance","Nirvana"],"picked":"Crescendo","floor":7.0},{"not_picked":["FlyingSleeves","Protect","WindmillStrike"],"picked":"SKIP","floor":11.0},{"not_picked":["EmptyFist","ThirdEye","Prostrate"],"picked":"SKIP","floor":13.0},{"not_picked":["Vault","Alpha"],"picked":"DevaForm","floor":16.0},{"not_picked":["ClearTheMind","Perseverance+1"],"picked":"MentalFortress","floor":18.0},{"not_picked":["BattleHymn","Prostrate"],"picked":"TalkToTheHand","floor":19.0},{"not_picked":["Prostrate","Pray"],"picked":"EmptyMind","floor":24.0},{"not_picked":["Blasphemy","PathToVictory","Protect"],"picked":"SKIP","floor":29.0},{"not_picked":["FollowUp","Prostrate","Protect"],"picked":"SKIP","floor":31.0},{"not_picked":["ForeignInfluence","BowlingBash"],"picked":"Evaluate+1","floor":35.0},{"not_picked":["JustLucky","Conclude","FlyingSleeves"],"picked":"SKIP","floor":38.0},{"not_picked":["Weave","EmptyMind"],"picked":"InnerPeace+1","floor":39.0},{"not_picked":["WaveOfTheHand+1","ThirdEye","CrushJoints"],"picked":"SKIP","floor":40.0},{"not_picked":["Crescendo+1","CutThroughFate","Evaluate"],"picked":"SKIP","floor":41.0},{"not_picked":["CrushJoints+1","EmptyFist"],"picked":"SpiritShield","floor":42.0},{"not_picked":["Conclude","BowlingBash"],"picked":"WreathOfFlame","floor":44.0},{"not_picked":["BowlingBash","CutThroughFate","CrushJoints"],"picked":"SKIP","floor":47.0},{"not_picked":["EmptyFist+1","ThirdEye","ForeignInfluence"],"picked":"SKIP","floor":48.0},{"not_picked":["Crescendo+1","Blasphemy","FlyingSleeves"],"picked":"SKIP","floor":54.0}],"player_experience":825590,"relics_obtained":[{"floor":7.0,"key":"PreservedInsect"},{"floor":9.0,"key":"Akabeko"},{"floor":24.0,"key":"Bottled Lightning"},{"floor":26.0,"key":"Shuriken"},{"floor":29.0,"key":"Blood Vial"},{"floor":40.0,"key":"Anchor"},{"floor":42.0,"key":"Letter Opener"},{"floor":44.0,"key":"FossilizedHelix"},{"floor":54.0,"key":"Boot"}],"event_choices":[{"damage_healed":0.0,"max_hp_gain":0.0,"max_hp_loss":0.0,"gold_gain":0.0,"event_name":"Scrap Ooze","player_choice":"Success","floor":2.0,"gold_loss":0.0,"damage_taken":18.0,"relics_obtained":["TeardropLocket"]},{"damage_healed":0.0,"max_hp_gain":0.0,"max_hp_loss":0.0,"gold_gain":0.0,"event_name":"Wheel of Change","player_choice":"Damaged","floor":5.0,"gold_loss":0.0,"damage_taken":10.0},{"cards_removed":["Strike_P"],"damage_healed":0.0,"max_hp_gain":0.0,"max_hp_loss":0.0,"gold_gain":0.0,"event_name":"Golden Wing","player_choice":"Card Removal","floor":14.0,"gold_loss":0.0,"damage_taken":7.0},{"cards_removed":["Strike_P"],"damage_healed":0.0,"max_hp_gain":0.0,"max_hp_loss":0.0,"gold_gain":0.0,"event_name":"Back to Basics","player_choice":"Elegance","floor":20.0,"gold_loss":0.0,"damage_taken":0.0},{"damage_healed":0.0,"max_hp_gain":5.0,"max_hp_loss":0.0,"gold_gain":0.0,"event_name":"Forgotten Altar","player_choice":"Shed Blood","floor":21.0,"gold_loss":0.0,"damage_taken":24.0},{"damage_healed":0.0,"max_hp_gain":0.0,"max_hp_loss":0.0,"gold_gain":0.0,"event_name":"Upgrade Shrine","player_choice":"Upgraded","floor":27.0,"gold_loss":0.0,"damage_taken":0.0,"cards_upgraded":["Crescendo"]},{"cards_removed":["TalkToTheHand"],"damage_healed":0.0,"max_hp_gain":0.0,"max_hp_loss":0.0,"gold_gain":0.0,"event_name":"Falling","player_choice":"Removed Attack","floor":36.0,"gold_loss":0.0,"damage_taken":0.0},{"damage_healed":0.0,"max_hp_gain":0.0,"max_hp_loss":0.0,"gold_gain":0.0,"event_name":"The Woman in Blue","player_choice":"Bought 1 Potion","floor":45.0,"gold_loss":0.0,"damage_taken":0.0}],"is_beta":false,"boss_relics":[{"not_picked":["HolyWater","Empty Cage"],"picked":"Astrolabe"},{"not_picked":["Runic Dome","Pandora\u0027s Box"],"picked":"SlaversCollar"}],"items_purged_floors":[10,22,28,53],"is_endless":false,"potions_floor_spawned":[4,7,11,18,19,35,37,42,44,48],"killed_by":"The Heart","ascension_level":15}}