{"host":"4d3077vv24x7opeb","time":1613075889,"event":{"mods":["100% Spire Juice","2.2 Compatiblity","Act Like it!","BaseMod","Bestiary","Better Altar","Better Match","Better Note","Better Sensory Stone","Better Skull","Better Third Choice","Colored Map","Colored Powertips","Hermit","Highlight Path","Marisa????????","Minty Spire (QoL Compilation)","Relic Stats","Reliquary","Replay The Spire","Robot Space Explorer","StSLib","The Administrix","The Construct","The Gatherer","The Senshi","The Servant 0.9.4","TheFirefly","Wide Potions","everything is the same but u backflip on backflip","slay the spire mod where everything is the same but ironclad has a cowboy hat"],"gold_per_floor":[118,118,132,98,108,108,21,53,103,122,156,176,176,176,176,271,271,284,284,298,308,3,32,32,47,117,117,117,117,134,167,167,263,263,283,283,283,295,305,317,351,361,361,373,38,56,56,56,56,56],"floor_reached":51,"language":"ENG","playtime":5816,"items_purged":["Gatherer:Strike_Gatherer"],"score":754,"play_id":"baa531fb-641e-481a-aa9b-c6c66ad6ae89","local_time":"20210211123809","is_ascension_mode":false,"metric_token":2001,"campfire_choices":[{"floor":6,"key":"REST"},{"data":"Gatherer:Liquidism","floor":13,"key":"SMITH"},{"floor":15,"key":"REST"},{"data":"Gatherer:Liquidism","floor":24,"key":"SMITH"},{"data":"Gatherer:EnergyBasket","floor":27,"key":"SMITH"},{"floor":32,"key":"DIG"},{"data":"Apotheosis","floor":47,"key":"SMITH"},{"floor":49,"key":"REST"}],"circlet_count":1,"master_deck":["Gatherer:Strike_Gatherer","Gatherer:Strike_Gatherer","Gatherer:Strike_Gatherer","Gatherer:Defend_Gatherer","Gatherer:Defend_Gatherer+1","Gatherer:Defend_Gatherer","Gatherer:Defend_Gatherer","Gatherer:Defend_Gatherer","Gatherer:Centralize+1","Gatherer:FlowerWhip","Gatherer:ColorfulGarden","Gatherer:Liquidism+1","Gatherer:Liquidism+1","Gatherer:ScherryThrow","Gatherer:WoolGloves+1","Gatherer:WitheringStrike","Gatherer:TreeGrowth","Gatherer:CollectorsShot+1","Gatherer:FlamingBottle+1","Gatherer:BigPouch","Gatherer:QuickSynthesis","Gatherer:EnergyBasket+1","Gatherer:Examine","Gatherer:RecoveryHerb+1","Gatherer:QuickSynthesis","Gatherer:FruitForce","Gatherer:AcidicSpray","Gatherer:Duplicator","Gatherer:Polymorphism+1","Gatherer:MindSearch","Gatherer:UpgradeBag","Gatherer:TreeGrowth+1","Gatherer:AlchemyTrial+1","Gatherer:Solidify","Gatherer:MiningStrike","Apotheosis+1","Madness","Spreading Infection"],"relics":["Gatherer:AlchemyBag","Regal Pillow","reliquary:TatteredRug","Happy Flower","Replay:Rubber Ducky","SacredBark","Replay:Multitool","Smiling Mask","theSenshi:FeatherClipsRelic","Nloth\u0027s Gift","reliquary:TuningFork","War Paint","construct:WeddingRing","reliquary:PartyBalloon","Strawberry","ReplayTheSpireMod:ShopPack","ReplayTheSpireMod:Ring of Addiction","Toy Ornithopter","Circlet","Ring of Fury"],"acts_visited":["Exordium","TheCity","TheBeyond"],"potions_floor_usage":[8,11,16,50,50,50],"damage_taken":[{"damage":0,"enemies":"Jaw Worm","floor":1,"turns":4},{"damage":8,"enemies":"Cultist","floor":3,"turns":5},{"damage":0,"enemies":"Small Slimes","floor":5,"turns":3},{"damage":11,"enemies":"3 Sentries","floor":8,"turns":6},{"damage":2,"enemies":"3 Louse","floor":10,"turns":3},{"damage":2,"enemies":"Gremlin Nob","floor":11,"turns":4},{"damage":0,"enemies":"Exordium Wildlife","floor":12,"turns":5},{"damage":0,"enemies":"Fading Forest","floor":16,"turns":11},{"damage":0,"enemies":"Spheric Guardian","floor":18,"turns":3},{"damage":3,"enemies":"Chosen","floor":20,"turns":3},{"damage":3,"enemies":"Snake Plant","floor":21,"turns":3},{"damage":12,"enemies":"Gremlin Leader","floor":23,"turns":7},{"damage":12,"enemies":"Centurion and Healer","floor":25,"turns":3},{"damage":0,"enemies":"Chosen and Byrds","floor":30,"turns":6},{"damage":18,"enemies":"Book of Stabbing","floor":31,"turns":5},{"damage":34,"enemies":"Collector","floor":33,"turns":14},{"damage":8,"enemies":"3 Darklings","floor":35,"turns":5},{"damage":0,"enemies":"Orb Walker","floor":38,"turns":2},{"damage":1,"enemies":"Spire Growth","floor":39,"turns":4},{"damage":25,"enemies":"Transient","floor":40,"turns":5},{"damage":31,"enemies":"Reptomancer","floor":41,"turns":4},{"damage":0,"enemies":"Sphere and 2 Shapes","floor":42,"turns":4},{"damage":13,"enemies":"4 Shapes","floor":44,"turns":6},{"damage":14,"enemies":"Transient","floor":46,"turns":5},{"damage":49,"enemies":"Time Eater","floor":50,"turns":8}],"seed_played":"-832189729554425742","potions_obtained":[{"floor":5,"key":"BlessingOfTheForge"},{"floor":10,"key":"Dexterity Potion"},{"floor":12,"key":"Elixir"},{"floor":20,"key":"FairyPotion"},{"floor":23,"key":"Venom Potion"},{"floor":30,"key":"Energy Potion"},{"floor":40,"key":"Strength Potion"},{"floor":44,"key":"Regen Potion"}],"is_trial":false,"path_per_floor":["M","?","M","$","M","R","$","E","T","M","E","M","R","?","R","B",null,"M","?","M","M","$","E","R","M","T","R","?","?","M","E","R","B",null,"M","?","?","M","M","M","E","M","T","M","$","M","R","?","R","B",null],"character_chosen":"THE_GATHERER","items_purchased":["Gatherer:WoolGloves+1","Gatherer:TreeGrowth","Gatherer:CollectorsShot+1","Replay:Multitool","Reflective Coating","Gatherer:MiningStrike","ReplayTheSpireMod:ShopPack"],"campfire_rested":3,"item_purchase_floors":[4,7,7,22,45,45,45],"current_hp_per_floor":[51,51,43,43,43,64,64,53,53,51,49,49,49,39,72,72,72,72,72,69,67,67,61,61,52,52,52,52,52,63,58,58,36,76,76,76,76,76,76,62,37,51,58,51,51,53,53,53,83,83],"gold":56,"neow_bonus":"THREE_RARE_CARDS","is_daily":false,"chose_seed":false,"campfire_upgraded":4,"win_rate":0.0,"timestamp":1613075889,"path_taken":["M","?","M","?","?","R","$","E","T","M","E","M","R","?","R","BOSS","M","?","M","M","$","E","R","M","T","R","?","?","?","E","R","BOSS","M","?","?","?","M","M","E","M","T","M","$","M","R","?","R","BOSS"],"items_purchased_type":["Card","Card","Card","Relic","Potion","Card","Relic"],"build_version":"2020-12-22","purchased_purges":1,"victory":true,"max_hp_per_floor":[72,72,72,72,72,72,72,72,72,72,72,72,72,72,72,72,72,72,72,72,72,72,76,76,76,76,76,76,76,76,76,76,76,76,76,76,76,76,76,76,76,76,83,83,83,83,83,83,83,83],"relic_stats":{"Regal Pillow":18,"Happy Flower":[34],"counters":[25,128],"Nloth\u0027s Gift":0,"War Paint":["Gatherer:Centralize","Gatherer:Defend_Gatherer"],"Smiling Mask":25,"obtain_stats":[{"Regal Pillow":8,"construct:WeddingRing":34,"Happy Flower":11,"reliquary:PartyBalloon":41,"SacredBark":17,"ReplayTheSpireMod:Ring of Addiction":48,"Gatherer:MistGenerator":14,"Circlet":48,"reliquary:TatteredRug":9,"Replay:Multitool":22,"theSenshi:FeatherClipsRelic":26,"War Paint":32,"Smiling Mask":23,"Replay:Rubber Ducky":14,"Strawberry":43,"Ring of Fury":48,"Nloth\u0027s Gift":29,"reliquary:TuningFork":31,"Gatherer:AlchemyBag":0,"Toy Ornithopter":48,"ReplayTheSpireMod:ShopPack":45},{"Regal Pillow":4,"construct:WeddingRing":16,"Happy Flower":6,"reliquary:PartyBalloon":21,"SacredBark":8,"ReplayTheSpireMod:Ring of Addiction":24,"Gatherer:MistGenerator":7,"Circlet":24,"reliquary:TatteredRug":4,"Replay:Multitool":11,"theSenshi:FeatherClipsRelic":13,"War Paint":15,"Smiling Mask":12,"Replay:Rubber Ducky":7,"Strawberry":22,"Ring of Fury":24,"Nloth\u0027s Gift":13,"reliquary:TuningFork":15,"Gatherer:AlchemyBag":0,"Toy Ornithopter":24,"ReplayTheSpireMod:ShopPack":23},{"Regal Pillow":18,"construct:WeddingRing":85,"Happy Flower":25,"reliquary:PartyBalloon":105,"SacredBark":41,"ReplayTheSpireMod:Ring of Addiction":120,"Gatherer:MistGenerator":30,"Circlet":120,"reliquary:TatteredRug":18,"Replay:Multitool":50,"theSenshi:FeatherClipsRelic":60,"War Paint":71,"Smiling Mask":57,"Replay:Rubber Ducky":30,"Strawberry":109,"Ring of Fury":120,"Nloth\u0027s Gift":60,"reliquary:TuningFork":71,"Gatherer:AlchemyBag":0,"Toy Ornithopter":120,"ReplayTheSpireMod:ShopPack":115}],"Toy Ornithopter":0},"card_choices":[{"not_picked":["Gatherer:ScrollOfPurity","Gatherer:BomberForm"],"picked":"Gatherer:ColorfulGarden","floor":0},{"not_picked":["Gatherer:WoolGloves","Gatherer:DrugPower"],"picked":"Gatherer:Liquidism","floor":1},{"not_picked":["Gatherer:TacticalStrike","Gatherer:Duplicator"],"picked":"Gatherer:ScherryThrow","floor":3},{"not_picked":["Gatherer:RecipeChange","Gatherer:BambuSword"],"picked":"Gatherer:WitheringStrike","floor":5},{"not_picked":["Gatherer:AromaProtection","Gatherer:ScrollOfWall"],"picked":"Gatherer:FlamingBottle","floor":8},{"not_picked":["Gatherer:BambuSword","Gatherer:FragileHammer"],"picked":"Gatherer:BigPouch","floor":10},{"not_picked":["Gatherer:TacticalStrike","Gatherer:BigPouch"],"picked":"Gatherer:QuickSynthesis","floor":11},{"not_picked":["Gatherer:ScherryThrow","Gatherer:CollectorsShot"],"picked":"Gatherer:EnergyBasket","floor":12},{"not_picked":["Gatherer:Photoscythe","Gatherer:FinishingStrike"],"picked":"Gatherer:Examine","floor":16},{"not_picked":["Gatherer:EnergyBasket","Gatherer:Duality"],"picked":"Gatherer:RecoveryHerb+1","floor":18},{"not_picked":["Gatherer:EchoOfNature","Gatherer:DrugPower"],"picked":"Gatherer:QuickSynthesis","floor":20},{"not_picked":["Gatherer:FlowerFalling","Gatherer:PotentialSlash","Gatherer:Frenzy"],"picked":"SKIP","floor":21},{"not_picked":["Gatherer:TreeGrowth","Gatherer:DrugPower+1"],"picked":"Gatherer:FruitForce","floor":23},{"not_picked":["Gatherer:UpgradeBag","Gatherer:DrugPower"],"picked":"Gatherer:AcidicSpray","floor":25},{"not_picked":["Gatherer:RecipeChange","Gatherer:BambuSword","Gatherer:Nutrients"],"picked":"SKIP","floor":30},{"not_picked":["Gatherer:ColorfulGarden","Gatherer:OddSpoils"],"picked":"Gatherer:Polymorphism+1","floor":31},{"not_picked":["Gatherer:FlamingBottle","Gatherer:FinishingStrike"],"picked":"Gatherer:MindSearch","floor":33},{"not_picked":["Gatherer:FlowerFalling","Gatherer:EchoOfNature"],"picked":"Gatherer:UpgradeBag","floor":35},{"not_picked":["Gatherer:FlowerPower","Gatherer:Enchant+1"],"picked":"Gatherer:TreeGrowth+1","floor":38},{"not_picked":["Gatherer:AcidicSpray","Gatherer:Snatch+1"],"picked":"Gatherer:AlchemyTrial+1","floor":39},{"not_picked":["Gatherer:RecipeChange+1","Gatherer:AcidicSpray+1","Gatherer:TreeGrowth"],"picked":"SKIP","floor":40},{"not_picked":["Gatherer:OddSpoils","Gatherer:RecipeChange","Gatherer:FlowerBeam"],"picked":"SKIP","floor":41},{"not_picked":["Gatherer:BigPouch","Gatherer:RecipeChange+1","Gatherer:CursedBlade"],"picked":"SKIP","floor":42},{"not_picked":["Gatherer:FeelingFine+1","Gatherer:QuickSynthesis+1"],"picked":"Gatherer:Solidify","floor":44},{"not_picked":["Crow Ritual","Mayhem"],"picked":"Apotheosis","floor":45},{"not_picked":["Jack Of All Trades","Enlightenment"],"picked":"Madness","floor":45},{"not_picked":["Gatherer:FruitForce","Gatherer:WitheringStrike+1","Gatherer:BalancedGrowth"],"picked":"SKIP","floor":46}],"player_experience":274322,"relics_obtained":[{"floor":8,"key":"Regal Pillow"},{"floor":9,"key":"reliquary:TatteredRug"},{"floor":11,"key":"Happy Flower"},{"floor":23,"key":"Smiling Mask"},{"floor":26,"key":"theSenshi:FeatherClipsRelic"},{"floor":31,"key":"reliquary:TuningFork"},{"floor":32,"key":"War Paint"},{"floor":41,"key":"reliquary:PartyBalloon"},{"floor":43,"key":"Strawberry"},{"floor":48,"key":"ReplayTheSpireMod:Ring of Addiction"},{"floor":48,"key":"Toy Ornithopter"},{"floor":48,"key":"Circlet"},{"floor":48,"key":"Ring of Fury"}],"event_choices":[{"damage_healed":0,"gold_gain":0,"cards_transformed":["Gatherer:Strike_Gatherer"],"player_choice":"Transformed","damage_taken":0,"max_hp_gain":0,"max_hp_loss":0,"event_name":"Transmorgrifier","floor":2,"gold_loss":0,"cards_obtained":["Gatherer:Liquidism"]},{"damage_healed":0,"gold_gain":1,"player_choice":"Relic Relic ","damage_taken":10,"max_hp_gain":0,"max_hp_loss":0,"event_name":"betterThird:BetterScrap","floor":14,"gold_loss":0,"cards_obtained":["Eclipse"]},{"damage_healed":0,"gold_gain":0,"player_choice":"Ignored","damage_taken":0,"max_hp_gain":0,"max_hp_loss":0,"event_name":"betterNote:BetterNote","floor":19,"gold_loss":0,"cards_obtained":["Defy"]},{"damage_healed":0,"gold_gain":0,"player_choice":"Read","damage_taken":0,"max_hp_gain":0,"max_hp_loss":0,"event_name":"The Library","floor":28,"gold_loss":0,"cards_obtained":["Gatherer:Duplicator"]},{"damage_healed":0,"gold_gain":0,"player_choice":"Traded Relic","damage_taken":0,"relics_obtained":["Nloth\u0027s Gift"],"max_hp_gain":0,"max_hp_loss":0,"event_name":"N\u0027loth","floor":29,"relics_lost":["Gatherer:MistGenerator"],"gold_loss":0},{"damage_healed":0,"gold_gain":0,"player_choice":"Ignored","damage_taken":0,"max_hp_gain":0,"max_hp_loss":0,"event_name":"Tomb of Lord Red Mask","floor":36,"gold_loss":0},{"damage_healed":0,"gold_gain":0,"player_choice":"Upgraded","damage_taken":0,"max_hp_gain":0,"max_hp_loss":0,"event_name":"Upgrade Shrine","floor":37,"gold_loss":0,"cards_upgraded":["Gatherer:FlamingBottle"]}],"is_beta":false,"boss_relics":[{"not_picked":["Sozu","Ring of Chaos"],"picked":"SacredBark"},{"not_picked":["reliquary:Craggleroot","reliquary:KinkedSpring"],"picked":"construct:WeddingRing"}],"items_purged_floors":[45],"is_endless":false,"potions_floor_spawned":[5,10,12,20,23,30,35,40,44],"ascension_level":0}}