{"host":"csv4uk4hw8wax4p9","time":1613023932,"event":{"mods":["Act Like it!","BaseMod","Challenge The Spire","KinomotoSakuraMod(Ä¾Ö®±¾Ó£)","Minty Spire (QoL Compilation)","Quick Restart","StSLib"],"gold_per_floor":[368,27,146,260,372,372,202,65,179,295,408,408,160,22,142,259,375,491],"floor_reached":19,"language":"ZHS","playtime":2594,"items_purged":["ClowCardTheSword","ClowCardTheSword","ClowCardTheShield","ClowCardTheShield+1","ClowCardTheShield"],"score":4955,"play_id":"12f556e0-ebce-4916-a33b-2f7eb2507a3d","local_time":"20210211141212","daily_mods":["challengethespire:Platinum Difficulty","challengethespire:Boss Rush","Uncertain Future"],"is_ascension_mode":true,"campfire_choices":[],"circlet_count":0,"master_deck":["SakuraCardTheShadow+","SakuraCardTheSword+","AscendersBane","ClowCardTheSword","ClowCardTheShield","SpellCardSeal","SpellCardRelease","ClowCardTheFreeze+1","ClowCardTheLittle+1","ClowCardTheFreeze+1","ClowCardTheWave+1","ClowCardTheLock+1","ClowCardTheBig+1","ClowCardTheIllusion+1","ClowCardTheShadow+1","ClowCardTheDash+1","ClowCardTheBubbles+1","ClowCardTheSweet+1","ClowCardTheShot+1","ClowCardTheTwin+1","ClowCardTheShield+1","ClowCardTheFight+1","ClowCardTheLight+1","ClowCardTheSilent+1"],"relics":["KSMOD_SealedBook","KSMOD_StarWand","The Courier","Molten Egg 2","Toxic Egg 2","Frozen Egg 2","White Beast Statue","KSMOD_TaoistSuit","KSMOD_RollerSkates","Thread and Needle","Lee\u0027s Waffle","Smiling Mask","Shuriken","Mummified Hand","KSMOD_DarknessWand","OrangePellets","Orichalcum","Eternal Feather","Akabeko","Kunai"],"acts_visited":["Exordium"],"potions_floor_usage":[18,18],"damage_taken":[{"damage":13.0,"enemies":"The Guardian","floor":3.0,"turns":13.0},{"damage":25.0,"enemies":"Slime Boss","floor":4.0,"turns":19.0},{"damage":1.0,"enemies":"Hexaghost","floor":5.0,"turns":18.0},{"damage":18.0,"enemies":"Collector","floor":9.0,"turns":14.0},{"damage":9.0,"enemies":"Automaton","floor":10.0,"turns":13.0},{"damage":6.0,"enemies":"Champ","floor":11.0,"turns":10.0},{"damage":21.0,"enemies":"Awakened One","floor":15.0,"turns":12.0},{"damage":10.0,"enemies":"Time Eater","floor":16.0,"turns":10.0},{"damage":0.0,"enemies":"Donu and Deca","floor":17.0,"turns":9.0},{"damage":33,"enemies":"The Heart","floor":18,"turns":8}],"seed_played":"5326412508314679688","potions_obtained":[{"floor":3.0,"key":"CultistPotion"},{"floor":4.0,"key":"Fruit Juice"},{"floor":5.0,"key":"ColorlessPotion"},{"floor":9.0,"key":"Swift Potion"},{"floor":11.0,"key":"Fruit Juice"},{"floor":16.0,"key":"GamblersBrew"},{"floor":17.0,"key":"SkillPotion"},{"floor":18,"key":"SteroidPotion"}],"is_trial":true,"path_per_floor":["$","$","M","M","M","T","$","$","M","M","M","T","$","$","M","M","M","M",null],"character_chosen":"KINOMOTOSAKURA","items_purchased":["ClowCardTheFreeze+1","ClowCardTheLittle+1","ClowCardTheFreeze+1","ClowCardTheWave+1","ClowCardTheLock+1","ClowCardTheBig+1","White Beast Statue","ClowCardTheIllusion+1","ClowCardTheSweet+1","Lee\u0027s Waffle","ClowCardTheFight+1","OrangePellets","ClowCardTheShadow+1","Block Potion"],"campfire_rested":0,"item_purchase_floors":[1,1,1,1,1,1,2,2,7,8,13,13,14,14],"current_hp_per_floor":[59,59,46,26,25,25,25,77,74,68,82,82,82,82,81,72,77,49],"gold":491,"neow_bonus":"","is_daily":false,"chose_seed":false,"campfire_upgraded":0,"win_rate":0.0,"timestamp":1613023932,"path_taken":["$","$","M","M","M","T","$","$","M","M","M","T","$","$","M","M","M","M"],"items_purchased_type":["Card","Card","Card","Card","Card","Card","Relic","Card","Card","Relic","Card","Relic","Card","Potion"],"build_version":"2020-12-22","purchased_purges":5,"victory":true,"max_hp_per_floor":[65,65,65,70,70,70,70,77,77,77,82,82,82,82,82,82,82,82],"card_choices":[],"player_experience":499411,"relics_obtained":[{"floor":3.0,"key":"KSMOD_TaoistSuit"},{"floor":4.0,"key":"KSMOD_RollerSkates"},{"floor":5.0,"key":"Thread and Needle"},{"floor":9.0,"key":"Smiling Mask"},{"floor":10.0,"key":"Shuriken"},{"floor":11.0,"key":"Mummified Hand"},{"floor":15.0,"key":"Orichalcum"},{"floor":16.0,"key":"Eternal Feather"},{"floor":17.0,"key":"Akabeko"},{"floor":18,"key":"Kunai"}],"event_choices":[],"is_beta":false,"boss_relics":[{"not_picked":["Astrolabe","SacredBark"],"picked":"KSMOD_StarWand"},{"not_picked":["Velvet Choker","Sozu"],"picked":"KSMOD_DarknessWand"}],"items_purged_floors":[1,2,7,13,14],"is_endless":false,"potions_floor_spawned":[3,4,5,9,10,11,15,16,17,18],"ascension_level":20}}