{"host":"b6y7xm5pwpiq42ks","time":1613071283,"event":{"mods":["AchievementEnabler","BaseMod","Highlight Path","Minty Spire (QoL Compilation)","Permanent Neow","Quick Restart"],"gold_per_floor":[114,134,134,186,202,231,205,230,254,254,279,279,290,9,9,105,155,174,192,192,205,205,232,251,251,251,251,251,251,284,11,11,113,113,126,126,146,161,161,194,194,213,291,306,335,335,347,392,392,392],"floor_reached":51,"language":"ENG","playtime":1953,"items_purged":["Regret"],"score":1024,"play_id":"c1ff3dc6-0a85-4a50-aee3-83193f134ae4","local_time":"20210211112123","is_ascension_mode":true,"campfire_choices":[{"floor":10.0,"key":"REST"},{"floor":12.0,"key":"REST"},{"floor":15.0,"key":"REST"},{"floor":25.0,"key":"REST"},{"floor":27.0,"key":"REST"},{"floor":32.0,"key":"REST"},{"data":"Demon Form","floor":41.0,"key":"SMITH"},{"floor":46.0,"key":"REST"},{"floor":49.0,"key":"REST"}],"circlet_count":0,"master_deck":["Strike_R","Strike_R","Strike_R","Strike_R","Strike_R","Defend_R","Defend_R+1","Defend_R","Defend_R","Bash","Havoc+1","Spot Weakness","Anger","Armaments","Ghostly Armor+1","Flame Barrier","Anger","Impatience","Immolate","Inflame","Metallicize","Infernal Blade","RitualDagger","Sword Boomerang+1","Shame","Twin Strike","Whirlwind","Demon Form+1","Body Slam","Pain","Inflame+1","Metallicize+1","Anger+1","Flex","Flex"],"relics":["Burning Blood","Lantern","Potion Belt","Nunchaku","White Beast Statue","Orichalcum","Toy Ornithopter","Pen Nib","Tiny House","Oddly Smooth Stone","Singing Bowl","Happy Flower","Paper Frog","MutagenicStrength","Blood Vial","Brimstone","Black Star","WarpedTongs","Matryoshka","Bronze Scales","Strawberry","Question Card","War Paint","Bottled Lightning","Calipers"],"acts_visited":["Exordium","TheCity","TheBeyond"],"potions_floor_usage":[50,50],"damage_taken":[{"damage":6.0,"enemies":"Cultist","floor":1.0,"turns":3.0},{"damage":12.0,"enemies":"Jaw Worm","floor":2.0,"turns":3.0},{"damage":14.0,"enemies":"2 Louse","floor":5.0,"turns":3.0},{"damage":34.0,"enemies":"3 Sentries","floor":6.0,"turns":7.0},{"damage":27.0,"enemies":"Lagavulin","floor":8.0,"turns":5.0},{"damage":26.0,"enemies":"Gremlin Nob","floor":11.0,"turns":4.0},{"damage":7.0,"enemies":"Looter","floor":13.0,"turns":3.0},{"damage":46.0,"enemies":"The Guardian","floor":16.0,"turns":10.0},{"damage":33.0,"enemies":"Shell Parasite","floor":18.0,"turns":6.0},{"damage":17.0,"enemies":"Spheric Guardian","floor":19.0,"turns":4.0},{"damage":29.0,"enemies":"Chosen and Byrds","floor":21.0,"turns":7.0},{"damage":37.0,"enemies":"Gremlin Leader","floor":23.0,"turns":8.0},{"damage":20.0,"enemies":"Snecko","floor":24.0,"turns":5.0},{"damage":70.0,"enemies":"Slavers","floor":30.0,"turns":5.0},{"damage":52.0,"enemies":"Champ","floor":33.0,"turns":6.0},{"damage":16.0,"enemies":"3 Shapes","floor":35.0,"turns":3.0},{"damage":15.0,"enemies":"Orb Walker","floor":37.0,"turns":3.0},{"damage":57.0,"enemies":"4 Shapes","floor":38.0,"turns":4.0},{"damage":88.0,"enemies":"Reptomancer","floor":40.0,"turns":6.0},{"damage":13.0,"enemies":"Sphere and 2 Shapes","floor":42.0,"turns":3.0},{"damage":39.0,"enemies":"Jaw Worm Horde","floor":44.0,"turns":4.0},{"damage":50.0,"enemies":"Giant Head","floor":45.0,"turns":6.0},{"damage":0.0,"enemies":"3 Darklings","floor":47.0,"turns":1.0},{"damage":22.0,"enemies":"2 Orb Walkers","floor":48.0,"turns":2.0},{"damage":88,"enemies":"Awakened One","floor":50,"turns":6}],"seed_played":"8378604084211592010","potions_obtained":[{"floor":2.0,"key":"LiquidMemories"},{"floor":6.0,"key":"BloodPotion"},{"floor":11.0,"key":"PowerPotion"},{"floor":13.0,"key":"LiquidBronze"},{"floor":16.0,"key":"SkillPotion"},{"floor":17.0,"key":"Regen Potion"},{"floor":18.0,"key":"Weak Potion"},{"floor":19.0,"key":"FearPotion"},{"floor":21.0,"key":"Ancient Potion"},{"floor":23.0,"key":"SneckoOil"},{"floor":24.0,"key":"ColorlessPotion"},{"floor":30.0,"key":"Energy Potion"},{"floor":33.0,"key":"AttackPotion"},{"floor":35.0,"key":"Ancient Potion"},{"floor":37.0,"key":"Regen Potion"},{"floor":38.0,"key":"BloodPotion"},{"floor":40.0,"key":"SteroidPotion"},{"floor":42.0,"key":"Explosive Potion"},{"floor":44.0,"key":"SteroidPotion"},{"floor":45.0,"key":"FearPotion"},{"floor":47.0,"key":"Block Potion"},{"floor":48.0,"key":"SneckoOil"}],"is_trial":false,"path_per_floor":["M","M","?","T","M","E","?","E","T","R","E","R","M","$","R","B",null,"M","M","?","M","?","E","M","R","T","R","T","?","E","$","R","B",null,"M","?","M","M","?","E","R","M","T","M","E","R","M","?","R","B",null],"character_chosen":"IRONCLAD","items_purchased":["Anger","Pen Nib","Impatience","Brimstone","AttackPotion"],"campfire_rested":8,"item_purchase_floors":[14,14,14,31,31],"current_hp_per_floor":[72,66,66,66,58,30,30,28,28,56,36,64,68,68,96,56,101,74,63,57,34,34,37,25,55,55,85,85,85,31,31,61,32,103,93,93,86,44,105,64,64,61,68,42,12,46,54,45,79,9],"gold":392,"neow_bonus":"TWENTY_PERCENT_HP_BONUS","is_daily":false,"chose_seed":false,"campfire_upgraded":1,"win_rate":0.0,"timestamp":1613071283,"path_taken":["M","M","?","?","?","E","?","E","T","R","E","R","M","$","R","BOSS","M","M","?","M","?","E","M","R","T","R","?","?","E","$","R","BOSS","M","?","M","?","?","E","R","?","T","M","E","R","M","?","R","BOSS"],"items_purchased_type":["Card","Relic","Card","Relic","Potion"],"build_version":"2020-12-22","purchased_purges":1,"victory":true,"max_hp_per_floor":[96,96,96,96,96,96,96,96,96,96,96,96,96,96,96,96,101,101,101,101,101,101,101,103,103,103,103,103,103,103,103,103,103,103,103,103,103,105,105,105,105,107,114,114,116,116,116,116,116,116],"card_choices":[{"not_picked":["Iron Wave","Rampage"],"picked":"Havoc","floor":1.0},{"not_picked":["Perfected Strike","Armaments"],"picked":"Spot Weakness","floor":2.0},{"not_picked":["Pummel","Spot Weakness"],"picked":"Anger","floor":5.0},{"not_picked":["Uppercut","Wild Strike"],"picked":"Armaments","floor":6.0},{"not_picked":["Havoc","Blood for Blood"],"picked":"Fire Breathing","floor":8.0},{"not_picked":["Wild Strike","Inflame"],"picked":"Ghostly Armor","floor":11.0},{"not_picked":["Wild Strike","Body Slam"],"picked":"Flame Barrier","floor":13.0},{"not_picked":["Limit Break","Impervious"],"picked":"Immolate","floor":16.0},{"not_picked":["True Grit","Wild Strike"],"picked":"Inflame","floor":17.0},{"not_picked":["Shrug It Off+1","True Grit"],"picked":"Metallicize","floor":18.0},{"not_picked":["Shrug It Off","Cleave"],"picked":"Infernal Blade","floor":19.0},{"not_picked":["Pommel Strike","Sever Soul"],"picked":"Sword Boomerang+1","floor":21.0},{"not_picked":["Burning Pact","True Grit"],"picked":"Twin Strike","floor":23.0},{"not_picked":["Ghostly Armor","Perfected Strike","Wild Strike+1"],"picked":"Singing Bowl","floor":24.0},{"not_picked":["Hemokinesis","Armaments"],"picked":"Whirlwind","floor":30.0},{"not_picked":["Limit Break","Brutality"],"picked":"Demon Form","floor":33.0},{"not_picked":["Headbutt","Wild Strike"],"picked":"Body Slam","floor":35.0},{"not_picked":["True Grit+1","Body Slam"],"picked":"Inflame+1","floor":37.0},{"not_picked":["Perfected Strike","Impervious","Sever Soul+1"],"picked":"Singing Bowl","floor":38.0},{"not_picked":["Ghostly Armor","Uppercut+1"],"picked":"Metallicize+1","floor":40.0},{"not_picked":["Headbutt","Shrug It Off","Warcry"],"picked":"Singing Bowl","floor":42.0},{"not_picked":["Havoc+1","Fire Breathing","Burning Pact+1"],"picked":"Anger+1","floor":44.0},{"not_picked":["Clash+1","Shrug It Off","Ghostly Armor","Flame Barrier+1"],"picked":"Singing Bowl","floor":45.0},{"not_picked":["Thunderclap+1","Rupture+1","Uppercut+1"],"picked":"Flex","floor":47.0},{"not_picked":["Reckless Charge","Perfected Strike","Pummel+1"],"picked":"Flex","floor":48.0}],"player_experience":103502,"relics_obtained":[{"floor":4.0,"key":"Potion Belt"},{"floor":6.0,"key":"Nunchaku"},{"floor":8.0,"key":"White Beast Statue"},{"floor":9.0,"key":"Orichalcum"},{"floor":11.0,"key":"Toy Ornithopter"},{"floor":23.0,"key":"Singing Bowl"},{"floor":26.0,"key":"Happy Flower"},{"floor":28.0,"key":"Paper Frog"},{"floor":30.0,"key":"Blood Vial"},{"floor":40.0,"key":"Matryoshka"},{"floor":40.0,"key":"Bronze Scales"},{"floor":43.0,"key":"Strawberry"},{"floor":43.0,"key":"Question Card"},{"floor":45.0,"key":"War Paint"},{"floor":45.0,"key":"Bottled Lightning"},{"floor":48.0,"key":"Calipers"}],"event_choices":[{"damage_healed":0.0,"max_hp_gain":0.0,"max_hp_loss":0.0,"gold_gain":0.0,"event_name":"Big Fish","player_choice":"Box","floor":3.0,"gold_loss":0.0,"damage_taken":0.0,"relics_obtained":["Lantern"],"cards_obtained":["Regret"]},{"damage_healed":0.0,"max_hp_gain":0.0,"max_hp_loss":0.0,"gold_gain":0.0,"event_name":"World of Goop","player_choice":"Left Gold","floor":7.0,"gold_loss":26.0,"damage_taken":0.0},{"damage_healed":0.0,"max_hp_gain":0.0,"max_hp_loss":0.0,"gold_gain":0.0,"event_name":"Nest","player_choice":"Joined the Cult","floor":20.0,"gold_loss":0.0,"damage_taken":6.0,"cards_obtained":["RitualDagger"]},{"damage_healed":0.0,"max_hp_gain":0.0,"max_hp_loss":0.0,"gold_gain":0.0,"event_name":"Addict","player_choice":"Stole Relic","floor":22.0,"gold_loss":0.0,"damage_taken":0.0,"relics_obtained":["Oddly Smooth Stone"],"cards_obtained":["Shame"]},{"damage_healed":0.0,"max_hp_gain":0.0,"max_hp_loss":0.0,"gold_gain":0.0,"event_name":"Drug Dealer","player_choice":"Inject Mutagens","floor":29.0,"gold_loss":0.0,"damage_taken":0.0,"relics_obtained":["MutagenicStrength"]},{"damage_healed":0.0,"max_hp_gain":0.0,"max_hp_loss":0.0,"gold_gain":0.0,"event_name":"Accursed Blacksmith","player_choice":"Rummage","floor":36.0,"gold_loss":0.0,"damage_taken":0.0,"relics_obtained":["WarpedTongs"],"cards_obtained":["Pain"]},{"cards_removed":["Fire Breathing"],"damage_healed":61.0,"max_hp_gain":0.0,"max_hp_loss":0.0,"gold_gain":0.0,"event_name":"Bonfire Elementals","player_choice":"Offered Uncommon","floor":39.0,"gold_loss":0.0,"damage_taken":0.0},{"damage_healed":0.0,"max_hp_gain":0.0,"max_hp_loss":0.0,"gold_gain":0.0,"event_name":"Mysterious Sphere","player_choice":"Fight","floor":48.0,"gold_loss":0.0,"damage_taken":0.0}],"is_beta":false,"boss_relics":[{"not_picked":["Fusion Hammer","Empty Cage"],"picked":"Tiny House"},{"not_picked":["Philosopher\u0027s Stone","Snecko Eye"],"picked":"Black Star"}],"items_purged_floors":[31],"is_endless":false,"potions_floor_spawned":[2,6,11,13,16,18,19,21,23,24,30,33,35,37,38,40,42,44,45,47,48],"ascension_level":3}}