{"host":"BK","time":1613077243,"event":{"mods":["BaseMod","Highlight Path","Minty Spire (QoL Compilation)","StSLib"],"gold_per_floor":[115,115,132,0,15,15,15,45,45,56,76,90,90,90],"floor_reached":13,"language":"ENG","playtime":396,"items_purged":[],"score":174,"play_id":"b77b65ae-a49b-4916-828b-afa149c773b3","local_time":"20210211140043","is_ascension_mode":true,"campfire_choices":[{"data":"Sweeping Beam","floor":6,"key":"SMITH"}],"circlet_count":0,"master_deck":["AscendersBane","Strike_B","Strike_B","Strike_B","Strike_B","Defend_B","Defend_B","Defend_B","Defend_B","Zap","Dualcast","Cold Snap","Coolheaded","Capacitor","Compile Driver","Sweeping Beam+1","Turbo","Doom and Gloom"],"relics":["Cracked Core","Ornamental Fan","Omamori","Mercury Hourglass"],"acts_visited":["Exordium"],"potions_floor_usage":[8],"damage_taken":[{"damage":2,"enemies":"2 Louse","floor":1,"turns":3},{"damage":0,"enemies":"Cultist","floor":3,"turns":3},{"damage":0,"enemies":"Small Slimes","floor":5,"turns":3},{"damage":40,"enemies":"Gremlin Nob","floor":8,"turns":5},{"damage":8,"enemies":"3 Louse","floor":10,"turns":2},{"damage":11,"enemies":"Large Slime","floor":11,"turns":3},{"damage":0,"enemies":"2 Fungi Beasts","floor":12,"turns":3},{"damage":15,"enemies":"3 Sentries","floor":13,"turns":2}],"seed_played":"6145309902154697895","potions_obtained":[{"floor":5,"key":"DuplicationPotion"},{"floor":12,"key":"PotionOfCapacity"}],"is_trial":false,"path_per_floor":["M","?","M","$","M","R","?","E","T","M","M","M","E"],"character_chosen":"DEFECT","items_purchased":["Capacitor","Compile Driver"],"campfire_rested":0,"item_purchase_floors":[4,4],"current_hp_per_floor":[69,69,69,69,69,69,69,29,29,21,10,10,0,0],"gold":90,"neow_bonus":"TEN_PERCENT_HP_BONUS","is_daily":false,"chose_seed":false,"campfire_upgraded":1,"win_rate":0.0,"timestamp":1613077243,"path_taken":["M","?","M","$","M","R","?","E","T","?","M","M","E"],"items_purchased_type":["Card","Card"],"build_version":"2020-12-18","purchased_purges":0,"victory":false,"max_hp_per_floor":[78,78,78,78,78,78,78,78,78,78,78,78,78,78],"card_choices":[{"not_picked":["Reinforced Body","Stack"],"picked":"Cold Snap","floor":1},{"not_picked":["Gash","Force Field"],"picked":"Coolheaded","floor":3},{"not_picked":["Steam Power","Force Field"],"picked":"Sweeping Beam","floor":5},{"not_picked":["Gash","All For One","Thunder Strike"],"picked":"SKIP","floor":8},{"not_picked":["Coolheaded","Compile Driver"],"picked":"Turbo","floor":10},{"not_picked":["Barrage","BootSequence","Fusion"],"picked":"SKIP","floor":11},{"not_picked":["Blizzard","Auto Shields"],"picked":"Doom and Gloom","floor":12}],"player_experience":2558722,"relics_obtained":[{"floor":7,"key":"Ornamental Fan"},{"floor":8,"key":"Omamori"},{"floor":9,"key":"Mercury Hourglass"}],"event_choices":[{"damage_healed":0,"gold_gain":0,"player_choice":"Leave","damage_taken":0,"max_hp_gain":0,"max_hp_loss":0,"event_name":"The Cleric","floor":2,"gold_loss":0},{"damage_healed":0,"gold_gain":0,"player_choice":"Relic","damage_taken":0,"max_hp_gain":0,"max_hp_loss":0,"event_name":"Wheel of Change","floor":7,"gold_loss":0}],"is_beta":true,"boss_relics":[],"items_purged_floors":[],"is_endless":false,"potions_floor_spawned":[5,12],"killed_by":"3 Sentries","ascension_level":20}}