{"host":"Ryley","time":1613006622,"event":{"mods":["BaseMod","Downfall","Minty Spire (QoL Compilation)","StSLib"],"gold_per_floor":[110,59,79,90,100,100,50,50,97,131,152,172,172,186,186,316,316,332,74,74,28,28,58,76,76,76,107,107,125,136,147,147,247,247,257,276,276,18,31,31,31,31,107,107,157,157,57,89,89,89],"floor_reached":51,"language":"ENG","playtime":1207,"items_purged":["Injury","downfall:Malfunctioning"],"score":707,"play_id":"af9b49ab-621a-463a-af58-b0e9db24808d","local_time":"20210210192342","is_ascension_mode":false,"campfire_choices":[{"data":"Demon Form","floor":6,"key":"SMITH"},{"data":"Shrug It Off","floor":15,"key":"SMITH"},{"floor":25,"key":"REST"},{"floor":32,"key":"REST"},{"floor":40,"key":"REST"},{"floor":42,"key":"REST"},{"floor":46,"key":"REST"},{"floor":49,"key":"REST"}],"circlet_count":0,"master_deck":["Strike_R","Strike_R","Strike_R","Strike_R","Defend_R","Defend_R","Defend_R","Defend_R","Bash","Wild Strike+1","Wild Strike+1","Demon Form+1","Shrug It Off+1","Immolate","Twin Strike+1","Shrug It Off","Iron Wave","Armaments+1","Burning Pact","Sentinel+1","Headbutt+1","Offering","Cleave+1","Cleave+1","Clumsy","Clash+1","Clash+1"],"relics":["Burning Blood","Ancient Tea Set","Bloody Idol","Whetstone","Odd Mushroom","Orichalcum","Fusion Hammer","Happy Flower","Mummified Hand","Molten Egg 2","Boot","Bag of Marbles","Cursed Key","Bottled Tornado","Gremlin Horn","Sundial","Torii","Blue Candle"],"acts_visited":["Exordium","TheCity","TheBeyond"],"potions_floor_usage":[10,16,27,37,41,50,50],"damage_taken":[{"damage":4,"enemies":"2 Louse","floor":1,"turns":4},{"damage":0,"enemies":"Small Slimes","floor":3,"turns":3},{"damage":6,"enemies":"Cultist","floor":4,"turns":3},{"damage":15,"enemies":"Looter","floor":5,"turns":3},{"damage":20,"enemies":"The Mushroom Lair","floor":10,"turns":5},{"damage":2,"enemies":"Exordium Wildlife","floor":11,"turns":3},{"damage":6,"enemies":"3 Louse","floor":12,"turns":2},{"damage":5,"enemies":"2 Fungi Beasts","floor":14,"turns":3},{"damage":30,"enemies":"Hexaghost","floor":16,"turns":6},{"damage":13,"enemies":"3 Byrds","floor":18,"turns":5},{"damage":3,"enemies":"Gremlin Leader","floor":23,"turns":5},{"damage":0,"enemies":"Spheric Guardian","floor":24,"turns":2},{"damage":24,"enemies":"Book of Stabbing","floor":27,"turns":6},{"damage":28,"enemies":"Centurion and Healer","floor":29,"turns":5},{"damage":4,"enemies":"3 Cultists","floor":30,"turns":4},{"damage":15,"enemies":"Snake Plant","floor":31,"turns":3},{"damage":65,"enemies":"Automaton","floor":33,"turns":8},{"damage":16,"enemies":"Orb Walker","floor":35,"turns":3},{"damage":38,"enemies":"3 Darklings","floor":36,"turns":5},{"damage":0,"enemies":"Sphere and 2 Shapes","floor":37,"turns":1},{"damage":46,"enemies":"Maw","floor":39,"turns":6},{"damage":0,"enemies":"Mind Bloom Boss Battle","floor":45,"turns":4},{"damage":29,"enemies":"Reptomancer","floor":48,"turns":5},{"damage":63,"enemies":"Awakened One","floor":50,"turns":11}],"seed_played":"6911700600978059797","potions_obtained":[{"floor":3,"key":"DuplicationPotion"},{"floor":5,"key":"Regen Potion"},{"floor":11,"key":"SteroidPotion"},{"floor":16,"key":"FairyPotion"},{"floor":18,"key":"AttackPotion"},{"floor":27,"key":"FearPotion"},{"floor":29,"key":"SmokeBomb"},{"floor":35,"key":"HeartOfIron"},{"floor":39,"key":"SteroidPotion"},{"floor":41,"key":"Fruit Juice"},{"floor":41,"key":"HeartOfIron"}],"is_trial":false,"path_per_floor":["M","$","M","M","M","R","?","?","T","?","M","M","?","M","R","B",null,"M","$","?","$","?","E","M","R","T","E","?","M","M","M","R","B",null,"M","M","M","$","M","R","?","R","T","T","?","R","$","E","R","B",null],"character_chosen":"IRONCLAD","items_purchased":["Wild Strike","Happy Flower","Shrug It Off","Iron Wave","Bottled Tornado"],"campfire_rested":6,"item_purchase_floors":[2,19,19,21,38],"current_hp_per_floor":[80,80,80,80,71,71,71,71,71,69,73,73,70,71,71,47,80,73,73,73,73,73,80,80,80,80,67,67,50,57,53,77,23,80,75,48,54,54,19,43,48,73,78,78,85,85,85,67,85,28],"gold":89,"neow_bonus":"RANDOM_COMMON_RELIC","is_daily":false,"chose_seed":false,"campfire_upgraded":2,"win_rate":0.0,"timestamp":1613006622,"path_taken":["M","$","M","M","M","R","?","?","T","?","M","M","?","M","R","BOSS","M","$","?","$","?","E","?","R","T","E","?","M","M","M","R","BOSS","M","M","M","$","M","R","?","R","T","?","?","R","$","E","R","BOSS"],"items_purchased_type":["Card","Relic","Card","Card","Relic"],"build_version":"2020-12-18","purchased_purges":2,"victory":true,"max_hp_per_floor":[80,80,80,80,80,80,80,80,80,80,80,80,80,80,80,80,80,80,80,80,80,80,80,80,80,80,80,80,80,80,80,80,80,80,80,80,80,80,80,80,85,85,85,85,85,85,85,85,85,85],"card_choices":[{"not_picked":["Iron Wave","Warcry"],"picked":"Wild Strike","floor":1},{"not_picked":["Sword Boomerang","Havoc","Body Slam"],"picked":"SKIP","floor":3},{"not_picked":["Armaments","Flex"],"picked":"Demon Form","floor":4},{"not_picked":["Heavy Blade","Sword Boomerang","Double Tap"],"picked":"SKIP","floor":5},{"not_picked":["Intimidate","Headbutt","Rupture"],"picked":"SKIP","floor":11},{"not_picked":["Body Slam","Sword Boomerang","Clash"],"picked":"SKIP","floor":12},{"not_picked":["Searing Blow","Pummel"],"picked":"Shrug It Off","floor":14},{"not_picked":["Juggernaut","Berserk"],"picked":"Immolate","floor":16},{"not_picked":["Intimidate","Flex+1"],"picked":"Twin Strike+1","floor":18},{"not_picked":["Thunderclap","Dropkick","Searing Blow+1"],"picked":"SKIP","floor":23},{"not_picked":["Searing Blow","Iron Wave"],"picked":"Armaments+1","floor":24},{"not_picked":["True Grit+1","Body Slam+1"],"picked":"Burning Pact","floor":27},{"not_picked":["Flex","Body Slam+1"],"picked":"Sentinel+1","floor":29},{"not_picked":["Warcry+1","Armaments","Shrug It Off+1"],"picked":"SKIP","floor":30},{"not_picked":["Reckless Charge+1","Armaments"],"picked":"Headbutt+1","floor":31},{"not_picked":["Corruption","Bludgeon+1"],"picked":"Offering","floor":33},{"not_picked":["Iron Wave+1","Havoc"],"picked":"Cleave+1","floor":35},{"not_picked":["Pommel Strike+1","Dual Wield+1"],"picked":"Cleave+1","floor":36},{"not_picked":["Perfected Strike+1","Combust","Flex"],"picked":"SKIP","floor":39},{"not_picked":["Spot Weakness","Dual Wield+1"],"picked":"Clash+1","floor":45},{"not_picked":["Armaments+1","Sentinel+1"],"picked":"Clash+1","floor":48}],"player_experience":390494,"relics_obtained":[{"floor":9,"key":"Whetstone"},{"floor":10,"key":"Odd Mushroom"},{"floor":23,"key":"Mummified Hand"},{"floor":26,"key":"Molten Egg 2"},{"floor":27,"key":"Boot"},{"floor":43,"key":"Gremlin Horn"},{"floor":44,"key":"Sundial"},{"floor":45,"key":"Torii"},{"floor":48,"key":"Blue Candle"}],"event_choices":[{"cards_removed":["Strike_R"],"damage_healed":0,"gold_gain":0,"player_choice":"Card Removal","damage_taken":0,"max_hp_gain":0,"max_hp_loss":0,"event_name":"The Cleric","floor":7,"gold_loss":50},{"damage_healed":0,"gold_gain":0,"player_choice":"Take Wound","damage_taken":0,"relics_obtained":["Golden Idol"],"max_hp_gain":0,"max_hp_loss":0,"event_name":"Golden Idol","floor":8,"gold_loss":0,"cards_obtained":["Injury"]},{"damage_healed":0,"gold_gain":0,"player_choice":"Fought Mushrooms","damage_taken":0,"max_hp_gain":0,"max_hp_loss":0,"event_name":"Mushrooms","floor":10,"gold_loss":0},{"damage_healed":0,"gold_gain":0,"player_choice":"Success","damage_taken":3,"relics_obtained":["Orichalcum"],"max_hp_gain":0,"max_hp_loss":0,"event_name":"Scrap Ooze","floor":13,"gold_loss":0},{"damage_healed":0,"gold_gain":0,"player_choice":"Gave Idol","damage_taken":0,"relics_obtained":["Bloody Idol"],"max_hp_gain":0,"max_hp_loss":0,"event_name":"Forgotten Altar","floor":20,"relics_lost":["Golden Idol"],"gold_loss":0},{"damage_healed":0,"gold_gain":0,"player_choice":"Ignored","damage_taken":0,"max_hp_gain":0,"max_hp_loss":0,"event_name":"NoteForYourself","floor":22,"gold_loss":0},{"damage_healed":0,"gold_gain":0,"player_choice":"Opened","damage_taken":0,"relics_obtained":["Bag of Marbles"],"max_hp_gain":0,"max_hp_loss":0,"event_name":"The Mausoleum","floor":28,"gold_loss":0},{"damage_healed":0,"gold_gain":0,"player_choice":"Got Potions","damage_taken":0,"max_hp_gain":0,"max_hp_loss":0,"event_name":"Lab","floor":41,"gold_loss":0},{"damage_healed":0,"gold_gain":0,"player_choice":"Fight","damage_taken":0,"max_hp_gain":0,"max_hp_loss":0,"event_name":"MindBloom","floor":45,"gold_loss":0}],"is_beta":true,"boss_relics":[{"not_picked":["Black Star","Tiny House"],"picked":"Fusion Hammer"},{"not_picked":["Empty Cage","Runic Dome"],"picked":"Cursed Key"}],"items_purged_floors":[19,47],"is_endless":false,"potions_floor_spawned":[3,5,11,16,18,27,29,30,35,37,39],"ascension_level":0}}