{"host":"symc43ke1l3o6af7","time":1613021337,"event":{"mods":["BaseMod","Bestiary","Better Altar","Better Skull","Better Third Choice","Downfall","Hermit","Hubris","Jorbs\u0027s Wanderer Trilogy","Marisa????????","Minty Spire (QoL Compilation)","Relic Stats","Replay The Spire","Robot Space Explorer","StSLib","The Construct","The Cursed","The Disciple","The Marked","The Servant 0.9.4"],"gold_per_floor":[99,112,112,128,128,139,139,158,106,106,106,117,133,133,149,254,254,254,254],"floor_reached":17,"language":"ENG","playtime":784,"items_purged":[],"score":149,"play_id":"4d18a817-f894-42cd-9663-e5594418a800","local_time":"20210211002857","is_ascension_mode":false,"campfire_choices":[{"data":"champ:Execute","floor":1,"key":"SMITH"},{"data":"champ:FanOfKnives","floor":11,"key":"SMITH"}],"circlet_count":0,"master_deck":["champ:Strike","champ:Strike","champ:Strike","champ:Defend","champ:Defend","champ:Defend","champ:Execute+1","champ:Taunt","champ:BerserkersShout","champ:FanOfKnives+1","champ:Haymaker","champ:BringItOn","champ:AdrenalArmor","champ:Circumvent+1","champ:TornadoPunch","champ:FlashCut","champ:StanceDance","champ:HoldFirm"],"relics":["champ:ChampionCrown","hubris:DeckOfHolding","Girya","Mummified Hand","SacredBark"],"acts_visited":["Exordium","TheCity"],"potions_floor_usage":[16,16],"damage_taken":[{"damage":22,"enemies":"Small Slimes","floor":2,"turns":4},{"damage":23,"enemies":"Jaw Worm","floor":4,"turns":3},{"damage":21,"enemies":"Cultist","floor":6,"turns":3},{"damage":22,"enemies":"Red Slaver","floor":8,"turns":3},{"damage":30,"enemies":"downfall:FleeingMerchant","floor":9,"turns":4},{"damage":39,"enemies":"Exordium Thugs","floor":12,"turns":5},{"damage":0,"enemies":"3 Louse","floor":13,"turns":3},{"damage":30,"enemies":"Gremlin Gang","floor":15,"turns":4},{"damage":58,"enemies":"DF_ARCHETYPE_STREAMLINE","floor":16,"turns":9}],"seed_played":"4372571414219308457","potions_obtained":[{"floor":2,"key":"CultistPotion"},{"floor":8,"key":"Weak Potion"},{"floor":13,"key":"Doom Potion"},{"floor":16,"key":"Strength Potion"}],"is_trial":false,"path_per_floor":["R","M","?","M","?","M","T","M","$","?","R","M","M","?","M","B",null],"character_chosen":"THE_CHAMP","items_purchased":["champ:Circumvent+1"],"campfire_rested":0,"item_purchase_floors":[9],"current_hp_per_floor":[99,97,97,89,89,83,83,71,61,94,94,90,90,61,61,28,99,99,99],"gold":254,"neow_bonus":"TEN_PERCENT_HP_BONUS","is_daily":false,"chose_seed":false,"campfire_upgraded":2,"win_rate":0.0,"timestamp":1613021337,"path_taken":["R","M","?","M","?","?","T","M","?","?","R","M","M","?","M","BOSS"],"items_purchased_type":["Card"],"build_version":"2020-12-22","purchased_purges":0,"victory":false,"max_hp_per_floor":[99,99,99,99,99,99,99,99,99,99,99,99,99,99,99,99,99,99,99],"relic_stats":{"counters":[9,38],"Mummified Hand":[0],"obtain_stats":[{"Girya":14,"Mummified Hand":14,"SacredBark":17,"champ:ChampionCrown":0,"hubris:DeckOfHolding":7},{"Girya":7,"Mummified Hand":7,"SacredBark":9,"champ:ChampionCrown":0,"hubris:DeckOfHolding":3},{"Girya":25,"Mummified Hand":25,"SacredBark":38,"champ:ChampionCrown":0,"hubris:DeckOfHolding":10}]},"card_choices":[{"not_picked":["champ:Circumvent","champ:BringItOn"],"picked":"champ:BerserkersShout","floor":2},{"not_picked":["champ:PreciseThrust","champ:CalledShot"],"picked":"champ:FanOfKnives","floor":4},{"not_picked":["champ:CrownThrow","champ:ShieldWall"],"picked":"champ:Haymaker","floor":6},{"not_picked":["champ:RapidStrikes","champ:Shatter"],"picked":"champ:BringItOn","floor":8},{"not_picked":["champ:BladeFlurry","champ:PerfectedStrike"],"picked":"champ:AdrenalArmor","floor":9},{"not_picked":["champ:SetATrap","champ:MurderStrike"],"picked":"champ:TornadoPunch","floor":12},{"not_picked":["champ:AdrenalArmor","champ:Haymaker"],"picked":"champ:FlashCut","floor":13},{"not_picked":["champ:AdrenalArmor","champ:Haymaker"],"picked":"champ:StanceDance","floor":15},{"not_picked":["champ:CheapShot","champ:DancingMaster"],"picked":"champ:HoldFirm","floor":16}],"player_experience":222173,"relics_obtained":[{"floor":7,"key":"hubris:DeckOfHolding"}],"event_choices":[{"cards_removed":["champ:Defend"],"damage_healed":0,"gold_gain":0,"player_choice":"Offered Basic","damage_taken":0,"max_hp_gain":0,"max_hp_loss":0,"event_name":"Bonfire Elementals","floor":5,"gold_loss":0},{"damage_healed":33,"gold_gain":0,"player_choice":"Banana","damage_taken":0,"max_hp_gain":0,"max_hp_loss":0,"event_name":"Big Fish","floor":10,"gold_loss":0},{"damage_healed":0,"gold_gain":1,"player_choice":"Relic Relic ","damage_taken":29,"max_hp_gain":0,"max_hp_loss":0,"event_name":"betterThird:BetterScrap","floor":14,"gold_loss":0,"cards_obtained":["Scrawl"]}],"is_beta":false,"boss_relics":[{"not_picked":["Replay:Wanted Poster","Ring of Chaos"],"picked":"SacredBark"}],"items_purged_floors":[],"is_endless":false,"potions_floor_spawned":[2,8,13,16],"ascension_level":0}}