{"host":"f6w7z8zvb0mi4wy9","time":1613053258,"event":{"mods":["BaseMod","Colored Map","Minty Spire (QoL Compilation)","READ ME - Guardian Mod","StSLib","SuperFastMode","The Jungle"],"gold_per_floor":[114,114,63,63,73,103,115,115,165,178,208,208,208,223,223,320,320,340,340,439,202,214,214,246,263,333,358,370,370,370,404,404,505,505,516,25,25,39,53,86,86,99,168,168,168,184,200,232,232,232,232,232,2,28,28,28],"floor_reached":55,"language":"KOR","playtime":1667,"items_purged":["Strike_B"],"score":962,"play_id":"a0c2d4d9-d444-4b27-a29b-46a669d6acdb","local_time":"20210211232058","is_ascension_mode":true,"campfire_choices":[{"data":"Dualcast","floor":8.0,"key":"SMITH"},{"data":"White Noise","floor":13.0,"key":"SMITH"},{"data":"Hologram","floor":15.0,"key":"SMITH"},{"data":"Defragment","floor":23.0,"key":"SMITH"},{"floor":30,"key":"REST"},{"floor":32,"key":"REST"},{"floor":41,"key":"REST"},{"floor":44,"key":"RECALL"},{"floor":49,"key":"REST"},{"data":"Beam Cell","floor":52,"key":"SMITH"}],"circlet_count":0,"master_deck":["Strike_B","Strike_B","Defend_B+1","Defend_B","Defend_B","Defend_B","Zap+1","Dualcast+1","Steam","Gash","Streamline","Ball Lightning","White Noise+1","Beam Cell+1","Scrape","Hologram+1","Electrodynamics","Go for the Eyes","Finesse","Defragment+1","Defragment+1","Cold Snap","Biased Cognition","Storm","Glacier+1","All For One","Steam","Capacitor+1","Steam+1","Loop","Self Repair+1","Steam+1","Coolheaded+1","Chill+1","Scrape","Sweeping Beam","Blizzard"],"relics":["Cracked Core","NeowsBlessing","Strawberry","StrikeDummy","Nuclear Battery","Ancient Tea Set","Mummified Hand","Regal Pillow","StoneCalendar","SlaversCollar","Toxic Egg 2","Strange Spoon","Thread and Needle","The Courier","Turnip","Torii","Calipers","Happy Flower"],"acts_visited":["Exordium","TheCity","TheBeyond","TheEnding"],"potions_floor_usage":[29,29,29,29,40,40,46,47,48,55],"damage_taken":[{"damage":0.0,"enemies":"2 Louse","floor":1.0,"turns":1.0},{"damage":0.0,"enemies":"Jaw Worm","floor":5.0,"turns":1.0},{"damage":0.0,"enemies":"3 Sentries","floor":6.0,"turns":1.0},{"damage":1.0,"enemies":"Small Slimes","floor":7.0,"turns":2.0},{"damage":0.0,"enemies":"Blue Slaver","floor":10.0,"turns":2.0},{"damage":10.0,"enemies":"Gremlin Nob","floor":11.0,"turns":3.0},{"damage":8.0,"enemies":"Lots of Slimes","floor":14.0,"turns":3.0},{"damage":0.0,"enemies":"Slime Boss","floor":16.0,"turns":4.0},{"damage":5.0,"enemies":"Chosen","floor":18.0,"turns":3.0},{"damage":21.0,"enemies":"2 Thieves","floor":22.0,"turns":3.0},{"damage":13.0,"enemies":"Gremlin Leader","floor":24.0,"turns":5.0},{"damage":5.0,"enemies":"Centurion and Healer","floor":25.0,"turns":5.0},{"damage":22.0,"enemies":"Slavers","floor":27.0,"turns":3.0},{"damage":9.0,"enemies":"Snake Plant","floor":28.0,"turns":3.0},{"damage":0,"enemies":"Colosseum Slavers","floor":29,"turns":2},{"damage":22,"enemies":"Gremlin Leader","floor":31,"turns":5},{"damage":35,"enemies":"Collector","floor":33,"turns":7},{"damage":5,"enemies":"3 Shapes","floor":35,"turns":3},{"damage":19,"enemies":"3 Darklings","floor":38,"turns":5},{"damage":53,"enemies":"Writhing Mass","floor":39,"turns":3},{"damage":3,"enemies":"Reptomancer","floor":40,"turns":7},{"damage":16,"enemies":"Jaw Worm Horde","floor":42,"turns":4},{"damage":0,"enemies":"Sphere and 2 Shapes","floor":46,"turns":2},{"damage":0,"enemies":"4 Shapes","floor":47,"turns":7},{"damage":42,"enemies":"Nemesis","floor":48,"turns":5},{"damage":23,"enemies":"Donu and Deca","floor":50,"turns":8},{"damage":7,"enemies":"Shield and Spear","floor":54,"turns":9},{"damage":93,"enemies":"The Heart","floor":55,"turns":9}],"seed_played":"-4662463114932950640","potions_obtained":[{"floor":1.0,"key":"Energy Potion"},{"floor":10.0,"key":"FearPotion"},{"floor":11.0,"key":"Explosive Potion"},{"floor":14.0,"key":"AttackPotion"},{"floor":24.0,"key":"Swift Potion"},{"floor":25.0,"key":"Regen Potion"},{"floor":27.0,"key":"EntropicBrew"},{"floor":28.0,"key":"SmokeBomb"},{"floor":31,"key":"Fire Potion"},{"floor":38,"key":"PotionOfCapacity"},{"floor":40,"key":"EssenceOfDarkness"},{"floor":42,"key":"AttackPotion"},{"floor":47,"key":"FearPotion"},{"floor":54,"key":"Energy Potion"}],"is_trial":false,"path_per_floor":["M","?","$","?","M","E","M","R","T","M","E","?","R","M","R","B",null,"M","?","?","$","M","R","E","M","T","E","M","?","R","E","R","B",null,"M","$","?","M","M","E","R","M","T","R","T","M","M","E","R","B",null,"R","$","E","B"],"character_chosen":"DEFECT","items_purchased":["Gash","Finesse","Defragment","Toxic Egg 2","Capacitor","Strange Spoon","Steam+1","Calipers"],"campfire_rested":4,"item_purchase_floors":[3,21,21,36,36,36,36,53],"current_hp_per_floor":[75,60,60,65,65,72,71,71,71,71,61,54,54,46,46,46,87,82,65,65,65,44,44,31,26,26,13,4,4,46,24,66,31,92,87,87,87,68,15,22,64,58,58,58,58,58,68,26,68,55,92,92,92,92,0,0],"gold":28,"neow_bonus":"THREE_ENEMY_KILL","is_daily":false,"chose_seed":false,"campfire_upgraded":5,"win_rate":0.0,"timestamp":1613053258,"path_taken":["M","?","$","?","M","E","M","R","T","M","E","?","R","M","R","BOSS","M","?","?","$","M","R","E","M","T","E","M","?","R","E","R","BOSS","M","$","?","M","M","E","R","?","T","R","?","M","M","E","R","BOSS","R","$","E","BOSS"],"items_purchased_type":["Card","Card","Card","Relic","Card","Relic","Card","Relic"],"build_version":"2020-12-22","purchased_purges":1,"victory":false,"max_hp_per_floor":[75,75,75,80,80,87,87,87,87,87,87,87,87,87,87,87,87,87,92,92,92,92,92,92,92,92,92,92,92,92,92,92,92,92,92,92,92,92,92,92,92,92,92,92,92,92,92,92,92,92,92,92,92,92,92,92],"card_choices":[{"not_picked":["Undo","Lockon"],"picked":"Steam","floor":1.0},{"not_picked":["Undo","Consume"],"picked":"Streamline","floor":5.0},{"not_picked":["Doom and Gloom","Double Energy"],"picked":"Ball Lightning","floor":6.0},{"not_picked":["Go for the Eyes","Force Field"],"picked":"White Noise","floor":7.0},{"not_picked":["Multi-Cast","Barrage"],"picked":"Beam Cell","floor":10.0},{"not_picked":["Coolheaded","Hyperbeam"],"picked":"Scrape","floor":11.0},{"not_picked":["Sunder","Rip and Tear"],"picked":"Hologram","floor":14.0},{"not_picked":["Machine Learning","Amplify"],"picked":"Electrodynamics","floor":16.0},{"not_picked":["Hologram","Ball Lightning"],"picked":"Go for the Eyes","floor":18.0},{"not_picked":["FTL+1","Beam Cell"],"picked":"Defragment+1","floor":22.0},{"not_picked":["Rebound+1","Streamline","Sweeping Beam"],"picked":"SKIP","floor":24.0},{"not_picked":["Redo","Barrage+1"],"picked":"Cold Snap","floor":25.0},{"not_picked":["Leap","Stack"],"picked":"Biased Cognition","floor":27.0},{"not_picked":["Redo","Turbo"],"picked":"Storm","floor":28.0},{"not_picked":["Coolheaded","Reinforced Body+1"],"picked":"Glacier+1","floor":31},{"not_picked":["Meteor Strike","Multi-Cast"],"picked":"All For One","floor":33},{"not_picked":["Streamline+1","Melter"],"picked":"Steam","floor":35},{"not_picked":["Rip and Tear+1","Fusion+1"],"picked":"Loop","floor":38},{"not_picked":["Double Energy+1","Compile Driver+1"],"picked":"Self Repair+1","floor":39},{"not_picked":["Ball Lightning","Chaos+1"],"picked":"Steam+1","floor":40},{"not_picked":["Sweeping Beam+1","Rebound"],"picked":"Coolheaded+1","floor":42},{"not_picked":["Lockon","Sunder+1"],"picked":"Chill+1","floor":46},{"not_picked":["BootSequence+1","Genetic Algorithm+1"],"picked":"Scrape","floor":47},{"not_picked":["Sunder","Multi-Cast+1"],"picked":"Sweeping Beam","floor":48},{"not_picked":["Go for the Eyes+1","Streamline"],"picked":"Blizzard","floor":54}],"player_experience":929330,"relics_obtained":[{"floor":6.0,"key":"Strawberry"},{"floor":11.0,"key":"StrikeDummy"},{"floor":24.0,"key":"Ancient Tea Set"},{"floor":26.0,"key":"Mummified Hand"},{"floor":27.0,"key":"Regal Pillow"},{"floor":31,"key":"StoneCalendar"},{"floor":40,"key":"Thread and Needle"},{"floor":43,"key":"The Courier"},{"floor":45,"key":"Turnip"},{"floor":48,"key":"Torii"},{"floor":54,"key":"Happy Flower"}],"event_choices":[{"damage_healed":0.0,"max_hp_gain":0.0,"max_hp_loss":0.0,"gold_gain":0.0,"event_name":"Shining Light","player_choice":"Entered Light","floor":2.0,"gold_loss":0.0,"damage_taken":15.0,"cards_upgraded":["Zap","Defend_B"]},{"damage_healed":0.0,"max_hp_gain":5.0,"max_hp_loss":0.0,"gold_gain":0.0,"event_name":"Big Fish","player_choice":"Donut","floor":4.0,"gold_loss":0.0,"damage_taken":0.0},{"cards_removed":["Strike_B"],"damage_healed":0.0,"max_hp_gain":0.0,"max_hp_loss":0.0,"gold_gain":0.0,"event_name":"Golden Wing","player_choice":"Card Removal","floor":12.0,"gold_loss":0.0,"damage_taken":7.0},{"damage_healed":0.0,"max_hp_gain":5.0,"max_hp_loss":0.0,"gold_gain":0.0,"event_name":"Forgotten Altar","player_choice":"Shed Blood","floor":19.0,"gold_loss":0.0,"damage_taken":22.0},{"damage_healed":0.0,"max_hp_gain":0.0,"max_hp_loss":0.0,"gold_gain":99.0,"event_name":"Nest","player_choice":"Stole From Cult","floor":20.0,"gold_loss":0.0,"damage_taken":0.0},{"damage_healed":0,"gold_gain":0,"player_choice":"Fight","damage_taken":0,"max_hp_gain":0,"max_hp_loss":0,"event_name":"Colosseum","floor":29,"gold_loss":0},{"damage_healed":0,"gold_gain":0,"player_choice":"Fled From Nobs","damage_taken":0,"max_hp_gain":0,"max_hp_loss":0,"event_name":"Colosseum","floor":29,"gold_loss":0},{"damage_healed":0,"gold_gain":0,"player_choice":"Forge","damage_taken":0,"max_hp_gain":0,"max_hp_loss":0,"event_name":"Accursed Blacksmith","floor":37,"gold_loss":0,"cards_upgraded":["Capacitor"]}],"is_beta":false,"boss_relics":[{"not_picked":["Philosopher\u0027s Stone","FrozenCore"],"picked":"Nuclear Battery"},{"not_picked":["Tiny House","Runic Pyramid"],"picked":"SlaversCollar"}],"items_purged_floors":[21],"is_endless":false,"potions_floor_spawned":[1,10,11,14,24,25,27,28,31,38,40,42,47,54],"killed_by":"The Heart","ascension_level":1}}