{"host":"4zpqi6gd0xcmibwu","time":1613047345,"event":{"mods":["AchievementEnabler","BaseMod","Better Altar","Better Match","Better Note","Better Skull","Better Third Choice","Block Reminder","Bossed Relics","Colored Map","Colored Powertips","DeckTracker","Displayed Cursed Tome","Googly Eyes","Highlight Path","Infinite Spire","Key Reminder","Minty Spire (QoL Compilation)","Morshu Shopkeeper","Permanent Neow","Quick Restart","Random Character Button","Rare Cards Sparkle","Relic Sorter","Relic Stats","Replay The Spire","ShortenTheSpire","Smile Girya","Spire Arcade","Spire Birthday Party","StSLib","Steal the Spire","SuperFastMode","Uncapped","Unceasing Turn Reminder","Waifu the Spire","everything is the same but u backflip on backflip","slay the spire mod where everything is the same but ironclad has a cowboy hat"],"gold_per_floor":[113,38,56,156,172,197,197,225,225,20,20,20,48,66,66,66,66],"floor_reached":16,"language":"ENG","playtime":378,"items_purged":["Strike_R","Hallucinations"],"score":124,"play_id":"6d3d8592-8c99-4264-a875-91af62d48464","local_time":"20210211134225","is_ascension_mode":true,"campfire_choices":[{"data":"Body Slam","floor":7,"key":"SMITH"},{"data":"Disarm","floor":12,"key":"SMITH"},{"data":"True Grit","floor":15,"key":"SMITH"}],"circlet_count":0,"master_deck":["Strike_R","Strike_R","Strike_R","Strike_R","Defend_R","Defend_R","Defend_R","Defend_R","Bash","Body Slam+1","Fire Breathing","Disarm+1","Cleave","True Grit+1"],"relics":["Burning Blood","Nunchaku","Prayer Wheel","Iron Hammer","ReplayTheSpireMod:CursedCoin","infinitespire:Bottled Soul","Art of War"],"acts_visited":["Exordium"],"potions_floor_usage":[],"damage_taken":[{"damage":4,"enemies":"Cultist","floor":1,"turns":4},{"damage":6,"enemies":"Jaw Worm","floor":3,"turns":5},{"damage":1,"enemies":"2 Louse","floor":5,"turns":3},{"damage":17,"enemies":"3 Sentries","floor":6,"turns":5},{"damage":54,"enemies":"Lagavulin","floor":8,"turns":9},{"damage":18,"enemies":"3 Sentries","floor":13,"turns":6},{"damage":4,"enemies":"2 Fungi Beasts","floor":14,"turns":4},{"damage":27,"enemies":"Slime Boss","floor":16,"turns":3}],"seed_played":"-350909375491326253","potions_obtained":[{"floor":0,"key":"ElixirPotion"},{"floor":0,"key":"Weak Potion"},{"floor":0,"key":"DistilledChaos"},{"floor":3,"key":"Block Potion"},{"floor":8,"key":"PowerPotion"},{"floor":13,"key":"LiquidMemories"}],"is_trial":false,"path_per_floor":["M","$","M","?","M","E","R","E","T","$","?","R","E","M","R","B"],"character_chosen":"IRONCLAD","items_purchased":["ReplayTheSpireMod:CursedCoin","infinitespire:Bottled Soul"],"campfire_rested":0,"item_purchase_floors":[10,10],"current_hp_per_floor":[80,80,80,80,80,69,69,21,21,21,21,21,9,11,11,0,0],"gold":66,"neow_bonus":"THREE_SMALL_POTIONS","is_daily":false,"chose_seed":false,"campfire_upgraded":3,"win_rate":0.0,"timestamp":1613047345,"path_taken":["M","?","?","?","?","E","R","E","T","?","?","R","E","M","R","BOSS"],"items_purchased_type":["Relic","Relic"],"build_version":"2020-12-22","purchased_purges":2,"victory":false,"max_hp_per_floor":[80,80,80,80,80,80,80,80,80,80,80,80,80,80,80,80,80],"relic_stats":{"Nunchaku":[3],"counters":[8,39],"Prayer Wheel":1,"Art of War":[1],"obtain_stats":[{"Nunchaku":6,"ReplayTheSpireMod:CursedCoin":10,"infinitespire:Bottled Soul":10,"Prayer Wheel":8,"Iron Hammer":9,"Art of War":13,"Burning Blood":0},{"Nunchaku":4,"ReplayTheSpireMod:CursedCoin":5,"infinitespire:Bottled Soul":5,"Prayer Wheel":5,"Iron Hammer":5,"Art of War":6,"Burning Blood":0},{"Nunchaku":17,"ReplayTheSpireMod:CursedCoin":26,"infinitespire:Bottled Soul":26,"Prayer Wheel":26,"Iron Hammer":26,"Art of War":32,"Burning Blood":0}],"Burning Blood":35},"card_choices":[{"not_picked":["Flex","Infernal Blade"],"picked":"Body Slam","floor":1},{"not_picked":["Thunderclap","ReplayTheSpireMod:Muscle Training"],"picked":"Fire Breathing","floor":3},{"not_picked":["Sword Boomerang","Body Slam","Brutality"],"picked":"SKIP","floor":5},{"not_picked":["Replay:Undeath\u0027s Touch","Clash","Perfected Strike"],"picked":"SKIP","floor":6},{"not_picked":["Blood for Blood","Clash"],"picked":"Disarm","floor":8},{"not_picked":["Sever Soul","ReplayTheSpireMod:Corrosion Curse","ReplayTheSpireMod:Stacked"],"picked":"SKIP","floor":13},{"not_picked":["Replay:Undeath\u0027s Touch","Run Through"],"picked":"Cleave","floor":14},{"not_picked":["Infernal Blade","Pommel Strike"],"picked":"True Grit","floor":14}],"player_experience":56888,"relics_obtained":[{"floor":6,"key":"Nunchaku"},{"floor":8,"key":"Prayer Wheel"},{"floor":9,"key":"Iron Hammer"},{"floor":13,"key":"Art of War"}],"event_choices":[{"damage_healed":0,"gold_gain":100,"player_choice":"Pray","damage_taken":0,"max_hp_gain":0,"max_hp_loss":0,"event_name":"Golden Shrine","floor":4,"gold_loss":0},{"damage_healed":0,"gold_gain":0,"player_choice":"Ignored","damage_taken":20,"max_hp_gain":0,"max_hp_loss":0,"event_name":"betterThird:BetterSerpent","floor":11,"gold_loss":0}],"is_beta":false,"boss_relics":[],"items_purged_floors":[2,10],"is_endless":false,"potions_floor_spawned":[3,8,13,14],"killed_by":"Slime Boss","ascension_level":1}}