{"host":"yqw1zpryoutrnocq","time":1613068069,"event":{"mods":["2.2 Compatiblity","AchievementEnabler","BaseMod","Colored Map","Custom Start","DeckTracker","Minty Spire (QoL Compilation)","StSLib","SuperFastMode"],"gold_per_floor":[119,10,85,85,44,72,91,123,123,135,135],"floor_reached":10,"language":"KOR","playtime":142,"items_purged":["Strike_B"],"score":144,"play_id":"9ae41f41-9991-4073-ad8a-8226b5de3c5b","local_time":"20210211122749","is_ascension_mode":true,"campfire_choices":[],"circlet_count":0,"master_deck":["Strike_B","Strike_B","Defend_B","Defend_B","Defend_B","Defend_B","Zap","Dualcast","Storm","Genetic Algorithm","Darkness","Double Energy","Redo"],"relics":["Cracked Core","NeowsBlessing","Matryoshka","Tiny Chest","MawBank","Nunchaku"],"acts_visited":["Exordium"],"potions_floor_usage":[8],"damage_taken":[{"damage":0,"enemies":"2 Louse","floor":1,"turns":1},{"damage":0,"enemies":"Lagavulin","floor":6,"turns":2},{"damage":0,"enemies":"Small Slimes","floor":7,"turns":1},{"damage":20,"enemies":"Gremlin Nob","floor":8,"turns":3},{"damage":30,"enemies":"3 Sentries","floor":10,"turns":4}],"seed_played":"1192697479513948593","potions_obtained":[{"floor":7,"key":"FocusPotion"}],"is_trial":false,"path_per_floor":["M","$","?","?","$","E","M","E","T","E"],"character_chosen":"DEFECT","items_purchased":["Storm","Genetic Algorithm"],"campfire_rested":0,"item_purchase_floors":[2,5],"current_hp_per_floor":[68,68,57,50,50,50,50,30,30,0,0],"gold":135,"neow_bonus":"THREE_ENEMY_KILL","is_daily":false,"chose_seed":false,"campfire_upgraded":0,"win_rate":0.0,"timestamp":1613068069,"path_taken":["M","$","?","?","$","E","M","E","T","E"],"items_purchased_type":["Card","Card"],"build_version":"2020-12-22","purchased_purges":1,"victory":false,"max_hp_per_floor":[75,75,75,75,75,75,75,75,75,75,75],"card_choices":[{"not_picked":["Barrage","Leap","Heatsinks"],"picked":"SKIP","floor":1},{"not_picked":["Conserve Battery","Melter"],"picked":"Darkness","floor":6},{"not_picked":["Cold Snap","Go for the Eyes"],"picked":"Double Energy","floor":7},{"not_picked":["Gash","Auto Shields"],"picked":"Redo","floor":8}],"player_experience":329830,"relics_obtained":[{"floor":6,"key":"Matryoshka"},{"floor":8,"key":"Tiny Chest"},{"floor":9,"key":"MawBank"},{"floor":9,"key":"Nunchaku"}],"event_choices":[{"damage_healed":0,"gold_gain":75,"player_choice":"Gather Gold","damage_taken":11,"max_hp_gain":0,"max_hp_loss":0,"event_name":"World of Goop","floor":3,"gold_loss":0},{"cards_removed":["Strike_B"],"damage_healed":0,"gold_gain":0,"player_choice":"Card Removal","damage_taken":7,"max_hp_gain":0,"max_hp_loss":0,"event_name":"Golden Wing","floor":4,"gold_loss":0}],"is_beta":false,"boss_relics":[],"items_purged_floors":[2],"is_endless":false,"potions_floor_spawned":[7],"killed_by":"3 Sentries","ascension_level":9}}