{"host":"vex7walpoxzv48nx","time":1613058280,"event":{"mods":["AchievementEnabler","BaseMod","Highlight Path","Minty Spire (QoL Compilation)","Permanent Neow","Quick Restart","StSLib","UnlockEverythingMod"],"gold_per_floor":[119,133,146,146,158,188,188,216,216,216,216],"floor_reached":10,"language":"ENG","playtime":761,"items_purged":[],"score":156,"play_id":"530b49a9-ae83-4be7-9d13-c6d14b29a8c6","local_time":"20210211164440","is_ascension_mode":true,"campfire_choices":[{"floor":7.0,"key":"REST"}],"circlet_count":0,"master_deck":["AscendersBane","Strike_R","Strike_R","Strike_R","Strike_R","Strike_R","Defend_R","Defend_R","Defend_R","Bash","Bloodletting","Clothesline+1","Thunderclap","Rampage","Whirlwind","Hemokinesis","Battle Trance"],"relics":["Burning Blood","Mummified Hand","Anchor","Happy Flower"],"acts_visited":["Exordium"],"potions_floor_usage":[10,10],"damage_taken":[{"damage":12.0,"enemies":"Cultist","floor":1.0,"turns":4.0},{"damage":9.0,"enemies":"Jaw Worm","floor":2.0,"turns":3.0},{"damage":6.0,"enemies":"2 Louse","floor":3.0,"turns":3.0},{"damage":12.0,"enemies":"Exordium Wildlife","floor":5.0,"turns":4.0},{"damage":45.0,"enemies":"Lagavulin","floor":6.0,"turns":8.0},{"damage":34.0,"enemies":"Gremlin Nob","floor":8.0,"turns":4.0},{"damage":9,"enemies":"3 Sentries","floor":10,"turns":2}],"seed_played":"-4026585999416038947","potions_obtained":[{"floor":6.0,"key":"Weak Potion"},{"floor":8.0,"key":"BlessingOfTheForge"}],"is_trial":false,"path_per_floor":["M","M","M","?","M","E","R","E","T","E"],"character_chosen":"IRONCLAD","items_purchased":[],"campfire_rested":1,"item_purchase_floors":[],"current_hp_per_floor":[62,59,59,59,53,14,36,8,8,0,0],"gold":216,"neow_bonus":"TRANSFORM_CARD","is_daily":false,"chose_seed":false,"campfire_upgraded":0,"win_rate":0.0,"timestamp":1613058280,"path_taken":["M","M","?","?","M","E","R","E","T","E"],"items_purchased_type":[],"build_version":"2020-12-22","purchased_purges":0,"victory":false,"max_hp_per_floor":[75,75,75,75,75,75,75,75,75,75,75],"card_choices":[{"not_picked":["Heavy Blade","Searing Blow"],"picked":"Clothesline","floor":1.0},{"not_picked":["Anger","Dual Wield"],"picked":"Thunderclap","floor":2.0},{"not_picked":["Clash","Reckless Charge"],"picked":"Rampage","floor":3.0},{"not_picked":["Headbutt","Burning Pact"],"picked":"Whirlwind","floor":5.0},{"not_picked":["Hemokinesis","Headbutt","Heavy Blade"],"picked":"SKIP","floor":6.0},{"not_picked":["Headbutt","Heavy Blade"],"picked":"Hemokinesis","floor":6.0},{"not_picked":["Hemokinesis","Havoc"],"picked":"Battle Trance","floor":8.0}],"player_experience":285182,"relics_obtained":[{"floor":6.0,"key":"Mummified Hand"},{"floor":8.0,"key":"Anchor"},{"floor":9.0,"key":"Happy Flower"}],"event_choices":[{"damage_healed":0.0,"max_hp_gain":0.0,"max_hp_loss":0.0,"gold_gain":0.0,"event_name":"Living Wall","player_choice":"Grow","floor":4.0,"gold_loss":0.0,"damage_taken":0.0,"cards_upgraded":["Clothesline"]}],"is_beta":false,"boss_relics":[],"items_purged_floors":[],"is_endless":false,"potions_floor_spawned":[6,8],"killed_by":"3 Sentries","ascension_level":20}}