{"host":"KYO","time":1613043844,"event":{"mods":["ATMod(°¢èªMod)","BaseMod","Better Vampires","Minty Spire (QoL Compilation)","Permanent Neow","Replay The Spire","Shop Mod","StSLib","SuperFastMode","TestMod","[IsaacMod]ÒÔÈö¼âËþ","¡¾ÒÅÎï¿¨ÅÆ¡¿REMEMod"],"gold_per_floor":[115,133,148,148,159,187,587,587,612,630,630,656,672,700,700,700,700],"floor_reached":16,"language":"ZHS","playtime":491,"items_purged":[],"score":294,"play_id":"4afb7d16-ba9a-4233-af3a-625f1419b8cc","local_time":"20210211194404","is_ascension_mode":true,"campfire_choices":[{"data":"Strike_P","floor":11.0,"key":"SMITH"},{"data":"DevaForm","floor":15.0,"key":"SMITH"}],"circlet_count":0,"master_deck":["AscendersBane","Strike_P","Strike_P","Strike_P","Strike_P+1","Defend_P","Defend_P+1","Defend_P","Defend_P","Eruption","Vigilance+1","Eruption","DevaForm+1","Wish","LikeWater"],"relics":["HushsDoor","REME_ComplimentaryCards","testmod-TestBox","SteamSale","testmod-HeartOfStrike","ReplayTheSpireMod:DimensionalGlitch","War Paint","testmod-Maize","AT_BellDemon"],"acts_visited":["Exordium"],"potions_floor_usage":[16],"damage_taken":[{"damage":0.0,"enemies":"2 Louse","floor":1.0,"turns":3.0},{"damage":2.0,"enemies":"Small Slimes","floor":2.0,"turns":3.0},{"damage":0.0,"enemies":"Cultist","floor":3.0,"turns":2.0},{"damage":0.0,"enemies":"Looter","floor":5.0,"turns":2.0},{"damage":17.0,"enemies":"Lagavulin","floor":6.0,"turns":5.0},{"damage":0.0,"enemies":"Blue Slaver","floor":10.0,"turns":2.0},{"damage":0.0,"enemies":"Replay:BlueRogue","floor":12.0,"turns":3.0},{"damage":0.0,"enemies":"2 Fungi Beasts","floor":13.0,"turns":2.0},{"damage":16.0,"enemies":"Gremlin Nob","floor":14.0,"turns":3.0},{"damage":14,"enemies":"Hexaghost","floor":16,"turns":9}],"seed_played":"6543653140419662109","potions_obtained":[{"floor":3.0,"key":"Weak Potion"},{"floor":5.0,"key":"Cursed Concoction"},{"floor":6.0,"key":"DuplicationPotion"},{"floor":13.0,"key":"BottledMiracle"}],"is_trial":false,"path_per_floor":["M","M","M","?","M","E","?","?","T","M","R","E","M","E","R","B"],"character_chosen":"WATCHER","items_purchased":[],"campfire_rested":0,"item_purchase_floors":[],"current_hp_per_floor":[61,59,59,59,59,42,42,42,42,42,42,42,42,26,26,12,12],"gold":700,"neow_bonus":"BOSS_RELIC","is_daily":false,"chose_seed":false,"campfire_upgraded":2,"win_rate":0.0,"timestamp":1613043844,"path_taken":["M","M","M","?","?","E","?","?","T","M","R","E","M","E","R","BOSS"],"items_purchased_type":[],"build_version":"2020-12-18","purchased_purges":0,"victory":false,"max_hp_per_floor":[68,68,68,68,68,68,68,68,68,68,68,68,68,68,68,68,68],"card_choices":[{"not_picked":["EmptyFist","PathToVictory","AT_RealFormLess"],"picked":"SKIP","floor":1.0},{"not_picked":["Halt","BowlingBash","EmptyFist"],"picked":"SKIP","floor":2.0},{"not_picked":["Crescendo","SpiritShield","SashWhip"],"picked":"SKIP","floor":3.0},{"not_picked":["Crescendo","SpiritShield","SashWhip"],"picked":"SKIP","floor":3.0},{"not_picked":["Protect","CarveReality","Collect"],"picked":"SKIP","floor":5.0},{"not_picked":["EmptyBody","Replay:ManipulateFuture","Weave"],"picked":"SKIP","floor":6.0},{"not_picked":["WindmillStrike","Collect","AT_ChampionKick"],"picked":"SKIP","floor":10.0},{"not_picked":["ClearTheMind","Prostrate"],"picked":"DevaForm","floor":12.0},{"not_picked":["Replay:BluntJabs","JustLucky"],"picked":"Wish","floor":13.0},{"not_picked":["Swivel","Pray"],"picked":"LikeWater","floor":14.0}],"player_experience":760975,"relics_obtained":[{"floor":6.0,"key":"War Paint"},{"floor":12.0,"key":"testmod-Maize"},{"floor":14.0,"key":"AT_BellDemon"}],"event_choices":[{"damage_healed":0.0,"max_hp_gain":0.0,"max_hp_loss":0.0,"gold_gain":0.0,"event_name":"The Cleric","player_choice":"Leave","floor":4.0,"gold_loss":0.0,"damage_taken":0.0},{"damage_healed":0.0,"max_hp_gain":0.0,"max_hp_loss":0.0,"gold_gain":400.0,"event_name":"¶÷ÂåË¹µÄÅÌ×Ó","player_choice":"Sell","floor":7.0,"relics_lost":["AT_ATBox"],"gold_loss":0.0,"damage_taken":0.0}],"is_beta":true,"boss_relics":[],"items_purged_floors":[],"is_endless":false,"potions_floor_spawned":[3,5,6,13],"killed_by":"Hexaghost","ascension_level":20}}