{"host":"8ztb9kwpjc2zof9s","time":1613025450,"event":{"mods":["BaseMod","Block Reminder","Curses Come First","Minty Spire (QoL Compilation)","Relic Stats","StSLib"],"gold_per_floor":[122,134,157,184,213,257,287,327,339,226,226,261,261,261,261,360,360,374,393,70,90,90,90],"floor_reached":22,"language":"ENG","playtime":1485,"items_purged":["Strike_G","Strike_G"],"score":309,"play_id":"4b262d0a-4037-4d92-98dd-79d893de2d0b","local_time":"20210210223730","is_ascension_mode":true,"campfire_choices":[{"floor":15,"key":"REST"}],"circlet_count":0,"master_deck":["AscendersBane","Strike_G","Strike_G","Defend_G","Defend_G","Defend_G","Defend_G","Defend_G","Survivor","Neutralize+1","Bane","Cloak And Dagger","Poisoned Stab","Noxious Fumes","Corpse Explosion","PiercingWail","Parasite","Dash","Poisoned Stab","Backflip","Footwork"],"relics":["Ring of the Snake","MawBank","White Beast Statue","Mummified Hand","PreservedInsect","Toy Ornithopter","The Specimen","SlaversCollar","Snake Skull"],"acts_visited":["Exordium","TheCity"],"potions_floor_usage":[8,8,16,16,21,21,21,22],"damage_taken":[{"damage":0,"enemies":"Small Slimes","floor":1,"turns":4},{"damage":0,"enemies":"Cultist","floor":3,"turns":4},{"damage":0,"enemies":"2 Louse","floor":4,"turns":4},{"damage":4,"enemies":"2 Fungi Beasts","floor":5,"turns":4},{"damage":24,"enemies":"3 Sentries","floor":6,"turns":9},{"damage":2,"enemies":"Blue Slaver","floor":7,"turns":6},{"damage":24,"enemies":"Gremlin Nob","floor":8,"turns":4},{"damage":11,"enemies":"Lagavulin","floor":12,"turns":6},{"damage":33,"enemies":"Hexaghost","floor":16,"turns":10},{"damage":28,"enemies":"Chosen","floor":18,"turns":7},{"damage":25,"enemies":"Spheric Guardian","floor":19,"turns":5},{"damage":15,"enemies":"Snecko","floor":21,"turns":4},{"damage":14,"enemies":"Centurion and Healer","floor":22,"turns":4}],"seed_played":"-5006396476741370649","potions_obtained":[{"floor":6,"key":"DistilledChaos"},{"floor":7,"key":"LiquidBronze"},{"floor":8,"key":"CunningPotion"},{"floor":12,"key":"Regen Potion"},{"floor":16,"key":"Strength Potion"},{"floor":18,"key":"Poison Potion"},{"floor":19,"key":"Fire Potion"},{"floor":21,"key":"Energy Potion"}],"is_trial":false,"path_per_floor":["M","?","M","M","M","E","M","E","T","$","?","E","?","T","R","B",null,"M","M","$","M","M"],"character_chosen":"THE_SILENT","items_purchased":["PiercingWail","Footwork","Snake Skull"],"campfire_rested":1,"item_purchase_floors":[10,20,20],"current_hp_per_floor":[63,63,63,63,59,35,33,9,9,9,26,15,15,15,36,28,60,32,7,7,7,0,0],"gold":90,"neow_bonus":"RANDOM_COMMON_RELIC","is_daily":false,"chose_seed":false,"campfire_upgraded":0,"win_rate":0.0,"timestamp":1613025450,"path_taken":["M","?","?","M","?","E","M","E","T","$","?","E","?","?","R","BOSS","M","M","$","M","M"],"items_purchased_type":["Card","Card","Relic"],"build_version":"2020-12-22","purchased_purges":2,"victory":false,"max_hp_per_floor":[70,70,70,70,70,70,70,70,70,70,70,70,70,70,70,70,70,70,70,70,70,70,70],"relic_stats":{"counters":[13,71],"Mummified Hand":[6],"PreservedInsect":29,"Snake Skull":[12],"MawBank":120,"obtain_stats":[{"SlaversCollar":17,"The Specimen":14,"Mummified Hand":8,"PreservedInsect":9,"Snake Skull":20,"MawBank":0,"White Beast Statue":6,"Toy Ornithopter":12,"Ring of the Snake":0},{"SlaversCollar":9,"The Specimen":8,"Mummified Hand":7,"PreservedInsect":7,"Snake Skull":11,"MawBank":0,"White Beast Statue":5,"Toy Ornithopter":8,"Ring of the Snake":0},{"SlaversCollar":51,"The Specimen":41,"Mummified Hand":35,"PreservedInsect":35,"Snake Skull":63,"MawBank":0,"White Beast Statue":25,"Toy Ornithopter":41,"Ring of the Snake":0}],"Toy Ornithopter":30,"Ring of the Snake":[26]},"card_choices":[{"not_picked":["Dagger Throw","Sucker Punch","Distraction"],"picked":"SKIP","floor":1},{"not_picked":["Well Laid Plans","Dagger Throw"],"picked":"Cloak And Dagger","floor":3},{"not_picked":["Dagger Spray","Prepared"],"picked":"Poisoned Stab","floor":4},{"not_picked":["Envenom","Poisoned Stab"],"picked":"Noxious Fumes","floor":5},{"not_picked":["Dagger Throw","Deflect","Venomology"],"picked":"SKIP","floor":6},{"not_picked":["All Out Attack","Prepared","Sucker Punch"],"picked":"SKIP","floor":7},{"not_picked":["Prepared","PiercingWail"],"picked":"Corpse Explosion","floor":8},{"not_picked":["Caltrops","Eviscerate"],"picked":"Dash","floor":12},{"not_picked":["Bane+1","Caltrops"],"picked":"Poisoned Stab","floor":18},{"not_picked":["Quick Slash+1","Well Laid Plans+1"],"picked":"Backflip","floor":19},{"not_picked":["Blade Dance+1","Prepared+1","Tactician"],"picked":"SKIP","floor":21}],"player_experience":284507,"relics_obtained":[{"floor":6,"key":"White Beast Statue"},{"floor":8,"key":"Mummified Hand"},{"floor":9,"key":"PreservedInsect"},{"floor":12,"key":"Toy Ornithopter"},{"floor":14,"key":"The Specimen"}],"event_choices":[{"damage_healed":0,"gold_gain":0,"cards_transformed":["Strike_G"],"player_choice":"Transformed","damage_taken":0,"max_hp_gain":0,"max_hp_loss":0,"event_name":"Transmorgrifier","floor":2,"gold_loss":0,"cards_obtained":["Bane"]},{"damage_healed":17,"gold_gain":0,"player_choice":"Healed and dodged fight","damage_taken":0,"max_hp_gain":0,"max_hp_loss":0,"event_name":"Mushrooms","floor":11,"gold_loss":0,"cards_obtained":["Parasite"]},{"damage_healed":0,"gold_gain":0,"player_choice":"Grow","damage_taken":0,"max_hp_gain":0,"max_hp_loss":0,"event_name":"Living Wall","floor":13,"gold_loss":0,"cards_upgraded":["Neutralize"]}],"is_beta":false,"boss_relics":[{"not_picked":["Snecko Eye","Fusion Hammer"],"picked":"SlaversCollar"}],"items_purged_floors":[10,20],"is_endless":false,"potions_floor_spawned":[6,7,8,12,16,18,19,21],"killed_by":"Centurion and Healer","ascension_level":10}}