{"host":"nlbr7nnijupf3yfg","time":1613077580,"event":{"mods":["AchievementEnabler","BaseMod","Colored Powertips","Hubris","Minty Spire (QoL Compilation)","Replay The Spire","StSLib","SuperFastMode"],"gold_per_floor":[112,124,299,325,94,94,125,125,125,151,151,176,176,193,193,193,193],"floor_reached":16,"language":"ENG","playtime":214,"items_purged":["Doubt"],"score":204,"play_id":"95be51f9-a8e8-476f-a1fd-c00da22a65b7","local_time":"20210211160620","is_ascension_mode":true,"campfire_choices":[{"data":"Dropkick","floor":6,"key":"SMITH"},{"data":"Bash","floor":8,"key":"SMITH"},{"floor":11,"key":"REST"},{"floor":15,"key":"DIG"}],"circlet_count":0,"master_deck":["Strike_R","Strike_R","Strike_R","Strike_R","Strike_R","Defend_R","Defend_R","Defend_R","Defend_R","Bash+1","Dropkick+1","Hemogenesis","True Grit"],"relics":["Burning Blood","NeowsBlessing","ReplayFunnel","Lantern","hubris:Teleporter","hubris:DisguiseKit","Bag of Marbles","Happy Flower","hubris:Icosahedron","Another Sword"],"acts_visited":["Exordium"],"potions_floor_usage":[12,16,16],"damage_taken":[{"damage":0,"enemies":"Cultist","floor":1,"turns":1},{"damage":0,"enemies":"Jaw Worm","floor":2,"turns":1},{"damage":0,"enemies":"3 Sentries","floor":7,"turns":2},{"damage":30,"enemies":"Gremlin Nob","floor":10,"turns":5},{"damage":40,"enemies":"Lagavulin","floor":12,"turns":4},{"damage":10,"enemies":"Small Slimes","floor":14,"turns":3},{"damage":48,"enemies":"Fading Forest","floor":16,"turns":7}],"seed_played":"-3934326803217004518","potions_obtained":[{"floor":1,"key":"PowerPotion"},{"floor":7,"key":"Swift Potion"},{"floor":10,"key":"Venom Potion"},{"floor":12,"key":"FearPotion"}],"is_trial":false,"path_per_floor":["M","M","?","T","$","R","E","R","T","E","R","E","?","M","R","B"],"character_chosen":"IRONCLAD","items_purchased":["Lantern"],"campfire_rested":1,"item_purchase_floors":[5],"current_hp_per_floor":[78,80,80,80,80,80,80,80,80,56,80,46,46,42,42,0,0],"gold":193,"neow_bonus":"THREE_ENEMY_KILL","is_daily":false,"chose_seed":false,"campfire_upgraded":2,"win_rate":0.0,"timestamp":1613077580,"path_taken":["M","?","?","?","$","R","E","R","T","E","R","E","?","M","R","BOSS"],"items_purchased_type":["Relic"],"build_version":"2020-12-22","purchased_purges":1,"victory":false,"max_hp_per_floor":[80,80,80,80,80,80,80,80,80,80,80,80,80,80,80,80,80],"card_choices":[{"not_picked":["Iron Wave","Shrug It Off"],"picked":"Dropkick","floor":1},{"not_picked":["Anger","Hemokinesis","Dual Wield"],"picked":"SKIP","floor":2},{"not_picked":["Perfected Strike","Cleave","Twin Strike"],"picked":"SKIP","floor":7},{"not_picked":["Whirlwind","Headbutt","Cleave","SandsOfTime"],"picked":"SKIP","floor":10},{"not_picked":["Brutality","Exhume","CutThroughFate"],"picked":"Hemogenesis","floor":12},{"not_picked":["Perfected Strike","Sever Soul","Sanctity"],"picked":"True Grit","floor":14}],"player_experience":51009,"relics_obtained":[{"floor":4,"key":"ReplayFunnel"},{"floor":7,"key":"hubris:Teleporter"},{"floor":9,"key":"hubris:DisguiseKit"},{"floor":10,"key":"Bag of Marbles"},{"floor":12,"key":"Happy Flower"},{"floor":15,"key":"Another Sword"}],"event_choices":[{"damage_healed":0,"gold_gain":175,"player_choice":"AGREE","damage_taken":0,"max_hp_gain":0,"max_hp_loss":0,"event_name":"Liars Game","floor":3,"gold_loss":0,"cards_obtained":["Doubt"]}],"is_beta":false,"boss_relics":[],"items_purged_floors":[5],"is_endless":false,"potions_floor_spawned":[1,7,10,12,14],"killed_by":"Fading Forest","ascension_level":9}}