{"host":"4qkvkh7pd9qr2mca","time":1613073443,"event":{"mods":["AchievementEnabler","Act Like it!","BaseMod","Colored Map","Colored Powertips","Highlight Path","Minty Spire (QoL Compilation)","Pale of the Ancients","Permanent Neow","Quick Restart","Relic Stats","StSLib","SuperFastMode"],"gold_per_floor":[110,110,128,140,140,174,174,174,174,199,219,219,248,260,260,333,333,349,349,399,24,41,41,66,66,66,1,28,28,61,161,161,236,236,248,263,318,336,391,422,472,500,500,500,510,19,46,46,46,46,46],"floor_reached":50,"language":"ENG","playtime":2066,"items_purged":["Parasite","Regret"],"score":1504,"play_id":"c48213b0-2df2-41c0-83f6-c748d0bd192f","local_time":"20210211205723","is_ascension_mode":true,"campfire_choices":[{"floor":7.0,"key":"REST"},{"floor":12.0,"key":"REST"},{"data":"Tactician","floor":15.0,"key":"SMITH"},{"data":"Night Terror","floor":23.0,"key":"SMITH"},{"floor":32.0,"key":"REST"},{"floor":44.0,"key":"REST"},{"floor":49.0,"key":"REST"}],"circlet_count":0,"master_deck":["AscendersBane","Strike_G","Strike_G","Strike_G","Strike_G","Strike_G","Defend_G","Defend_G","Defend_G","Defend_G","Defend_G","Survivor","Neutralize","Apotheosis+1","Acrobatics","Dagger Throw","Eviscerate","Tactician+1","Sucker Punch","Endless Agony","Blur","Dagger Throw","Night Terror+1","Endless Agony","Blade Dance","Prepared+1","Calculated Gamble","Writhe","Blur","Underhanded Strike","Blur+1","A Thousand Cuts","Footwork","Tactician+1","Reflex+1","Doubt","Tactician+1","Cloak And Dagger+1","Acrobatics+1","Blur+1","Calculated Gamble+1","Calculated Gamble+1","Dark Shackles+1","Discovery+1","Secret Technique+1"],"relics":["Ring of the Snake","Pantograph","The Courier","Shuriken","Smiling Mask","Juzu Bracelet","Sozu","Mango","Regal Pillow","Question Card","Mummified Hand","Bottled Lightning","Toxic Egg 2","The Specimen","Du-Vu Doll","Ninja Scroll","Cursed Key","Turnip","Bag of Marbles","Ancient Tea Set","Sundial","Letter Opener","FossilizedHelix","DollysMirror","Snake Skull"],"acts_visited":["Exordium","TheCity","TheBeyond"],"potions_floor_usage":[],"damage_taken":[{"damage":2.0,"enemies":"Small Slimes","floor":1.0,"turns":3.0},{"damage":1.0,"enemies":"Jaw Worm","floor":3.0,"turns":4.0},{"damage":0.0,"enemies":"Cultist","floor":4.0,"turns":4.0},{"damage":6.0,"enemies":"Gremlin Nob","floor":6.0,"turns":4.0},{"damage":17.0,"enemies":"3 Sentries","floor":10.0,"turns":11.0},{"damage":0.0,"enemies":"Blue Slaver","floor":11.0,"turns":3.0},{"damage":7.0,"enemies":"Lagavulin","floor":13.0,"turns":7.0},{"damage":0.0,"enemies":"Exordium Wildlife","floor":14.0,"turns":2.0},{"damage":0.0,"enemies":"The Guardian","floor":16.0,"turns":9.0},{"damage":3.0,"enemies":"2 Thieves","floor":18.0,"turns":4.0},{"damage":0.0,"enemies":"Spheric Guardian","floor":22.0,"turns":2.0},{"damage":18.0,"enemies":"Slavers","floor":24.0,"turns":5.0},{"damage":0.0,"enemies":"Gremlin Leader","floor":28.0,"turns":5.0},{"damage":16.0,"enemies":"Slavers","floor":30.0,"turns":5.0},{"damage":5.0,"enemies":"Colosseum Slavers","floor":31.0,"turns":3.0},{"damage":7.0,"enemies":"Colosseum Nobs","floor":31.0,"turns":4.0},{"damage":8.0,"enemies":"Champ","floor":33.0,"turns":15.0},{"damage":0.0,"enemies":"3 Shapes","floor":35.0,"turns":1.0},{"damage":0.0,"enemies":"Orb Walker","floor":36.0,"turns":1.0},{"damage":8.0,"enemies":"2 Orb Walkers","floor":37.0,"turns":3.0},{"damage":14.0,"enemies":"Spire Growth","floor":38.0,"turns":4.0},{"damage":18.0,"enemies":"Reptomancer","floor":40.0,"turns":3.0},{"damage":1.0,"enemies":"Giant Head","floor":42.0,"turns":5.0},{"damage":0.0,"enemies":"3 Darklings","floor":45.0,"turns":1.0},{"damage":0.0,"enemies":"Nemesis","floor":47.0,"turns":1.0},{"damage":100,"enemies":"Time Eater","floor":50,"turns":9}],"seed_played":"7088238258492677617","potions_obtained":[{"floor":3.0,"key":"Ancient Potion"},{"floor":11.0,"key":"SkillPotion"}],"is_trial":false,"path_per_floor":["M","?","M","M","?","E","R","?","T","E","M","R","E","M","R","B",null,"M","?","?","$","M","R","E","?","T","$","E","T","E","?","R","B",null,"M","M","?","M","T","E","?","E","T","R","M","$","E","?","R","B"],"character_chosen":"THE_SILENT","items_purchased":["Blade Dance","Mango","Blur","FossilizedHelix","Blur+1","DollysMirror"],"campfire_rested":5,"item_purchase_floors":[21,21,27,46,46,46],"current_hp_per_floor":[42,42,41,41,23,17,36,52,52,35,35,54,47,47,47,66,66,63,63,63,77,77,77,59,59,59,59,59,59,43,31,69,69,75,75,75,67,53,53,35,35,34,34,72,72,72,72,62,77,0,0],"gold":46,"neow_bonus":"RANDOM_COLORLESS_2","is_daily":false,"chose_seed":false,"campfire_upgraded":2,"win_rate":0.0,"timestamp":1613073443,"path_taken":["M","?","M","M","?","E","R","?","T","E","M","R","E","M","R","BOSS","M","?","?","$","M","R","E","?","T","?","E","?","E","?","R","BOSS","M","M","?","M","?","E","?","E","T","R","M","$","E","?","R","BOSS"],"items_purchased_type":["Card","Relic","Card","Relic","Card","Relic"],"build_version":"2020-12-22","purchased_purges":2,"victory":false,"max_hp_per_floor":[66,66,66,66,66,66,66,66,66,66,66,66,66,66,66,66,66,66,66,66,77,77,77,77,77,77,77,77,77,77,77,77,77,77,77,77,77,77,77,77,77,77,77,77,77,77,77,77,77,77,77],"relic_stats":{"Regal Pillow":30,"counters":[26,118],"Snake Skull":[0],"Juzu Bracelet":2,"Letter Opener":[35],"Smiling Mask":40,"Question Card":15,"Cursed Key":2,"Sozu":5,"Shuriken":[75],"Mummified Hand":[18],"Sundial":[0],"Pantograph":27,"Turnip":[2],"obtain_stats":[{"Regal Pillow":24,"Mango":21,"Snake Skull":47,"Juzu Bracelet":13,"Smiling Mask":10,"Cursed Key":34,"Ancient Tea Set":40,"Sozu":17,"Mummified Hand":26,"Ninja Scroll":31,"Sundial":42,"DollysMirror":46,"Pantograph":5,"Toxic Egg 2":29,"Ring of the Snake":0,"The Specimen":30,"The Courier":6,"Letter Opener":43,"Question Card":25,"Du-Vu Doll":31,"Shuriken":9,"Turnip":37,"Bag of Marbles":39,"Bottled Lightning":28,"FossilizedHelix":46},{"Regal Pillow":12,"Mango":10,"Snake Skull":25,"Juzu Bracelet":7,"Smiling Mask":5,"Cursed Key":17,"Ancient Tea Set":22,"Sozu":9,"Mummified Hand":12,"Ninja Scroll":16,"Sundial":23,"DollysMirror":24,"Pantograph":3,"Toxic Egg 2":13,"Ring of the Snake":0,"The Specimen":14,"The Courier":4,"Letter Opener":23,"Question Card":12,"Du-Vu Doll":16,"Shuriken":4,"Turnip":20,"Bag of Marbles":21,"Bottled Lightning":13,"FossilizedHelix":24},{"Regal Pillow":58,"Mango":51,"Snake Skull":109,"Juzu Bracelet":36,"Smiling Mask":26,"Cursed Key":90,"Ancient Tea Set":102,"Sozu":47,"Mummified Hand":58,"Ninja Scroll":75,"Sundial":107,"DollysMirror":108,"Pantograph":11,"Toxic Egg 2":63,"Ring of the Snake":0,"The Specimen":68,"The Courier":15,"Letter Opener":107,"Question Card":58,"Du-Vu Doll":75,"Shuriken":15,"Turnip":95,"Bag of Marbles":99,"Bottled Lightning":63,"FossilizedHelix":108}],"Ring of the Snake":[51]},"card_choices":[{"not_picked":["Secret Weapon","Thinking Ahead"],"picked":"Apotheosis","floor":0.0},{"not_picked":["Quick Slash","Expertise"],"picked":"Acrobatics","floor":1.0},{"not_picked":["Underhanded Strike","Flechettes"],"picked":"Dagger Throw","floor":3.0},{"not_picked":["Heel Hook","Dodge and Roll"],"picked":"Eviscerate","floor":4.0},{"not_picked":["Poisoned Stab","Noxious Fumes"],"picked":"Tactician","floor":6.0},{"not_picked":["Slice","Bouncing Flask"],"picked":"Sucker Punch","floor":10.0},{"not_picked":["Storm of Steel","Flechettes"],"picked":"Endless Agony","floor":11.0},{"not_picked":["Prepared","Underhanded Strike"],"picked":"Blur","floor":13.0},{"not_picked":["Backflip","Bane"],"picked":"Dagger Throw","floor":14.0},{"not_picked":["Glass Knife","Venomology"],"picked":"Night Terror","floor":16.0},{"not_picked":["Dagger Throw","Poisoned Stab","Deadly Poison"],"picked":"SKIP","floor":18.0},{"not_picked":["Underhanded Strike","Noxious Fumes"],"picked":"Prepared+1","floor":22.0},{"not_picked":["Eviscerate","Dagger Spray+1"],"picked":"Calculated Gamble","floor":24.0},{"not_picked":["Predator","Sucker Punch","Dagger Spray+1","Quick Slash"],"picked":"SKIP","floor":28.0},{"not_picked":["Bane","Deadly Poison+1","Backflip+1"],"picked":"Underhanded Strike","floor":30.0},{"not_picked":["Sucker Punch","Escape Plan+1","Heel Hook+1"],"picked":"Blur+1","floor":31.0},{"not_picked":["Glass Knife","Unload","Bullet Time+1"],"picked":"A Thousand Cuts","floor":33.0},{"not_picked":["Prepared+1","Slice","Sucker Punch"],"picked":"Footwork","floor":35.0},{"not_picked":["Expertise+1","Riddle With Holes","Skewer+1","Masterful Stab"],"picked":"SKIP","floor":36.0},{"not_picked":["Distraction+1","Bane","Deadly Poison+1"],"picked":"Tactician+1","floor":37.0},{"not_picked":["Outmaneuver+1","Sucker Punch","Noxious Fumes"],"picked":"Reflex+1","floor":38.0},{"not_picked":["Outmaneuver+1","PiercingWail+1","Poisoned Stab"],"picked":"Tactician+1","floor":40.0},{"not_picked":["Masterful Stab","Poisoned Stab+1","Venomology+1"],"picked":"Cloak And Dagger+1","floor":42.0},{"not_picked":["Quick Slash+1","Dagger Spray","Deflect+1"],"picked":"Acrobatics+1","floor":45.0},{"not_picked":["Underhanded Strike","Poisoned Stab","Flying Knee"],"picked":"Calculated Gamble+1","floor":47.0},{"not_picked":["Apotheosis+1","PanicButton+1","Impatience+1"],"picked":"Dark Shackles+1","floor":48.0},{"not_picked":["Secret Weapon+1","Panacea+1","Forethought+1"],"picked":"Discovery+1","floor":48.0},{"not_picked":["Impatience+1","Panacea+1","Blind+1"],"picked":"Secret Technique+1","floor":48.0}],"player_experience":625259,"relics_obtained":[{"floor":6.0,"key":"The Courier"},{"floor":9.0,"key":"Shuriken"},{"floor":10.0,"key":"Smiling Mask"},{"floor":13.0,"key":"Juzu Bracelet"},{"floor":24.0,"key":"Regal Pillow"},{"floor":26.0,"key":"Mummified Hand"},{"floor":28.0,"key":"Bottled Lightning"},{"floor":29.0,"key":"Toxic Egg 2"},{"floor":30.0,"key":"The Specimen"},{"floor":31.0,"key":"Du-Vu Doll"},{"floor":31.0,"key":"Ninja Scroll"},{"floor":37.0,"key":"Turnip"},{"floor":39.0,"key":"Bag of Marbles"},{"floor":40.0,"key":"Ancient Tea Set"},{"floor":42.0,"key":"Sundial"},{"floor":43.0,"key":"Letter Opener"},{"floor":47.0,"key":"Snake Skull"}],"event_choices":[{"damage_healed":0.0,"max_hp_gain":0.0,"max_hp_loss":0.0,"gold_gain":0.0,"event_name":"Living Wall","player_choice":"Grow","floor":2.0,"gold_loss":0.0,"damage_taken":0.0,"cards_upgraded":["Apotheosis"]},{"damage_healed":0.0,"max_hp_gain":0.0,"max_hp_loss":0.0,"gold_gain":0.0,"event_name":"Scrap Ooze","player_choice":"Success","floor":5.0,"gold_loss":0.0,"damage_taken":18.0,"relics_obtained":["Pantograph"]},{"damage_healed":16.0,"max_hp_gain":0.0,"max_hp_loss":0.0,"gold_gain":0.0,"event_name":"Mushrooms","player_choice":"Healed and dodged fight","floor":8.0,"gold_loss":0.0,"damage_taken":0.0,"cards_obtained":["Parasite"]},{"damage_healed":0.0,"max_hp_gain":0.0,"max_hp_loss":0.0,"gold_gain":0.0,"event_name":"Match and Keep!","player_choice":"1 cards matched","floor":19.0,"gold_loss":0.0,"damage_taken":0.0,"cards_obtained":["Endless Agony"]},{"damage_healed":0.0,"max_hp_gain":0.0,"max_hp_loss":0.0,"gold_gain":50.0,"event_name":"Nest","player_choice":"Stole From Cult","floor":20.0,"gold_loss":0.0,"damage_taken":0.0},{"damage_healed":0.0,"max_hp_gain":0.0,"max_hp_loss":0.0,"gold_gain":0.0,"event_name":"The Mausoleum","player_choice":"Opened","floor":25.0,"gold_loss":0.0,"damage_taken":0.0,"relics_obtained":["Question Card"],"cards_obtained":["Writhe"]},{"damage_healed":0.0,"max_hp_gain":0.0,"max_hp_loss":0.0,"gold_gain":0.0,"event_name":"Colosseum","player_choice":"Fight","floor":31.0,"gold_loss":0.0,"damage_taken":0.0},{"damage_healed":0.0,"max_hp_gain":0.0,"max_hp_loss":0.0,"gold_gain":0.0,"event_name":"Colosseum","player_choice":"Fought Nobs","floor":31.0,"gold_loss":0.0,"damage_taken":0.0},{"damage_healed":0.0,"max_hp_gain":0.0,"max_hp_loss":0.0,"gold_gain":0.0,"event_name":"Mysterious Sphere","player_choice":"Fight","floor":37.0,"gold_loss":0.0,"damage_taken":0.0},{"damage_healed":0.0,"max_hp_gain":0.0,"max_hp_loss":0.0,"gold_gain":50.0,"event_name":"Golden Shrine","player_choice":"Pray","floor":41.0,"gold_loss":0.0,"damage_taken":0.0},{"damage_healed":0.0,"max_hp_gain":0.0,"max_hp_loss":0.0,"gold_gain":0.0,"event_name":"SensoryStone","player_choice":"Memory 3","floor":48.0,"gold_loss":0.0,"damage_taken":10.0}],"is_beta":false,"boss_relics":[{"not_picked":["Ring of the Serpent","WristBlade"],"picked":"Sozu"},{"not_picked":["Snecko Eye","Velvet Choker"],"picked":"Cursed Key"}],"items_purged_floors":[21,46],"is_endless":false,"potions_floor_spawned":[3,11,18,31,33,35,36,40],"killed_by":"Time Eater","ascension_level":20}}