{"host":"0awa854l6bexpjrv","time":1613010685,"event":{"mods":["BaseMod","Block Reminder","Colored Map","Colored Powertips","Downfall","Highlight Path","Minty Spire (QoL Compilation)","Quick Restart","Rare Cards Sparkle","StSLib","SuperFastMode"],"gold_per_floor":[114,15,15,26,105,105,105,119,119,119,144,144,161,161,161,264,264,278,278,278,289,307,307,319,234,257,257,273,287,311,10,10,113,113,128,178,198,198,70,70,70,70,120,120,137,164,51,64,64,64,64],"floor_reached":50,"language":"ENG","playtime":3413,"items_purged":["Strike_B","downfall:Bewildered","Strike_B","Strike_B"],"score":676,"play_id":"1d258324-e9ee-48d5-b88b-d22841199b74","local_time":"20210210183125","is_ascension_mode":true,"campfire_choices":[{"floor":6.0,"key":"REST"},{"floor":10.0,"key":"REST"},{"floor":12.0,"key":"REST"},{"floor":15,"key":"REST"},{"floor":23,"key":"REST"},{"floor":27,"key":"REST"},{"floor":32,"key":"REST"},{"data":"Defragment","floor":40,"key":"SMITH"},{"data":"Chaos","floor":41,"key":"SMITH"},{"data":"Rainbow","floor":42,"key":"SMITH"},{"data":"Hello World","floor":44,"key":"SMITH"},{"floor":49,"key":"REST"}],"circlet_count":0,"master_deck":["Strike_B+1","Defend_B","Defend_B","Defend_B","Defend_B","Zap","Dualcast","Compile Driver+1","Barrage","Steam","Hello World+1","Rainbow+1","Go for the Eyes","Electrodynamics","Genetic Algorithm","Stack+1","Chaos+1","BootSequence","Ball Lightning+1","Conserve Battery+1","Core Surge","Biased Cognition","Redo+1","Defragment+1","Self Repair+1","Sunder","Capacitor","Defragment","Rebound+1"],"relics":["FrozenCore","Kunai","TungstenRod","sneckomod:BabySnecko","Nloth\u0027s Gift","The Courier","Pen Nib","Toy Ornithopter","Blood Vial","Snecko Eye","WingedGreaves","Smiling Mask","Ancient Tea Set"],"acts_visited":["Exordium","TheCity","TheBeyond"],"potions_floor_usage":[22,24,28,28,33,37,48],"damage_taken":[{"damage":11.0,"enemies":"Jaw Worm","floor":1.0,"turns":4.0},{"damage":0.0,"enemies":"Small Slimes","floor":4.0,"turns":2.0},{"damage":4.0,"enemies":"2 Louse","floor":8.0,"turns":3.0},{"damage":40.0,"enemies":"Gremlin Nob","floor":11.0,"turns":4.0},{"damage":6.0,"enemies":"Large Slime","floor":13.0,"turns":5.0},{"damage":20,"enemies":"Hexaghost","floor":16,"turns":9},{"damage":8,"enemies":"Shell Parasite","floor":18,"turns":6},{"damage":30,"enemies":"Chosen","floor":21,"turns":6},{"damage":15,"enemies":"Snecko","floor":22,"turns":5},{"damage":15,"enemies":"Chosen and Byrds","floor":24,"turns":5},{"damage":9,"enemies":"Cultist and Chosen","floor":28,"turns":7},{"damage":14,"enemies":"Snake Plant","floor":29,"turns":5},{"damage":28,"enemies":"Automaton","floor":33,"turns":13},{"damage":0,"enemies":"3 Shapes","floor":35,"turns":5},{"damage":25,"enemies":"Mind Bloom Boss Battle","floor":36,"turns":8},{"damage":5,"enemies":"Orb Walker","floor":37,"turns":6},{"damage":11,"enemies":"3 Darklings","floor":45,"turns":3},{"damage":21,"enemies":"4 Shapes","floor":48,"turns":5},{"damage":74,"enemies":"Awakened One","floor":50,"turns":8}],"seed_played":"6683411905938462782","potions_obtained":[{"floor":4.0,"key":"Ancient Potion"},{"floor":16,"key":"LiquidBronze"},{"floor":21,"key":"FocusPotion"},{"floor":24,"key":"ColorlessPotion"},{"floor":35,"key":"sneckomod:MuddlingPotion"},{"floor":36,"key":"GamblersBrew"},{"floor":37,"key":"FairyPotion"},{"floor":38,"key":"Fire Potion"}],"is_trial":false,"path_per_floor":["M","$","?","M","?","R","?","M","T","R","E","R","M","?","R","B",null,"M","?","?","M","M","R","M","?","T","R","M","M","T","$","R","B",null,"M","?","M","?","$","R","R","R","T","R","M","T","$","M","R","B"],"character_chosen":"DEFECT","items_purchased":["Barrage","Blood Vial","Core Surge","Fire Potion","Sunder","Defragment"],"campfire_rested":8,"item_purchase_floors":[2,31,31,31,39,47],"current_hp_per_floor":[43,43,28,28,28,50,55,51,51,75,35,59,53,53,77,57,80,72,72,72,42,27,51,36,36,36,60,51,37,37,37,61,40,80,80,55,57,57,57,57,57,57,57,57,48,48,48,44,68,24,24],"gold":64,"neow_bonus":"ONE_RARE_RELIC","is_daily":false,"chose_seed":false,"campfire_upgraded":4,"win_rate":0.0,"timestamp":1613010685,"path_taken":["M","$","?","M","?","R","?","M","T","R","E","R","M","?","R","BOSS","M","?","?","?","M","R","M","?","T","R","M","M","?","$","R","BOSS","M","?","M","?","$","R","R","R","T","R","?","?","$","M","R","BOSS"],"items_purchased_type":["Card","Relic","Card","Potion","Card","Card"],"build_version":"2020-12-22","purchased_purges":4,"victory":false,"max_hp_per_floor":[75,75,75,75,75,75,80,80,80,80,80,80,80,80,80,80,80,80,80,80,80,80,80,80,80,80,80,80,80,80,80,80,80,80,80,80,80,80,80,80,80,80,80,80,80,80,80,80,80,80,80],"card_choices":[{"not_picked":["Hologram","Redo"],"picked":"Compile Driver","floor":1.0},{"not_picked":["FTL","Scrape"],"picked":"Steam","floor":4.0},{"not_picked":["Tempest","Scrape"],"picked":"Hello World","floor":8.0},{"not_picked":["Reinforced Body","Chaos"],"picked":"Rainbow","floor":11.0},{"not_picked":["FTL","Doom and Gloom"],"picked":"Go for the Eyes","floor":13.0},{"not_picked":["Machine Learning","Core Surge"],"picked":"Electrodynamics","floor":16},{"not_picked":["Coolheaded+1","Skim"],"picked":"Genetic Algorithm","floor":18},{"not_picked":["Steam","Barrage+1"],"picked":"Stack+1","floor":21},{"not_picked":["Rebound+1","Darkness"],"picked":"Chaos","floor":22},{"not_picked":["Gash","White Noise+1"],"picked":"BootSequence","floor":24},{"not_picked":["Consume","Barrage"],"picked":"Ball Lightning+1","floor":28},{"not_picked":["Barrage+1","Leap+1"],"picked":"Conserve Battery+1","floor":29},{"not_picked":["Electrodynamics","Multi-Cast"],"picked":"Biased Cognition","floor":33},{"not_picked":["Go for the Eyes","Turbo"],"picked":"Redo+1","floor":35},{"not_picked":["Creative AI","Cold Snap+1"],"picked":"Defragment","floor":36},{"not_picked":["Chaos","Turbo"],"picked":"Self Repair+1","floor":37},{"not_picked":["Turbo+1","Skim+1"],"picked":"Capacitor","floor":45},{"not_picked":["Hologram+1","Recycle"],"picked":"Rebound+1","floor":48}],"player_experience":753173,"relics_obtained":[{"floor":9.0,"key":"Kunai"},{"floor":11.0,"key":"TungstenRod"},{"floor":26,"key":"Pen Nib"},{"floor":30,"key":"Toy Ornithopter"},{"floor":36,"key":"WingedGreaves"},{"floor":43,"key":"Smiling Mask"},{"floor":46,"key":"Ancient Tea Set"}],"event_choices":[{"damage_healed":0.0,"max_hp_gain":0.0,"max_hp_loss":0.0,"gold_gain":0.0,"event_name":"Shining Light","player_choice":"Entered Light","floor":3.0,"gold_loss":0.0,"damage_taken":15.0,"cards_upgraded":["Strike_B","Compile Driver"]},{"damage_healed":0.0,"max_hp_gain":0.0,"max_hp_loss":0.0,"gold_gain":79.0,"event_name":"Golden Wing","player_choice":"Gained Gold","floor":5.0,"gold_loss":0.0,"damage_taken":0.0},{"damage_healed":0.0,"max_hp_gain":5.0,"max_hp_loss":0.0,"gold_gain":0.0,"event_name":"Big Fish","player_choice":"Donut","floor":7.0,"gold_loss":0.0,"damage_taken":0.0},{"damage_healed":0,"gold_gain":0,"player_choice":"Fled","damage_taken":0,"max_hp_gain":0,"max_hp_loss":0,"event_name":"Scrap Ooze","floor":14,"gold_loss":0},{"damage_healed":0,"gold_gain":0,"player_choice":"Traded Relic","damage_taken":0,"relics_obtained":["Nloth\u0027s Gift"],"max_hp_gain":0,"max_hp_loss":0,"event_name":"N\u0027loth","floor":20,"relics_lost":["Girya"],"gold_loss":0},{"damage_healed":0,"gold_gain":0,"player_choice":"Obtained Relic","damage_taken":0,"relics_obtained":["The Courier"],"max_hp_gain":0,"max_hp_loss":0,"event_name":"Addict","floor":25,"gold_loss":85},{"damage_healed":0,"gold_gain":0,"player_choice":"Fight","damage_taken":0,"max_hp_gain":0,"max_hp_loss":0,"event_name":"MindBloom","floor":36,"gold_loss":0},{"damage_healed":0,"gold_gain":0,"player_choice":"Got Potions","damage_taken":0,"max_hp_gain":0,"max_hp_loss":0,"event_name":"Lab","floor":38,"gold_loss":0}],"is_beta":false,"boss_relics":[{"not_picked":["Busted Crown","Runic Dome"],"picked":"FrozenCore"},{"not_picked":["bronze:MakeshiftBattery","Pandora\u0027s Box"],"picked":"Snecko Eye"}],"items_purged_floors":[2,31,39,47],"is_endless":false,"potions_floor_spawned":[4,16,21,24,35,36,37],"killed_by":"Awakened One","ascension_level":3}}