{"host":"ds28d883r3sz42zs","time":1613003795,"event":{"mods":["2.2 Compatiblity","A Penny For Your Troubles","AchievementEnabler","Act Like it!","Aspiration","BaseMod","Bestiary","Better Match","Better Sensory Stone","Better Third Choice","Better-Laid Plans","BetterRewards","Block Reminder","Card Forge","Challenge The Spire","Colored Map","Colored Powertips","Conspire","DeckTracker","Defuse TimeMaze Blight","Disable Question Mark Monsters","Displayed Cursed Tome","Emptier Cage","GifTheSpireLib","Gold Saver","Hallownest","Hubris","Infinite Spire","Ironclad Rager","Minty Spire (QoL Compilation)","Permanent Neow","Practice Mode","Quick Restart","Random Character Button","Rare Cards Sparkle","Relic Filter","Relic Sorter","Relic Stats","Reliquary","SacredBarkPlus","Shop Mod","Spire Arcade","StSLib","SuperFastMode","The Bug Knight","Uncapped","Unknown Chances","Wide Potions"],"gold_per_floor":[564,581,581,595,614,614,640,640,667,667,219,246,146,166,166,240,240,254,70,70,70,70,70,106,106,185,229,229,248,248,268,268,345,345,368,391,409,409,409],"floor_reached":38,"language":"ENG","playtime":1531,"items_purged":["Strike_B","Strike_B"],"score":802,"play_id":"1d507c05-5228-4b5d-83f4-3a73c4db201a","local_time":"20210210193635","is_ascension_mode":true,"campfire_choices":[{"data":"Go for the Eyes","floor":6,"key":"SMITH"},{"data":"Zap","floor":8,"key":"SMITH"},{"data":"Multi-Cast","floor":10,"key":"SMITH"},{"data":"Doom and Gloom","floor":15,"key":"SMITH"},{"data":"Seek","floor":23,"key":"SMITH"},{"data":"Capacitor","floor":25,"key":"SMITH"},{"data":"Hologram","floor":28,"key":"SMITH"},{"data":"Coolheaded","floor":32,"key":"SMITH"}],"circlet_count":0,"master_deck":["AscendersBane","Strike_B","Strike_B","Defend_B","Defend_B","Defend_B","Defend_B","Zap+1","Dualcast","Go for the Eyes+1","Compile Driver+1","Multi-Cast+1","Cold Snap","Gash","Defragment+1","Seek+1","Doom and Gloom+1","Loop+1","Coolheaded+1","Capacitor+1","Hologram+1","Seek","Defragment+1","Undo","Ball Lightning"],"relics":["Cracked Core","Hammer of Thor","Seething Fire","Anvil of the Gods","aspiration:TomeofQuesting","aspiration:HummingbirdHeart","HollowMod:PaleOreRelic","Lee\u0027s Waffle","reliquary:Buckler","aspiration:EnhancedActuators","SlaversCollar","OrangePellets","hubris:AstralHammer","CeramicFish","infinitespire:SolderingIron","hubris:DeckOfHolding","conspire:RunicOctahedron"],"acts_visited":["Exordium","TheCity","TheBeyond"],"potions_floor_usage":[16,27,36,37],"damage_taken":[{"damage":1,"enemies":"Cultist","floor":1,"turns":3},{"damage":2,"enemies":"Jaw Worm","floor":2,"turns":3},{"damage":4,"enemies":"Small Slimes","floor":4,"turns":3},{"damage":19,"enemies":"Exordium Wildlife","floor":5,"turns":4},{"damage":16,"enemies":"Gremlin Nob","floor":7,"turns":4},{"damage":2,"enemies":"3 Sentries","floor":12,"turns":5},{"damage":0,"enemies":"Looter","floor":14,"turns":2},{"damage":15,"enemies":"Hexaghost","floor":16,"turns":5},{"damage":0,"enemies":"Spheric Guardian","floor":18,"turns":3},{"damage":0,"enemies":"conspire:Head Lice","floor":24,"turns":8},{"damage":0,"enemies":"Slavers","floor":27,"turns":3},{"damage":0,"enemies":"3 Byrds","floor":29,"turns":3},{"damage":18,"enemies":"Snecko","floor":31,"turns":5},{"damage":3,"enemies":"Automaton","floor":33,"turns":6},{"damage":5,"enemies":"Orb Walker","floor":35,"turns":5},{"damage":23,"enemies":"3 Darklings","floor":36,"turns":7},{"damage":24,"enemies":"Writhing Mass","floor":37,"turns":5},{"damage":37,"enemies":"2 Orb Walkers","floor":38,"turns":3}],"seed_played":"-2267556132399416380","potions_obtained":[{"floor":1,"key":"GamblersBrew"},{"floor":4,"key":"Fire Potion"},{"floor":18,"key":"Fire Potion"},{"floor":27,"key":"AttackPotion"},{"floor":36,"key":"Swift Potion"}],"is_trial":false,"path_per_floor":["M","M","?","M","M","R","E","R","T","R","$","E","$","M","R","B",null,"M","$","?","?","?","R","E","R","T","E","R","M","?","M","R","B",null,"M","M","M","?"],"character_chosen":"DEFECT","items_purchased":["Lee\u0027s Waffle","reliquary:Buckler","Defragment","OrangePellets","Coolheaded"],"campfire_rested":0,"item_purchase_floors":[11,11,11,19,19],"current_hp_per_floor":[63,61,61,57,38,38,22,22,22,22,78,76,76,76,76,61,74,74,74,74,74,74,74,74,74,74,74,74,74,59,41,41,38,72,67,44,20,0,0],"gold":409,"neow_bonus":"RANDOM_COMMON_RELIC","is_daily":false,"chose_seed":false,"campfire_upgraded":8,"win_rate":0.0,"timestamp":1613003795,"path_taken":["M","?","?","M","M","R","E","R","T","R","?","E","$","M","R","BOSS","M","$","?","?","?","R","E","R","T","E","R","M","?","M","R","BOSS","M","M","M","?"],"items_purchased_type":["Relic","Relic","Card","Relic","Card"],"build_version":"2020-12-22","purchased_purges":2,"victory":false,"max_hp_per_floor":[71,71,71,71,71,71,71,71,71,71,78,78,78,78,78,78,78,78,78,78,78,78,78,78,78,78,78,78,78,83,83,83,83,83,83,83,83,83,83],"relic_stats":{"OrangePellets":[0],"Lee\u0027s Waffle":56,"counters":[18,77],"CeramicFish":54,"obtain_stats":[{"Lee\u0027s Waffle":11,"CeramicFish":24,"aspiration:TomeofQuesting":0,"conspire:RunicOctahedron":34,"Hammer of Thor":0,"aspiration:HummingbirdHeart":7,"Seething Fire":0,"SlaversCollar":17,"OrangePellets":19,"infinitespire:SolderingIron":26,"aspiration:EnhancedActuators":12,"Anvil of the Gods":0,"hubris:AstralHammer":20,"reliquary:Buckler":11,"hubris:DeckOfHolding":27,"HollowMod:PaleOreRelic":9,"Cracked Core":0},{"Lee\u0027s Waffle":5,"CeramicFish":10,"aspiration:TomeofQuesting":0,"conspire:RunicOctahedron":14,"Hammer of Thor":0,"aspiration:HummingbirdHeart":5,"Seething Fire":0,"SlaversCollar":8,"OrangePellets":9,"infinitespire:SolderingIron":10,"aspiration:EnhancedActuators":6,"Anvil of the Gods":0,"hubris:AstralHammer":9,"reliquary:Buckler":5,"hubris:DeckOfHolding":11,"HollowMod:PaleOreRelic":5,"Cracked Core":0},{"Lee\u0027s Waffle":17,"CeramicFish":40,"aspiration:TomeofQuesting":0,"conspire:RunicOctahedron":57,"Hammer of Thor":0,"aspiration:HummingbirdHeart":17,"Seething Fire":0,"SlaversCollar":29,"OrangePellets":32,"infinitespire:SolderingIron":40,"aspiration:EnhancedActuators":22,"Anvil of the Gods":0,"hubris:AstralHammer":32,"reliquary:Buckler":17,"hubris:DeckOfHolding":43,"HollowMod:PaleOreRelic":17,"Cracked Core":0}]},"card_choices":[{"not_picked":["Conserve Battery","Compile Driver"],"picked":"Go for the Eyes","floor":1},{"not_picked":["Redo","Conserve Battery"],"picked":"Compile Driver","floor":2},{"not_picked":["Beam Cell","Barrage"],"picked":"Multi-Cast","floor":4},{"not_picked":["Beam Cell","Aggregate"],"picked":"Cold Snap","floor":5},{"not_picked":["Chill","Leap"],"picked":"Gash","floor":7},{"not_picked":["Sweeping Beam","Self Repair"],"picked":"Seek","floor":12},{"not_picked":["Hello World","Cold Snap"],"picked":"Doom and Gloom","floor":14},{"not_picked":["Go for the Eyes","Turbo+1"],"picked":"Loop","floor":18},{"not_picked":["Compile Driver","BootSequence"],"picked":"Capacitor","floor":24},{"not_picked":["Go for the Eyes","Scrape"],"picked":"Hologram","floor":27},{"not_picked":["Coolheaded","Tempest"],"picked":"Seek","floor":29},{"not_picked":["Consume","Conserve Battery"],"picked":"Defragment+1","floor":31},{"not_picked":["Rebound","Genetic Algorithm+1"],"picked":"Undo","floor":35},{"not_picked":["Skim+1","Stack"],"picked":"Ball Lightning","floor":36},{"not_picked":["Ball Lightning+1","Hologram","Redo"],"picked":"SKIP","floor":37}],"player_experience":780100,"relics_obtained":[{"floor":7,"key":"aspiration:HummingbirdHeart"},{"floor":9,"key":"HollowMod:PaleOreRelic"},{"floor":12,"key":"aspiration:EnhancedActuators"},{"floor":24,"key":"CeramicFish"},{"floor":26,"key":"infinitespire:SolderingIron"},{"floor":27,"key":"hubris:DeckOfHolding"}],"event_choices":[{"damage_healed":0,"gold_gain":0,"player_choice":"Opened","damage_taken":0,"relics_obtained":["hubris:AstralHammer"],"max_hp_gain":0,"max_hp_loss":0,"event_name":"The Mausoleum","floor":20,"gold_loss":0},{"damage_healed":0,"gold_gain":0,"player_choice":"Shed Blood","damage_taken":20,"max_hp_gain":5,"max_hp_loss":0,"event_name":"Forgotten Altar","floor":30,"gold_loss":0},{"damage_healed":0,"gold_gain":0,"player_choice":"Fight","damage_taken":0,"max_hp_gain":0,"max_hp_loss":0,"event_name":"Mysterious Sphere","floor":38,"gold_loss":0}],"is_beta":false,"boss_relics":[{"not_picked":["hubris:TerracottaHorce","conspire:RoyalGoblet"],"picked":"SlaversCollar"},{"not_picked":["Calling Bell","hubris:CrackedHourglass"],"picked":"conspire:RunicOctahedron"}],"items_purged_floors":[11,13],"is_endless":false,"potions_floor_spawned":[1,4,7,12,18,27,36],"killed_by":"2 Orb Walkers","ascension_level":14}}