{"host":"dscols65uipasqd2","time":1613021935,"event":{"mods":["2.2 Compatiblity","AchievementEnabler","Aspiration","BaseMod","Colored Powertips","Downfall","Energized Spire","GifTheSpireLib","Hermit","Hubris","Infinite Spire","JesterMod","Jorbs\u0027s Wanderer Trilogy","Marisa????????","Minty Spire (QoL Compilation)","Rare Cards Sparkle","Replay The Spire","StSLib","Stuff the Spire","The Cursed","The Disciple","The Hierophant","The Judge","The Jungle","The Runesmith","TheFirefly"],"gold_per_floor":[99,99,158,158,52,71,121,140,40,58,58,94,94,109,128,128,128,128],"floor_reached":16,"language":"ENG","playtime":804,"items_purged":[],"score":125,"play_id":"462458fa-e19f-4ee4-9971-03e1ba970c01","local_time":"20210211003855","is_ascension_mode":true,"campfire_choices":[{"floor":1,"key":"RECALL"},{"data":"sneckomod:Unknown","floor":9,"key":"SMITH"},{"floor":13,"key":"REST"}],"circlet_count":0,"master_deck":["sneckomod:Strike","sneckomod:Strike","sneckomod:Strike","sneckomod:Defend","sneckomod:Defend","sneckomod:Defend","sneckomod:TailWhip","sneckomod:SnekBite","sneckomod:Unknown","sneckomod:Unknown+1","sneckomod:DiceBlock","sneckomod:DangerNoodle","sneckomod:DiceBlock","sneckomod:UnknownUncommonPower+1","sneckomod:QuickBite","sneckomod:Nope","sneckomod:UnknownCommonSkill","hubris:Greed","Amnesia","ReplayTheSpireMod:Chaos Vortex","sneckomod:QuickMove","sneckomod:UnknownDraw","sneckomod:CheapStock"],"relics":["StuffTheSpire:OccultApparatus","downfall:HeartsMalice","bronze:BronzeIdol","downfall:HeartBlessingRed","TungstenRod"],"acts_visited":["Exordium"],"potions_floor_usage":[12,12,12,12,12,12,12,16,16,16],"damage_taken":[{"damage":0,"enemies":"2 Louse","floor":2,"turns":1},{"damage":0,"enemies":"3 Sentries","floor":3,"turns":1},{"damage":0,"enemies":"downfall:FleeingMerchant","floor":5,"turns":1},{"damage":21,"enemies":"Jaw Worm","floor":6,"turns":4},{"damage":17,"enemies":"Cultist","floor":8,"turns":4},{"damage":22,"enemies":"Large Slime","floor":10,"turns":6},{"damage":25,"enemies":"Gremlin Nob","floor":12,"turns":4},{"damage":18,"enemies":"Exordium Thugs","floor":14,"turns":5},{"damage":21,"enemies":"Gremlin Gang","floor":15,"turns":6},{"damage":20,"enemies":"DF_ARCHETYPE_STREAMLINE","floor":16,"turns":6}],"seed_played":"-411332074464403567","potions_obtained":[{"floor":6,"key":"Slimebound:ThreeZeroPotion"},{"floor":8,"key":"DuplicationPotion"},{"floor":12,"key":"Reflective Coating"}],"is_trial":false,"path_per_floor":["R","M","?","?","$","M","T","M","R","M","?","E","R","M","M","B"],"character_chosen":"THE_SNECKO","items_purchased":["ColorlessPotion","sneckomod:UnknownUncommonPower+1"],"campfire_rested":1,"item_purchase_floors":[5,5],"current_hp_per_floor":[90,90,90,90,90,79,79,72,72,50,50,25,52,39,18,0,0,0],"gold":128,"neow_bonus":"THREE_ENEMY_KILL","is_daily":false,"chose_seed":false,"campfire_upgraded":1,"win_rate":0.0,"timestamp":1613021935,"path_taken":["R","M","?","?","?","M","T","M","R","M","?","E","R","?","M","BOSS"],"items_purchased_type":["Potion","Card"],"build_version":"2020-12-22","purchased_purges":0,"victory":false,"max_hp_per_floor":[90,90,90,90,90,90,90,90,90,90,90,90,90,90,90,90,90,90],"card_choices":[{"not_picked":["sneckomod:Nope","sneckomod:IronFang"],"picked":"sneckomod:DiceBlock","floor":2},{"not_picked":["sneckomod:UnknownDraw","sneckomod:RainOfDice"],"picked":"sneckomod:DangerNoodle","floor":3},{"not_picked":["sneckomod:TrashToTreasure","sneckomod:Unknown1Cost"],"picked":"sneckomod:DiceBlock","floor":5},{"not_picked":["sneckomod:UnknownStrike","sneckomod:DiceBlock"],"picked":"sneckomod:QuickBite","floor":6},{"not_picked":["sneckomod:Transmogrify","sneckomod:Rotation"],"picked":"sneckomod:Nope","floor":8},{"not_picked":["sneckomod:SnekBeam","sneckomod:UnknownExhaust"],"picked":"sneckomod:UnknownCommonSkill","floor":10},{"not_picked":["infinitespire:Gouge","infinitespire:DeathsTouch"],"picked":"ReplayTheSpireMod:Chaos Vortex","floor":11},{"not_picked":["sneckomod:MixItUp","sneckomod:SoulCleanse"],"picked":"sneckomod:QuickMove","floor":12},{"not_picked":["sneckomod:UnknownCommonAttack","sneckomod:UnknownExhaust"],"picked":"sneckomod:UnknownDraw","floor":14},{"not_picked":["sneckomod:SerpentIdol","sneckomod:SoulDraw"],"picked":"sneckomod:CheapStock","floor":15}],"player_experience":633107,"relics_obtained":[{"floor":3,"key":"bronze:BronzeIdol"},{"floor":12,"key":"TungstenRod"}],"event_choices":[],"is_beta":false,"boss_relics":[],"items_purged_floors":[],"is_endless":false,"potions_floor_spawned":[6,8,12],"killed_by":"DF_ARCHETYPE_STREAMLINE","ascension_level":5}}