{"host":"x4i48uok34n1rpsm","time":1613080662,"event":{"mods":["Aspiration","BaseMod","Better Third Choice","Colored Map","Highlight Path","Minty Spire (QoL Compilation)","Permanent Neow","Replay The Spire","StSLib"],"gold_per_floor":[118,133,149,160,177,177,177,202,282,298,298,28,63,78,78,176,176,164,164,181,191,191,223,223,223,223,241,276,276,601,617,617,721,721,735,782,793,445,445,472,472,499,499,130,161,161,192,207,207,207,207,207,57,89,89],"floor_reached":56,"language":"ENG","playtime":5067,"items_purged":["Strike_R","Delirium","Strike_R","Strike_R"],"score":1304,"play_id":"0111371a-f9c5-47f2-9277-3eeb0225fe56","local_time":"20210211235742","is_ascension_mode":true,"campfire_choices":[{"data":"Armaments","floor":6.0,"key":"SMITH"},{"data":"Hologram","floor":11.0,"key":"SMITH"},{"data":"Eclipse","floor":15.0,"key":"SMITH"},{"floor":25.0,"key":"REST"},{"data":"Disarm","floor":29.0,"key":"SMITH"},{"data":"Shrug It Off","floor":29.0,"key":"SMITH"},{"floor":32,"key":"REST"},{"floor":41,"key":"RECALL"},{"data":"Limit Break","floor":49,"key":"SMITH"},{"data":"Pot Of Greed","floor":49,"key":"SMITH"},{"data":"Pot Of Greed","floor":52,"key":"SMITH"},{"data":"Pommel Strike","floor":52,"key":"SMITH"}],"circlet_count":0,"master_deck":["Strike_R","Strike_R","Defend_R","Defend_R","Defend_R","Defend_R","Bash","Armaments+1","Gash","Disarm+1","Eclipse+1","Rip and Tear","Hologram+1","Shrug It Off+1","Feed","Shrug It Off","Beam Cell+1","Exhume","Pommel Strike+1","Pot Of Greed+1","Pot Of Greed+1","Limit Break+1"],"relics":["Burning Blood","aspiration:Nostalgia","Iron Core","Tiny Chest","Kunai","Lee\u0027s Waffle","Lantern","Black Star","aspiration:RitualStick","Nilry\u0027s Codex","Blood Vial","ReplayFunnel","Ring of Hypnosis","Replay:Arrowhead","Boot","Quantum Egg","Old Coin","Bronze Scales","aspiration:PoetsPen","Oddly Smooth Stone","Matryoshka","Vajra","Singing Bowl","Onion Ring","Orichalcum","Akabeko","Darkstone Periapt","Mirror","Gremlin Food","Grinning Jar","Paper Frog","ReplayTheSpireMod:Shallot","aspiration:StickyExplosives"],"acts_visited":["Exordium","TheCity","TheBeyond","TheEnding"],"potions_floor_usage":[33,54,55,55,55],"damage_taken":[{"damage":6.0,"enemies":"Cultist","floor":1.0,"turns":3.0},{"damage":2.0,"enemies":"2 Louse","floor":2.0,"turns":3.0},{"damage":6.0,"enemies":"Jaw Worm","floor":3.0,"turns":3.0},{"damage":5.0,"enemies":"2 Fungi Beasts","floor":4.0,"turns":4.0},{"damage":9.0,"enemies":"Exordium Thugs","floor":5.0,"turns":7.0},{"damage":36.0,"enemies":"Gremlin Nob","floor":8.0,"turns":5.0},{"damage":5.0,"enemies":"3 Louse","floor":10.0,"turns":3.0},{"damage":11.0,"enemies":"3 Sentries","floor":13.0,"turns":7.0},{"damage":8.0,"enemies":"Gremlin Gang","floor":14.0,"turns":3.0},{"damage":18.0,"enemies":"The Guardian","floor":16.0,"turns":11.0},{"damage":9.0,"enemies":"2 Thieves","floor":18.0,"turns":4.0},{"damage":1.0,"enemies":"3 Byrds","floor":20.0,"turns":7.0},{"damage":15.0,"enemies":"Shelled Parasite and Fungi","floor":21.0,"turns":9.0},{"damage":29.0,"enemies":"Book of Stabbing","floor":23.0,"turns":7.0},{"damage":8.0,"enemies":"Cultist and Chosen","floor":27.0,"turns":7.0},{"damage":41.0,"enemies":"Gremlin Leader","floor":28.0,"turns":11.0},{"damage":23,"enemies":"Slavers","floor":30,"turns":9},{"damage":0,"enemies":"Snake Plant","floor":31,"turns":4},{"damage":61,"enemies":"Collector","floor":33,"turns":10},{"damage":7,"enemies":"Orb Walker","floor":35,"turns":3},{"damage":5,"enemies":"3 Darklings","floor":37,"turns":4},{"damage":40,"enemies":"R_Hoarder","floor":40,"turns":5},{"damage":0,"enemies":"Nemesis","floor":42,"turns":5},{"damage":11,"enemies":"R_Hoarder","floor":45,"turns":6},{"damage":0,"enemies":"Giant Head","floor":47,"turns":8},{"damage":0,"enemies":"Jaw Worm Horde","floor":48,"turns":4},{"damage":36,"enemies":"Replay:Hell Engine","floor":50,"turns":6},{"damage":8,"enemies":"Shield and Spear","floor":54,"turns":4},{"damage":91,"enemies":"The Heart","floor":55,"turns":7}],"seed_played":"3133749735923869155","potions_obtained":[{"floor":2.0,"key":"SteroidPotion"},{"floor":4.0,"key":"Cursed Concoction"},{"floor":8.0,"key":"Fire Potion"},{"floor":10.0,"key":"Swift Potion"},{"floor":16.0,"key":"BloodPotion"},{"floor":18.0,"key":"SteroidPotion"},{"floor":23.0,"key":"Explosive Potion"},{"floor":30,"key":"Regen Potion"},{"floor":35,"key":"LiquidBronze"},{"floor":42,"key":"Languid Potion"},{"floor":45,"key":"Elixir"},{"floor":54,"key":"BloodPotion"}],"is_trial":false,"path_per_floor":["M","M","M","M","M","R","?","E","T","M","R","$","E","M","R","B",null,"M","?","M","M","?","E","?","R","T","M","E","R","E","M","R","B",null,"M","T","M","$","?","E","R","E","T","$","E","?","E","M","R","B",null,"R","$","E","B",null],"character_chosen":"IRONCLAD","items_purchased":["Lee\u0027s Waffle","Shrug It Off","Matryoshka","Mirror"],"campfire_rested":2,"item_purchase_floors":[12,12,38,44],"current_hp_per_floor":[80,80,80,80,77,77,70,40,40,41,41,87,82,80,80,68,87,84,67,76,70,54,31,31,59,59,59,44,44,32,40,69,31,97,96,96,97,97,97,65,65,75,75,75,72,72,82,95,95,67,108,108,108,108,47],"gold":89,"neow_bonus":"NOSTALGIA","is_daily":false,"chose_seed":false,"campfire_upgraded":9,"win_rate":0.0,"timestamp":1613080662,"path_taken":["M","?","?","M","M","R","?","E","T","M","R","$","E","M","R","BOSS","M","?","M","M","?","E","?","R","T","M","E","R","E","M","R","BOSS","M","?","M","$","?","E","R","E","T","$","E","?","E","?","R","BOSS","R","$","E","BOSS"],"items_purchased_type":["Relic","Card","Relic","Relic"],"build_version":"2020-12-22","purchased_purges":4,"victory":true,"max_hp_per_floor":[80,80,80,80,80,80,80,80,80,80,80,87,87,87,87,87,87,87,87,91,94,94,94,94,94,94,94,94,94,97,97,97,97,97,97,97,97,97,97,99,99,101,101,101,101,101,103,108,108,108,108,108,108,110,110],"card_choices":[{"not_picked":["Havoc","Cleave"],"picked":"Armaments","floor":1.0},{"not_picked":["Gash","Feel No Pain","Perfected Strike"],"picked":"SKIP","floor":2.0},{"not_picked":["Feel No Pain","Perfected Strike"],"picked":"Gash","floor":2.0},{"not_picked":["Shrug It Off","Blood for Blood"],"picked":"Disarm","floor":3.0},{"not_picked":["Thunderclap","Run Through","Ghostly Armor"],"picked":"SKIP","floor":4.0},{"not_picked":["Cold Snap","Flex"],"picked":"Eclipse","floor":5.0},{"not_picked":["ReplayTheSpireMod:Stacked","True Grit"],"picked":"Rip and Tear","floor":8.0},{"not_picked":["Replay:Undeath\u0027s Touch","Clash"],"picked":"Hologram","floor":10.0},{"not_picked":["Clothesline","Hologram","Hemokinesis"],"picked":"SKIP","floor":13.0},{"not_picked":["Rebound","Rage","Rupture"],"picked":"SKIP","floor":14.0},{"not_picked":["Corruption","Hemogenesis"],"picked":"Feed","floor":16.0},{"not_picked":["Sentinel","ReplayTheSpireMod:Corrosion Curse","Body Slam"],"picked":"SKIP","floor":18.0},{"not_picked":["ReplayTheSpireMod:Limb From Limb","ReplayReversal","Power Through"],"picked":"SKIP","floor":20.0},{"not_picked":["Power Through","Reckless Charge"],"picked":"Shrug It Off","floor":21.0},{"not_picked":["Steam Power","Armaments","Shrug It Off"],"picked":"SKIP","floor":23.0},{"not_picked":["FTL","Headbutt"],"picked":"Beam Cell+1","floor":27.0},{"not_picked":["Cold Snap+1","Clash","Shrug It Off"],"picked":"SKIP","floor":28.0},{"not_picked":["Cold Snap+1","Clash","Shrug It Off"],"picked":"SKIP","floor":28.0},{"not_picked":["Rebound","WeaponsOverheat","Inflame"],"picked":"SKIP","floor":30},{"not_picked":["WeaponsOverheat","Thunderclap+1","ReplayTheSpireMod:Stacked+1"],"picked":"SKIP","floor":31},{"not_picked":["Brutality","Firewall"],"picked":"Exhume","floor":33},{"not_picked":["Combust","Infernal Blade+1"],"picked":"Pommel Strike","floor":35},{"not_picked":["Armaments+1","Combust+1","Replay:Undeath\u0027s Touch"],"picked":"SKIP","floor":37},{"not_picked":["Wild Strike","Ghostly Armor","Dropkick+1"],"picked":"Singing Bowl","floor":40},{"not_picked":["Burning Pact+1","Blood for Blood+1","Twin Strike"],"picked":"Singing Bowl","floor":42},{"not_picked":["Blood for Blood+1","Searing Blow+1"],"picked":"Limit Break","floor":45},{"not_picked":["Perfected Strike+1","Burning Pact","Body Slam"],"picked":"Singing Bowl","floor":47},{"not_picked":["Headbutt","Cleave","Havoc"],"picked":"Singing Bowl","floor":48},{"not_picked":["Pommel Strike+1","Demonic Infusion","Iron Wave"],"picked":"Singing Bowl","floor":54}],"player_experience":246999,"relics_obtained":[{"floor":8.0,"key":"Kunai"},{"floor":13.0,"key":"Lantern"},{"floor":22.0,"key":"Nilry\u0027s Codex"},{"floor":23.0,"key":"Blood Vial"},{"floor":23.0,"key":"ReplayFunnel"},{"floor":24.0,"key":"Ring of Hypnosis"},{"floor":26.0,"key":"Replay:Arrowhead"},{"floor":28.0,"key":"Boot"},{"floor":28.0,"key":"Quantum Egg"},{"floor":30,"key":"Old Coin"},{"floor":30,"key":"Bronze Scales"},{"floor":36,"key":"Oddly Smooth Stone"},{"floor":40,"key":"Vajra"},{"floor":40,"key":"Singing Bowl"},{"floor":42,"key":"Onion Ring"},{"floor":42,"key":"Orichalcum"},{"floor":43,"key":"Akabeko"},{"floor":43,"key":"Darkstone Periapt"},{"floor":45,"key":"Gremlin Food"},{"floor":45,"key":"Grinning Jar"},{"floor":47,"key":"Paper Frog"},{"floor":47,"key":"ReplayTheSpireMod:Shallot"},{"floor":54,"key":"aspiration:StickyExplosives"}],"event_choices":[{"damage_healed":0.0,"max_hp_gain":0.0,"max_hp_loss":0.0,"gold_gain":0.0,"event_name":"betterThird:BetterScrap","player_choice":"Relic ","floor":7.0,"gold_loss":0.0,"damage_taken":7.0,"cards_obtained":["Bouncing Flask"]},{"damage_healed":0.0,"max_hp_gain":0.0,"max_hp_loss":0.0,"gold_gain":0.0,"event_name":"Cursed Tome","player_choice":"Obtained Book","floor":22.0,"gold_loss":0.0,"damage_taken":16.0},{"damage_healed":0,"gold_gain":0,"player_choice":"Ignored","damage_taken":0,"max_hp_gain":0,"max_hp_loss":0,"event_name":"Tomb of Lord Red Mask","floor":39,"gold_loss":0},{"damage_healed":0,"gold_gain":0,"player_choice":"Ignored","damage_taken":0,"max_hp_gain":0,"max_hp_loss":0,"event_name":"betterThird:BetterPortal","floor":46,"gold_loss":0}],"is_beta":false,"boss_relics":[{"not_picked":["Ring of Chaos","Pandora\u0027s Box"],"picked":"Black Star"},{"not_picked":["SacredBark","Fusion Hammer"],"picked":"aspiration:PoetsPen"}],"items_purged_floors":[12,38,44,53],"is_endless":false,"potions_floor_spawned":[2,4,8,10,16,18,23,30,35,42,45,54],"ascension_level":1}}