{"host":"91blwi3hgehj6ch9","time":1613048491,"event":{"mods":["2.2 Compatiblity","AchievementEnabler","BaseMod","Colored Map","DeckTracker","Keyboard Shortcuts","Minty Spire (QoL Compilation)","Permanent Neow","Quick Restart","StSLib","SuperFastMode","everything is the same but u backflip on backflip"],"gold_per_floor":[114,125,141,151,151,176,176,186,186,31,47,80,96,114,114,210,210,230,241,105,124,124,124],"floor_reached":22,"language":"KOR","playtime":888,"items_purged":["Strike_R","Strike_R"],"score":242,"play_id":"24beb57e-e8da-4204-8c81-b9319930ac4d","local_time":"20210211220131","is_ascension_mode":true,"campfire_choices":[{"data":"Flame Barrier","floor":7.0,"key":"SMITH"},{"data":"Evolve","floor":15,"key":"SMITH"}],"circlet_count":0,"master_deck":["Defend_R","Defend_R","Defend_R","Defend_R","Bash","Flame Barrier+1","Pummel","Evolve+1","Sword Boomerang","Immolate","Battle Trance","Impervious","Reaper","Barricade","Pommel Strike","Whirlwind","Spot Weakness+1"],"relics":["Burning Blood","Unceasing Top","Bronze Scales","Torii","Shovel","Empty Cage"],"acts_visited":["Exordium","TheCity"],"potions_floor_usage":[21],"damage_taken":[{"damage":5.0,"enemies":"Small Slimes","floor":1.0,"turns":4.0},{"damage":1.0,"enemies":"Cultist","floor":2.0,"turns":3.0},{"damage":2.0,"enemies":"Jaw Worm","floor":3.0,"turns":3.0},{"damage":9.0,"enemies":"Looter","floor":4.0,"turns":5.0},{"damage":68.0,"enemies":"Lagavulin","floor":6.0,"turns":10.0},{"damage":7.0,"enemies":"2 Fungi Beasts","floor":8.0,"turns":4.0},{"damage":0.0,"enemies":"3 Louse","floor":11.0,"turns":1.0},{"damage":11.0,"enemies":"3 Sentries","floor":12.0,"turns":4.0},{"damage":8,"enemies":"Large Slime","floor":13,"turns":6},{"damage":8,"enemies":"Blue Slaver","floor":14,"turns":3},{"damage":19,"enemies":"The Guardian","floor":16,"turns":14},{"damage":45,"enemies":"Spheric Guardian","floor":18,"turns":9},{"damage":0,"enemies":"3 Byrds","floor":19,"turns":3},{"damage":18,"enemies":"Snecko","floor":21,"turns":7},{"damage":77,"enemies":"Centurion and Healer","floor":22,"turns":11}],"seed_played":"5098374037228382867","potions_obtained":[{"floor":1.0,"key":"Explosive Potion"},{"floor":4.0,"key":"FairyPotion"},{"floor":8.0,"key":"BlessingOfTheForge"},{"floor":14,"key":"DistilledChaos"},{"floor":18,"key":"FairyPotion"},{"floor":19,"key":"Block Potion"}],"is_trial":false,"path_per_floor":["M","M","M","M","?","E","R","M","T","$","M","E","M","M","R","B",null,"M","M","$","M","M"],"character_chosen":"IRONCLAD","items_purchased":["Immolate","Whirlwind"],"campfire_rested":0,"item_purchase_floors":[10,20],"current_hp_per_floor":[57,62,66,63,63,30,30,29,29,29,35,30,28,26,26,13,80,41,47,47,39,0,0],"gold":124,"neow_bonus":"ONE_RARE_RELIC","is_daily":false,"chose_seed":false,"campfire_upgraded":2,"win_rate":0.0,"timestamp":1613048491,"path_taken":["M","M","M","M","?","E","R","M","T","$","M","E","M","?","R","BOSS","M","M","$","M","M"],"items_purchased_type":["Card","Card"],"build_version":"2020-12-22","purchased_purges":2,"victory":false,"max_hp_per_floor":[80,80,80,80,80,80,80,80,80,80,80,80,80,80,80,80,80,80,80,80,80,80,80],"card_choices":[{"not_picked":["Anger","Warcry","Thunderclap"],"picked":"SKIP","floor":1.0},{"not_picked":["Cleave","Warcry","Havoc"],"picked":"SKIP","floor":2.0},{"not_picked":["Shockwave","Clothesline"],"picked":"Flame Barrier","floor":3.0},{"not_picked":["Flex","Warcry"],"picked":"Pummel","floor":4.0},{"not_picked":["Cleave","Feel No Pain"],"picked":"Evolve","floor":6.0},{"not_picked":["Sentinel","Headbutt"],"picked":"Sword Boomerang","floor":8.0},{"not_picked":["Combust","Intimidate"],"picked":"Battle Trance","floor":11.0},{"not_picked":["Thunderclap","Perfected Strike","Battle Trance"],"picked":"SKIP","floor":12.0},{"not_picked":["True Grit","Perfected Strike"],"picked":"Impervious","floor":13},{"not_picked":["Warcry","Clash"],"picked":"Reaper","floor":14},{"not_picked":["Double Tap","Fiend Fire"],"picked":"Barricade","floor":16},{"not_picked":["Dropkick+1","Infernal Blade","Headbutt"],"picked":"SKIP","floor":18},{"not_picked":["Clash","Heavy Blade+1"],"picked":"Pommel Strike","floor":19},{"not_picked":["Sword Boomerang","Havoc+1"],"picked":"Spot Weakness+1","floor":21}],"player_experience":201568,"relics_obtained":[{"floor":6.0,"key":"Bronze Scales"},{"floor":9.0,"key":"Torii"},{"floor":12.0,"key":"Shovel"}],"event_choices":[{"cards_removed":["Strike_R"],"damage_healed":0.0,"max_hp_gain":0.0,"max_hp_loss":0.0,"gold_gain":0.0,"event_name":"Purifier","player_choice":"Purged","floor":5.0,"gold_loss":0.0,"damage_taken":0.0}],"is_beta":false,"boss_relics":[{"not_picked":["Runic Cube","Cursed Key"],"picked":"Empty Cage"}],"items_purged_floors":[10,20],"is_endless":false,"potions_floor_spawned":[1,4,8,14,18,19],"killed_by":"Centurion and Healer","ascension_level":4}}