{"host":"og6lam4kt3nibbw0","time":1613066869,"event":{"mods":["AchievementEnabler","BaseMod","Colored Map","DeckTracker","Highlight Path","Keyboard Shortcuts","Minty Spire (QoL Compilation)","Permanent Neow","Quick Restart","StSLib","SuperFastMode"],"gold_per_floor":[111,129,139,139,154,185,185,199,224,224,105,122,122,138,138,212,212,182,193,193,193],"floor_reached":20,"language":"KOR","playtime":632,"items_purged":["Strike_B"],"score":356,"play_id":"7260d1bd-19f2-40b7-97c8-8f4718f993c5","local_time":"20210212030749","is_ascension_mode":true,"campfire_choices":[{"data":"Apotheosis","floor":7.0,"key":"SMITH"},{"floor":13.0,"key":"REST"},{"floor":15.0,"key":"REST"}],"circlet_count":0,"master_deck":["AscendersBane","Strike_B","Strike_B","Strike_B","Defend_B","Defend_B","Defend_B","Zap","Dualcast","Apotheosis+1","Recycle","Consume","Hologram","Glacier","Storm+1","Loop","Compile Driver","Echo Form","Capacitor"],"relics":["Cracked Core","Sundial","Oddly Smooth Stone","Inserter"],"acts_visited":["Exordium","TheCity"],"potions_floor_usage":[20],"damage_taken":[{"damage":6.0,"enemies":"Small Slimes","floor":1.0,"turns":3.0},{"damage":3.0,"enemies":"2 Louse","floor":2.0,"turns":3.0},{"damage":0.0,"enemies":"Cultist","floor":3.0,"turns":3.0},{"damage":14.0,"enemies":"Looter","floor":5.0,"turns":4.0},{"damage":6.0,"enemies":"Lagavulin","floor":6.0,"turns":8.0},{"damage":1.0,"enemies":"2 Fungi Beasts","floor":8.0,"turns":4.0},{"damage":25.0,"enemies":"Exordium Wildlife","floor":12.0,"turns":5.0},{"damage":16.0,"enemies":"Looter","floor":14.0,"turns":3.0},{"damage":31.0,"enemies":"The Guardian","floor":16.0,"turns":12.0},{"damage":25.0,"enemies":"2 Thieves","floor":18.0,"turns":4.0},{"damage":4.0,"enemies":"Chosen","floor":19.0,"turns":6.0},{"damage":27,"enemies":"Shelled Parasite and Fungi","floor":20,"turns":2}],"seed_played":"4839522232891919903","potions_obtained":[{"floor":2.0,"key":"EssenceOfSteel"},{"floor":6.0,"key":"Ancient Potion"},{"floor":8.0,"key":"FairyPotion"},{"floor":18.0,"key":"Weak Potion"}],"is_trial":false,"path_per_floor":["M","M","M","?","M","E","R","M","T","?","$","M","R","M","R","B",null,"M","M","M"],"character_chosen":"DEFECT","items_purchased":["Loop"],"campfire_rested":2,"item_purchase_floors":[11],"current_hp_per_floor":[58,55,55,48,34,28,28,27,27,27,27,2,21,5,24,18,53,28,24,0,0],"gold":193,"neow_bonus":"RANDOM_COLORLESS_2","is_daily":false,"chose_seed":false,"campfire_upgraded":1,"win_rate":0.0,"timestamp":1613066869,"path_taken":["M","M","M","?","M","E","R","M","T","?","$","M","R","M","R","BOSS","M","?","M"],"items_purchased_type":["Card"],"build_version":"2020-12-22","purchased_purges":1,"victory":false,"max_hp_per_floor":[64,64,64,64,64,64,64,64,64,64,64,64,64,64,64,64,64,64,64,64,64],"card_choices":[{"not_picked":["The Bomb","Thinking Ahead"],"picked":"Apotheosis","floor":0.0},{"not_picked":["Fusion","Gash"],"picked":"Recycle","floor":1.0},{"not_picked":["Conserve Battery","Steam"],"picked":"Consume","floor":2.0},{"not_picked":["Blizzard","Go for the Eyes"],"picked":"Hologram","floor":3.0},{"not_picked":["Streamline","Go for the Eyes"],"picked":"Glacier","floor":5.0},{"not_picked":["Fusion","Steam Power"],"picked":"Storm","floor":6.0},{"not_picked":["Melter","Gash","Rebound"],"picked":"SKIP","floor":8.0},{"not_picked":["Redo","Chaos"],"picked":"Compile Driver","floor":12.0},{"not_picked":["Reinforced Body","Rebound","Cold Snap"],"picked":"SKIP","floor":14.0},{"not_picked":["Rainbow","Multi-Cast"],"picked":"Echo Form","floor":16.0},{"not_picked":["Cold Snap","Conserve Battery","Tempest"],"picked":"SKIP","floor":18.0},{"not_picked":["Melter","Rebound"],"picked":"Capacitor","floor":19.0}],"player_experience":717098,"relics_obtained":[{"floor":6.0,"key":"Sundial"},{"floor":9.0,"key":"Oddly Smooth Stone"}],"event_choices":[{"cards_removed":["Defend_B"],"damage_healed":0.0,"max_hp_gain":0.0,"max_hp_loss":0.0,"gold_gain":0.0,"event_name":"Golden Wing","player_choice":"Card Removal","floor":4.0,"gold_loss":0.0,"damage_taken":7.0},{"damage_healed":0.0,"max_hp_gain":0.0,"max_hp_loss":0.0,"gold_gain":0.0,"event_name":"Accursed Blacksmith","player_choice":"Forge","floor":10.0,"gold_loss":0.0,"damage_taken":0.0,"cards_upgraded":["Storm"]}],"is_beta":false,"boss_relics":[{"not_picked":["Ectoplasm","Snecko Eye"],"picked":"Inserter"}],"items_purged_floors":[11],"is_endless":false,"potions_floor_spawned":[2,6,8,14,18],"killed_by":"Shelled Parasite and Fungi","ascension_level":20}}