{"host":"m0bekkrd201b63ug","time":1613082831,"event":{"mods":["AchievementEnabler","BaseMod","Colored Powertips","Highlight Path","Minty Spire (QoL Compilation)","Rare Cards Sparkle","StSLib","SuperFastMode","everything is the same but u backflip on backflip","slay the spire mod where everything is the same but ironclad has a cowboy hat"],"gold_per_floor":[117,117,42,42,42,76,76,111,135,161,14,14,26,46,46,125,125,139,54,81,18,30,75,87,117,129,155,199,211,239,270,282,366,378,403,415,427,339,384,384,39,73,73,73,88,88,0,19,19,19],"floor_reached":51,"language":"ENG","playtime":1623,"items_purged":["Strike_G","Strike_G"],"score":1530,"play_id":"71a83ea8-d285-44d5-8fe9-0c375549b695","local_time":"20210211203351","is_ascension_mode":true,"campfire_choices":[{"data":"Quick Slash","floor":7.0,"key":"SMITH"},{"floor":12.0,"key":"REST"},{"data":"Accuracy","floor":15.0,"key":"SMITH"},{"data":"Neutralize","floor":24.0,"key":"SMITH"},{"floor":29.0,"key":"REST"},{"data":"Survivor","floor":32.0,"key":"SMITH"},{"data":"Defend_G","floor":40.0,"key":"SMITH"},{"floor":46,"key":"REST"},{"data":"Defend_G","floor":49,"key":"SMITH"}],"circlet_count":0,"master_deck":["AscendersBane","Strike_G","Defend_G+1","Defend_G","Defend_G","Defend_G","Defend_G+1","Survivor+1","Accuracy+1","Quick Slash+1","Dagger Throw","Cloak And Dagger+1","Accuracy+1","Blade Dance+1","Venomology+1","Cloak And Dagger+1","Escape Plan+1","Backflip+1","Escape Plan+1","Cloak And Dagger+1","Bullet Time+1","Acrobatics+1","Acrobatics+1"],"relics":["Ring of the Snake","NeowsBlessing","Vajra","Toxic Egg 2","Centennial Puzzle","Bronze Scales","Black Star","MawBank","Ornamental Fan","Happy Flower","White Beast Statue","Ice Cream","Pear","Busted Crown","Unceasing Top","Ninja Scroll","Singing Bowl","Mummified Hand","Bottled Lightning","Red Mask"],"acts_visited":["Exordium","TheCity","TheBeyond"],"potions_floor_usage":[42,45,50,50],"damage_taken":[{"damage":0.0,"enemies":"Cultist","floor":1.0,"turns":1.0},{"damage":0.0,"enemies":"Lagavulin","floor":6.0,"turns":2.0},{"damage":0.0,"enemies":"3 Sentries","floor":8.0,"turns":1.0},{"damage":22.0,"enemies":"Lagavulin","floor":10.0,"turns":6.0},{"damage":4.0,"enemies":"Small Slimes","floor":13.0,"turns":2.0},{"damage":4.0,"enemies":"2 Louse","floor":14.0,"turns":2.0},{"damage":7.0,"enemies":"Hexaghost","floor":16.0,"turns":6.0},{"damage":0.0,"enemies":"Chosen","floor":18.0,"turns":2.0},{"damage":5.0,"enemies":"2 Thieves","floor":20.0,"turns":3.0},{"damage":22.0,"enemies":"Slavers","floor":23.0,"turns":4.0},{"damage":5.0,"enemies":"Shelled Parasite and Fungi","floor":25.0,"turns":3.0},{"damage":0.0,"enemies":"Centurion and Healer","floor":27.0,"turns":5.0},{"damage":0.0,"enemies":"Book of Stabbing","floor":28.0,"turns":4.0},{"damage":4.0,"enemies":"3 Cultists","floor":30.0,"turns":3.0},{"damage":11.0,"enemies":"Sentry and Sphere","floor":31.0,"turns":4.0},{"damage":28.0,"enemies":"Collector","floor":33.0,"turns":9.0},{"damage":0.0,"enemies":"Orb Walker","floor":35.0,"turns":3.0},{"damage":2.0,"enemies":"2 Orb Walkers","floor":39.0,"turns":4.0},{"damage":15,"enemies":"Reptomancer","floor":42,"turns":4},{"damage":5,"enemies":"3 Shapes","floor":45,"turns":4},{"damage":0,"enemies":"Spire Growth","floor":48,"turns":2},{"damage":17,"enemies":"Donu and Deca","floor":50,"turns":6}],"seed_played":"-6371033977707277378","potions_obtained":[{"floor":8.0,"key":"DistilledChaos"},{"floor":14.0,"key":"LiquidBronze"},{"floor":18.0,"key":"Regen Potion"},{"floor":25.0,"key":"LiquidMemories"},{"floor":27.0,"key":"Block Potion"},{"floor":28.0,"key":"Block Potion"},{"floor":31.0,"key":"CunningPotion"},{"floor":33.0,"key":"Block Potion"},{"floor":45,"key":"BlessingOfTheForge"}],"is_trial":false,"path_per_floor":["M","?","$","?","?","E","R","E","T","E","$","R","M","M","R","B",null,"M","?","M","?","$","E","R","M","T","M","E","R","M","M","R","B",null,"M","?","?","$","?","R","$","E","T","$","M","R","?","M","R","B",null],"character_chosen":"THE_SILENT","items_purchased":["Cloak And Dagger+1","Accuracy","Ninja Scroll","Acrobatics+1"],"campfire_rested":3,"item_purchase_floors":[11,11,41,41],"current_hp_per_floor":[59,59,59,52,52,52,52,52,52,30,30,49,45,41,41,34,58,58,58,53,53,53,43,43,38,38,38,48,70,66,55,55,42,68,68,68,68,68,66,66,66,53,53,53,50,74,74,76,76,59],"gold":19,"neow_bonus":"THREE_ENEMY_KILL","is_daily":false,"chose_seed":false,"campfire_upgraded":6,"win_rate":0.0,"timestamp":1613082831,"path_taken":["M","?","$","?","?","E","R","E","T","E","$","R","M","M","R","BOSS","M","?","M","?","?","E","R","M","T","M","E","R","M","M","R","BOSS","M","?","?","$","?","R","$","E","T","?","M","R","?","M","R","BOSS"],"items_purchased_type":["Card","Card","Relic","Card"],"build_version":"2020-12-22","purchased_purges":2,"victory":true,"max_hp_per_floor":[66,66,66,66,66,66,66,66,66,66,66,66,66,66,66,66,66,66,66,66,66,66,66,66,66,66,66,76,76,76,76,76,76,76,76,76,76,76,76,76,76,78,78,78,80,80,80,82,82,82],"card_choices":[{"not_picked":["Underhanded Strike","Noxious Fumes"],"picked":"Accuracy","floor":1.0},{"not_picked":["Prepared","Reflex"],"picked":"Quick Slash","floor":6.0},{"not_picked":["Prepared+1","Quick Slash"],"picked":"Dagger Throw","floor":8.0},{"not_picked":["Deflect+1","Unload","Calculated Gamble+1"],"picked":"SKIP","floor":10.0},{"not_picked":["Accuracy","Deadly Poison+1","Expertise+1"],"picked":"SKIP","floor":13.0},{"not_picked":["Backflip+1","Deflect+1"],"picked":"Blade Dance+1","floor":14.0},{"not_picked":["A Thousand Cuts","Bullet Time+1"],"picked":"Venomology+1","floor":16.0},{"not_picked":["Poisoned Stab+1","Underhanded Strike"],"picked":"Cloak And Dagger+1","floor":18.0},{"not_picked":["Bane","Deadly Poison+1","Backstab"],"picked":"SKIP","floor":20.0},{"not_picked":["Caltrops","Catalyst+1","Quick Slash+1"],"picked":"SKIP","floor":23.0},{"not_picked":["Crippling Poison+1","Backflip+1"],"picked":"Escape Plan+1","floor":25.0},{"not_picked":["Blur+1","Flechettes"],"picked":"Backflip+1","floor":27.0},{"not_picked":["Envenom","Calculated Gamble+1"],"picked":"Escape Plan+1","floor":28.0},{"not_picked":["Bane","PiercingWail+1","Outmaneuver+1"],"picked":"SKIP","floor":30.0},{"not_picked":["Bane","PiercingWail+1","Outmaneuver+1"],"picked":"SKIP","floor":30.0},{"not_picked":["Bane","PiercingWail+1","Outmaneuver+1"],"picked":"SKIP","floor":30.0},{"not_picked":["Escape Plan+1","Backflip+1"],"picked":"Cloak And Dagger+1","floor":31.0},{"not_picked":["Unload","Corpse Explosion+1"],"picked":"Bullet Time+1","floor":33.0},{"not_picked":[],"picked":"Acrobatics+1","floor":35.0},{"not_picked":["Concentrate+1"],"picked":"Singing Bowl","floor":42},{"not_picked":["PiercingWail+1"],"picked":"Singing Bowl","floor":45},{"not_picked":["Bouncing Flask+1"],"picked":"Singing Bowl","floor":48}],"player_experience":247398,"relics_obtained":[{"floor":6.0,"key":"Vajra"},{"floor":8.0,"key":"Toxic Egg 2"},{"floor":9.0,"key":"Centennial Puzzle"},{"floor":10.0,"key":"Bronze Scales"},{"floor":23.0,"key":"Ornamental Fan"},{"floor":23.0,"key":"Happy Flower"},{"floor":26.0,"key":"White Beast Statue"},{"floor":28.0,"key":"Ice Cream"},{"floor":28.0,"key":"Pear"},{"floor":39.0,"key":"Unceasing Top"},{"floor":42,"key":"Singing Bowl"},{"floor":42,"key":"Mummified Hand"},{"floor":43,"key":"Bottled Lightning"}],"event_choices":[{"damage_healed":0.0,"max_hp_gain":0.0,"max_hp_loss":0.0,"gold_gain":0.0,"event_name":"Living Wall","player_choice":"Grow","floor":2.0,"gold_loss":0.0,"damage_taken":0.0,"cards_upgraded":["Accuracy"]},{"cards_removed":["Strike_G"],"damage_healed":0.0,"max_hp_gain":0.0,"max_hp_loss":0.0,"gold_gain":0.0,"event_name":"Golden Wing","player_choice":"Card Removal","floor":4.0,"gold_loss":0.0,"damage_taken":7.0},{"damage_healed":0.0,"max_hp_gain":0.0,"max_hp_loss":0.0,"gold_gain":0.0,"event_name":"The Cleric","player_choice":"Leave","floor":5.0,"gold_loss":0.0,"damage_taken":0.0},{"damage_healed":0.0,"max_hp_gain":0.0,"max_hp_loss":0.0,"gold_gain":0.0,"event_name":"Addict","player_choice":"Obtained Relic","floor":19.0,"gold_loss":85.0,"damage_taken":0.0,"relics_obtained":["MawBank"]},{"cards_removed":["Strike_G"],"damage_healed":0.0,"max_hp_gain":0.0,"max_hp_loss":0.0,"gold_gain":0.0,"event_name":"Beggar","player_choice":"Gave Gold","floor":21.0,"gold_loss":75.0,"damage_taken":0.0},{"damage_healed":0.0,"max_hp_gain":0.0,"max_hp_loss":0.0,"gold_gain":0.0,"event_name":"SensoryStone","player_choice":"Memory 1","floor":36.0,"gold_loss":0.0,"damage_taken":0.0},{"cards_removed":["Neutralize"],"damage_healed":0.0,"max_hp_gain":0.0,"max_hp_loss":0.0,"gold_gain":0.0,"event_name":"Falling","player_choice":"Removed Attack","floor":37.0,"gold_loss":0.0,"damage_taken":0.0},{"damage_healed":0.0,"max_hp_gain":0.0,"max_hp_loss":0.0,"gold_gain":0.0,"event_name":"Mysterious Sphere","player_choice":"Fight","floor":39.0,"gold_loss":0.0,"damage_taken":0.0},{"damage_healed":0,"gold_gain":0,"player_choice":"Paid","damage_taken":0,"relics_obtained":["Red Mask"],"max_hp_gain":0,"max_hp_loss":0,"event_name":"Tomb of Lord Red Mask","floor":47,"gold_loss":88}],"is_beta":false,"boss_relics":[{"not_picked":["Snecko Eye","HoveringKite"],"picked":"Black Star"},{"not_picked":["Empty Cage","Cursed Key"],"picked":"Busted Crown"}],"items_purged_floors":[3,38],"is_endless":false,"potions_floor_spawned":[8,14,18,20,25,27,28,30,31,33,35,39,42,45,48],"ascension_level":18}}