{"host":"f2zkc2gsfwbibc34","time":1613043408,"event":{"mods":["AchievementEnabler","BaseMod","Better Note","Colored Map","Colored Powertips","Defuse TimeMaze Blight","Minty Spire (QoL Compilation)","Permanent Neow","StSLib","SuperFastMode","The Servant 0.9.4"],"gold_per_floor":[114,189,67,67,82,82,97,97,97,97,28,43,58,8,8,108,108,123,48,63,78,93,93,108,123,185,197,224,236,263,290,302,414,426,453,480,514,576,603,615,627,654,666,678,0,27,54,81,93,105],"floor_reached":51,"language":"ENG","playtime":1797,"items_purged":[],"score":747,"play_id":"9fcfde38-e2d1-4b44-aaa9-901f499b83d9","local_time":"20210211123648","daily_mods":["Allstar","Vintage","Binary"],"is_ascension_mode":false,"campfire_choices":[{"data":"Twin Strike","floor":6,"key":"SMITH"},{"data":"Swift Strike","floor":8,"key":"SMITH"},{"data":"Sadistic Nature","floor":10,"key":"SMITH"},{"data":"Strike_R","floor":15,"key":"SMITH"},{"data":"Carnage","floor":23,"key":"SMITH"},{"data":"Body Slam","floor":29,"key":"SMITH"},{"data":"Seeing Red","floor":32,"key":"SMITH"},{"data":"Armaments","floor":40,"key":"SMITH"},{"floor":44,"key":"REST"},{"data":"Panacea","floor":49,"key":"SMITH"}],"circlet_count":0,"master_deck":["Bash+1","Swift Strike+1","Dark Shackles","Sadistic Nature+1","Master of Strategy","Panacea+1","Inflame+1","Twin Strike+1","Metallicize+1","Reaper+1","Reckless Charge+1","Carnage+1","Power Through","Juggernaut+1","Seeing Red+1","Body Slam+1","Havoc","Berserk+1","Armaments+1","Metallicize+1"],"relics":["Burning Blood","Frozen Egg 2","Anchor","Art of War","Matryoshka","Toy Ornithopter","Boot","Pandora\u0027s Box","Akabeko","Kunai","Oddly Smooth Stone","Dead Branch","Meat on the Bone","MawBank","Paper Frog","PreservedInsect","Question Card","Regal Pillow","Bronze Scales","SlaversCollar","Happy Flower","Thread and Needle","Ice Cream","InkBottle","Ornamental Fan","Red Skull","Pear","Red Mask","Nunchaku","Whetstone","Self Forming Clay"],"acts_visited":["Exordium","TheCity","TheBeyond"],"potions_floor_usage":[1,24,50,50,50],"damage_taken":[{"damage":6,"enemies":"2 Louse","floor":1,"turns":3},{"damage":8,"enemies":"Jaw Worm","floor":5,"turns":3},{"damage":0,"enemies":"Cultist","floor":7,"turns":2},{"damage":0,"enemies":"Exordium Wildlife","floor":12,"turns":3},{"damage":0,"enemies":"Looter","floor":13,"turns":2},{"damage":41,"enemies":"Hexaghost","floor":16,"turns":7},{"damage":11,"enemies":"2 Thieves","floor":18,"turns":4},{"damage":6,"enemies":"Spheric Guardian","floor":20,"turns":3},{"damage":8,"enemies":"Centurion and Healer","floor":21,"turns":4},{"damage":2,"enemies":"Cultist and Chosen","floor":22,"turns":5},{"damage":0,"enemies":"Shelled Parasite and Fungi","floor":24,"turns":4},{"damage":17,"enemies":"Snake Plant","floor":25,"turns":3},{"damage":14,"enemies":"Cultist and Chosen","floor":28,"turns":4},{"damage":7,"enemies":"3 Cultists","floor":30,"turns":3},{"damage":0,"enemies":"Snecko","floor":31,"turns":3},{"damage":53,"enemies":"Collector","floor":33,"turns":6},{"damage":20,"enemies":"3 Shapes","floor":35,"turns":4},{"damage":7,"enemies":"3 Darklings","floor":36,"turns":4},{"damage":0,"enemies":"2 Orb Walkers","floor":37,"turns":3},{"damage":3,"enemies":"Mind Bloom Boss Battle","floor":38,"turns":4},{"damage":14,"enemies":"Sphere and 2 Shapes","floor":39,"turns":4},{"damage":65,"enemies":"Spire Growth","floor":42,"turns":4},{"damage":0,"enemies":"3 Darklings","floor":46,"turns":3},{"damage":0,"enemies":"Writhing Mass","floor":47,"turns":3},{"damage":3,"enemies":"Jaw Worm Horde","floor":48,"turns":2},{"damage":26,"enemies":"Awakened One","floor":50,"turns":7}],"seed_played":"-587577638262706789","potions_obtained":[{"floor":1,"key":"Fruit Juice"},{"floor":13,"key":"Energy Potion"},{"floor":16,"key":"DistilledChaos"},{"floor":22,"key":"BlessingOfTheForge"},{"floor":24,"key":"Fruit Juice"},{"floor":25,"key":"EssenceOfSteel"},{"floor":35,"key":"LiquidBronze"}],"is_trial":false,"path_per_floor":["M","?","$","?","M","R","M","R","T","R","$","M","M","?","R","B",null,"M","?","M","M","M","R","M","M","T","?","M","R","M","M","R","B",null,"M","M","?","?","M","R","$","M","T","R","?","M","M","M","R","B",null],"character_chosen":"IRONCLAD","items_purchased":["Inflame+1","Twin Strike","Metallicize+1"],"campfire_rested":1,"item_purchase_floors":[3,3,11],"current_hp_per_floor":[85,74,74,74,72,72,78,78,78,78,78,84,85,85,85,50,85,80,80,80,83,85,85,90,79,79,79,81,81,90,90,90,55,90,76,75,90,90,82,82,82,35,45,90,90,96,100,100,100,94],"gold":117,"neow_bonus":"","is_daily":true,"chose_seed":false,"campfire_upgraded":9,"win_rate":0.0,"timestamp":1613043408,"path_taken":["M","?","$","?","M","R","M","R","T","R","?","?","M","?","R","BOSS","M","?","M","M","M","R","M","M","T","?","M","R","M","M","R","BOSS","M","M","?","?","?","R","?","M","T","R","?","M","?","M","R","BOSS"],"items_purchased_type":["Card","Card","Card"],"build_version":"2020-12-22","purchased_purges":0,"victory":true,"max_hp_per_floor":[85,85,85,85,85,85,85,85,85,85,85,85,85,85,85,85,85,85,85,85,85,85,85,90,90,90,90,90,90,90,90,90,90,90,90,90,90,90,90,90,90,90,100,100,100,100,100,100,100,100],"card_choices":[{"not_picked":["Exhume"],"picked":"Reaper","floor":16},{"not_picked":["Exhume","Demon Form+1"],"picked":"Berserk+1","floor":33},{"not_picked":["Bloodletting","Searing Blow"],"picked":"Armaments","floor":37},{"not_picked":["Perfected Strike","Wild Strike+1"],"picked":"Metallicize+1","floor":38}],"player_experience":91079,"relics_obtained":[{"floor":1,"key":"Frozen Egg 2"},{"floor":5,"key":"Anchor"},{"floor":7,"key":"Art of War"},{"floor":9,"key":"Matryoshka"},{"floor":12,"key":"Toy Ornithopter"},{"floor":13,"key":"Boot"},{"floor":18,"key":"Akabeko"},{"floor":20,"key":"Kunai"},{"floor":21,"key":"Oddly Smooth Stone"},{"floor":22,"key":"Dead Branch"},{"floor":24,"key":"Meat on the Bone"},{"floor":25,"key":"MawBank"},{"floor":26,"key":"Paper Frog"},{"floor":26,"key":"PreservedInsect"},{"floor":28,"key":"Question Card"},{"floor":30,"key":"Regal Pillow"},{"floor":31,"key":"Bronze Scales"},{"floor":35,"key":"Happy Flower"},{"floor":36,"key":"Thread and Needle"},{"floor":38,"key":"Ice Cream"},{"floor":39,"key":"InkBottle"},{"floor":42,"key":"Ornamental Fan"},{"floor":43,"key":"Red Skull"},{"floor":43,"key":"Pear"},{"floor":46,"key":"Nunchaku"},{"floor":47,"key":"Whetstone"},{"floor":48,"key":"Self Forming Clay"}],"event_choices":[{"damage_healed":0,"gold_gain":75,"player_choice":"Gather Gold","damage_taken":11,"max_hp_gain":0,"max_hp_loss":0,"event_name":"World of Goop","floor":2,"gold_loss":0},{"damage_healed":0,"gold_gain":0,"player_choice":"Grow","damage_taken":0,"max_hp_gain":0,"max_hp_loss":0,"event_name":"Living Wall","floor":4,"gold_loss":0,"cards_upgraded":["Bash"]},{"cards_removed":["Defend_R"],"damage_healed":0,"gold_gain":0,"player_choice":"Card Removal","damage_taken":0,"max_hp_gain":0,"max_hp_loss":0,"event_name":"The Cleric","floor":14,"gold_loss":50},{"cards_removed":["Second Wind"],"damage_healed":0,"gold_gain":0,"player_choice":"Gave Gold","damage_taken":0,"max_hp_gain":0,"max_hp_loss":0,"event_name":"Beggar","floor":19,"gold_loss":75},{"damage_healed":0,"gold_gain":0,"player_choice":"Ignored","damage_taken":0,"max_hp_gain":0,"max_hp_loss":0,"event_name":"Ghosts","floor":27,"gold_loss":0},{"damage_healed":0,"gold_gain":0,"player_choice":"Fight","damage_taken":0,"max_hp_gain":0,"max_hp_loss":0,"event_name":"Mysterious Sphere","floor":37,"gold_loss":0},{"damage_healed":0,"gold_gain":0,"player_choice":"Fight","damage_taken":0,"max_hp_gain":0,"max_hp_loss":0,"event_name":"MindBloom","floor":38,"gold_loss":0},{"damage_healed":0,"gold_gain":0,"player_choice":"Paid","damage_taken":0,"relics_obtained":["Red Mask"],"max_hp_gain":0,"max_hp_loss":0,"event_name":"Tomb of Lord Red Mask","floor":45,"gold_loss":690}],"is_beta":false,"boss_relics":[{"not_picked":["SacredBark","Runic Pyramid"],"picked":"Pandora\u0027s Box"},{"not_picked":["Runic Dome","Astrolabe"],"picked":"SlaversCollar"}],"items_purged_floors":[],"is_endless":false,"potions_floor_spawned":[1,13,16,22,24,25,28,30,33,35,36,38,42,47],"ascension_level":0}}