{"host":"msmkw03x1o7nq45i","time":1613042648,"event":{"mods":["AchievementEnabler","BaseMod","Bestiary","Colored Powertips","GifTheSpireLib","Highlight Path","Minty Spire (QoL Compilation)","Random Character Button","StSLib","everything is the same but u backflip on backflip"],"gold_per_floor":[118,132,282,296,296,296,46,46,73,38,64,64,94,108,108,108,108],"floor_reached":16,"language":"ENG","playtime":799,"items_purged":[],"score":191,"play_id":"a248bbd5-16cb-4707-97ce-345aa1ef8545","local_time":"20210211132408","is_ascension_mode":true,"campfire_choices":[{"data":"Crippling Poison","floor":6,"key":"SMITH"},{"data":"Catalyst","floor":8,"key":"SMITH"},{"data":"Noxious Fumes","floor":12,"key":"SMITH"},{"data":"All Out Attack","floor":15,"key":"SMITH"}],"circlet_count":0,"master_deck":["AscendersBane","Strike_G","Strike_G","Strike_G","Strike_G","Strike_G","Defend_G","Defend_G","Defend_G","Defend_G","Defend_G","Survivor","Neutralize","Crippling Poison+1","Backstab","Poisoned Stab","Doubt","Bouncing Flask","Catalyst+1","Noxious Fumes+1","All Out Attack+1","Poisoned Stab"],"relics":["Ring of the Snake","Strange Spoon","Odd Mushroom","Eternal Feather"],"acts_visited":["Exordium"],"potions_floor_usage":[11,16,16],"damage_taken":[{"damage":1,"enemies":"Small Slimes","floor":1,"turns":4},{"damage":0,"enemies":"2 Louse","floor":2,"turns":2},{"damage":0,"enemies":"Cultist","floor":4,"turns":3},{"damage":17,"enemies":"The Mushroom Lair","floor":11,"turns":4},{"damage":15,"enemies":"Gremlin Nob","floor":13,"turns":4},{"damage":21,"enemies":"Exordium Thugs","floor":14,"turns":6},{"damage":30,"enemies":"Hexaghost","floor":16,"turns":8}],"seed_played":"1929015181571154298","potions_obtained":[{"floor":1,"key":"SkillPotion"},{"floor":2,"key":"SteroidPotion"},{"floor":13,"key":"FearPotion"}],"is_trial":false,"path_per_floor":["M","M","?","M","?","R","$","R","T","?","?","R","E","M","R","B"],"character_chosen":"THE_SILENT","items_purchased":["Strange Spoon","Catalyst"],"campfire_rested":0,"item_purchase_floors":[7,7],"current_hp_per_floor":[58,58,58,58,63,63,63,63,63,71,54,54,39,18,30,0,0],"gold":108,"neow_bonus":"THREE_CARDS","is_daily":false,"chose_seed":false,"campfire_upgraded":4,"win_rate":0.0,"timestamp":1613042648,"path_taken":["M","M","?","M","?","R","$","R","T","?","?","R","E","M","R","BOSS"],"items_purchased_type":["Relic","Card"],"build_version":"2020-12-22","purchased_purges":0,"victory":false,"max_hp_per_floor":[66,66,66,66,71,71,71,71,71,71,71,71,71,71,71,71,71],"card_choices":[{"not_picked":["Dagger Throw","Finisher"],"picked":"Crippling Poison","floor":0},{"not_picked":["Blade Dance","Escape Plan"],"picked":"Backstab","floor":1},{"not_picked":["Deadly Poison","Quick Slash"],"picked":"Poisoned Stab","floor":2},{"not_picked":["Flechettes","Riddle With Holes"],"picked":"Bouncing Flask","floor":4},{"not_picked":["Caltrops","Dagger Spray"],"picked":"Noxious Fumes","floor":11},{"not_picked":["Dagger Throw","Flying Knee"],"picked":"All Out Attack","floor":13},{"not_picked":["Quick Slash","Backstab"],"picked":"Poisoned Stab","floor":14}],"player_experience":526182,"relics_obtained":[{"floor":11,"key":"Odd Mushroom"},{"floor":13,"key":"Eternal Feather"}],"event_choices":[{"damage_healed":0,"gold_gain":150,"player_choice":"AGREE","damage_taken":0,"max_hp_gain":0,"max_hp_loss":0,"event_name":"Liars Game","floor":3,"gold_loss":0,"cards_obtained":["Doubt"]},{"damage_healed":0,"gold_gain":0,"player_choice":"Donut","damage_taken":0,"max_hp_gain":5,"max_hp_loss":0,"event_name":"Big Fish","floor":5,"gold_loss":0},{"damage_healed":17,"gold_gain":0,"player_choice":"Healed","damage_taken":0,"max_hp_gain":0,"max_hp_loss":0,"event_name":"The Cleric","floor":10,"gold_loss":35},{"damage_healed":0,"gold_gain":0,"player_choice":"Fought Mushrooms","damage_taken":0,"max_hp_gain":0,"max_hp_loss":0,"event_name":"Mushrooms","floor":11,"gold_loss":0}],"is_beta":false,"boss_relics":[],"items_purged_floors":[],"is_endless":false,"potions_floor_spawned":[1,2,13,14],"killed_by":"Hexaghost","ascension_level":19}}