{"host":"n9qmgrsa9l2j981v","time":1613071240,"event":{"mods":["BaseMod","Bestiary","Minty Spire (QoL Compilation)","Relic Stats","StSLib"],"gold_per_floor":[114,114,133,283,45,45,75,75,75,88,88,88,88,121,121,196,196,211,211,223,242,12,12,12,37,60,60,60],"floor_reached":27,"language":"ENG","playtime":657,"items_purged":["Doubt"],"score":524,"play_id":"276d3bcc-e670-475b-a680-2e28e1534c83","local_time":"20210211112040","is_ascension_mode":true,"campfire_choices":[{"data":"Inflame","floor":6.0,"key":"SMITH"},{"data":"Bash","floor":8.0,"key":"SMITH"},{"data":"Pommel Strike","floor":11.0,"key":"SMITH"},{"floor":13.0,"key":"RECALL"},{"data":"Pummel","floor":15.0,"key":"SMITH"},{"floor":23.0,"key":"REST"},{"floor":24.0,"key":"REST"}],"circlet_count":0,"master_deck":["AscendersBane","Strike_R","Strike_R","Strike_R","Strike_R","Defend_R+1","Defend_R","Defend_R+1","Defend_R","Bash+1","Inflame+1","Shrug It Off","Pommel Strike+1","Reaper","Pummel+1","Demon Form+1","Uppercut","Rampage","True Grit","Sword Boomerang+1","Reaper","Inflame+1"],"relics":["Burning Blood","NeowsBlessing","War Paint","PreservedInsect","WingedGreaves","Frozen Egg 2","Question Card","Philosopher\u0027s Stone","Thread and Needle","Ancient Tea Set"],"acts_visited":["Exordium","TheCity"],"potions_floor_usage":[25],"damage_taken":[{"damage":0.0,"enemies":"Small Slimes","floor":1.0,"turns":1.0},{"damage":0.0,"enemies":"Jaw Worm","floor":3.0,"turns":1.0},{"damage":0.0,"enemies":"3 Sentries","floor":7.0,"turns":1.0},{"damage":4.0,"enemies":"2 Louse","floor":10.0,"turns":3.0},{"damage":33.0,"enemies":"Gremlin Nob","floor":14.0,"turns":4.0},{"damage":28.0,"enemies":"The Guardian","floor":16.0,"turns":9.0},{"damage":22.0,"enemies":"Spheric Guardian","floor":18.0,"turns":4.0},{"damage":0.0,"enemies":"Chosen","floor":20.0,"turns":3.0},{"damage":75.0,"enemies":"3 Cultists","floor":21.0,"turns":6.0},{"damage":19,"enemies":"Book of Stabbing","floor":25,"turns":3},{"damage":83,"enemies":"Slavers","floor":27,"turns":5}],"seed_played":"-8952107150527310930","potions_obtained":[{"floor":1.0,"key":"SteroidPotion"},{"floor":14.0,"key":"PowerPotion"},{"floor":16.0,"key":"Ancient Potion"},{"floor":21.0,"key":"AttackPotion"},{"floor":25,"key":"SpeedPotion"}],"is_trial":false,"path_per_floor":["M","?","M","?","$","R","E","R","T","M","R","?","R","E","R","B",null,"M","?","M","M","$","R","R","E","T","E"],"character_chosen":"IRONCLAD","items_purchased":["PreservedInsect","Reaper","Inflame+1"],"campfire_rested":2,"item_purchase_floors":[5,22,22],"current_hp_per_floor":[74,56,62,62,62,62,68,68,68,70,70,70,70,46,46,55,70,62,62,68,13,13,35,57,44,44,0,0],"gold":60,"neow_bonus":"THREE_ENEMY_KILL","is_daily":false,"chose_seed":false,"campfire_upgraded":4,"win_rate":0.0,"timestamp":1613071240,"path_taken":["M","?","M","?","$","R","E","R","T","M","R","?","R","E","R","BOSS","M","?","?","M","$","R","R","E","T","E"],"items_purchased_type":["Relic","Card","Card"],"build_version":"2020-12-22","purchased_purges":1,"victory":false,"max_hp_per_floor":[75,75,75,75,75,75,75,75,75,75,75,75,75,75,75,75,75,75,75,75,75,75,75,75,75,75,75,75],"relic_stats":{"counters":[11,40],"PreservedInsect":105,"War Paint":["Defend_R","Defend_R"],"Question Card":5,"obtain_stats":[{"NeowsBlessing":0,"Philosopher\u0027s Stone":17,"Thread and Needle":25,"PreservedInsect":5,"WingedGreaves":7,"War Paint":2,"Frozen Egg 2":9,"Question Card":14,"Ancient Tea Set":26,"Burning Blood":0},{"NeowsBlessing":0,"Philosopher\u0027s Stone":6,"Thread and Needle":10,"PreservedInsect":2,"WingedGreaves":3,"War Paint":1,"Frozen Egg 2":3,"Question Card":5,"Ancient Tea Set":10,"Burning Blood":0},{"NeowsBlessing":0,"Philosopher\u0027s Stone":19,"Thread and Needle":35,"PreservedInsect":2,"WingedGreaves":3,"War Paint":1,"Frozen Egg 2":3,"Question Card":10,"Ancient Tea Set":35,"Burning Blood":0}],"Burning Blood":60},"card_choices":[{"not_picked":["Sword Boomerang","Twin Strike"],"picked":"Inflame","floor":1.0},{"not_picked":["Reckless Charge","Perfected Strike"],"picked":"Shrug It Off","floor":3.0},{"not_picked":["Seeing Red","Heavy Blade"],"picked":"Pommel Strike","floor":7.0},{"not_picked":["Warcry","True Grit"],"picked":"Reaper","floor":10.0},{"not_picked":["Heavy Blade","Thunderclap","Flex"],"picked":"SKIP","floor":14.0},{"not_picked":["Feed","Reaper","Corruption+1"],"picked":"Demon Form+1","floor":16.0},{"not_picked":["Flex","Bloodletting","Rampage"],"picked":"Uppercut","floor":18.0},{"not_picked":["Shrug It Off","Bloodletting","Anger+1"],"picked":"True Grit","floor":20.0},{"not_picked":["Shrug It Off","Uppercut","Seeing Red"],"picked":"Sword Boomerang+1","floor":21.0},{"not_picked":["Headbutt","Armaments","Perfected Strike","Hemokinesis"],"picked":"SKIP","floor":25}],"player_experience":689564,"relics_obtained":[{"floor":7.0,"key":"WingedGreaves"},{"floor":9.0,"key":"Frozen Egg 2"},{"floor":14.0,"key":"Question Card"},{"floor":25,"key":"Thread and Needle"},{"floor":26,"key":"Ancient Tea Set"}],"event_choices":[{"damage_healed":0.0,"max_hp_gain":0.0,"max_hp_loss":0.0,"gold_gain":0.0,"event_name":"Scrap Ooze","player_choice":"Success","floor":2.0,"gold_loss":0.0,"damage_taken":18.0,"relics_obtained":["War Paint"]},{"damage_healed":0.0,"max_hp_gain":0.0,"max_hp_loss":0.0,"gold_gain":150.0,"event_name":"Liars Game","player_choice":"AGREE","floor":4.0,"gold_loss":0.0,"damage_taken":0.0,"cards_obtained":["Doubt"]},{"damage_healed":0.0,"max_hp_gain":0.0,"max_hp_loss":0.0,"gold_gain":0.0,"cards_transformed":["Strike_R"],"event_name":"Living Wall","player_choice":"Change","floor":12.0,"gold_loss":0.0,"damage_taken":0.0,"cards_obtained":["Pummel"]},{"damage_healed":0.0,"max_hp_gain":0.0,"max_hp_loss":0.0,"gold_gain":0.0,"event_name":"Match and Keep!","player_choice":"1 cards matched","floor":19.0,"gold_loss":0.0,"damage_taken":0.0,"cards_obtained":["Rampage"]}],"is_beta":false,"boss_relics":[{"not_picked":["Runic Cube","Cursed Key"],"picked":"Philosopher\u0027s Stone"}],"items_purged_floors":[5],"is_endless":false,"potions_floor_spawned":[1,14,16,21,25],"killed_by":"Slavers","ascension_level":20}}