{"host":"o9lehcdjc4u6j9un","time":1613033097,"event":{"mods":["Aspiration","BaseMod","Better-Laid Plans","Colored Map","Downfall","Gremlin Mod","Hermit","Marisa£®ÏF”Í°°ƒß¿Ì…≥£©","Minty Spire (QoL Compilation)","Remilia£®¿Ÿ√◊¿Ú—«£©","StSLib","The Alterego","The Hierophant","The Runesmith","The Senshi","The Servant 0.9.4","Yakumo Yukari mod","Youmu£®ªÍ∆«—˝√Œ£©","≤–¡Ù÷ÆŒÔ"],"gold_per_floor":[113,6,20,40,50,80,95,82,106,31,11,11],"floor_reached":11,"language":"ZHS","playtime":1213,"items_purged":["hierophant:Strike_Hierophant"],"score":77,"play_id":"0de26f20-51a4-4271-9a05-f1669285ae05","local_time":"20210211164457","is_ascension_mode":false,"campfire_choices":[],"circlet_count":0,"master_deck":["hierophant:Strike_Hierophant","hierophant:Strike_Hierophant","hierophant:Strike_Hierophant","hierophant:Punish","hierophant:Defend_Hierophant","hierophant:Defend_Hierophant","hierophant:Defend_Hierophant","hierophant:Defend_Hierophant","hierophant:ChurchCoffers","hierophant:RepressedViolence","hierophant:HolyVerse","hierophant:Patience","hierophant:PassingBell","hierophant:Doomsaying","hierophant:RepressedViolence","hierophant:MintersHammer"],"relics":["hierophant:PropheticMaskRelic","Vajra","Tiny Chest"],"acts_visited":["Exordium"],"potions_floor_usage":[6],"damage_taken":[{"damage":1,"enemies":"2 Louse","floor":1,"turns":4},{"damage":1,"enemies":"Cultist","floor":3,"turns":3},{"damage":5,"enemies":"Small Slimes","floor":4,"turns":3},{"damage":0,"enemies":"Exordium Wildlife","floor":5,"turns":3},{"damage":18,"enemies":"3 Sentries","floor":6,"turns":10},{"damage":4,"enemies":"2 Fungi Beasts","floor":7,"turns":3},{"damage":10,"enemies":"Looter","floor":8,"turns":4},{"damage":49,"enemies":"Lagavulin","floor":11,"turns":5}],"seed_played":"1804000238088862599","potions_obtained":[{"floor":3,"key":"champ:CounterPotion"},{"floor":5,"key":"SkillPotion"},{"floor":6,"key":"Block Potion"},{"floor":8,"key":"SpeedPotion"}],"is_trial":false,"path_per_floor":["M","?","M","M","M","E","M","M","T","$","E"],"character_chosen":"HIEROPHANT","items_purchased":[],"campfire_rested":0,"item_purchase_floors":[],"current_hp_per_floor":[81,81,80,75,75,57,53,43,43,43,0,0],"gold":11,"neow_bonus":"TEN_PERCENT_HP_BONUS","is_daily":false,"chose_seed":false,"campfire_upgraded":0,"win_rate":0.0,"timestamp":1613033097,"path_taken":["M","?","M","M","M","E","M","M","T","$","E"],"items_purchased_type":[],"build_version":"2020-12-22","purchased_purges":1,"victory":false,"max_hp_per_floor":[82,82,82,82,82,82,82,82,82,82,82,82],"card_choices":[{"not_picked":["hierophant:ArchangelShield","hierophant:Purify"],"picked":"hierophant:RepressedViolence","floor":1},{"not_picked":["hierophant:TollTheBells","hierophant:Remorse"],"picked":"hierophant:HolyVerse","floor":3},{"not_picked":["hierophant:ConvertCurrency","hierophant:CoinFling"],"picked":"hierophant:Patience","floor":4},{"not_picked":["hierophant:RecallFunds","hierophant:RustyCrate"],"picked":"hierophant:PassingBell","floor":5},{"not_picked":["hierophant:HammerAndAnvil","hierophant:DeathKnell"],"picked":"hierophant:Doomsaying","floor":6},{"not_picked":["hierophant:CursedGold","hierophant:Remorse"],"picked":"hierophant:RepressedViolence","floor":7},{"not_picked":["hierophant:HammerAndAnvil","hierophant:FieryStrike"],"picked":"hierophant:MintersHammer","floor":8}],"player_experience":214491,"relics_obtained":[{"floor":6,"key":"Tiny Chest"}],"event_choices":[{"damage_healed":0,"gold_gain":0,"player_choice":"Paid Gold","damage_taken":0,"relics_obtained":["Vajra"],"max_hp_gain":0,"max_hp_loss":0,"event_name":"WeMeetAgain","floor":2,"gold_loss":107}],"is_beta":false,"boss_relics":[],"items_purged_floors":[10],"is_endless":false,"potions_floor_spawned":[3,5,6,8],"killed_by":"Lagavulin","ascension_level":0}}