{"host":"gkm149kh1ihaqy0o","time":1613061354,"event":{"mods":["AchievementEnabler","BaseMod","Colored Powertips","Curses Come First","Dark Map","Googly Eyes","Key Reminder","Minty Spire (QoL Compilation)","Permanent Neow","Quick Restart","Random Character Button","Rare Cards Sparkle","Relic Sorter","Relic Stats","StSLib","SuperFastMode","Unceasing Turn Reminder","everything is the same but u backflip on backflip"],"gold_per_floor":[114,129,204,219,219,249,264,15,15,30,30,60,75,105,105,205,205,220,21,21,48,75,117,129,156,218,245,257,299,311,248,260,272,272],"floor_reached":33,"language":"ENG","playtime":1221,"items_purged":["Strike_P","Defend_P"],"score":382,"play_id":"84ebaabf-5fe0-410b-93f7-9f56d0d12eeb","local_time":"20210211103554","daily_mods":["Allstar","Vintage","Binary"],"is_ascension_mode":false,"campfire_choices":[{"floor":15,"key":"REST"},{"data":"Blasphemy","floor":24,"key":"SMITH"},{"floor":28,"key":"REST"},{"data":"ForeignInfluence","floor":32,"key":"SMITH"}],"circlet_count":0,"master_deck":["Strike_P","Strike_P","Defend_P","Defend_P","Defend_P","Eruption","Vigilance","Swift Strike","Dark Shackles","Sadistic Nature","Master of Strategy","Panacea","ForeignInfluence+1","BowlingBash","ClearTheMind","Consecrate","ReachHeaven","Blasphemy+1","Protect","Writhe","EmptyBody","InnerPeace"],"relics":["PureWater","Frozen Egg 2","Anchor","Art of War","Toy Ornithopter","Boot","Lantern","Matryoshka","Akabeko","Kunai","Oddly Smooth Stone","Prayer Wheel","Cursed Key","Meat on the Bone","MawBank","TeardropLocket","Question Card","PreservedInsect","Regal Pillow","Bronze Scales","Happy Flower","Torii","InkBottle"],"acts_visited":["Exordium","TheCity"],"potions_floor_usage":[2,6,7,14,16,18,22,27],"damage_taken":[{"damage":3,"enemies":"2 Louse","floor":1,"turns":3},{"damage":1,"enemies":"Jaw Worm","floor":2,"turns":3},{"damage":0,"enemies":"Cultist","floor":4,"turns":2},{"damage":11,"enemies":"3 Sentries","floor":6,"turns":8},{"damage":0,"enemies":"Exordium Wildlife","floor":7,"turns":2},{"damage":0,"enemies":"Looter","floor":10,"turns":3},{"damage":19,"enemies":"Lagavulin","floor":12,"turns":5},{"damage":0,"enemies":"Large Slime","floor":13,"turns":2},{"damage":0,"enemies":"3 Sentries","floor":14,"turns":3},{"damage":55,"enemies":"Hexaghost","floor":16,"turns":6},{"damage":16,"enemies":"2 Thieves","floor":18,"turns":3},{"damage":3,"enemies":"Spheric Guardian","floor":21,"turns":3},{"damage":0,"enemies":"Centurion and Healer","floor":22,"turns":4},{"damage":0,"enemies":"Gremlin Leader","floor":23,"turns":3},{"damage":0,"enemies":"Cultist and Chosen","floor":25,"turns":3},{"damage":15,"enemies":"Shelled Parasite and Fungi","floor":27,"turns":4},{"damage":0,"enemies":"Book of Stabbing","floor":29,"turns":4},{"damage":100010,"enemies":"Collector","floor":33,"turns":8}],"seed_played":"-587577638262706789","potions_obtained":[{"floor":1,"key":"Fruit Juice"},{"floor":2,"key":"Weak Potion"},{"floor":4,"key":"Block Potion"},{"floor":13,"key":"BlessingOfTheForge"},{"floor":14,"key":"Fruit Juice"},{"floor":16,"key":"EssenceOfSteel"},{"floor":18,"key":"PowerPotion"},{"floor":25,"key":"Ambrosia"},{"floor":27,"key":"LiquidBronze"},{"floor":29,"key":"DuplicationPotion"}],"is_trial":false,"path_per_floor":["M","M","?","M","?","E","M","$","T","M","$","E","M","E","R","B",null,"M","$","?","M","M","E","R","M","T","M","R","E","T","?","R","B"],"character_chosen":"WATCHER","items_purchased":["Lantern","ClearTheMind","Protect","PowerPotion"],"campfire_rested":2,"item_purchase_floors":[8,8,19,19],"current_hp_per_floor":[69,73,62,62,62,51,56,56,56,56,56,37,37,47,71,21,82,66,66,66,63,68,68,68,68,68,58,82,82,82,82,82,0,0],"gold":272,"neow_bonus":"","is_daily":true,"chose_seed":false,"campfire_upgraded":2,"win_rate":0.0,"timestamp":1613061354,"path_taken":["M","M","?","M","?","E","M","$","T","M","?","E","M","E","R","BOSS","M","$","?","M","M","E","R","M","T","M","R","E","?","?","R","BOSS"],"items_purchased_type":["Relic","Card","Card","Potion"],"build_version":"2020-12-22","purchased_purges":2,"victory":false,"max_hp_per_floor":[72,77,77,77,77,77,77,77,77,77,77,77,77,82,82,82,82,82,82,82,82,82,82,82,82,82,82,82,82,82,82,82,82,82],"relic_stats":{"Regal Pillow":0,"Happy Flower":[5],"Torii":2,"counters":[18,68],"PreservedInsect":40,"Boot":[14],"Cursed Key":1,"MawBank":156,"Question Card":2,"Bronze Scales":[45],"Prayer Wheel":0,"Art of War":[5],"Kunai":[19],"obtain_stats":[{"Lantern":8,"Regal Pillow":25,"Happy Flower":26,"Torii":27,"Oddly Smooth Stone":13,"PreservedInsect":23,"TeardropLocket":21,"Frozen Egg 2":1,"Boot":7,"Cursed Key":17,"MawBank":20,"Question Card":22,"Akabeko":10,"Anchor":2,"Matryoshka":9,"Bronze Scales":26,"Prayer Wheel":14,"Art of War":4,"Kunai":12,"PureWater":0,"Toy Ornithopter":6,"InkBottle":29,"Meat on the Bone":18},{"Lantern":5,"Regal Pillow":15,"Happy Flower":15,"Torii":16,"Oddly Smooth Stone":8,"PreservedInsect":14,"TeardropLocket":12,"Frozen Egg 2":1,"Boot":5,"Cursed Key":10,"MawBank":11,"Question Card":13,"Akabeko":6,"Anchor":2,"Matryoshka":5,"Bronze Scales":15,"Prayer Wheel":9,"Art of War":3,"Kunai":7,"PureWater":0,"Toy Ornithopter":4,"InkBottle":17,"Meat on the Bone":11},{"Lantern":18,"Regal Pillow":53,"Happy Flower":53,"Torii":57,"Oddly Smooth Stone":28,"PreservedInsect":50,"TeardropLocket":43,"Frozen Egg 2":3,"Boot":18,"Cursed Key":37,"MawBank":40,"Question Card":47,"Akabeko":21,"Anchor":6,"Matryoshka":18,"Bronze Scales":53,"Prayer Wheel":31,"Art of War":8,"Kunai":26,"PureWater":0,"Toy Ornithopter":16,"InkBottle":61,"Meat on the Bone":40}],"Toy Ornithopter":25,"InkBottle":[3],"Meat on the Bone":0},"card_choices":[{"not_picked":["Prostrate"],"picked":"BowlingBash","floor":6},{"not_picked":["WreathOfFlame"],"picked":"Consecrate","floor":12},{"not_picked":["EmptyBody"],"picked":"ReachHeaven","floor":14},{"not_picked":["Devotion+1"],"picked":"Blasphemy","floor":16},{"not_picked":["CarveReality","Perseverance"],"picked":"EmptyBody","floor":23},{"not_picked":["Vengeance","Prostrate+1"],"picked":"InnerPeace","floor":29}],"player_experience":658781,"relics_obtained":[{"floor":1,"key":"Frozen Egg 2"},{"floor":2,"key":"Anchor"},{"floor":4,"key":"Art of War"},{"floor":6,"key":"Toy Ornithopter"},{"floor":7,"key":"Boot"},{"floor":9,"key":"Matryoshka"},{"floor":10,"key":"Akabeko"},{"floor":12,"key":"Kunai"},{"floor":13,"key":"Oddly Smooth Stone"},{"floor":14,"key":"Prayer Wheel"},{"floor":18,"key":"Meat on the Bone"},{"floor":21,"key":"TeardropLocket"},{"floor":22,"key":"Question Card"},{"floor":23,"key":"PreservedInsect"},{"floor":25,"key":"Regal Pillow"},{"floor":26,"key":"Bronze Scales"},{"floor":26,"key":"Happy Flower"},{"floor":27,"key":"Torii"},{"floor":29,"key":"InkBottle"}],"event_choices":[{"damage_healed":0,"gold_gain":75,"player_choice":"Gather Gold","damage_taken":11,"max_hp_gain":0,"max_hp_loss":0,"event_name":"World of Goop","floor":3,"gold_loss":0},{"damage_healed":0,"gold_gain":0,"cards_transformed":["Strike_P"],"player_choice":"Change","damage_taken":0,"max_hp_gain":0,"max_hp_loss":0,"event_name":"Living Wall","floor":5,"gold_loss":0,"cards_obtained":["ForeignInfluence"]},{"damage_healed":0,"gold_gain":0,"player_choice":"Opened","damage_taken":0,"relics_obtained":["MawBank"],"max_hp_gain":0,"max_hp_loss":0,"event_name":"The Mausoleum","floor":20,"gold_loss":0,"cards_obtained":["Writhe"]},{"cards_removed":["Doubt"],"damage_healed":0,"gold_gain":0,"player_choice":"Gave Gold","damage_taken":0,"max_hp_gain":0,"max_hp_loss":0,"event_name":"Beggar","floor":31,"gold_loss":75}],"is_beta":false,"boss_relics":[{"not_picked":["SlaversCollar","SacredBark"],"picked":"Cursed Key"}],"items_purged_floors":[8,19],"is_endless":false,"potions_floor_spawned":[1,2,4,13,14,16,18,25,27,29],"killed_by":"Collector","ascension_level":0}}