{"host":"5y2vm16xfq9gfmb2","time":1613086575,"event":{"mods":["AchievementEnabler","BaseMod","Better Third Choice","Colored Map","Colored Powertips","DeckTracker","Marisa????????","Minty Spire (QoL Compilation)","Rare Cards Sparkle","Relic Stats","StSLib","The Alterego","The Servant 0.9.4"],"gold_per_floor":[110,121,140,215,215,246,62,62,62,74,74,74,90,107,107,212,212,224,224,239,199,213,213,56,71,149,149,165,80,110,120,120,215,215,231,242,242,242],"floor_reached":37,"language":"ENG","playtime":1954,"items_purged":[],"score":443,"play_id":"731f6192-4a7c-4397-8f76-7e7bb205769b","local_time":"20210211183615","is_ascension_mode":false,"campfire_choices":[{"floor":8,"key":"REST"},{"floor":15,"key":"REST"},{"floor":23,"key":"REST"},{"floor":27,"key":"REST"},{"floor":32,"key":"REST"}],"circlet_count":0,"master_deck":["Strike_P","Strike_P+1","Defend_P","Defend_P","Defend_P","Defend_P","Eruption","Vigilance","EmptyFist","BattleHymn+1","FlurryOfBlows","DevaForm","Establishment","Halt","Consecrate","Prostrate","Protect","Ragnarok","Prostrate+1","SandsOfTime+1","JustLucky+1","Sanctity+1","LikeWater","FlyingSleeves+1","Study","FlurryOfBlows","Meditate","ClearTheMind+1","Devotion","DeceiveReality+1","EmptyFist+1","Judgement","ForeignInfluence","TalkToTheHand"],"relics":["PureWater","NeowsBlessing","Letter Opener","Sundial","Dream Catcher","Astrolabe","Whetstone","Eternal Feather","Happy Flower","Bottled Tornado","VioletLotus"],"acts_visited":["Exordium","TheCity","TheBeyond"],"potions_floor_usage":[16,22,22,25,33,33],"damage_taken":[{"damage":0,"enemies":"Small Slimes","floor":1,"turns":1},{"damage":0,"enemies":"2 Louse","floor":2,"turns":1},{"damage":0,"enemies":"Cultist","floor":3,"turns":1},{"damage":27,"enemies":"3 Sentries","floor":6,"turns":6},{"damage":8,"enemies":"Looter","floor":10,"turns":2},{"damage":13,"enemies":"3 Louse","floor":13,"turns":4},{"damage":5,"enemies":"Exordium Thugs","floor":14,"turns":4},{"damage":45,"enemies":"Hexaghost","floor":16,"turns":9},{"damage":0,"enemies":"Chosen","floor":18,"turns":5},{"damage":25,"enemies":"3 Byrds","floor":20,"turns":5},{"damage":20,"enemies":"Centurion and Healer","floor":22,"turns":4},{"damage":27,"enemies":"3 Cultists","floor":25,"turns":5},{"damage":7,"enemies":"Snecko","floor":28,"turns":5},{"damage":5,"enemies":"Book of Stabbing","floor":30,"turns":3},{"damage":33,"enemies":"Centurion and Healer","floor":31,"turns":5},{"damage":0,"enemies":"Automaton","floor":33,"turns":8},{"damage":21,"enemies":"3 Darklings","floor":35,"turns":4},{"damage":4,"enemies":"Orb Walker","floor":36,"turns":5},{"damage":45,"enemies":"Jaw Worm Horde","floor":37,"turns":2}],"seed_played":"-1544512456219779891","potions_obtained":[{"floor":10,"key":"EssenceOfSteel"},{"floor":14,"key":"AttackPotion"},{"floor":21,"key":"Strength Potion"},{"floor":21,"key":"Block Potion"},{"floor":21,"key":"StancePotion"},{"floor":22,"key":"SkillPotion"},{"floor":30,"key":"SpeedPotion"},{"floor":31,"key":"LiquidBronze"}],"is_trial":false,"path_per_floor":["M","M","M","?","?","E","$","R","T","M","?","?","M","M","R","B",null,"M","?","M","?","M","R","$","M","T","R","M","?","E","M","R","B",null,"M","M","M"],"character_chosen":"WATCHER","items_purchased":["Establishment","Halt","Whetstone"],"campfire_rested":5,"item_purchase_floors":[7,7,24],"current_hp_per_floor":[72,72,72,61,61,34,34,55,55,47,65,58,45,40,61,16,72,72,69,44,44,24,44,44,17,17,52,45,45,40,7,45,45,69,48,44,0,0],"gold":242,"neow_bonus":"THREE_ENEMY_KILL","is_daily":false,"chose_seed":false,"campfire_upgraded":0,"win_rate":0.0,"timestamp":1613086575,"path_taken":["M","M","M","?","?","E","$","R","T","?","?","?","M","M","R","BOSS","M","?","?","?","?","R","$","M","T","R","M","?","E","M","R","BOSS","M","M","M"],"items_purchased_type":["Card","Card","Relic"],"build_version":"2020-12-22","purchased_purges":0,"victory":false,"max_hp_per_floor":[72,72,72,72,72,72,72,72,72,72,72,72,72,72,72,72,72,72,69,69,69,69,69,69,69,69,69,69,69,69,69,69,69,69,69,69,69,69],"relic_stats":{"Dream Catcher":4,"Happy Flower":[9],"counters":[19,79],"Sundial":[4],"Astrolabe":["Prostrate","SandsOfTime","JustLucky"],"Eternal Feather":33,"VioletLotus":[1],"Letter Opener":[141],"Whetstone":["Strike_P","FlyingSleeves"],"obtain_stats":[{"Dream Catcher":12,"NeowsBlessing":0,"Happy Flower":29,"Sundial":9,"Astrolabe":17,"Eternal Feather":26,"VioletLotus":34,"Letter Opener":6,"Whetstone":24,"PureWater":0,"Bottled Tornado":30},{"Dream Catcher":5,"NeowsBlessing":0,"Happy Flower":13,"Sundial":4,"Astrolabe":8,"Eternal Feather":12,"VioletLotus":16,"Letter Opener":4,"Whetstone":11,"PureWater":0,"Bottled Tornado":14},{"Dream Catcher":11,"NeowsBlessing":0,"Happy Flower":52,"Sundial":9,"Astrolabe":28,"Eternal Feather":47,"VioletLotus":68,"Letter Opener":9,"Whetstone":42,"PureWater":0,"Bottled Tornado":55}]},"card_choices":[{"not_picked":["ThirdEye","EmptyBody"],"picked":"EmptyFist","floor":1},{"not_picked":["EmptyBody","Prostrate"],"picked":"BattleHymn","floor":2},{"not_picked":["Evaluate","ClearTheMind"],"picked":"FlurryOfBlows","floor":3},{"not_picked":["FlurryOfBlows","ThirdEye"],"picked":"DevaForm","floor":6},{"not_picked":["FlurryOfBlows","Sanctity"],"picked":"Consecrate","floor":10},{"not_picked":["FlyingSleeves","Halt"],"picked":"Prostrate","floor":13},{"not_picked":["EmptyFist","Crescendo"],"picked":"ThirdEye","floor":14},{"not_picked":["Fasting2","FollowUp"],"picked":"Protect","floor":15},{"not_picked":["Scrawl","Blasphemy"],"picked":"Ragnarok","floor":16},{"not_picked":["EmptyBody+1","SignatureMove"],"picked":"Sanctity+1","floor":18},{"not_picked":["Adaptation","Nirvana"],"picked":"LikeWater","floor":20},{"not_picked":["ClearTheMind","SashWhip+1"],"picked":"FlyingSleeves","floor":22},{"not_picked":["ClearTheMind","JustLucky"],"picked":"Study","floor":23},{"not_picked":["FlyingSleeves","ThirdEye"],"picked":"FlurryOfBlows","floor":25},{"not_picked":["Evaluate","FlyingSleeves"],"picked":"Meditate","floor":27},{"not_picked":["CarveReality","Weave"],"picked":"ClearTheMind+1","floor":28},{"not_picked":["ThirdEye+1","SashWhip"],"picked":"Devotion","floor":30},{"not_picked":["SashWhip","CutThroughFate"],"picked":"DeceiveReality+1","floor":31},{"not_picked":["JustLucky","SashWhip"],"picked":"EmptyFist+1","floor":32},{"not_picked":["Blasphemy","Scrawl"],"picked":"Judgement","floor":33},{"not_picked":["Collect+1","CarveReality+1"],"picked":"ForeignInfluence","floor":35},{"not_picked":["MentalFortress","SashWhip+1"],"picked":"TalkToTheHand","floor":36}],"player_experience":37680,"relics_obtained":[{"floor":6,"key":"Letter Opener"},{"floor":9,"key":"Sundial"},{"floor":26,"key":"Eternal Feather"},{"floor":30,"key":"Bottled Tornado"}],"event_choices":[{"damage_healed":0,"gold_gain":75,"player_choice":"Gold","damage_taken":11,"max_hp_gain":0,"max_hp_loss":0,"event_name":"betterThird:BetterGoop","floor":4,"gold_loss":0},{"damage_healed":0,"gold_gain":0,"player_choice":"Forge","damage_taken":0,"max_hp_gain":0,"max_hp_loss":0,"event_name":"Accursed Blacksmith","floor":5,"gold_loss":0,"cards_upgraded":["BattleHymn"]},{"damage_healed":18,"gold_gain":0,"player_choice":"Healed and dodged fight","damage_taken":0,"max_hp_gain":0,"max_hp_loss":0,"event_name":"Mushrooms","floor":11,"gold_loss":0,"cards_obtained":["Parasite"]},{"damage_healed":0,"gold_gain":0,"player_choice":"Relic ","damage_taken":7,"max_hp_gain":0,"max_hp_loss":0,"event_name":"betterThird:BetterScrap","floor":12,"gold_loss":0,"cards_obtained":["Steam Power"]},{"cards_removed":["Parasite"],"damage_healed":0,"gold_gain":0,"player_choice":"Purged","damage_taken":0,"max_hp_gain":0,"max_hp_loss":0,"event_name":"Purifier","floor":19,"gold_loss":0},{"damage_healed":0,"gold_gain":0,"player_choice":"Bought 3 Potions","damage_taken":0,"max_hp_gain":0,"max_hp_loss":0,"event_name":"The Woman in Blue","floor":21,"gold_loss":0},{"damage_healed":0,"gold_gain":0,"player_choice":"Obtained Relic","damage_taken":0,"relics_obtained":["Happy Flower"],"max_hp_gain":0,"max_hp_loss":0,"event_name":"Addict","floor":29,"gold_loss":85}],"is_beta":false,"boss_relics":[{"not_picked":["Busted Crown","Cursed Key"],"picked":"Astrolabe"},{"not_picked":["Runic Dome","Sozu"],"picked":"VioletLotus"}],"items_purged_floors":[],"is_endless":false,"potions_floor_spawned":[10,14,22,30,31],"killed_by":"Jaw Worm Horde","ascension_level":0}}