{"host":"lxu17chzujqn8whl","time":1613080334,"event":{"mods":["BaseMod","Minty Spire (QoL Compilation)","Relic Stats","StSLib"],"gold_per_floor":[113,113,133,151,151,151,151,151],"floor_reached":7,"language":"ENG","playtime":179,"items_purged":[],"score":41,"play_id":"9cd7fa57-a973-4b9b-9315-ac7692e8d47d","local_time":"20210211135214","is_ascension_mode":false,"campfire_choices":[{"data":"Cloak And Dagger","floor":6,"key":"SMITH"}],"circlet_count":0,"master_deck":["Strike_G","Strike_G","Strike_G","Strike_G","Strike_G","Defend_G","Defend_G","Defend_G","Defend_G","Defend_G","Survivor","Neutralize","Footwork","Regret","Flying Knee","Cloak And Dagger+1"],"relics":["Ring of the Snake","Orichalcum","Anchor"],"acts_visited":["Exordium"],"potions_floor_usage":[7],"damage_taken":[{"damage":1,"enemies":"Jaw Worm","floor":1,"turns":6},{"damage":3,"enemies":"2 Louse","floor":3,"turns":3},{"damage":6,"enemies":"Cultist","floor":4,"turns":4},{"damage":1,"enemies":"Gremlin Nob","floor":7,"turns":4}],"seed_played":"-6317637058302016238","potions_obtained":[{"floor":4,"key":"Fire Potion"}],"is_trial":false,"path_per_floor":["M","?","M","M","T","R","E"],"character_chosen":"THE_SILENT","items_purchased":[],"campfire_rested":0,"item_purchase_floors":[],"current_hp_per_floor":[76,76,73,67,67,67,66,66],"gold":151,"neow_bonus":"TEN_PERCENT_HP_BONUS","is_daily":false,"chose_seed":false,"campfire_upgraded":1,"win_rate":0.0,"timestamp":1613080334,"path_taken":["M","?","M","M","?","R","E"],"items_purchased_type":[],"build_version":"2020-12-22","purchased_purges":0,"victory":false,"max_hp_per_floor":[77,77,77,77,77,77,77,77],"relic_stats":{"counters":[4,17],"Orichalcum":[6],"obtain_stats":[{"Anchor":5,"Orichalcum":2,"Ring of the Snake":0},{"Anchor":3,"Orichalcum":1,"Ring of the Snake":0},{"Anchor":13,"Orichalcum":6,"Ring of the Snake":0}],"Ring of the Snake":[8]},"card_choices":[{"not_picked":["Prepared","Underhanded Strike"],"picked":"Footwork","floor":1},{"not_picked":["Deadly Poison","Predator"],"picked":"Flying Knee","floor":3},{"not_picked":["Predator","Catalyst"],"picked":"Cloak And Dagger","floor":4}],"player_experience":664489,"relics_obtained":[{"floor":5,"key":"Anchor"}],"event_choices":[{"damage_healed":0,"gold_gain":0,"player_choice":"Box","damage_taken":0,"relics_obtained":["Orichalcum"],"max_hp_gain":0,"max_hp_loss":0,"event_name":"Big Fish","floor":2,"gold_loss":0,"cards_obtained":["Regret"]}],"is_beta":false,"boss_relics":[],"items_purged_floors":[],"is_endless":false,"potions_floor_spawned":[4],"killed_by":"Gremlin Nob","ascension_level":0}}