{"host":"sobjo4rml6cot8rh","time":1613026636,"event":{"mods":["BaseMod","Bestiary","Colored Map","Colored Powertips","Dark Map","Marisa????????","Minty Spire (QoL Compilation)","Quick Restart","Random Character Button","StSLib","The Alterego","Waifu the Spire"],"gold_per_floor":[117,134,134,60,60,60,85,85,110,145,168,168,168,189,189,189,189],"floor_reached":16,"language":"ENG","playtime":1108,"items_purged":[],"score":125,"play_id":"0a25adf5-28a3-4041-a015-27ee2f6418c4","local_time":"20210211015716","is_ascension_mode":false,"campfire_choices":[{"data":"alterego_mod:Rip","floor":6,"key":"SMITH"},{"data":"alterego_mod:PresenceConcealment","floor":8,"key":"SMITH"},{"data":"alterego_mod:PainIsPleasure","floor":13,"key":"SMITH"},{"data":"alterego_mod:Collar","floor":15,"key":"SMITH"}],"circlet_count":0,"master_deck":["alterego_mod:Strike","alterego_mod:Strike","alterego_mod:Strike","alterego_mod:Strike","alterego_mod:Defend","alterego_mod:Defend","alterego_mod:Defend","alterego_mod:Defend","alterego_mod:Impale","alterego_mod:BigMeatyClaws+1","alterego_mod:BrynhildrsRune+1","alterego_mod:Bounce","alterego_mod:DeftHands","alterego_mod:PerceptionDisorder","alterego_mod:Bounce","alterego_mod:Cooking","alterego_mod:Bounce","alterego_mod:Rip+1","alterego_mod:PresenceConcealment+1","alterego_mod:Collar+1","alterego_mod:PainIsPleasure+1","alterego_mod:Bounce"],"relics":["alterego_mod:MasochisticConstitution","NeowsBlessing","Golden Idol","Art of War","Turnip"],"acts_visited":["Exordium"],"potions_floor_usage":[16,16],"damage_taken":[{"damage":0,"enemies":"Cultist","floor":1,"turns":1},{"damage":0,"enemies":"Small Slimes","floor":2,"turns":1},{"damage":0,"enemies":"Jaw Worm","floor":7,"turns":1},{"damage":6,"enemies":"Gremlin Nob","floor":10,"turns":3},{"damage":6,"enemies":"Looter","floor":11,"turns":3},{"damage":2,"enemies":"Blue Slaver","floor":14,"turns":4},{"damage":91,"enemies":"The Guardian","floor":16,"turns":9}],"seed_played":"7529027851080666231","potions_obtained":[{"floor":1,"key":"GamblersBrew"},{"floor":7,"key":"FearPotion"},{"floor":11,"key":"Block Potion"}],"is_trial":false,"path_per_floor":["M","M","?","$","?","R","M","R","T","E","M","?","R","M","R","B"],"character_chosen":"The_Alterego","items_purchased":["alterego_mod:PresenceConcealment"],"campfire_rested":0,"item_purchase_floors":[4],"current_hp_per_floor":[70,70,70,70,65,65,65,65,65,63,67,54,54,68,68,0,0],"gold":189,"neow_bonus":"THREE_ENEMY_KILL","is_daily":false,"chose_seed":false,"campfire_upgraded":4,"win_rate":0.0,"timestamp":1613026636,"path_taken":["M","?","?","$","?","R","M","R","T","E","M","?","R","M","R","BOSS"],"items_purchased_type":["Card"],"build_version":"2020-12-22","purchased_purges":0,"victory":false,"max_hp_per_floor":[70,70,70,70,65,65,65,65,65,66,67,67,67,68,68,68,68],"card_choices":[{"not_picked":["alterego_mod:TrashNCrash","alterego_mod:Stockings"],"picked":"alterego_mod:Bounce","floor":1},{"not_picked":["alterego_mod:Punishment","alterego_mod:BustOut"],"picked":"alterego_mod:DeftHands","floor":2},{"not_picked":["alterego_mod:DiscoLights","alterego_mod:PerceptionDisorder"],"picked":"alterego_mod:Collar","floor":7},{"not_picked":["alterego_mod:Valentines","alterego_mod:RidiculouslyBig"],"picked":"alterego_mod:PainIsPleasure","floor":10},{"not_picked":["alterego_mod:PerceptionDisorder","alterego_mod:HighServant"],"picked":"alterego_mod:Bounce","floor":11},{"not_picked":["alterego_mod:Jiggle","alterego_mod:Cooking","alterego_mod:DeftHands"],"picked":"SKIP","floor":14}],"player_experience":1153154,"relics_obtained":[{"floor":9,"key":"Art of War"},{"floor":10,"key":"Turnip"}],"event_choices":[{"damage_healed":0,"gold_gain":0,"player_choice":"Lose Max HP","damage_taken":0,"relics_obtained":["Golden Idol"],"max_hp_gain":0,"max_hp_loss":5,"event_name":"Golden Idol","floor":5,"gold_loss":0},{"damage_healed":0,"gold_gain":0,"player_choice":"Entered Light","damage_taken":13,"max_hp_gain":0,"max_hp_loss":0,"event_name":"Shining Light","floor":12,"gold_loss":0,"cards_upgraded":["alterego_mod:BrynhildrsRune","alterego_mod:BigMeatyClaws"]}],"is_beta":false,"boss_relics":[],"items_purged_floors":[],"is_endless":false,"potions_floor_spawned":[1,7,11],"killed_by":"The Guardian","ascension_level":0}}