{"host":"2wfkxmfk74kgfdwc","time":1613028709,"event":{"mods":["BaseMod","Bossed Relics","Colored Map","Colored Powertips","Minty Spire (QoL Compilation)","Permanent Neow","Quick Restart","Relic Filter Mod","Relic Stats","Reliquary","Spire Arcade","StSLib","óô»ðÖ¸ÄÏ"],"gold_per_floor":[116,136,311,311,238,238,267,267,267,282,357,383,383,395,395,395,395],"floor_reached":16,"language":"ZHS","playtime":364,"items_purged":[],"score":157,"play_id":"dc148be4-b0e5-4aae-afe2-fdbc0c69b6ce","local_time":"20210211153149","is_ascension_mode":true,"campfire_choices":[{"data":"Rampage","floor":6.0,"key":"SMITH"},{"floor":8.0,"key":"REST"},{"floor":15.0,"key":"REST"}],"circlet_count":0,"master_deck":["Strike_R","Strike_R","Strike_R","Strike_R","Strike_R","Defend_R","Defend_R","Defend_R","Defend_R","Bash","Rampage+1","Dark Embrace","Pommel Strike","True Grit","Offering"],"relics":["Burning Blood","Charon\u0027s Ashes","Ginger","Paper Frog","reliquary:PartyBalloon","Kunai"],"acts_visited":["Exordium"],"potions_floor_usage":[16,16],"damage_taken":[{"damage":10.0,"enemies":"Jaw Worm","floor":1.0,"turns":5.0},{"damage":1.0,"enemies":"Cultist","floor":2.0,"turns":4.0},{"damage":30.0,"enemies":"Lagavulin","floor":7.0,"turns":7.0},{"damage":3.0,"enemies":"2 Louse","floor":10.0,"turns":3.0},{"damage":18.0,"enemies":"3 Sentries","floor":12.0,"turns":7.0},{"damage":9.0,"enemies":"Blue Slaver","floor":14.0,"turns":3.0},{"damage":81,"enemies":"Slime Boss","floor":16,"turns":7}],"seed_played":"-534162492392743589","potions_obtained":[{"floor":1.0,"key":"BloodPotion"},{"floor":7.0,"key":"SpeedPotion"}],"is_trial":false,"path_per_floor":["M","M","?","?","$","R","E","R","T","M","?","E","T","M","R","B"],"character_chosen":"IRONCLAD","items_purchased":["Dark Embrace"],"campfire_rested":2,"item_purchase_floors":[5],"current_hp_per_floor":[47,52,52,52,52,52,28,52,52,55,44,32,32,29,53,0,0],"gold":395,"neow_bonus":"ONE_RARE_RELIC","is_daily":false,"chose_seed":false,"campfire_upgraded":1,"win_rate":0.0,"timestamp":1613028709,"path_taken":["M","M","?","?","$","R","E","R","T","?","?","E","?","M","R","BOSS"],"items_purchased_type":["Card"],"build_version":"2020-12-22","purchased_purges":0,"victory":false,"max_hp_per_floor":[80,80,80,80,80,80,80,80,80,80,80,80,80,80,80,80,80],"relic_stats":{"counters":[7,36],"Charon\u0027s Ashes":[91],"Ginger":[3],"Kunai":[3],"obtain_stats":[{"reliquary:PartyBalloon":12,"Charon\u0027s Ashes":0,"Ginger":7,"Kunai":13,"Burning Blood":0,"Paper Frog":9},{"reliquary:PartyBalloon":5,"Charon\u0027s Ashes":0,"Ginger":3,"Kunai":5,"Burning Blood":0,"Paper Frog":3},{"reliquary:PartyBalloon":26,"Charon\u0027s Ashes":0,"Ginger":16,"Kunai":26,"Burning Blood":0,"Paper Frog":16}],"Burning Blood":36},"card_choices":[{"not_picked":["Pommel Strike","Heavy Blade"],"picked":"Rampage","floor":1.0},{"not_picked":["Havoc","Sword Boomerang","Uppercut"],"picked":"SKIP","floor":2.0},{"not_picked":["Iron Wave","Perfected Strike"],"picked":"Pommel Strike","floor":7.0},{"not_picked":["Heavy Blade","Clothesline"],"picked":"True Grit","floor":10.0},{"not_picked":["Clothesline","Combust","Wild Strike"],"picked":"SKIP","floor":12.0},{"not_picked":["Body Slam","True Grit"],"picked":"Offering","floor":14.0}],"player_experience":22810,"relics_obtained":[{"floor":7.0,"key":"Ginger"},{"floor":9.0,"key":"Paper Frog"},{"floor":12.0,"key":"reliquary:PartyBalloon"},{"floor":13.0,"key":"Kunai"}],"event_choices":[{"damage_healed":0.0,"max_hp_gain":0.0,"max_hp_loss":0.0,"gold_gain":175.0,"event_name":"Liars Game","player_choice":"AGREE","floor":3.0,"gold_loss":0.0,"damage_taken":0.0,"cards_obtained":["Doubt"]},{"cards_removed":["Doubt"],"damage_healed":0.0,"max_hp_gain":0.0,"max_hp_loss":0.0,"gold_gain":0.0,"event_name":"Purifier","player_choice":"Purged","floor":4.0,"gold_loss":0.0,"damage_taken":0.0},{"damage_healed":0.0,"max_hp_gain":0.0,"max_hp_loss":0.0,"gold_gain":75.0,"event_name":"World of Goop","player_choice":"Gather Gold","floor":11.0,"gold_loss":0.0,"damage_taken":11.0}],"is_beta":false,"boss_relics":[],"items_purged_floors":[],"is_endless":false,"potions_floor_spawned":[1,7],"killed_by":"Slime Boss","ascension_level":9}}