{"host":"gh97pv908ci4ql26","time":1613019927,"event":{"mods":["AchievementEnabler","BaseMod","Colored Powertips","Minty Spire (QoL Compilation)","StSLib","Together in Spire"],"gold_per_floor":[116,66,83,13,188,199,267,286,310,326,336,350,34,54,54,54,54],"floor_reached":16,"language":"ENG","playtime":1436,"items_purged":["Doubt"],"score":96,"play_id":"8df393b1-6c13-4cf2-892e-4e619cecb133","local_time":"20210210210527","is_ascension_mode":false,"campfire_choices":[{"floor":15,"key":"REST"}],"circlet_count":0,"master_deck":["Strike_P","Strike_P","Strike_P","Defend_P","Defend_P","Defend_P","Defend_P","Eruption","Vigilance","CrushJoints","Perseverance","Prostrate","Halt","Meditate","Devotion","PathToVictory","Nirvana","Weave","FearNoEvil"],"relics":["PureWater","NeowsBlessing","Letter Opener","Meat on the Bone"],"acts_visited":["Exordium"],"potions_floor_usage":[11,16,16,16],"damage_taken":[{"damage":0,"enemies":"Small Slimes","floor":1,"turns":1},{"damage":0,"enemies":"Jaw Worm","floor":3,"turns":1},{"damage":0,"enemies":"Cultist","floor":6,"turns":1},{"damage":16,"enemies":"Lots of Slimes","floor":8,"turns":4},{"damage":4,"enemies":"Gremlin Gang","floor":10,"turns":4},{"damage":14,"enemies":"Blue Slaver","floor":11,"turns":4},{"damage":14,"enemies":"Lots of Slimes","floor":12,"turns":3},{"damage":22,"enemies":"Exordium Wildlife","floor":14,"turns":8},{"damage":41,"enemies":"Hexaghost","floor":16,"turns":11}],"seed_played":"-2483168916456476467","potions_obtained":[{"floor":3,"key":"BottledMiracle"},{"floor":8,"key":"FearPotion"},{"floor":12,"key":"Swift Potion"},{"floor":14,"key":"StancePotion"}],"is_trial":false,"path_per_floor":["M","?","M","$","?","M","T","M","T","M","M","M","$","M","R","B"],"character_chosen":"WATCHER","items_purchased":["Prostrate","Halt","Meat on the Bone"],"campfire_rested":1,"item_purchase_floors":[4,4,13],"current_hp_per_floor":[72,72,72,72,72,72,72,56,56,52,38,24,24,14,35,0,0],"gold":54,"neow_bonus":"THREE_ENEMY_KILL","is_daily":false,"chose_seed":false,"campfire_upgraded":0,"win_rate":0.0,"timestamp":1613019927,"path_taken":["M","?","M","$","?","M","?","?","T","?","M","M","$","?","R","BOSS"],"items_purchased_type":["Card","Card","Relic"],"build_version":"2020-12-22","purchased_purges":1,"victory":false,"max_hp_per_floor":[72,72,72,72,72,72,72,72,72,72,72,72,72,72,72,72,72],"card_choices":[{"not_picked":["ThirdEye","Evaluate"],"picked":"CrushJoints","floor":1},{"not_picked":["EmptyMind","Nirvana"],"picked":"Perseverance","floor":3},{"not_picked":["ThirdEye","CutThroughFate"],"picked":"Meditate","floor":6},{"not_picked":["CrushJoints","CutThroughFate"],"picked":"Devotion","floor":8},{"not_picked":["SignatureMove","CarveReality"],"picked":"PathToVictory","floor":10},{"not_picked":["Evaluate","ThirdEye"],"picked":"Nirvana","floor":11},{"not_picked":["BowlingBash","ThirdEye"],"picked":"Weave","floor":12},{"not_picked":["Evaluate","BowlingBash"],"picked":"FearNoEvil","floor":14}],"player_experience":101413,"relics_obtained":[{"floor":7,"key":"Letter Opener"}],"event_choices":[{"cards_removed":["Strike_P"],"damage_healed":0,"gold_gain":0,"player_choice":"Card Removal","damage_taken":0,"max_hp_gain":0,"max_hp_loss":0,"event_name":"The Cleric","floor":2,"gold_loss":50},{"damage_healed":0,"gold_gain":175,"player_choice":"AGREE","damage_taken":0,"max_hp_gain":0,"max_hp_loss":0,"event_name":"Liars Game","floor":5,"gold_loss":0,"cards_obtained":["Doubt"]}],"is_beta":false,"boss_relics":[],"items_purged_floors":[13],"is_endless":false,"potions_floor_spawned":[3,8,12,14],"killed_by":"Hexaghost","ascension_level":0}}