{"host":"jpcy2bclvs7juczu","time":1613010862,"event":{"mods":["Alarm Clock","BaseMod","Bestiary","Block Reminder","Colored Map","Colored Powertips","Current Relic Mod","Curses Come First","Dark Map","Filter the Spire","Minty Spire (QoL Compilation)","Quick Restart","RNG Fix","Relic Stats","Slay the Relics Exporter","Smile Girya","StSLib","everything is the same but u backflip on backflip","ojb\u0027s Better Paths Mod","ojb\u0027s Info Mod","slay the spire mod where everything is the same but ironclad has a cowboy hat"],"gold_per_floor":[361,378,378,394,406,406,126,155,155,155,11,11,11,47,47,129,129,149,172,207,20,40,40,64,104,104,104,104],"floor_reached":27,"language":"ENG","playtime":1419,"items_purged":["Strike_P"],"score":482,"play_id":"86838ce8-00f6-4104-908f-04635c08d4ec","local_time":"20210210213422","is_ascension_mode":true,"campfire_choices":[{"data":"Eruption","floor":6,"key":"SMITH"},{"data":"CrushJoints","floor":10,"key":"SMITH"},{"data":"SandsOfTime","floor":13,"key":"SMITH"},{"data":"ThirdEye","floor":15,"key":"SMITH"},{"floor":23,"key":"REST"}],"circlet_count":0,"master_deck":["AscendersBane","Strike_P","Strike_P","Strike_P","Defend_P+1","Defend_P","Defend_P","Defend_P+1","Eruption+1","Vigilance","WheelKick","CrushJoints+1","Pray+1","ThirdEye+1","Vengeance+1","Meditate+1","SandsOfTime+1","Pray+1","LessonLearned","Tantrum+1","EmptyBody+1","EmptyMind+1","BowlingBash","Evaluate+1","Scrawl+1","ClearTheMind+1"],"relics":["PureWater","Membership Card","CeramicFish","Toxic Egg 2","Happy Flower","Runic Pyramid","Red Mask","Torii","The Courier","Letter Opener"],"acts_visited":["Exordium","TheCity"],"potions_floor_usage":[8,14,18,20,20],"damage_taken":[{"damage":0,"enemies":"Cultist","floor":1,"turns":3},{"damage":7,"enemies":"Small Slimes","floor":2,"turns":3},{"damage":0,"enemies":"2 Louse","floor":4,"turns":2},{"damage":0,"enemies":"Large Slime","floor":5,"turns":4},{"damage":29,"enemies":"3 Sentries","floor":8,"turns":10},{"damage":2,"enemies":"Lagavulin","floor":14,"turns":5},{"damage":22,"enemies":"The Guardian","floor":16,"turns":9},{"damage":0,"enemies":"Spheric Guardian","floor":18,"turns":3},{"damage":5,"enemies":"Chosen","floor":19,"turns":4},{"damage":32,"enemies":"Masked Bandits","floor":20,"turns":4},{"damage":1,"enemies":"Snake Plant","floor":22,"turns":2},{"damage":2,"enemies":"Snecko","floor":24,"turns":5},{"damage":22,"enemies":"Gremlin Leader","floor":25,"turns":6},{"damage":11,"enemies":"Slavers","floor":27,"turns":1}],"seed_played":"-3038333223496154048","potions_obtained":[{"floor":5,"key":"Block Potion"},{"floor":8,"key":"Explosive Potion"},{"floor":14,"key":"Energy Potion"},{"floor":16,"key":"Block Potion"},{"floor":19,"key":"BottledMiracle"}],"is_trial":false,"path_per_floor":["M","M","?","M","M","R","$","E","T","R","$","?","R","E","R","B",null,"M","M","?","$","M","R","M","E","T","E"],"character_chosen":"WATCHER","items_purchased":["Membership Card","FearPotion","Vengeance","Happy Flower","Meditate+1","SandsOfTime","Torii","BowlingBash"],"campfire_rested":1,"item_purchase_floors":[7,7,7,11,11,11,21,21],"current_hp_per_floor":[61,54,54,54,54,54,54,25,25,25,25,30,30,28,28,6,52,52,47,15,15,14,34,32,10,10,0,0],"gold":104,"neow_bonus":"TWO_FIFTY_GOLD","is_daily":false,"chose_seed":false,"campfire_upgraded":4,"win_rate":0.0,"timestamp":1613010862,"path_taken":["M","?","?","M","M","R","$","E","T","R","?","?","R","E","R","BOSS","M","M","?","$","M","R","?","E","T","E"],"items_purchased_type":["Relic","Potion","Card","Relic","Card","Card","Relic","Card"],"build_version":"2020-12-22","purchased_purges":1,"victory":false,"max_hp_per_floor":[62,62,62,62,62,62,62,62,62,62,62,67,67,67,67,67,67,67,67,67,67,67,67,67,67,67,67,67],"relic_stats":{"Happy Flower":[13],"Torii":5,"counters":[14,61],"CeramicFish":99,"Letter Opener":[15],"obtain_stats":[{"Happy Flower":11,"Torii":21,"CeramicFish":8,"The Courier":25,"Red Mask":20,"Membership Card":7,"Letter Opener":26,"PureWater":0,"Toxic Egg 2":9,"Runic Pyramid":17},{"Happy Flower":5,"Torii":10,"CeramicFish":5,"The Courier":13,"Red Mask":10,"Membership Card":4,"Letter Opener":13,"PureWater":0,"Toxic Egg 2":5,"Runic Pyramid":7},{"Happy Flower":22,"Torii":47,"CeramicFish":22,"The Courier":60,"Red Mask":47,"Membership Card":12,"Letter Opener":60,"PureWater":0,"Toxic Egg 2":22,"Runic Pyramid":36}]},"card_choices":[{"not_picked":["Weave","DeceiveReality"],"picked":"WheelKick","floor":1},{"not_picked":["FollowUp","DeceiveReality"],"picked":"CrushJoints","floor":2},{"not_picked":["Protect","Crescendo"],"picked":"Pray","floor":4},{"not_picked":["Nirvana","Wireheading"],"picked":"ThirdEye","floor":5},{"not_picked":["Crescendo","CrushJoints","Establishment"],"picked":"SKIP","floor":8},{"not_picked":["Crescendo+1","WindmillStrike"],"picked":"Pray+1","floor":14},{"not_picked":["Omniscience+1","Alpha+1"],"picked":"LessonLearned","floor":16},{"not_picked":["Collect+1","WaveOfTheHand+1"],"picked":"Tantrum","floor":18},{"not_picked":["InnerPeace+1","CrushJoints"],"picked":"EmptyBody+1","floor":19},{"not_picked":["Adaptation","SashWhip+1"],"picked":"EmptyMind+1","floor":20},{"not_picked":["LikeWater","ReachHeaven"],"picked":"Evaluate+1","floor":22},{"not_picked":["Weave","Evaluate+1"],"picked":"Scrawl+1","floor":24},{"not_picked":["FollowUp+1","InnerPeace+1"],"picked":"ClearTheMind+1","floor":25}],"player_experience":1615220,"relics_obtained":[{"floor":8,"key":"CeramicFish"},{"floor":9,"key":"Toxic Egg 2"},{"floor":20,"key":"Red Mask"},{"floor":25,"key":"The Courier"},{"floor":26,"key":"Letter Opener"}],"event_choices":[{"damage_healed":0,"gold_gain":0,"player_choice":"Ignored","damage_taken":0,"max_hp_gain":0,"max_hp_loss":0,"event_name":"Liars Game","floor":3,"gold_loss":0},{"damage_healed":0,"gold_gain":0,"player_choice":"Donut","damage_taken":0,"max_hp_gain":5,"max_hp_loss":0,"event_name":"Big Fish","floor":12,"gold_loss":0},{"damage_healed":0,"gold_gain":0,"player_choice":"Fought Bandits","damage_taken":0,"max_hp_gain":0,"max_hp_loss":0,"event_name":"Masked Bandits","floor":20,"gold_loss":0}],"is_beta":false,"boss_relics":[{"not_picked":["Philosopher\u0027s Stone","Sozu"],"picked":"Runic Pyramid"}],"items_purged_floors":[7],"is_endless":false,"potions_floor_spawned":[5,8,14,16,19],"killed_by":"Slavers","ascension_level":20}}