{"host":"dwyzfvnzfcqffr30","time":1613026095,"event":{"mods":["2.2 Compatiblity","Act Like it!","Aspiration","BaseMod","Beaked The Cultist","Better Altar","Better Match","Better Note","Better Sensory Stone","Better Skull","Better Third Choice","Clockwork Mod","Colored Map","Colored Powertips","Conspire","Downfall","Elementarium","GifTheSpireLib","Halation","Hermit","Hubris","Infinite Spire","Ironclad Rager","Jedi Mod","Menagerie","Mimic Mod","Minty Spire (QoL Compilation)","Permanent Neow","Random Character Button","Relic Filter Mod","Reliquary","Replay The Spire","Spicy Shops","Spikes Relics","StSLib","Stuff the Spire","The Construct","The Disciple","The Druid","The Marked","TheFirefly","Trackpad","Wandering Minibosses"],"gold_per_floor":[116,144,172,193,221,263,294,328,363,45,45,58,79,110,110,191,191,222,222,247,280,2,36,36,58,97,97,97],"floor_reached":27,"language":"ENG","playtime":2352,"items_purged":["theDruid:Strike_O+1"],"score":416,"play_id":"42ff4225-f114-4221-a8ce-7b93c1b40c5d","local_time":"20210210224815","is_ascension_mode":true,"campfire_choices":[{"floor":11,"key":"REST"},{"floor":15,"key":"REST"},{"floor":24,"key":"REST"}],"circlet_count":0,"master_deck":["AscendersBane","Guardian:Repulse+1","theDruid:Strike_O+1","theDruid:Strike_O+1","theDruid:Strike_O+1","theDruid:Defend_O+1","theDruid:Defend_O+1","theDruid:Defend_O+1","theDruid:Defend_O+1","theDruid:BriarArmor+1","theDruid:WildSlash+1","Apotheosis+1","MasterReality+1","theDruid:Recoil+1","theDruid:PrimalStrength+1","theDruid:BristlingDefense+1","theDruid:WallofRoots+1","theDruid:Rabid+1","PlatinumSkin+1","downfall:Aged","beaked:MaddeningMurmurs+1"],"relics":["theDruid:CrownOfTheWilds","aspiration:Nostalgia","m_BurningSludge","Toxic Egg 2","Molten Egg 2","Frozen Egg 2","Quantum Egg","infinitespire:EvilPickle","conspire:InfiniteJournal","SacredBark","hubris:TinFlute","halation:Prosthetics","Bottled Tornado","Dream Catcher","hubris:DisguiseKit","StuffTheSpire:ForceGauntlet","reliquary:RoseTintedGlasses","reliquary:PrincelyHelmet","ReplayTheSpireMod:CursedCoin","White Beast Statue","infinitespire:Lucky Rock","reliquary:BoilingFlask"],"acts_visited":["Menagerie:Menagerie","Elementarium:Elementarium"],"potions_floor_usage":[9,13,16,20,23],"damage_taken":[{"damage":0,"enemies":"Menagerie:2_RABBITS","floor":1,"turns":3},{"damage":10,"enemies":"Menagerie:MonstrousExperiment","floor":2,"turns":5},{"damage":0,"enemies":"Menagerie:StygianBoar","floor":3,"turns":3},{"damage":0,"enemies":"Menagerie:BEAST_MAGE_AND_PROWLING_AMALGAM","floor":4,"turns":5},{"damage":10,"enemies":"conspire:MimicChest","floor":5,"turns":7},{"damage":8,"enemies":"Menagerie:VoidReaper","floor":6,"turns":5},{"damage":0,"enemies":"Menagerie:RedMage","floor":7,"turns":4},{"damage":0,"enemies":"Menagerie:Hexasnake","floor":8,"turns":4},{"damage":0,"enemies":"Menagerie:DREAD_MOTH_AND_GRAFTED_WORMS","floor":9,"turns":3},{"damage":21,"enemies":"Menagerie:DREAD_MOTH_AND_GRAFTED_WORMS","floor":12,"turns":2},{"damage":6,"enemies":"Menagerie:MENAGERIE_WILDLIFE","floor":13,"turns":2},{"damage":17,"enemies":"Menagerie:MaskedSummoner","floor":14,"turns":7},{"damage":8,"enemies":"Menagerie:Suneater","floor":16,"turns":7},{"damage":5,"enemies":"Elementarium:2_ELEMENTALS","floor":18,"turns":5},{"damage":9,"enemies":"Elementarium:Cyclone","floor":20,"turns":6},{"damage":14,"enemies":"Elementarium:VoidBeast","floor":21,"turns":6},{"damage":27,"enemies":"Elementarium:FIRE_NOBILITY","floor":23,"turns":6},{"damage":20,"enemies":"Elementarium:CYCLONE_AND_LIVING_STORMCLOUD","floor":25,"turns":8},{"damage":0,"enemies":"Elementarium:STONE_GOLEMS","floor":26,"turns":8},{"damage":7,"enemies":"Elementarium:ElementalPortal","floor":27,"turns":3}],"seed_played":"2198679477768284312","potions_obtained":[{"floor":1,"key":"Strength Potion"},{"floor":2,"key":"SteroidPotion"},{"floor":12,"key":"LiquidMemories"},{"floor":16,"key":"EssenceOfSteel"},{"floor":21,"key":"Weak Potion"},{"floor":25,"key":"Flashbang"},{"floor":26,"key":"Dexterity Potion"}],"is_trial":false,"path_per_floor":["M","M","M","M","?","E","M","M","MIM","$","R","M","M","E","R","B",null,"M","AVR","M","M","$","E","R","M","MIM","E"],"character_chosen":"DRUID","items_purchased":["theDruid:WallofRoots+1","StuffTheSpire:ForceGauntlet","PlatinumSkin+1","ReplayTheSpireMod:CursedCoin","White Beast Statue"],"campfire_rested":3,"item_purchase_floors":[10,10,22,22,22],"current_hp_per_floor":[33,23,23,23,13,5,5,5,5,5,14,33,27,10,31,23,61,56,56,47,33,33,6,27,7,7,0,0],"gold":97,"neow_bonus":"NOSTALGIA","is_daily":false,"chose_seed":false,"campfire_upgraded":0,"win_rate":0.0,"timestamp":1613026095,"path_taken":["M","M","M","?","?","E","M","?","MIM","$","R","M","M","E","R","BOSS","M","AVR","M","?","?","E","R","M","MIM","E"],"items_purchased_type":["Card","Relic","Card","Relic","Relic"],"build_version":"2020-12-22","purchased_purges":1,"victory":false,"max_hp_per_floor":[33,33,33,33,33,33,33,33,33,33,33,73,73,73,73,73,73,73,73,73,73,73,73,73,73,73,73,73],"card_choices":[{"not_picked":["theDruid:Adaptation+1","theDruid:ThornStrike+1"],"picked":"theDruid:Recoil+1","floor":1},{"not_picked":["theDruid:FuriousSlash+1","theDruid:Gore+1","Evolve+1"],"picked":"SKIP","floor":2},{"not_picked":["theDruid:Fortitude+1","Evolve+1"],"picked":"theDruid:PrimalStrength+1","floor":3},{"not_picked":["theDruid:IronClaw+1","theDruid:FeralPlants+1","theDruid:Guidance+1"],"picked":"SKIP","floor":4},{"not_picked":["theDruid:FuriousSlash+1","theDruid:Entangle+1","theDruid:Prowl+1"],"picked":"SKIP","floor":6},{"not_picked":["theDruid:Thornburst+1","theDruid:MysticBarrier+1","ReplayTheSpireMod:RavenHex"],"picked":"theDruid:BristlingDefense+1","floor":7},{"not_picked":["theDruid:BrambleLash+1","theDruid:Resupply+1","theDruid:MysticBarrier+1","beaked:BraceForImpact"],"picked":"SKIP","floor":8},{"not_picked":["theDruid:BrambleLash+1","theDruid:Resupply+1","theDruid:MysticBarrier+1","beaked:BraceForImpact"],"picked":"SKIP","floor":8},{"not_picked":["theDruid:Guidance+1","theDruid:Rummage+1","theDruid:TwilightsCall+1","beaked:Evade"],"picked":"SKIP","floor":12},{"not_picked":["theDruid:Adaptation+1","theDruid:FuriousSlash+1","theDruid:Recoil+1","beaked:StunningBlow"],"picked":"SKIP","floor":13},{"not_picked":["theDruid:Moonbeam+1","theDruid:SurvivalInstincts+1","Slimebound:ViciousTackle+1","beaked:Resilience"],"picked":"SKIP","floor":14},{"not_picked":["Slimebound:FirmFortitude+1","theDruid:Mutilate+1","beaked:DarkTribute"],"picked":"theDruid:Rabid+1","floor":16},{"not_picked":["theDruid:ExposingSlash+1","theDruid:Fortitude+1","theDruid:PrimalStrength+1","beaked:Foresight"],"picked":"SKIP","floor":18},{"not_picked":["theDruid:TakeShelter+1","theDruid:Starburst+1","theDruid:TwilightsCall+1","beaked:MimicWarrior"],"picked":"SKIP","floor":20},{"not_picked":["theDruid:ThornStrike+1","theDruid:IronClaw+1","theDruid:Eclipse+1","beaked:Resilience"],"picked":"SKIP","floor":21},{"not_picked":["theDruid:Pathfinder+1","theDruid:SurvivalInstincts+1","theDruid:Swipe+1","beaked:Sacrifice"],"picked":"SKIP","floor":23},{"not_picked":["theDruid:Resupply+1","theDruid:Infestation+1","theDruid:BlessedStrike+1"],"picked":"beaked:MaddeningMurmurs","floor":24},{"not_picked":["theDruid:AstralShield+1","theDruid:FeralPlants+1","theDruid:WildArmor+1","beaked:BloodForTheGods"],"picked":"SKIP","floor":25}],"player_experience":3137465,"relics_obtained":[{"floor":5,"key":"Dream Catcher"},{"floor":6,"key":"hubris:DisguiseKit"},{"floor":14,"key":"reliquary:RoseTintedGlasses"},{"floor":23,"key":"infinitespire:Lucky Rock"},{"floor":26,"key":"reliquary:BoilingFlask"}],"event_choices":[{"damage_healed":0,"gold_gain":0,"player_choice":"Simplicity","damage_taken":0,"max_hp_gain":0,"max_hp_loss":0,"event_name":"betterThird:BetterWriting","floor":0,"gold_loss":0}],"is_beta":false,"boss_relics":[{"not_picked":["halation:Prosthetics","ReplayTheSpireMod:DimensionalGlitch","halation:Yufonium"]}],"items_purged_floors":[19],"is_endless":false,"potions_floor_spawned":[1,2,3,6,8,12,16,21,23,25,26],"killed_by":"Elementarium:ElementalPortal","ascension_level":16}}