{"host":"takgv9cv6xf64vhq","time":1613066580,"event":{"mods":["BaseMod","Colored Powertips","Conspire","Decade(王小明)","Downfall","Energized Spire","Hermit","Hubris","LagranYue(拉格朗・月)","Marisa（F雨　魔理沙）","Minty Spire (QoL Compilation)","Replay The Spire","StSLib","The Cursed","The Hierophant","The Jungle","The Servant 0.9.4","TheHeartMod"],"gold_per_floor":[117,117,117,117,9,41,53,67,91,117,128,144,156,171,171,276,276,294,344,94,106,121,121,121],"floor_reached":23,"language":"ZHS","playtime":1137,"items_purged":["Strike_B","Voices"],"score":311,"play_id":"84e13338-5422-4ca2-8b4d-6bf00ed49092","local_time":"20210212020300","is_ascension_mode":true,"campfire_choices":[{"data":"Strike_B","floor":15.0,"key":"PURGE"}],"circlet_count":0,"master_deck":["Strike_B","Defend_B","Defend_B","Defend_B","Defend_B","Zap","Dualcast","Conserve Battery","Panic Button","Consume","FTL","Glacier","Compile Driver","Recycle","Tempest","Coolheaded","BasicCrystalCard","Steam","Mirror Shield","Ball Lightning+1","Tempest+1","FIFO Queue"],"relics":["Cracked Core","NeowsBlessing","Nunchaku","hubris:Towel","hexamod:CandleOfCauterizing","Lantern","Replay:Baseball","energizedSpire:MagnifyingGlass","ReplayTheSpireMod:Ring of Exchange","Ring of Greed","The Courier","Smiling Mask","Carrot"],"acts_visited":["Exordium","TheCity"],"potions_floor_usage":[23],"damage_taken":[{"damage":0.0,"enemies":"2 Louse","floor":1.0,"turns":1.0},{"damage":0.0,"enemies":"Lagavulin","floor":6.0,"turns":1.0},{"damage":0.0,"enemies":"Cultist","floor":7.0,"turns":1.0},{"damage":7.0,"enemies":"Small Slimes","floor":8.0,"turns":3.0},{"damage":10.0,"enemies":"3 Sentries","floor":10.0,"turns":10.0},{"damage":1.0,"enemies":"Exordium Thugs","floor":11.0,"turns":6.0},{"damage":0.0,"enemies":"Exordium Wildlife","floor":12.0,"turns":4.0},{"damage":16.0,"enemies":"2 Fungi Beasts","floor":13.0,"turns":3.0},{"damage":2.0,"enemies":"Gremlin Gang","floor":14.0,"turns":5.0},{"damage":40.0,"enemies":"Fading Forest","floor":16.0,"turns":11.0},{"damage":27,"enemies":"2 Thieves","floor":18,"turns":5},{"damage":0,"enemies":"Chosen","floor":21,"turns":3},{"damage":10,"enemies":"Snecko","floor":22,"turns":4},{"damage":38,"enemies":"Slavers","floor":23,"turns":4}],"seed_played":"6141172580020287901","potions_obtained":[{"floor":6.0,"key":"Fire Potion"},{"floor":8.0,"key":"ColorlessPotion"},{"floor":11.0,"key":"DuplicationPotion"},{"floor":12.0,"key":"Strength Potion"},{"floor":13.0,"key":"Fire Potion"},{"floor":14.0,"key":"Explosive Potion"},{"floor":22,"key":"Swift Potion"}],"is_trial":false,"path_per_floor":["M","?","?","?","$","E","M","M","T","E","M","M","M","M","R","B",null,"M","?","$","M","M","E"],"character_chosen":"DEFECT","items_purchased":["Consume","Carrot"],"campfire_rested":0,"item_purchase_floors":[5,20],"current_hp_per_floor":[68,61,61,61,61,61,61,54,54,44,43,43,27,25,25,7,58,31,31,31,31,21,0,0],"gold":121,"neow_bonus":"THREE_ENEMY_KILL","is_daily":false,"chose_seed":false,"campfire_upgraded":0,"win_rate":0.0,"timestamp":1613066580,"path_taken":["M","?","?","?","$","E","M","M","T","E","?","M","M","M","R","BOSS","M","?","$","M","M","E"],"items_purchased_type":["Card","Relic"],"build_version":"2020-12-22","purchased_purges":2,"victory":false,"max_hp_per_floor":[75,75,75,75,75,75,75,75,75,75,75,75,75,75,75,75,75,75,75,75,75,75,75,75],"card_choices":[{"not_picked":["Hologram","Darkness"],"picked":"Conserve Battery","floor":1.0},{"not_picked":["Stack","Rebound"],"picked":"FTL","floor":6.0},{"not_picked":["Scrape","ReplayTheSpireMod:Fabricate Wheel"],"picked":"Glacier","floor":7.0},{"not_picked":["Leap","ReplayTheSpireMod:Reroute Power"],"picked":"Compile Driver","floor":8.0},{"not_picked":["Rip and Tear","Genetic Algorithm"],"picked":"Recycle","floor":10.0},{"not_picked":["Hologram","FTL"],"picked":"Tempest","floor":11.0},{"not_picked":["Barrage","Stack"],"picked":"Coolheaded","floor":12.0},{"not_picked":["hubris:SpecializedCircuitry","Compile Driver"],"picked":"BasicCrystalCard","floor":13.0},{"not_picked":["Doom and Gloom","Compile Driver"],"picked":"Steam","floor":14.0},{"not_picked":["Hyperbeam","Thunder Strike"],"picked":"Mirror Shield","floor":16.0},{"not_picked":["Turbo","FIFO Queue+1"],"picked":"Ball Lightning+1","floor":18},{"not_picked":["Stack","Steam"],"picked":"Tempest+1","floor":21},{"not_picked":["Skim","Panic Button"],"picked":"FIFO Queue","floor":22}],"player_experience":497874,"relics_obtained":[{"floor":6.0,"key":"hexamod:CandleOfCauterizing"},{"floor":9.0,"key":"Lantern"},{"floor":10.0,"key":"Replay:Baseball"},{"floor":19,"key":"ReplayTheSpireMod:Ring of Exchange"},{"floor":19,"key":"Ring of Greed"},{"floor":19,"key":"The Courier"},{"floor":19,"key":"Smiling Mask"}],"event_choices":[{"damage_healed":0.0,"max_hp_gain":0.0,"max_hp_loss":0.0,"gold_gain":0.0,"event_name":"Scrap Ooze","player_choice":"Success","floor":2.0,"gold_loss":0.0,"damage_taken":7.0,"relics_obtained":["Nunchaku"]},{"damage_healed":0.0,"max_hp_gain":0.0,"max_hp_loss":0.0,"gold_gain":0.0,"cards_transformed":["Strike_B"],"event_name":"Transmorgrifier","player_choice":"Transformed","floor":4.0,"gold_loss":0.0,"damage_taken":0.0,"cards_obtained":["Panic Button"]}],"is_beta":false,"boss_relics":[{"not_picked":["Snecko Eye","Astrolabe"],"picked":"energizedSpire:MagnifyingGlass"}],"items_purged_floors":[5,20],"is_endless":false,"potions_floor_spawned":[6,8,11,12,13,14,22],"killed_by":"Slavers","ascension_level":7}}