{"host":"am8lvo9xvzrux3wx","time":1613006578,"event":{"mods":["2.2 Compatiblity","AchievementEnabler","Aspiration","BaseMod","Block Reminder","Colored Map","Downfall","Halation","Minty Spire (QoL Compilation)","READ ME - Guardian Mod","Random Character Mod","Replay The Spire","StSLib","The Bug Knight","The Construct","The Forsaken","The Runesmith"],"gold_per_floor":[114,114,124,124,72,72,72,72,97,126,146,163,163,181,181,286,286,300,106,106,126,126,126,144,144,144],"floor_reached":25,"language":"ENG","playtime":3202,"items_purged":[],"score":201,"play_id":"7ff9dc44-2642-4d4c-9553-013580a0a1ef","local_time":"20210210202258","is_ascension_mode":false,"campfire_choices":[{"data":"Distraction","floor":6,"key":"SMITH"},{"data":"Escape Plan","floor":8,"key":"SMITH"},{"data":"Deflect","floor":13,"key":"SMITH"},{"data":"Quick Slash","floor":15,"key":"SMITH"},{"data":"Master of Strategy","floor":23,"key":"SMITH"}],"circlet_count":0,"master_deck":["Strike_G","Strike_G","Strike_G","Strike_G","Strike_G","Defend_G","Defend_G","Defend_G","Defend_G","Defend_G","Survivor","Neutralize+1","Escape Plan+1","Distraction+1","Acrobatics","Neutralize","Deflect+1","Quick Slash+1","Slice","Burst","Slice","Master of Strategy+1","downfall:Bewildered","Dash","Fluid Movement+1"],"relics":["Ring of the Snake","Replay:Mystery Machine","Ancient Tea Set","Pantograph","halation:PinkAlligatorPlush","sneckomod:BabySnecko","Ring of Fury","Ring of Panic"],"acts_visited":["Exordium","TheCity"],"potions_floor_usage":[10,16],"damage_taken":[{"damage":0,"enemies":"Cultist","floor":1,"turns":4},{"damage":0,"enemies":"Jaw Worm","floor":3,"turns":5},{"damage":52,"enemies":"3 Sentries","floor":10,"turns":19},{"damage":0,"enemies":"Small Slimes","floor":11,"turns":5},{"damage":1,"enemies":"Blue Slaver","floor":12,"turns":5},{"damage":0,"enemies":"2 Fungi Beasts","floor":14,"turns":4},{"damage":41,"enemies":"Hexaghost","floor":16,"turns":18},{"damage":70,"enemies":"Spheric Guardian","floor":18,"turns":9},{"damage":20,"enemies":"3 Byrds","floor":21,"turns":8},{"damage":25,"enemies":"Centurion and Healer","floor":24,"turns":5},{"damage":25,"enemies":"Snake Plant","floor":25,"turns":5}],"seed_played":"7540269029740596698","potions_obtained":[{"floor":3,"key":"Toxic Potion"},{"floor":10,"key":"Elixir"},{"floor":11,"key":"sneckomod:MuddlingPotion"}],"is_trial":false,"path_per_floor":["M","$","M","?","$","R","?","R","T","E","M","M","R","M","R","B",null,"M","$","?","M","?","R","M","M"],"character_chosen":"THE_SILENT","items_purchased":["Acrobatics","Master of Strategy"],"campfire_rested":0,"item_purchase_floors":[5,19],"current_hp_per_floor":[70,70,70,70,70,70,70,70,70,18,18,17,17,17,17,1,70,70,70,70,50,50,50,25,0,0],"gold":144,"neow_bonus":"RANDOM_COMMON_RELIC","is_daily":false,"chose_seed":false,"campfire_upgraded":5,"win_rate":0.0,"timestamp":1613006578,"path_taken":["M","?","M","?","$","R","?","R","T","E","M","M","R","?","R","BOSS","M","$","?","M","?","R","M","M"],"items_purchased_type":["Card","Card"],"build_version":"2020-12-22","purchased_purges":0,"victory":false,"max_hp_per_floor":[70,70,70,70,70,70,70,70,70,70,70,70,70,70,70,70,70,70,70,70,70,70,70,70,70,70],"card_choices":[{"not_picked":["Outmaneuver","Flying Knee"],"picked":"Escape Plan","floor":1},{"not_picked":["ReplayTheSpireMod:Exploit Weakness","Footwork"],"picked":"Distraction","floor":3},{"not_picked":["Reflex","Infinite Blades"],"picked":"Deflect","floor":10},{"not_picked":["Prepared","Predator"],"picked":"Quick Slash","floor":11},{"not_picked":["Distraction","Outmaneuver","Reflex"],"picked":"SKIP","floor":12},{"not_picked":["Sneak Up","Blade Dance"],"picked":"Slice","floor":14},{"not_picked":["Poison Darts","Glass Knife"],"picked":"Burst","floor":16},{"not_picked":["Outmaneuver","Expertise"],"picked":"Slice","floor":18},{"not_picked":["Blade Dance+1","Noxious Fumes"],"picked":"Dash","floor":21},{"not_picked":["Footwork","Deadly Poison+1"],"picked":"Fluid Movement+1","floor":24}],"player_experience":138486,"relics_obtained":[{"floor":9,"key":"Ancient Tea Set"},{"floor":10,"key":"Pantograph"},{"floor":22,"key":"Ring of Fury"},{"floor":22,"key":"Ring of Panic"}],"event_choices":[{"damage_healed":0,"gold_gain":0,"player_choice":"1 cards matched","damage_taken":0,"max_hp_gain":0,"max_hp_loss":0,"event_name":"Match and Keep!","floor":7,"gold_loss":0,"cards_obtained":["Neutralize"]}],"is_beta":false,"boss_relics":[{"not_picked":["Honey Jar","Replay:Ancient Bell"],"picked":"halation:PinkAlligatorPlush"}],"items_purged_floors":[],"is_endless":false,"potions_floor_spawned":[3,10,11],"killed_by":"Snake Plant","ascension_level":0}}