{"host":"5rycm1ajjg5acc5q","time":1613021832,"event":{"mods":["BaseMod","Better Third Choice","Downfall","Highlight Path","Minty Spire (QoL Compilation)","Replay The Spire","StSLib"],"gold_per_floor":[99,99,202,221,233,233,256,256,276,10,24,55,55,55,67,168,168,168,180,192,292,303,317,317,517,529,529,558,558,658,687,699,794,894,894,910,928,942,990,690,690,707,707,707,726,726,726,372,390,390,390,417,195,195,195,195],"floor_reached":57,"language":"ENG","playtime":9314,"items_purged":["downfall:Aged"],"score":1212,"play_id":"8a745d26-5c4a-4da3-b7ca-9b161a78e285","local_time":"20210210233712","is_ascension_mode":true,"campfire_choices":[{"data":"bronze:Replicate","floor":1,"key":"SMITH"},{"data":"bronze:Goto","floor":1,"key":"SMITH"},{"data":"bronze:Repulsor","floor":6,"key":"SMITH"},{"data":"bronze:Repair","floor":6,"key":"SMITH"},{"data":"bronze:SpaghettiCode","floor":13,"key":"SMITH"},{"data":"bronze:Allocate","floor":13,"key":"SMITH"},{"data":"bronze:GetLatest","floor":18,"key":"SMITH"},{"data":"bronze:CleanCode","floor":18,"key":"SMITH"},{"data":"bronze:HardenedForm","floor":25,"key":"SMITH"},{"data":"bronze:ForLoop","floor":25,"key":"SMITH"},{"data":"bronze:BronzeOrb","floor":27,"key":"SMITH"},{"data":"bronze:Branch","floor":27,"key":"SMITH"},{"data":"bronze:OilSpill","floor":29,"key":"SMITH"},{"data":"ReplayTheSpireMod:Faulty Equipment","floor":29,"key":"SMITH"},{"floor":35,"key":"RECALL"},{"data":"bronze:ForLoop","floor":40,"key":"SMITH"},{"data":"bronze:Flail","floor":40,"key":"SMITH"},{"data":"bronze:InfiniteLoop","floor":44,"key":"SMITH"},{"data":"bronze:Virus","floor":44,"key":"SMITH"},{"data":"bronze:BronzeArmor","floor":46,"key":"SMITH"},{"data":"bronze:Philosophize","floor":46,"key":"SMITH"},{"data":"bronze:CloningBeam","floor":54,"key":"SMITH"},{"data":"bronze:SpaghettiCode","floor":54,"key":"SMITH"}],"circlet_count":0,"master_deck":["bronze:Strike","bronze:Strike","bronze:Strike","bronze:Defend","bronze:Defend","bronze:Replicate+1","bronze:Goto+1","ReplayTheSpireMod:Splinters","bronze:Repair+1","bronze:FollowUp+1","bronze:Fortify+1","bronze:Repulsor+1","Injury","bronze:OilSpill+1","bronze:Allocate+1","bronze:Branch+1","bronze:SpaghettiCode+1","bronze:BronzeArmor+1","bronze:BronzeOrb+1","bronze:HyperBeam","bronze:GetLatest+1","bronze:CleanCode+1","bronze:Branch+1","bronze:Flail+1","bronze:ForLoop+1","bronze:HardenedForm+1","bronze:ClassDefault+1","bronze:Philosophize+1","bronze:NullPointer+1","bronze:Refactor+1","bronze:Virus+1","bronze:Verify+1","bronze:Refactor+1","bronze:ForLoop+1","bronze:Flail+1","bronze:CutThrough+1","bronze:InfiniteLoop+1","expansioncontent:AwakenDeath+1","expansioncontent:LastStand+1","expansioncontent:PrepareCrush","bronze:SpaghettiCode+1","bronze:ClassDefault+1","expansioncontent:DashGenerateEvil","bronze:CloningBeam+1","bronze:InfiniteBeams+1","bronze:ItsAFeature+1"],"relics":["bronze:BronzeCore","Replay:Arrowhead","Bag of Preparation","ReplayTheSpireMod:Ninjato","Replay:Bottled Flurry","Coffee Dripper","downfall:GremlinWheel","Frozen Egg 2","Mirror","Du-Vu Doll","Matryoshka","Replay:Wanted Poster","Gambling Chip","downfall:HeartBlessingRed","downfall:HeartBlessingGreen","downfall:HeartBlessingBlue","Happy Flower","Letter Opener","Ice Cream","Pen Nib","ReplayFunnel"],"acts_visited":["Exordium","TheCity","TheBeyond","TheEnding"],"potions_floor_usage":[12,16,21,26,28,30,48,55],"damage_taken":[{"damage":4,"enemies":"Cultist","floor":4,"turns":3},{"damage":0,"enemies":"Small Slimes","floor":5,"turns":2},{"damage":4,"enemies":"Jaw Worm","floor":9,"turns":2},{"damage":2,"enemies":"downfall:FleeingMerchant","floor":10,"turns":4},{"damage":4,"enemies":"2 Fungi Beasts","floor":11,"turns":2},{"damage":7,"enemies":"3 Sentries","floor":12,"turns":7},{"damage":9,"enemies":"Red Slaver","floor":15,"turns":2},{"damage":30,"enemies":"IC_STATUS_ARCHETYPE","floor":16,"turns":7},{"damage":0,"enemies":"Chosen","floor":19,"turns":4},{"damage":0,"enemies":"Shell Parasite","floor":20,"turns":3},{"damage":13,"enemies":"Shell Parasite","floor":21,"turns":5},{"damage":0,"enemies":"Centurion and Healer","floor":22,"turns":5},{"damage":13,"enemies":"Snecko","floor":23,"turns":4},{"damage":11,"enemies":"Snake Plant","floor":26,"turns":5},{"damage":29,"enemies":"Book of Stabbing","floor":28,"turns":5},{"damage":17,"enemies":"DF_ARCHETYPE_STREAMLINE","floor":30,"turns":8},{"damage":3,"enemies":"Slavers","floor":31,"turns":4},{"damage":0,"enemies":"3 Cultists","floor":32,"turns":3},{"damage":26,"enemies":"WA_ARCHETYPE_CALM","floor":33,"turns":7},{"damage":10,"enemies":"3 Darklings","floor":36,"turns":5},{"damage":0,"enemies":"Orb Walker","floor":37,"turns":2},{"damage":0,"enemies":"3 Darklings","floor":38,"turns":2},{"damage":0,"enemies":"2 Orb Walkers","floor":39,"turns":2},{"damage":2,"enemies":"Writhing Mass","floor":42,"turns":3},{"damage":0,"enemies":"4 Shapes","floor":45,"turns":1},{"damage":0,"enemies":"downfall:FleeingMerchant","floor":48,"turns":3},{"damage":23,"enemies":"Transient","floor":49,"turns":5},{"damage":33,"enemies":"DF_ARCHETYPE_ORBS","floor":50,"turns":8},{"damage":17,"enemies":"downfall:CharBossMerchant","floor":52,"turns":7},{"damage":87,"enemies":"downfall:NeowBoss","floor":55,"turns":12},{"damage":68,"enemies":"downfall:NeowBossFinal","floor":56,"turns":10}],"seed_played":"6321249329055237405","potions_obtained":[{"floor":9,"key":"Explosive Potion"},{"floor":12,"key":"Ancient Potion"},{"floor":15,"key":"LifebloodPotion"},{"floor":19,"key":"SpeedPotion"},{"floor":23,"key":"LiquidBronze"},{"floor":28,"key":"Dexterity Potion"},{"floor":32,"key":"Block Potion"},{"floor":33,"key":"Fire Potion"},{"floor":39,"key":"sneckomod:MuddlingPotion"},{"floor":49,"key":"SpeedPotion"}],"is_trial":false,"path_per_floor":["R","?","?","M","M","R","T","?","M","$","M","E","R","?","M","B",null,"R","M","M","?","M","M","T","R","M","R","E","R","?","E","M","B",null,"R","M","M","M","?","R","T","M","?","R","M","R","?","$","M","B",null,"E","$","R","B","B",null],"character_chosen":"THE_AUTOMATON","items_purchased":["ReplayTheSpireMod:Ninjato","Ice Cream","bronze:ClassDefault+1","expansioncontent:DashGenerateEvil","bronze:CloningBeam","bronze:ItsAFeature+1","ReplayFunnel"],"campfire_rested":0,"item_purchase_floors":[10,48,48,48,48,53,53],"current_hp_per_floor":[70,70,70,70,70,70,70,70,70,68,70,70,70,70,70,46,70,70,70,70,67,70,62,62,62,59,59,40,40,23,30,42,28,70,70,60,62,64,70,80,80,80,80,80,80,80,70,70,80,57,80,63,63,63,80,22],"gold":195,"neow_bonus":"ONE_RARE_RELIC","is_daily":false,"chose_seed":false,"campfire_upgraded":22,"win_rate":0.0,"timestamp":1613021832,"path_taken":["R","?","?","M","M","R","T","?","?","$","M","E","R","?","M","BOSS","R","M","?","?","M","?","T","R","M","R","E","R","?","E","M","BOSS","R","M","M","M","?","R","T","M","?","R","?","R","?","$","M","BOSS","E","$","R","BOSS","BOSS"],"items_purchased_type":["Relic","Relic","Card","Card","Card","Card","Relic"],"build_version":"2020-12-22","purchased_purges":1,"victory":true,"max_hp_per_floor":[70,70,70,70,70,70,70,70,70,70,70,70,70,70,70,70,70,70,70,70,70,70,70,70,70,70,70,70,70,70,70,70,70,70,70,70,70,70,70,80,80,80,80,80,80,80,80,80,80,80,80,80,80,80,80,80],"card_choices":[{"not_picked":["bronze:Iterate","bronze:BuggyMess"],"picked":"bronze:Repair","floor":3},{"not_picked":["bronze:DelayedSlice","bronze:Deprecate"],"picked":"bronze:FollowUp","floor":3},{"not_picked":["bronze:ChosenStrike","bronze:Turbo"],"picked":"bronze:Fortify","floor":4},{"not_picked":["bronze:DarkDash","bronze:Overheat"],"picked":"bronze:Repulsor","floor":5},{"not_picked":["bronze:FollowUp","bronze:BugBarrage"],"picked":"bronze:OilSpill","floor":9},{"not_picked":["bronze:Shell","bronze:OilSpill"],"picked":"bronze:Allocate","floor":10},{"not_picked":["bronze:Separator","bronze:WhirlingStrike"],"picked":"bronze:Branch","floor":11},{"not_picked":["bronze:Flail","bronze:Allocate"],"picked":"bronze:SpaghettiCode","floor":12},{"not_picked":["bronze:Philosophize","bronze:BronzeOrb"],"picked":"bronze:GetLatest","floor":15},{"not_picked":["bronze:HyperBeam","bronze:ShipIt"],"picked":"bronze:CleanCode","floor":16},{"not_picked":["bronze:DelayedGuard","bronze:BugBarrage"],"picked":"bronze:Branch+1","floor":19},{"not_picked":["bronze:Separator+1","bronze:DelayedGuard"],"picked":"bronze:Flail+1","floor":20},{"not_picked":["bronze:Overheat","bronze:Deprecate"],"picked":"bronze:ForLoop","floor":22},{"not_picked":["bronze:Frontload+1","bronze:DelayedSlice"],"picked":"bronze:HardenedForm","floor":23},{"not_picked":["bronze:WhirlingStrike","bronze:InfiniteBeams+1"],"picked":"bronze:ClassDefault+1","floor":26},{"not_picked":["bronze:Separator","bronze:Flail"],"picked":"bronze:Philosophize","floor":28},{"not_picked":["bronze:Branch","bronze:BugBarrage"],"picked":"bronze:NullPointer+1","floor":30},{"not_picked":["bronze:GetLatest","bronze:BronzeArmor"],"picked":"bronze:Refactor+1","floor":31},{"not_picked":["bronze:DarkDash","bronze:DelayedSlice+1"],"picked":"bronze:Virus","floor":32},{"not_picked":["bronze:InfiniteLoop","bronze:RecursiveStrike"],"picked":"bronze:Verify+1","floor":33},{"not_picked":["bronze:Overheat","bronze:Turbo+1"],"picked":"bronze:Refactor+1","floor":36},{"not_picked":["bronze:DelayedGuard+1","bronze:BronzeOrb+1","bronze:Branch+1"],"picked":"SKIP","floor":37},{"not_picked":["bronze:Backtrace+1","bronze:ForceShield+1"],"picked":"bronze:ForLoop","floor":38},{"not_picked":["bronze:Backtrace","bronze:Branch"],"picked":"bronze:Flail","floor":39},{"not_picked":["bronze:Branch+1","bronze:DelayedSlice"],"picked":"bronze:CutThrough+1","floor":42},{"not_picked":["bronze:BugBarrage","bronze:DelayedGuard","bronze:Safeguard"],"picked":"SKIP","floor":45},{"not_picked":["expansioncontent:InvincibleStrength","Replay:SS_fish_1"],"picked":"expansioncontent:AwakenDeath","floor":47},{"not_picked":["Replay:SS_fish_1","expansioncontent:GuardianWhirl"],"picked":"expansioncontent:LastStand","floor":47},{"not_picked":["expansioncontent:GuardianWhirl","Replay:SS_fish_1"],"picked":"expansioncontent:PrepareCrush","floor":47},{"not_picked":["bronze:DelayedSlice","bronze:Turbo+1"],"picked":"bronze:SpaghettiCode","floor":48},{"not_picked":["bronze:DelayedGuard","bronze:CutThrough"],"picked":"bronze:InfiniteBeams+1","floor":49},{"not_picked":["bronze:WildBeam","bronze:Mutator+1","bronze:FineTuning"],"picked":"SKIP","floor":52}],"player_experience":472875,"relics_obtained":[{"floor":3,"key":"Bag of Preparation"},{"floor":12,"key":"Replay:Bottled Flurry"},{"floor":21,"key":"downfall:GremlinWheel"},{"floor":24,"key":"Frozen Egg 2"},{"floor":28,"key":"Mirror"},{"floor":30,"key":"Du-Vu Doll"},{"floor":30,"key":"Matryoshka"},{"floor":31,"key":"Blood Vial"},{"floor":39,"key":"Gambling Chip"},{"floor":41,"key":"Happy Flower"},{"floor":41,"key":"Letter Opener"},{"floor":52,"key":"Pen Nib"}],"event_choices":[{"damage_healed":0,"gold_gain":200,"player_choice":"Gold","damage_taken":0,"max_hp_gain":0,"max_hp_loss":0,"event_name":"Wheel of Change","floor":25,"gold_loss":0},{"damage_healed":0,"gold_gain":0,"player_choice":"Fight","damage_taken":0,"max_hp_gain":0,"max_hp_loss":0,"event_name":"Mysterious Sphere","floor":39,"gold_loss":0}],"is_beta":false,"boss_relics":[{"not_picked":["Replay:Drink Me","Honey Jar"],"picked":"Coffee Dripper"},{"not_picked":["ReplayTheSpireMod:DimensionalGlitch","Philosopher\u0027s Stone"],"picked":"Replay:Wanted Poster"}],"items_purged_floors":[48],"is_endless":false,"potions_floor_spawned":[9,12,15,19,23,28,32,33,39,42,49],"ascension_level":1}}