{"host":"nlbr7nnijupf3yfg","time":1613085430,"event":{"mods":["AchievementEnabler","BaseMod","Colored Powertips","Hubris","Minty Spire (QoL Compilation)","Replay The Spire","StSLib","SuperFastMode"],"gold_per_floor":[112,79,93,93,107,107,125,151,175,200,200,213,183,199,199,301,301,321,337,337,97,107,107,139,139,139],"floor_reached":25,"language":"ENG","playtime":449,"items_purged":[],"score":337,"play_id":"b7ace287-d080-4e75-8532-4c8c4813be6a","local_time":"20210211181710","is_ascension_mode":true,"campfire_choices":[{"data":"Uppercut","floor":6,"key":"SMITH"},{"floor":11,"key":"REST"},{"floor":15,"key":"REST"},{"floor":23,"key":"REST"}],"circlet_count":0,"master_deck":["Strike_R","Strike_R","Strike_R+1","Strike_R","Strike_R+1","Defend_R","Defend_R","Defend_R","Defend_R","Bash","Shrug It Off","Uppercut+1","Perfected Strike","Feed","Rage","Perfected Strike","Offering","CurseOfTheBell","Rage","Havoc","Cleave+1","Bludgeon","Burning Pact","Clash","Flame Barrier+1"],"relics":["Philosopher\u0027s Stone","WarpedTongs","Lantern","Replay:Wax Seal","Replay:Bottled Steam","Calling Bell","Omamori","hubris:DeckOfHolding","StoneCalendar","Spirit Poop","Calipers","Orrery","Simple Rune"],"acts_visited":["Exordium","TheCity"],"potions_floor_usage":[8],"damage_taken":[{"damage":2,"enemies":"Cultist","floor":1,"turns":3},{"damage":0,"enemies":"Small Slimes","floor":3,"turns":2},{"damage":5,"enemies":"2 Louse","floor":5,"turns":2},{"damage":4,"enemies":"Gremlin Gang","floor":7,"turns":4},{"damage":51,"enemies":"Lagavulin","floor":8,"turns":7},{"damage":20,"enemies":"Gremlin Nob","floor":10,"turns":3},{"damage":15,"enemies":"Large Slime","floor":12,"turns":4},{"damage":15,"enemies":"Exordium Thugs","floor":14,"turns":3},{"damage":8,"enemies":"Hexaghost","floor":16,"turns":7},{"damage":6,"enemies":"Chosen","floor":18,"turns":2},{"damage":48,"enemies":"3 Byrds","floor":19,"turns":7},{"damage":12,"enemies":"Snake Plant","floor":22,"turns":2},{"damage":41,"enemies":"Book of Stabbing","floor":24,"turns":5},{"damage":32,"enemies":"Masked Bandits","floor":25,"turns":3}],"seed_played":"-1553885992312953125","potions_obtained":[{"floor":3,"key":"BloodPotion"},{"floor":7,"key":"SpeedPotion"},{"floor":13,"key":"FairyPotion"},{"floor":13,"key":"ElixirPotion"}],"is_trial":false,"path_per_floor":["M","$","M","?","M","R","M","E","T","E","R","M","?","M","R","B",null,"M","M","?","$","M","R","E","?"],"character_chosen":"IRONCLAD","items_purchased":["Uppercut","Calipers","Orrery"],"campfire_rested":3,"item_purchase_floors":[2,21,21],"current_hp_per_floor":[70,70,70,70,65,65,61,30,30,13,39,24,24,12,39,31,75,69,21,21,21,9,36,27,0,0],"gold":139,"neow_bonus":"BOSS_RELIC","is_daily":false,"chose_seed":false,"campfire_upgraded":1,"win_rate":0.0,"timestamp":1613085430,"path_taken":["M","$","?","?","M","R","M","E","T","E","R","?","?","?","R","BOSS","M","M","?","$","?","R","E","?"],"items_purchased_type":["Card","Relic","Relic"],"build_version":"2020-12-22","purchased_purges":0,"victory":false,"max_hp_per_floor":[80,80,80,80,80,80,80,84,84,87,87,87,87,90,90,90,90,90,90,90,90,90,90,90,90,90],"card_choices":[{"not_picked":["Run Through","Replay:Undeath\u0027s Touch"],"picked":"Shrug It Off","floor":1},{"not_picked":["Second Wind","Sword Boomerang"],"picked":"Perfected Strike","floor":3},{"not_picked":["Battle Trance","Run Through","Iron Wave"],"picked":"SKIP","floor":5},{"not_picked":["Havoc","Flex"],"picked":"Feed","floor":7},{"not_picked":["Bloodletting","Battle Trance"],"picked":"Rage","floor":8},{"not_picked":["Anger","Reckless Charge"],"picked":"Perfected Strike","floor":10},{"not_picked":["Run Through","hubris:ReadiedAction","Replay:Undeath\u0027s Touch"],"picked":"SKIP","floor":12},{"not_picked":["hubris:ReadiedAction","Heavy Blade","Disarm"],"picked":"SKIP","floor":14},{"not_picked":["Replay:Many Hands","Corruption"],"picked":"Offering","floor":16},{"not_picked":["Shrug It Off","Warcry"],"picked":"Rage","floor":18},{"not_picked":["Armaments","hubris:ReadiedAction","ReplayTheSpireMod:Limb From Limb"],"picked":"SKIP","floor":19},{"not_picked":["hubris:SharpeningStone","Abandon"],"picked":"Havoc","floor":21},{"not_picked":["Abandon","Juggernaut"],"picked":"Cleave+1","floor":21},{"not_picked":["Disarm","Armaments"],"picked":"Bludgeon","floor":21},{"not_picked":["ReplayReversal","Blood for Blood"],"picked":"Burning Pact","floor":21},{"not_picked":["hubris:CleavingFinish","Run Through"],"picked":"Clash","floor":21},{"not_picked":["Replay:Undeath\u0027s Touch","Iron Wave","ReplayReversal"],"picked":"SKIP","floor":22},{"not_picked":["Fiend Fire","hubris:SharpeningStone"],"picked":"Flame Barrier+1","floor":24}],"player_experience":52889,"relics_obtained":[{"floor":8,"key":"Lantern"},{"floor":9,"key":"Replay:Wax Seal"},{"floor":10,"key":"Replay:Bottled Steam"},{"floor":17,"key":"Omamori"},{"floor":17,"key":"hubris:DeckOfHolding"},{"floor":17,"key":"StoneCalendar"},{"floor":24,"key":"Simple Rune"}],"event_choices":[{"damage_healed":0,"gold_gain":0,"player_choice":"Rummage","damage_taken":0,"relics_obtained":["WarpedTongs"],"max_hp_gain":0,"max_hp_loss":0,"event_name":"Accursed Blacksmith","floor":4,"gold_loss":0,"cards_obtained":["Pain"]},{"damage_healed":0,"gold_gain":0,"player_choice":"Bought 2 Potions","damage_taken":0,"max_hp_gain":0,"max_hp_loss":0,"event_name":"The Woman in Blue","floor":13,"gold_loss":0},{"cards_removed":["Pain"],"damage_healed":0,"gold_gain":0,"player_choice":"Offered Curse","damage_taken":0,"relics_obtained":["Spirit Poop"],"max_hp_gain":0,"max_hp_loss":0,"event_name":"Bonfire Elementals","floor":20,"gold_loss":0},{"damage_healed":0,"gold_gain":0,"player_choice":"Fought Bandits","damage_taken":0,"max_hp_gain":0,"max_hp_loss":0,"event_name":"Masked Bandits","floor":25,"gold_loss":0}],"is_beta":false,"boss_relics":[{"not_picked":["Runic Dome","Electric Blood"],"picked":"Calling Bell"}],"items_purged_floors":[],"is_endless":false,"potions_floor_spawned":[3,7,14,16,18,22],"killed_by":"Masked Bandits","ascension_level":9}}