{"host":"kfd0jpqqxt101ydt","time":1613043275,"event":{"mods":["BaseMod","Downfall","Googly Eyes","Highlight Path","Minty Spire (QoL Compilation)","StSLib"],"gold_per_floor":[99,33,48,48,198,198,198,217,227,237,237,254,283,313,330,429,429,429,445,459,451,20,58,85,85,103,128,153,182,82,82,96,200,200,200,219,219,238,249,11,11,286,296,327,227,227,261,311,323,323],"floor_reached":51,"language":"ENG","playtime":4842,"items_purged":["downfall:Bewildered"],"score":824,"play_id":"e8a10fb7-0bfd-4b97-986d-fd4deb7be9c8","local_time":"20210211133435","is_ascension_mode":false,"campfire_choices":[{"data":"hexamod:Sear","floor":1,"key":"SMITH"},{"floor":11,"key":"REST"},{"data":"hexamod:TimeOfNeed","floor":18,"key":"SMITH"},{"data":"hexamod:PhantomCloak","floor":30,"key":"SMITH"},{"floor":35,"key":"RECALL"},{"floor":45,"key":"REST"}],"circlet_count":0,"master_deck":["hexamod:Strike+1","hexamod:Strike+1","hexamod:Strike","hexamod:Strike","hexamod:Defend+1","hexamod:Defend+1","hexamod:Defend+1","hexamod:Defend+1","hexamod:Sear+1","hexamod:Float+1","hexamod:SpectralAdrenaline+1","hexamod:FastForward+1","hexamod:ShieldOfDarkness+1","downfall:Icky","hexamod:SpectersWail+1","hexamod:PhantomCloak+1","hexamod:InspiringFlames","hexamod:RadiantFlame+1","hexamod:RetreatToShadows+1","hexamod:TimeOfNeed+1","hexamod:Hexaguard+1","hexamod:SkipABeat+1","hexamod:EmpoweredFlame+1","hexamod:ForkedFlame+1","hexamod:GhostflameBarrier+1","hexamod:HauntingEcho","hexamod:ChargedBarrage+1","hexamod:GhostShield","hexamod:ParanormalForm","hexamod:FastForward+1","hexamod:VolcanoVisage+1","hexamod:CatchUp","hexamod:FastForward+1","hexamod:SoulSteal","hexamod:StepThrough","Regret","expansioncontent:PolyBeam","hexamod:GhostOfSpireFuture","hexamod:AdvancingGuard"],"relics":["hexamod:SpiritBrand","Matryoshka","Odd Mushroom","Pocketwatch","SacredBark","ClockworkSouvenir","Anchor","Oddly Smooth Stone","Bronze Scales","Ancient Tea Set","hexamod:TheBrokenSeal","WingedGreaves","downfall:HeartBlessingGreen","sneckomod:BabySnecko","Fusion Hammer","hexamod:MatchstickCase","Darkstone Periapt","Boot","Happy Flower","downfall:HeartBlessingRed","Potion Belt","CaptainsWheel"],"acts_visited":["Exordium","TheCity","TheBeyond"],"potions_floor_usage":[13,14,16,16,26,26,26,26,28,28,33,33,50,50,50],"damage_taken":[{"damage":5,"enemies":"downfall:FleeingMerchant","floor":2,"turns":4},{"damage":0,"enemies":"2 Louse","floor":3,"turns":4},{"damage":0,"enemies":"Jaw Worm","floor":8,"turns":4},{"damage":0,"enemies":"Small Slimes","floor":9,"turns":3},{"damage":30,"enemies":"Exordium Wildlife","floor":10,"turns":7},{"damage":0,"enemies":"Blue Slaver","floor":12,"turns":3},{"damage":20,"enemies":"The Mushroom Lair","floor":13,"turns":6},{"damage":9,"enemies":"Lagavulin","floor":14,"turns":6},{"damage":5,"enemies":"Exordium Wildlife","floor":15,"turns":6},{"damage":15,"enemies":"WA_ARCHETYPE_RETAIN","floor":16,"turns":10},{"damage":14,"enemies":"Spheric Guardian","floor":19,"turns":7},{"damage":5,"enemies":"3 Byrds","floor":20,"turns":7},{"damage":0,"enemies":"downfall:FleeingMerchant","floor":22,"turns":4},{"damage":19,"enemies":"Slavers","floor":23,"turns":7},{"damage":0,"enemies":"Cultist and Chosen","floor":26,"turns":4},{"damage":26,"enemies":"Sentry and Sphere","floor":27,"turns":8},{"damage":25,"enemies":"3 Cultists","floor":28,"turns":6},{"damage":3,"enemies":"Gremlin Leader","floor":29,"turns":6},{"damage":5,"enemies":"Centurion and Healer","floor":32,"turns":6},{"damage":19,"enemies":"DF_ARCHETYPE_CLAW","floor":33,"turns":5},{"damage":0,"enemies":"3 Shapes","floor":36,"turns":3},{"damage":0,"enemies":"Orb Walker","floor":38,"turns":3},{"damage":0,"enemies":"Maw","floor":39,"turns":7},{"damage":0,"enemies":"downfall:FleeingMerchant","floor":40,"turns":4},{"damage":2,"enemies":"Spire Growth","floor":43,"turns":4},{"damage":34,"enemies":"Giant Head","floor":44,"turns":7},{"damage":0,"enemies":"Nemesis","floor":47,"turns":3},{"damage":5,"enemies":"Nemesis","floor":48,"turns":4},{"damage":0,"enemies":"3 Darklings","floor":49,"turns":3},{"damage":18,"enemies":"IC_BLOCK_ARCHETYPE","floor":50,"turns":10}],"seed_played":"-8087811105113782808","potions_obtained":[{"floor":3,"key":"SteroidPotion"},{"floor":8,"key":"SteroidPotion"},{"floor":12,"key":"Guardian:BlockOnCardUsePotion"},{"floor":13,"key":"SkillPotion"},{"floor":20,"key":"FearPotion"},{"floor":22,"key":"SteroidPotion"},{"floor":23,"key":"EntropicBrew"},{"floor":26,"key":"hexamod:EctoCoolerPotion"},{"floor":29,"key":"AttackPotion"},{"floor":32,"key":"hexamod:SoulburnPotion"},{"floor":43,"key":"BlessingOfTheForge"},{"floor":44,"key":"LiquidMemories"},{"floor":47,"key":"Strength Potion"},{"floor":48,"key":"BlessingOfTheForge"},{"floor":49,"key":"hexamod:InfernoChargePotion"}],"is_trial":false,"path_per_floor":["R","$","M","?","?","?","T","M","M","M","R","M","?","E","M","B",null,"R","M","M","?","$","E","T","?","M","M","M","E","R","?","M","B",null,"R","M","?","M","M","$","T","?","M","E","R","?","E","?","M","B",null],"character_chosen":"THE_SPIRIT","items_purchased":["hexamod:FastForward","hexamod:ForkedFlame","ClockworkSouvenir","Anchor","Explosive Potion","hexamod:MatchstickCase"],"campfire_rested":2,"item_purchase_floors":[2,22,22,22,22,40],"current_hp_per_floor":[70,65,65,65,65,65,65,65,65,35,56,56,36,27,22,7,70,70,56,58,58,65,53,53,53,60,41,80,77,77,77,72,53,80,80,80,80,80,80,80,80,86,84,50,75,65,65,60,60,42],"gold":323,"neow_bonus":"ONE_RANDOM_RARE_CARD","is_daily":false,"chose_seed":false,"campfire_upgraded":3,"win_rate":0.0,"timestamp":1613043275,"path_taken":["R","$","M","?","?","?","T","?","M","M","R","M","?","E","M","BOSS","R","M","M","?","$","E","T","?","M","M","M","E","R","?","M","BOSS","R","M","?","M","?","$","T","?","?","E","R","?","E","?","M","BOSS"],"items_purchased_type":["Card","Card","Relic","Relic","Potion","Relic"],"build_version":"2020-12-22","purchased_purges":1,"victory":true,"max_hp_per_floor":[70,70,70,70,70,70,70,70,70,70,70,70,70,70,70,70,70,70,70,70,70,70,70,70,70,70,70,80,80,80,80,80,80,80,80,80,80,80,80,80,80,86,86,86,86,86,86,86,86,86],"card_choices":[{"not_picked":["hexamod:NecessarySacrifice","hexamod:HeatMetal"],"picked":"hexamod:SpectralAdrenaline","floor":2},{"not_picked":["hexamod:NightmareGuise","hexamod:StepThrough"],"picked":"hexamod:ShieldOfDarkness","floor":3},{"not_picked":["hexamod:SwordOfDarkness","hexamod:CatchUp"],"picked":"hexamod:SpectersWail","floor":8},{"not_picked":["hexamod:NightmareStrike","hexamod:AdvancingGuard"],"picked":"hexamod:PhantomCloak","floor":9},{"not_picked":["hexamod:AdvancingGuard","hexamod:PhantomFireball"],"picked":"hexamod:InspiringFlames","floor":10},{"not_picked":["hexamod:RecurringNightmare","hexamod:GhostOfSpireFuture"],"picked":"hexamod:RadiantFlame","floor":12},{"not_picked":["hexamod:SpectersWail","hexamod:Hexaguard"],"picked":"hexamod:RetreatToShadows","floor":13},{"not_picked":["hexamod:RetreatToShadows","hexamod:GhostShield"],"picked":"hexamod:FifthSeal","floor":14},{"not_picked":["hexamod:HeatMetal","hexamod:GhostShield"],"picked":"hexamod:NightmareGuise","floor":15},{"not_picked":["hexamod:TurnItUp","hexamod:ParanormalForm"],"picked":"hexamod:TimeOfNeed","floor":16},{"not_picked":["hexamod:SixthSeal","hexamod:FourthSeal"],"picked":"hexamod:FirstSeal","floor":19},{"not_picked":["hexamod:Hexaguard","hexamod:NightmareGuise","hexamod:ThermalTransfer+1"],"picked":"SKIP","floor":19},{"not_picked":["hexamod:NightmareGuise","hexamod:ThermalTransfer+1"],"picked":"hexamod:Hexaguard","floor":19},{"not_picked":["hexamod:Hexaguard","hexamod:Firestarter+1","hexamod:FastForward"],"picked":"SKIP","floor":20},{"not_picked":["hexamod:BurningTouch","hexamod:FastForward"],"picked":"hexamod:SkipABeat+1","floor":22},{"not_picked":["hexamod:ThermalTransfer","hexamod:GhostOfSpirePresent"],"picked":"hexamod:EmpoweredFlame+1","floor":22},{"not_picked":["hexamod:NecessarySacrifice","hexamod:SpectersWail"],"picked":"hexamod:GhostflameBarrier+1","floor":23},{"not_picked":["hexamod:ShieldOfDarkness","hexamod:SkipABeat","hexamod:WildfireWeapon"],"picked":"SKIP","floor":23},{"not_picked":["hexamod:SwordOfDarkness","hexamod:ThermalTransfer"],"picked":"hexamod:HauntingEcho","floor":26},{"not_picked":["hexamod:GhostShield","hexamod:BacktrackSmack","hexamod:FourthSeal"],"picked":"SKIP","floor":26},{"not_picked":["hexamod:ThirdSeal","hexamod:ExtraCrispy+1"],"picked":"hexamod:ChargedBarrage+1","floor":27},{"not_picked":["hexamod:PhantomCloak+1","hexamod:NightmareGuise"],"picked":"hexamod:GhostShield","floor":27},{"not_picked":["hexamod:EmpoweredFlame","hexamod:SpectersWail+1"],"picked":"hexamod:ParanormalForm","floor":28},{"not_picked":["hexamod:ChargedBarrage","hexamod:FourthSeal"],"picked":"hexamod:FastForward+1","floor":29},{"not_picked":["hexamod:ChargedBarrage+1","hexamod:Incineration+1","hexamod:SwordOfDarkness+1"],"picked":"SKIP","floor":32},{"not_picked":["hexamod:SixthSeal","hexamod:TimeWarp"],"picked":"hexamod:VolcanoVisage","floor":33},{"not_picked":["hexamod:HauntingEcho","hexamod:GhostLash"],"picked":"hexamod:CatchUp","floor":36},{"not_picked":["hexamod:SpectersWail","hexamod:InspiringFlames"],"picked":"hexamod:FastForward+1","floor":38},{"not_picked":["hexamod:SwordOfDarkness+1","hexamod:HauntingEcho"],"picked":"hexamod:SoulSteal","floor":39},{"not_picked":["hexamod:NightmareGuise","hexamod:ChargedBarrage"],"picked":"hexamod:StepThrough","floor":40},{"not_picked":["hexamod:SpectersWail+1","hexamod:Again","hexamod:HeatMetal+1"],"picked":"SKIP","floor":43},{"not_picked":["hexamod:ExtraCrispy","hexamod:BurningTouch+1","hexamod:GhostflameBarrier+1"],"picked":"SKIP","floor":44},{"not_picked":["expansioncontent:InvincibleStrength","expansioncontent:LastStand"],"picked":"expansioncontent:PolyBeam","floor":46},{"not_picked":["hexamod:PhantomCloak","hexamod:HauntingEcho"],"picked":"hexamod:GhostOfSpireFuture","floor":47},{"not_picked":["hexamod:Again+1","hexamod:HauntingEcho+1"],"picked":"hexamod:AdvancingGuard","floor":48},{"not_picked":["hexamod:Incineration+1","hexamod:UnlimitedPower","hexamod:Firestarter+1"],"picked":"SKIP","floor":49}],"player_experience":12245,"relics_obtained":[{"floor":7,"key":"Matryoshka"},{"floor":13,"key":"Odd Mushroom"},{"floor":14,"key":"Pocketwatch"},{"floor":23,"key":"Oddly Smooth Stone"},{"floor":24,"key":"Bronze Scales"},{"floor":24,"key":"Ancient Tea Set"},{"floor":29,"key":"WingedGreaves"},{"floor":41,"key":"Darkstone Periapt"},{"floor":41,"key":"Boot"},{"floor":44,"key":"Happy Flower"},{"floor":47,"key":"Potion Belt"},{"floor":48,"key":"CaptainsWheel"}],"event_choices":[{"cards_removed":["downfall:Malfunctioning"],"damage_healed":0,"gold_gain":0,"player_choice":"Card Removal","damage_taken":0,"max_hp_gain":0,"max_hp_loss":0,"event_name":"The Cleric","floor":6,"gold_loss":0},{"damage_healed":0,"gold_gain":0,"player_choice":"Fought Mushrooms","damage_taken":0,"max_hp_gain":0,"max_hp_loss":0,"event_name":"Mushrooms","floor":13,"gold_loss":0},{"damage_healed":0,"gold_gain":0,"player_choice":"Forge","damage_taken":0,"max_hp_gain":0,"max_hp_loss":0,"event_name":"Accursed Blacksmith","floor":37,"gold_loss":0,"cards_upgraded":["hexamod:VolcanoVisage"]}],"is_beta":false,"boss_relics":[{"not_picked":["Busted Crown","Velvet Choker"],"picked":"SacredBark"},{"not_picked":["Tiny House","bronze:MakeshiftBattery"],"picked":"Fusion Hammer"}],"items_purged_floors":[40],"is_endless":false,"potions_floor_spawned":[3,8,12,13,20,27,29,32,43,44,47,48,49],"ascension_level":0}}