{"host":"9fuvscx47tolndfl","time":1613076585,"event":{"mods":["100% Spire Juice","AchievementEnabler","Act Like it!","Arknights","Aspiration","BaseMod","Beaked The Cultist","Better Match","Better Note","Better Third Choice","CapriCore","Colored Map","Colored Powertips","Conspire","Downfall","GungeonMod","Halation","Hermit","Hubris","Infinite Spire","Jedi Mod","Jorbs\u0027s Wanderer Trilogy","Koishi","Luminous","Marisa????????","Minty Spire (QoL Compilation)","Prisma Mod","Rare Cards Sparkle","Replay The Spire","Shade Mod","Shop Mod","StSLib","The Administrix","The Alterego","The Animator","The Bug Knight","The Construct","The Cursed","The Disciple","The Fake Hero","The Forsaken","The Hayseed","The Hierophant","The Immortal","The Jungle","The Mystic","The Necromancer","The Poker Player","The Problem Sleuth","The Runesmith","The Servant 0.9.4","TheBandit","TheHero","TheSwordswoman","Waifu the Spire","Wandering Minibosses","WarShipGirlsR/????R mod","Yuyuko","thorton","??????REMEMod"],"gold_per_floor":[114,144,156,156,19,60,60,73,146,161,179,179,236,236,236,336,336,365,380,380,391,406,436,436,436,462,462,462,476,496,531,531,627,627,641,653,703,722,751,751,762,792,792,812,847,860,860,860,860,860,860],"floor_reached":50,"language":"ENG","playtime":6540,"items_purged":[],"score":658,"play_id":"4a7d9ce6-9c36-423e-8254-1c3437cef86e","local_time":"20210211124945","is_ascension_mode":false,"campfire_choices":[{"data":"construct:BatteryCore","floor":7,"key":"SMITH"},{"data":"animator:Aqua","floor":12,"key":"SMITH"},{"data":"animator:YaoHaDucy","floor":15,"key":"SMITH"},{"data":"animator:Kaijin","floor":24,"key":"SMITH"},{"data":"animator:Darkness","floor":27,"key":"SMITH"},{"data":"infinitespire:FutureSight","floor":32,"key":"SMITH"},{"data":"infinitespire:FutureSight","floor":40,"key":"SMITH"},{"floor":47,"key":"RECALL"},{"data":"animator:Kazuma","floor":49,"key":"SMITH"}],"circlet_count":0,"master_deck":["animator:Strike_Konosuba","animator:Defend_Konosuba","animator:Strike+1","animator:Strike","animator:Strike","animator:Defend","animator:Defend","animator:Kazuma+1","animator:Aqua+1","construct:BatteryCore+1","animator:YaoHaDucy+1","animator:Verdia","animator:Megumin+21","animator:MaesHughes","animator:MisakiNakahara","animator:ElricEdward","animator:Darkness+1","animator:Mitsurugi","animator:RoyMustang","animator:Shuna","animator:Vanir+1","animator:PinaCoLada+1","animator:Nanami+1","animator:UneriGinkaku","animator:Kuribayashi","animator:Darkness","animator:Kaijin+1","infinitespire:FutureSight+1","animator:ChaikaBohdan","animator:Aqua","animator:YunYun","animator:ChaikaTrabant+1","animator:ElricAlphonse+1","animator:Sloth+1","infinitespire:FutureSight+1","animator:WinryRockbell","animator:Vanir","animator:Emonzaemon","animator:Vanir","animator:Mitsurugi+1","animator:Kuribayashi+1","animator:Mitsurugi","animator:Berserker+1"],"relics":["animator:LivingPicture","animator:TheMissingPiece","REME_ComplimentaryCards","animator:PurgingStone","aspiration:Nostalgia","construct:Cogwheel","Nunchaku","Golden Egg","Eternal Feather","Sozu","Kunai","halation:LettersToHer","ReplayTheSpireMod:TigerMarble","Vajra","hubris:ScarierMask","infinitespire:PuzzleCube","Black Star","BargainBundle","Tiny House","halation:Toothbrush","animator:ShionDessert","Potion Belt","infinitespire:Beetle Shell","halation:EternalFortune"],"acts_visited":["Exordium","TheCity","TheBeyond"],"potions_floor_usage":[6,6,10,29],"damage_taken":[{"damage":0,"enemies":"conspire:RoseBush","floor":1,"turns":4},{"damage":0,"enemies":"Cultist","floor":2,"turns":5},{"damage":0,"enemies":"Small Slimes","floor":3,"turns":4},{"damage":9,"enemies":"3 Sentries","floor":6,"turns":3},{"damage":2,"enemies":"Exordium Thugs","floor":8,"turns":5},{"damage":0,"enemies":"2 Fungi Beasts","floor":10,"turns":3},{"damage":1,"enemies":"3 Louse","floor":11,"turns":2},{"damage":16,"enemies":"Replay:BlueRogue","floor":13,"turns":7},{"damage":0,"enemies":"The Guardian","floor":16,"turns":12},{"damage":5,"enemies":"3 Byrds","floor":18,"turns":4},{"damage":5,"enemies":"Shell Parasite","floor":19,"turns":5},{"damage":0,"enemies":"Chosen and Byrds","floor":21,"turns":4},{"damage":0,"enemies":"3 Cultists","floor":22,"turns":5},{"damage":14,"enemies":"conspire:SneckoGhost","floor":23,"turns":5},{"damage":9,"enemies":"Snake Plant","floor":29,"turns":2},{"damage":0,"enemies":"Centurion and Healer","floor":30,"turns":2},{"damage":29,"enemies":"REME_1_Revenger","floor":31,"turns":5},{"damage":14,"enemies":"hubris:MusketHawk","floor":33,"turns":7},{"damage":0,"enemies":"Orb Walker","floor":35,"turns":2},{"damage":4,"enemies":"3 Darklings","floor":36,"turns":2},{"damage":0,"enemies":"Transient","floor":38,"turns":5},{"damage":0,"enemies":"Jaw Worm Horde","floor":39,"turns":1},{"damage":1,"enemies":"3 Darklings","floor":41,"turns":3},{"damage":36,"enemies":"Giant Head","floor":42,"turns":6},{"damage":0,"enemies":"Maw","floor":44,"turns":4},{"damage":37,"enemies":"Nemesis","floor":45,"turns":5},{"damage":0,"enemies":"Transient","floor":46,"turns":5},{"damage":86,"enemies":"hubris:GrandSnecko","floor":50,"turns":19}],"seed_played":"-4039348682535730121","potions_obtained":[{"floor":2,"key":"AttackPotion"},{"floor":3,"key":"BlessingOfTheForge"},{"floor":8,"key":"SkillPotion"},{"floor":16,"key":"champ:CounterPotion"}],"is_trial":false,"path_per_floor":["M","M","M","?","$","E","R","M","T","M","M","R","E","?","R","B",null,"M","M","?","M","M","E","R","?","T","R","AVR","M","M","E","R","B",null,"M","M","AVR","M","M","R","M","E","T","M","E","M","R","?","R","B"],"character_chosen":"THE_ANIMATOR","items_purchased":["animator:MisakiNakahara","animator:ElricEdward"],"campfire_rested":0,"item_purchase_floors":[5,5],"current_hp_per_floor":[66,66,67,67,67,60,60,61,61,63,64,64,51,51,63,66,68,68,67,67,69,69,55,69,69,69,69,69,60,66,46,64,57,71,71,69,74,76,76,76,76,45,45,50,18,23,47,50,74,0,0],"gold":860,"neow_bonus":"NOSTALGIA","is_daily":false,"chose_seed":false,"campfire_upgraded":8,"win_rate":0.0,"timestamp":1613076585,"path_taken":["M","M","M","?","$","E","R","M","T","?","M","R","E","?","R","BOSS","M","M","?","M","?","E","R","?","T","R","AVR","?","M","E","R","BOSS","M","M","AVR","M","M","R","M","E","T","M","E","M","R","?","R","BOSS"],"items_purchased_type":["Card","Card"],"build_version":"2020-12-22","purchased_purges":0,"victory":false,"max_hp_per_floor":[66,66,67,67,67,67,67,68,68,68,68,68,68,68,68,68,68,68,69,69,69,69,69,69,69,69,69,69,69,69,71,71,71,71,71,71,76,76,76,76,76,76,76,76,76,76,76,79,79,79,79],"card_choices":[{"not_picked":["animator:Gillette","animator:AcuraAkari"],"picked":"animator:YaoHaDucy","floor":1},{"not_picked":["animator:Chung","animator:Togame"],"picked":"animator:Verdia","floor":2},{"not_picked":["animator:ChaikaBohdan","animator:Mitsurugi"],"picked":"animator:Megumin","floor":3},{"not_picked":["animator:Kazuma","animator:Verdia"],"picked":"animator:Darkness","floor":6},{"not_picked":["animator:Souei","animator:Vesta"],"picked":"animator:Mitsurugi","floor":8},{"not_picked":["animator:MetalKnight","animator:Caster"],"picked":"animator:RoyMustang","floor":10},{"not_picked":["animator:Millim","animator:Alexander"],"picked":"animator:Shuna","floor":11},{"not_picked":["animator:Verdia","animator:Hans"],"picked":"animator:Vanir","floor":13},{"not_picked":["animator:Envy","animator:ItamiYouji"],"picked":"animator:PinaCoLada","floor":16},{"not_picked":["animator:Sloth","animator:Lu"],"picked":"animator:Nanami","floor":18},{"not_picked":["animator:Shion","animator:AcuraAkari+1"],"picked":"animator:UneriGinkaku","floor":19},{"not_picked":["animator:Sloth","animator:Shuna"],"picked":"animator:Kuribayashi","floor":21},{"not_picked":["animator:Megumin","animator:Verdia"],"picked":"animator:Darkness","floor":22},{"not_picked":["animator:MumenRider","animator:RoryMercury"],"picked":"animator:Kaijin","floor":23},{"not_picked":["animator:Shichika","animator:TsurugaMeisai"],"picked":"animator:ChaikaBohdan","floor":29},{"not_picked":["animator:Benimaru","animator:ElricEdward"],"picked":"animator:Aqua","floor":30},{"not_picked":["animator:Vanir","animator:Kazuma"],"picked":"animator:YunYun","floor":31},{"not_picked":["animator:Elesis","animator:Gilgamesh"],"picked":"animator:ChaikaTrabant","floor":33},{"not_picked":["animator:Hitei+1","animator:Guy"],"picked":"animator:ElricAlphonse+1","floor":35},{"not_picked":["animator:Azekura+1","animator:MumenRider"],"picked":"animator:Sloth+1","floor":36},{"not_picked":["animator:MumenRider","animator:RinTohsaka+1"],"picked":"animator:WinryRockbell","floor":37},{"not_picked":["animator:Lu","animator:AcuraTooru+1"],"picked":"animator:Vanir","floor":38},{"not_picked":["animator:UneriGinkaku","animator:ZankiKiguchi"],"picked":"animator:Emonzaemon","floor":39},{"not_picked":["animator:LeleiLaLalena+1","animator:Kuribayashi"],"picked":"animator:Vanir","floor":41},{"not_picked":["animator:Biyorigo","animator:Togame+1"],"picked":"animator:Mitsurugi+1","floor":42},{"not_picked":["animator:Pride","animator:ElricEdward"],"picked":"animator:Kuribayashi+1","floor":44},{"not_picked":["animator:Kazuma","animator:Vanir"],"picked":"animator:Mitsurugi","floor":45},{"not_picked":["animator:ZankiKiguchi","animator:Rider"],"picked":"animator:Berserker+1","floor":46}],"player_experience":251183,"relics_obtained":[{"floor":6,"key":"Nunchaku"},{"floor":9,"key":"Golden Egg"},{"floor":13,"key":"Eternal Feather"},{"floor":23,"key":"halation:LettersToHer"},{"floor":26,"key":"halation:LettersToHer"},{"floor":26,"key":"ReplayTheSpireMod:TigerMarble"},{"floor":31,"key":"infinitespire:PuzzleCube"},{"floor":42,"key":"halation:Toothbrush"},{"floor":42,"key":"animator:ShionDessert"},{"floor":43,"key":"halation:LettersToHer"},{"floor":45,"key":"Potion Belt"},{"floor":45,"key":"infinitespire:Beetle Shell"}],"event_choices":[{"damage_healed":0,"gold_gain":0,"cards_transformed":["animator:Defend"],"player_choice":"Transformed","damage_taken":0,"max_hp_gain":0,"max_hp_loss":0,"event_name":"Transmorgrifier","floor":4,"gold_loss":0,"cards_obtained":["animator:MaesHughes"]},{"damage_healed":0,"gold_gain":0,"player_choice":"Forge","damage_taken":0,"max_hp_gain":0,"max_hp_loss":0,"event_name":"Accursed Blacksmith","floor":14,"gold_loss":0,"cards_upgraded":["animator:Vanir"]},{"damage_healed":0,"gold_gain":0,"player_choice":"Ignored","damage_taken":0,"max_hp_gain":0,"max_hp_loss":0,"event_name":"Transmorgrifier","floor":25,"gold_loss":0}],"is_beta":false,"boss_relics":[{"not_picked":["Fusion Hammer","halation:Risk"],"picked":"Sozu"},{"not_picked":["infinitespire:Cupcake","SlaversCollar"],"picked":"Black Star"}],"items_purged_floors":[],"is_endless":false,"potions_floor_spawned":[2,3,8,16,21,22,23,29,35,36,38,45],"killed_by":"hubris:GrandSnecko","ascension_level":0}}