{"host":"02t2xvao3cghmwgs","time":1613020504,"event":{"mods":["2.2 Compatiblity","Act Like it!","BaseMod","Better Note","Colored Powertips","Friendly Minions","Googly Eyes","Hermit","Highlight Path","Kiyohime????","Marisa????????","Minty Spire (QoL Compilation)","READ ME - Guardian Mod","Rare Cards Sparkle","Reimu??????","Remilia??????","StSLib","Synergy Search","The Animator","The Bug Knight","The Marked","The Mystic","The Senshi","The Wild Card","Yuyuko"],"gold_per_floor":[217,392,405,405,420,454,454,473,473,502,502,22,37,37,37,137,137,157,157,157,167,14,14,43,43,43,57,57,70,70,90,90,90,90],"floor_reached":33,"language":"ENG","playtime":1590,"items_purged":["Doubt"],"score":300,"play_id":"d69fc5e0-f3d7-4a03-b682-6fbb5ba44beb","local_time":"20210211001504","is_ascension_mode":false,"campfire_choices":[{"data":"theMarked:ParalyzingBlade","floor":7,"key":"SMITH"},{"floor":11,"key":"REST"},{"floor":15,"key":"REST"},{"floor":23,"key":"RECALL"},{"floor":25,"key":"REST"},{"floor":32,"key":"REST"}],"circlet_count":0,"master_deck":["theMarked:Strike","theMarked:Strike","theMarked:Strike","theMarked:Strike","theMarked:Strike","theMarked:Defend","theMarked:Defend","theMarked:Defend","theMarked:Defend","theMarked:SoldierOfQuellstein","theMarked:WardOff","theMarked:Aftermath+1","theMarked:ParalyzingBlade+1","theMarked:MagusForm+1","Finesse","theMarked:SuspiciousRaven","theMarked:Memento","theMarked:EnhanceMovement","theMarked:ThrowWeapon","theMarked:Reabsorb","Impatience","theMarked:SoldierOfQuellstein","theMarked:Parry+1","theMarked:Memento","theMarked:WardOff","Ghostly","Ghostly","Ghostly","Ghostly","Ghostly"],"relics":["theMarked:ArtifactOfAir","Lantern","Frozen Egg 2","WingedGreaves","Blood Vial","Fusion Hammer","Orichalcum","Nunchaku"],"acts_visited":["Exordium","TheCity"],"potions_floor_usage":[6,10,16,33,33,33],"damage_taken":[{"damage":1,"enemies":"Jaw Worm","floor":1,"turns":4},{"damage":0,"enemies":"Small Slimes","floor":3,"turns":3},{"damage":1,"enemies":"Cultist","floor":5,"turns":3},{"damage":12,"enemies":"3 Sentries","floor":6,"turns":9},{"damage":4,"enemies":"Blue Slaver","floor":8,"turns":4},{"damage":47,"enemies":"Gremlin Nob","floor":10,"turns":6},{"damage":15,"enemies":"Looter","floor":13,"turns":4},{"damage":32,"enemies":"The Guardian","floor":16,"turns":14},{"damage":8,"enemies":"Shell Parasite","floor":18,"turns":8},{"damage":5,"enemies":"Spheric Guardian","floor":21,"turns":3},{"damage":39,"enemies":"Slavers","floor":24,"turns":7},{"damage":12,"enemies":"Centurion and Healer","floor":27,"turns":8},{"damage":23,"enemies":"Cultist and Chosen","floor":29,"turns":7},{"damage":5,"enemies":"Snake Plant","floor":31,"turns":4},{"damage":26,"enemies":"Collector","floor":33,"turns":2}],"seed_played":"-6107308462088918839","potions_obtained":[{"floor":5,"key":"MagicPotion:ReiMu"},{"floor":8,"key":"GrandPatriotsElixir:ReiMu"},{"floor":10,"key":"PowerPotion"},{"floor":18,"key":"CultistPotion"},{"floor":27,"key":"SpeedPotion"},{"floor":29,"key":"PowerPotion"}],"is_trial":false,"path_per_floor":["M","?","M","?","M","E","R","M","T","E","R","$","M","?","R","B",null,"M","?","?","M","$","R","E","R","T","M","$","M","?","M","R","B"],"character_chosen":"THE_DEFAULT","items_purchased":["Finesse","theMarked:SuspiciousRaven","theMarked:Memento","Blood Vial","Orichalcum"],"campfire_rested":4,"item_purchase_floors":[12,12,12,12,22],"current_hp_per_floor":[69,69,69,69,68,56,56,52,52,5,26,26,13,13,34,4,70,62,62,62,59,59,59,22,43,43,33,33,12,12,9,19,0,0],"gold":90,"neow_bonus":"HUNDRED_GOLD","is_daily":false,"chose_seed":false,"campfire_upgraded":1,"win_rate":0.0,"timestamp":1613020504,"path_taken":["M","?","M","?","M","E","R","M","T","E","R","$","?","?","R","BOSS","M","?","?","M","$","R","E","R","T","M","$","M","?","?","R","BOSS"],"items_purchased_type":["Card","Card","Card","Relic","Relic"],"build_version":"2020-12-22","purchased_purges":1,"victory":false,"max_hp_per_floor":[70,70,70,70,70,70,70,70,70,70,70,70,70,70,70,70,70,70,70,70,70,70,70,70,70,70,70,70,70,35,35,35,35,35],"card_choices":[{"not_picked":["theMarked:RepellingDischarge","theMarked:Parkour"],"picked":"theMarked:WardOff","floor":1},{"not_picked":["theMarked:Parkour","theMarked:ResourceFulStrike"],"picked":"theMarked:Aftermath","floor":3},{"not_picked":["theMarked:TunnelVision","theMarked:BanishingWave","theMarked:TakeCover"],"picked":"SKIP","floor":5},{"not_picked":["theMarked:Seal","theMarked:Memento"],"picked":"theMarked:ParalyzingBlade","floor":6},{"not_picked":["theMarked:Parry","theMarked:TakeCover"],"picked":"theMarked:GodGivenPower","floor":8},{"not_picked":["theMarked:Overthink","theMarked:RepellingDischarge"],"picked":"theMarked:MagusForm+1","floor":10},{"not_picked":["theMarked:TakeCover","theMarked:SwordAndMagic"],"picked":"theMarked:EnhanceMovement","floor":13},{"not_picked":["theMarked:TurnInvisible","theMarked:UnarmedFury"],"picked":"theMarked:ThrowWeapon","floor":16},{"not_picked":["theMarked:ResourceFulStrike","theMarked:Standoff+1"],"picked":"theMarked:Reabsorb","floor":18},{"not_picked":["theMarked:Overcharge","theMarked:Aftermath"],"picked":"theMarked:Parry+1","floor":21},{"not_picked":["theMarked:TakeCover+1","theMarked:Maelstrom","theMarked:ResourceFulStrike+1"],"picked":"SKIP","floor":24},{"not_picked":["theMarked:Aftermath+1","theMarked:Seal+1"],"picked":"theMarked:Memento","floor":27},{"not_picked":["theMarked:Electrocute","theMarked:Parkour+1"],"picked":"theMarked:WardOff","floor":29},{"not_picked":["theMarked:Overthink","theMarked:PowerFlow","theMarked:ChainLightning"],"picked":"SKIP","floor":31}],"player_experience":327275,"relics_obtained":[{"floor":6,"key":"Lantern"},{"floor":9,"key":"Frozen Egg 2"},{"floor":10,"key":"WingedGreaves"},{"floor":24,"key":"Nunchaku"}],"event_choices":[{"damage_healed":0,"gold_gain":175,"player_choice":"AGREE","damage_taken":0,"max_hp_gain":0,"max_hp_loss":0,"event_name":"Liars Game","floor":2,"gold_loss":0,"cards_obtained":["Doubt"]},{"damage_healed":0,"gold_gain":0,"player_choice":"Upgraded","damage_taken":0,"max_hp_gain":0,"max_hp_loss":0,"event_name":"Upgrade Shrine","floor":4,"gold_loss":0,"cards_upgraded":["theMarked:Aftermath"]},{"cards_removed":["theMarked:GodGivenPower"],"damage_healed":0,"gold_gain":0,"player_choice":"Forget","damage_taken":0,"max_hp_gain":0,"max_hp_loss":0,"event_name":"Living Wall","floor":14,"gold_loss":0},{"damage_healed":0,"gold_gain":0,"player_choice":"2 cards matched","damage_taken":0,"max_hp_gain":0,"max_hp_loss":0,"event_name":"Match and Keep!","floor":19,"gold_loss":0,"cards_obtained":["Impatience","theMarked:SoldierOfQuellstein"]},{"cards_removed":["theMarked:MagusForm"],"damage_healed":0,"gold_gain":0,"player_choice":"Give","damage_taken":0,"max_hp_gain":0,"max_hp_loss":0,"event_name":"betterNote:BetterNote","floor":20,"gold_loss":0,"cards_obtained":["theMarked:Strike"]},{"damage_healed":0,"gold_gain":0,"player_choice":"Became a Ghost","damage_taken":0,"max_hp_gain":0,"max_hp_loss":35,"event_name":"Ghosts","floor":30,"gold_loss":0,"cards_obtained":["Ghostly","Ghostly","Ghostly","Ghostly","Ghostly"]}],"is_beta":false,"boss_relics":[{"not_picked":["Tiny House","RedLine:ReiMu"],"picked":"Fusion Hammer"}],"items_purged_floors":[12],"is_endless":false,"potions_floor_spawned":[5,8,10,18,27,29],"killed_by":"Collector","ascension_level":0}}