{"host":"t5vp0whyqzs05fb6","time":1613011744,"event":{"mods":["AchievementEnabler","BaseMod","Colored Map","Minty Spire (QoL Compilation)","Rare Cards Sparkle","SuperFastMode","everything is the same but u backflip on backflip"],"gold_per_floor":[115,129,140,156,176,208,208,158,230,230,230,230,247,260,260,361,411,427,443,457,476,476,476,476],"floor_reached":23,"language":"KOR","playtime":657,"items_purged":[],"score":197,"play_id":"fb9ed35d-4fda-443e-9bd4-91a4007539b2","local_time":"20210211114904","is_ascension_mode":false,"campfire_choices":[{"data":"Carnage","floor":7,"key":"SMITH"},{"data":"Uppercut","floor":10,"key":"SMITH"},{"data":"Battle Trance","floor":12,"key":"SMITH"},{"data":"Shrug It Off","floor":15,"key":"SMITH"}],"circlet_count":0,"master_deck":["Strike_R","Strike_R+1","Strike_R","Strike_R","Defend_R","Defend_R","Defend_R","Defend_R","Bash","Uppercut+1","Power Through","Battle Trance+1","Carnage+1","Flame Barrier","Shrug It Off+1","Pommel Strike","Exhume","Second Wind","Shrug It Off","Pommel Strike","Whirlwind"],"relics":["Burning Blood","NeowsBlessing","Red Skull","Gremlin Horn","Tiny House"],"acts_visited":["Exordium","TheCity"],"potions_floor_usage":[16,23],"damage_taken":[{"damage":0,"enemies":"Small Slimes","floor":1,"turns":1},{"damage":0,"enemies":"2 Louse","floor":2,"turns":1},{"damage":0,"enemies":"Jaw Worm","floor":3,"turns":1},{"damage":10,"enemies":"Red Slaver","floor":4,"turns":5},{"damage":8,"enemies":"Large Slime","floor":5,"turns":5},{"damage":12,"enemies":"Lagavulin","floor":6,"turns":8},{"damage":9,"enemies":"Exordium Wildlife","floor":13,"turns":3},{"damage":0,"enemies":"Blue Slaver","floor":14,"turns":3},{"damage":28,"enemies":"The Guardian","floor":16,"turns":10},{"damage":26,"enemies":"Shell Parasite","floor":18,"turns":8},{"damage":20,"enemies":"Spheric Guardian","floor":19,"turns":6},{"damage":18,"enemies":"3 Cultists","floor":20,"turns":6},{"damage":9,"enemies":"Snake Plant","floor":21,"turns":3},{"damage":38,"enemies":"Slavers","floor":23,"turns":3}],"seed_played":"5435350994261889089","potions_obtained":[{"floor":1,"key":"ElixirPotion"},{"floor":4,"key":"LiquidBronze"},{"floor":6,"key":"SpeedPotion"},{"floor":14,"key":"DuplicationPotion"},{"floor":17,"key":"DuplicationPotion"}],"is_trial":false,"path_per_floor":["M","M","M","M","M","E","R","?","T","R","?","R","M","M","R","B",null,"M","M","M","M","?","E"],"character_chosen":"IRONCLAD","items_purchased":[],"campfire_rested":0,"item_purchase_floors":[],"current_hp_per_floor":[80,80,80,76,74,68,68,68,68,68,68,68,65,71,71,49,85,65,51,39,36,36,0,0],"gold":476,"neow_bonus":"THREE_ENEMY_KILL","is_daily":false,"chose_seed":false,"campfire_upgraded":4,"win_rate":0.0,"timestamp":1613011744,"path_taken":["M","M","M","M","M","E","R","?","T","R","?","R","M","M","R","BOSS","M","M","M","M","?","E"],"items_purchased_type":[],"build_version":"2020-12-22","purchased_purges":0,"victory":false,"max_hp_per_floor":[80,80,80,80,80,80,80,80,80,80,80,80,80,80,80,80,85,85,85,85,85,85,85,85],"card_choices":[{"not_picked":["Infernal Blade","Sever Soul","Body Slam"],"picked":"SKIP","floor":1},{"not_picked":["Iron Wave","Rage"],"picked":"Uppercut","floor":2},{"not_picked":["Havoc","Perfected Strike"],"picked":"Power Through","floor":3},{"not_picked":["Headbutt","Armaments"],"picked":"Battle Trance","floor":4},{"not_picked":["Intimidate","Spot Weakness"],"picked":"Carnage","floor":5},{"not_picked":["Ghostly Armor","Double Tap"],"picked":"Flame Barrier","floor":6},{"not_picked":["Body Slam","Sword Boomerang"],"picked":"Shrug It Off","floor":13},{"not_picked":["Sentinel","Twin Strike"],"picked":"Pommel Strike","floor":14},{"not_picked":["Immolate","Berserk"],"picked":"Exhume","floor":16},{"not_picked":["Flex","Cleave"],"picked":"Second Wind","floor":17},{"not_picked":["Feel No Pain","Warcry"],"picked":"Shrug It Off","floor":18},{"not_picked":["Second Wind","Reckless Charge"],"picked":"Pommel Strike","floor":19},{"not_picked":["Shrug It Off","Twin Strike"],"picked":"Whirlwind","floor":20},{"not_picked":["Pummel+1","Heavy Blade","Rage"],"picked":"SKIP","floor":21}],"player_experience":210243,"relics_obtained":[{"floor":6,"key":"Red Skull"},{"floor":9,"key":"Gremlin Horn"}],"event_choices":[{"cards_removed":["Strike_R"],"damage_healed":0,"gold_gain":0,"player_choice":"Card Removal","damage_taken":0,"max_hp_gain":0,"max_hp_loss":0,"event_name":"The Cleric","floor":8,"gold_loss":50},{"damage_healed":0,"gold_gain":0,"player_choice":"Ignored","damage_taken":0,"max_hp_gain":0,"max_hp_loss":0,"event_name":"Liars Game","floor":11,"gold_loss":0},{"damage_healed":0,"gold_gain":0,"player_choice":"Bought 0 Potions","damage_taken":0,"max_hp_gain":0,"max_hp_loss":0,"event_name":"The Woman in Blue","floor":22,"gold_loss":0}],"is_beta":false,"boss_relics":[{"not_picked":["Black Star","Empty Cage"],"picked":"Tiny House"}],"items_purged_floors":[],"is_endless":false,"potions_floor_spawned":[1,4,6,14],"killed_by":"Slavers","ascension_level":0}}