{"host":"jz4ul6vrcxqkcr33","time":1613082295,"event":{"mods":["BaseMod","Minty Spire (QoL Compilation)","StSLib"],"gold_per_floor":[113,113,125,141,151,151,176,176,176,190,190,35,35,47,47,151,151,134,147,147,147],"floor_reached":20,"language":"ENG","playtime":746,"items_purged":[],"score":246,"play_id":"57721693-98f0-4b15-8579-6c69b213ef57","local_time":"20210211172455","is_ascension_mode":true,"campfire_choices":[{"floor":6,"key":"REST"},{"floor":15,"key":"REST"}],"circlet_count":0,"master_deck":["Strike_B","Strike_B+1","Strike_B","Defend_B","Defend_B","Defend_B","Defend_B+1","Zap","Dualcast","Cold Snap","Conserve Battery","Redo","Echo Form","Coolheaded","Stack","Chill","Pain","Go for the Eyes","Amplify","Conserve Battery+1","Echo Form"],"relics":["Cracked Core","NeowsBlessing","Nunchaku","Mummified Hand","Singing Bowl","Regal Pillow","WarpedTongs","Sozu"],"acts_visited":["Exordium","TheCity"],"potions_floor_usage":[7,7],"damage_taken":[{"damage":0,"enemies":"Jaw Worm","floor":1,"turns":1},{"damage":0,"enemies":"Small Slimes","floor":3,"turns":1},{"damage":0,"enemies":"Cultist","floor":4,"turns":1},{"damage":17,"enemies":"Exordium Wildlife","floor":5,"turns":5},{"damage":18,"enemies":"Gremlin Nob","floor":7,"turns":4},{"damage":5,"enemies":"2 Fungi Beasts","floor":10,"turns":3},{"damage":5,"enemies":"3 Louse","floor":14,"turns":8},{"damage":34,"enemies":"Slime Boss","floor":16,"turns":10},{"damage":18,"enemies":"2 Thieves","floor":18,"turns":4},{"damage":18,"enemies":"3 Byrds","floor":19,"turns":8},{"damage":35,"enemies":"Snecko","floor":20,"turns":6}],"seed_played":"5832615993449802279","potions_obtained":[{"floor":4,"key":"DuplicationPotion"},{"floor":5,"key":"Block Potion"},{"floor":10,"key":"Weak Potion"}],"is_trial":false,"path_per_floor":["M","?","M","M","M","R","E","?","T","M","T","$","?","M","R","B",null,"M","M","M"],"character_chosen":"DEFECT","items_purchased":["Regal Pillow"],"campfire_rested":2,"item_purchase_floors":[12],"current_hp_per_floor":[68,53,53,53,36,58,40,40,40,35,35,35,35,30,67,33,65,47,29,0,0],"gold":147,"neow_bonus":"THREE_ENEMY_KILL","is_daily":false,"chose_seed":false,"campfire_upgraded":0,"win_rate":0.0,"timestamp":1613082295,"path_taken":["M","?","M","M","M","R","E","?","T","M","?","$","?","M","R","BOSS","M","M","M"],"items_purchased_type":["Relic"],"build_version":"2020-12-13","purchased_purges":0,"victory":false,"max_hp_per_floor":[75,75,75,75,75,75,75,75,75,75,75,75,75,75,75,75,75,75,75,75,75],"card_choices":[{"not_picked":["Streamline","Barrage"],"picked":"Cold Snap","floor":1},{"not_picked":["Fusion","Capacitor"],"picked":"Conserve Battery","floor":3},{"not_picked":["Hologram","Conserve Battery"],"picked":"Redo","floor":4},{"not_picked":["Beam Cell","Cold Snap"],"picked":"Echo Form","floor":5},{"not_picked":["Sunder","Skim"],"picked":"Coolheaded","floor":7},{"not_picked":["Steam","Barrage"],"picked":"Chill","floor":10},{"not_picked":["Compile Driver","Double Energy"],"picked":"Go for the Eyes","floor":14},{"not_picked":["Reboot","Multi-Cast"],"picked":"Amplify","floor":16},{"not_picked":["Go for the Eyes","Sweeping Beam"],"picked":"Conserve Battery+1","floor":18},{"not_picked":["Capacitor","Beam Cell"],"picked":"Echo Form","floor":19}],"player_experience":224359,"relics_obtained":[{"floor":7,"key":"Nunchaku"},{"floor":9,"key":"Mummified Hand"},{"floor":11,"key":"Singing Bowl"}],"event_choices":[{"damage_healed":0,"gold_gain":0,"player_choice":"Entered Light","damage_taken":15,"max_hp_gain":0,"max_hp_loss":0,"event_name":"Shining Light","floor":2,"gold_loss":0,"cards_upgraded":["Defend_B","Strike_B"]},{"damage_healed":0,"gold_gain":0,"cards_transformed":["Strike_B"],"player_choice":"Change","damage_taken":0,"max_hp_gain":0,"max_hp_loss":0,"event_name":"Living Wall","floor":8,"gold_loss":0,"cards_obtained":["Stack"]},{"damage_healed":0,"gold_gain":0,"player_choice":"Rummage","damage_taken":0,"relics_obtained":["WarpedTongs"],"max_hp_gain":0,"max_hp_loss":0,"event_name":"Accursed Blacksmith","floor":13,"gold_loss":0,"cards_obtained":["Pain"]}],"is_beta":false,"boss_relics":[{"not_picked":["Coffee Dripper","Velvet Choker"],"picked":"Sozu"}],"items_purged_floors":[],"is_endless":false,"potions_floor_spawned":[4,5,10,18],"killed_by":"Snecko","ascension_level":8}}