{"host":"prxrhpgaxnj4om9r","time":1613034736,"event":{"mods":["AchievementEnabler","BaseMod","DeckTracker","Keyboard Shortcuts","Minty Spire (QoL Compilation)"],"gold_per_floor":[112,112,135,211,211,255,280,305,357,400,132,132,145,184,184,305,305,319,332,6,6,105,105,140,140,140,140,140,140,150,1,1,105,105,117,130,130,177,197,197,217,233,233,265,278,47,47,8,8,8,8],"floor_reached":50,"language":"KOR","playtime":2930,"items_purged":[],"score":608,"play_id":"3b5b0987-b720-453f-aa30-901338e56828","local_time":"20210211181216","is_ascension_mode":false,"campfire_choices":[{"floor":12,"key":"REST"},{"data":"Venomology","floor":15,"key":"SMITH"},{"floor":23,"key":"RECALL"},{"floor":25,"key":"REST"},{"data":"Eviscerate","floor":27,"key":"SMITH"},{"floor":29,"key":"REST"},{"data":"Blur","floor":32,"key":"SMITH"},{"data":"Accuracy","floor":40,"key":"SMITH"},{"data":"Bullet Time","floor":47,"key":"SMITH"},{"data":"Caltrops","floor":49,"key":"SMITH"}],"circlet_count":0,"master_deck":["Strike_G","Strike_G+1","Strike_G","Strike_G","Strike_G","Defend_G","Defend_G","Defend_G","Defend_G","Survivor","Neutralize","Eviscerate+1","Choke","Venomology+1","Backflip","Blur+1","Corpse Explosion","Quick Slash","Poisoned Stab","Slice","A Thousand Cuts","PiercingWail","Footwork+1","Eviscerate+1","Leg Sweep","Reflex+1","Acrobatics+1","Storm of Steel","Calculated Gamble+1","Accuracy+1","Jack Of All Trades","Metamorphosis","Escape Plan+1","Poisoned Stab","Sucker Punch+1","Endless Agony","Distraction","Cloak And Dagger+1","Noxious Fumes","Bullet Time+1","Escape Plan+1","Caltrops+1","Slice"],"relics":["Ring of the Snake","NeowsBlessing","Bloody Idol","Kunai","Snake Skull","Nunchaku","Membership Card","Oddly Smooth Stone","Bag of Marbles","Black Star","Turnip","Bottled Lightning","Bag of Preparation","Toy Ornithopter","Enchiridion","TwistedFunnel","Whetstone","Philosopher\u0027s Stone","Bird Faced Urn","Pantograph","Strawberry","Blood Vial","Lizard Tail","Orrery"],"acts_visited":["Exordium","TheCity","TheBeyond"],"potions_floor_usage":[7,8,10,10,10,13,14,14,16,16,16,18,18,19,24,24,30,30,33,33,33,33,33,38,39,39,41,42,44,44,44,44,45,50,50,50,50],"damage_taken":[{"damage":0,"enemies":"Small Slimes","floor":1,"turns":1},{"damage":0,"enemies":"2 Louse","floor":3,"turns":1},{"damage":0,"enemies":"3 Sentries","floor":6,"turns":1},{"damage":0,"enemies":"Cultist","floor":7,"turns":2},{"damage":5,"enemies":"3 Louse","floor":8,"turns":4},{"damage":13,"enemies":"Lagavulin","floor":10,"turns":12},{"damage":4,"enemies":"Looter","floor":13,"turns":3},{"damage":13,"enemies":"3 Sentries","floor":14,"turns":7},{"damage":0,"enemies":"Slime Boss","floor":16,"turns":5},{"damage":0,"enemies":"3 Byrds","floor":18,"turns":2},{"damage":0,"enemies":"2 Thieves","floor":19,"turns":1},{"damage":63,"enemies":"Book of Stabbing","floor":24,"turns":9},{"damage":2,"enemies":"Centurion and Healer","floor":30,"turns":5},{"damage":51,"enemies":"Collector","floor":33,"turns":10},{"damage":0,"enemies":"Orb Walker","floor":35,"turns":3},{"damage":5,"enemies":"3 Shapes","floor":36,"turns":2},{"damage":0,"enemies":"2 Orb Walkers","floor":38,"turns":3},{"damage":19,"enemies":"Transient","floor":39,"turns":5},{"damage":1,"enemies":"Sphere and 2 Shapes","floor":41,"turns":3},{"damage":34,"enemies":"4 Shapes","floor":42,"turns":2},{"damage":69,"enemies":"Giant Head","floor":44,"turns":12},{"damage":0,"enemies":"Jaw Worm Horde","floor":45,"turns":1},{"damage":156,"enemies":"Time Eater","floor":50,"turns":11}],"seed_played":"-2710628535119685353","potions_obtained":[{"floor":3,"key":"Dexterity Potion"},{"floor":6,"key":"Swift Potion"},{"floor":7,"key":"FearPotion"},{"floor":10,"key":"DistilledChaos"},{"floor":14,"key":"LiquidBronze"},{"floor":24,"key":"LiquidBronze"},{"floor":30,"key":"Fruit Juice"},{"floor":33,"key":"Ancient Potion"},{"floor":39,"key":"Regen Potion"},{"floor":44,"key":"CunningPotion"},{"floor":45,"key":"SkillPotion"}],"is_trial":false,"path_per_floor":["M","?","M","?","?","E","M","M","T","E","$","R","M","E","R","B",null,"M","M","$","?","?","R","E","R","T","R","?","R","M","$","R","B",null,"M","M","?","?","M","R","M","M","T","E","M","$","R","$","R","B"],"character_chosen":"THE_SILENT","items_purchased":["Membership Card","Oddly Smooth Stone","Fire Potion","Quick Slash","Turnip","Bottled Lightning","Eviscerate","Leg Sweep","TwistedFunnel","Whetstone","Lizard Tail","Orrery","Poison Potion","Slice"],"campfire_rested":3,"item_purchase_floors":[11,11,11,11,20,20,20,20,31,31,46,46,48,48],"current_hp_per_floor":[70,53,53,53,53,53,53,48,48,35,35,56,52,39,39,39,70,70,70,70,70,70,70,12,33,33,33,17,38,56,56,56,35,75,75,75,70,75,66,66,75,46,46,32,48,48,48,48,48,0,0],"gold":8,"neow_bonus":"THREE_ENEMY_KILL","is_daily":false,"chose_seed":false,"campfire_upgraded":6,"win_rate":0.0,"timestamp":1613034736,"path_taken":["M","?","M","?","?","E","M","M","T","E","$","R","M","E","R","BOSS","M","M","$","?","?","R","E","R","T","R","?","R","M","$","R","BOSS","M","M","?","?","M","R","M","M","T","E","M","$","R","$","R","BOSS"],"items_purchased_type":["Relic","Relic","Potion","Card","Relic","Relic","Card","Card","Relic","Relic","Relic","Relic","Potion","Card"],"build_version":"2020-12-22","purchased_purges":0,"victory":false,"max_hp_per_floor":[70,70,70,70,70,70,70,70,70,70,70,70,70,70,70,70,70,70,70,70,70,70,70,70,70,70,70,70,70,75,75,75,75,75,75,75,75,75,75,75,75,75,75,82,82,82,82,82,82,82,82],"card_choices":[{"not_picked":["Slice","Expertise"],"picked":"Eviscerate","floor":1},{"not_picked":["Caltrops","Skewer"],"picked":"Choke","floor":3},{"not_picked":["Blade Dance","Cloak And Dagger"],"picked":"Venomology","floor":6},{"not_picked":["Slice","Quick Slash"],"picked":"Backflip","floor":7},{"not_picked":["Bouncing Flask","Choke"],"picked":"Blur","floor":8},{"not_picked":["Sucker Punch","Well Laid Plans"],"picked":"Corpse Explosion","floor":10},{"not_picked":["Quick Slash","Concentrate"],"picked":"Poisoned Stab","floor":13},{"not_picked":["Expertise","Blade Dance"],"picked":"Slice","floor":14},{"not_picked":["Venomology","Malaise"],"picked":"A Thousand Cuts","floor":16},{"not_picked":["Prepared","Skewer"],"picked":"PiercingWail","floor":18},{"not_picked":["Deadly Poison","Backflip"],"picked":"Footwork+1","floor":19},{"not_picked":["Setup","Choke+1"],"picked":"Reflex+1","floor":24},{"not_picked":["Bane","Dash"],"picked":"Acrobatics+1","floor":30},{"not_picked":["Venomology","Unload"],"picked":"Storm of Steel","floor":33},{"not_picked":["Backflip+1","Dash"],"picked":"Calculated Gamble+1","floor":35},{"not_picked":["Choke","Dagger Spray"],"picked":"Accuracy","floor":36},{"not_picked":["Madness","Panacea"],"picked":"Jack Of All Trades","floor":37},{"not_picked":["Secret Weapon","Forethought"],"picked":"Metamorphosis","floor":37},{"not_picked":["Flying Knee+1","Skewer+1"],"picked":"Escape Plan+1","floor":38},{"not_picked":["Prepared","Quick Slash+1"],"picked":"Poisoned Stab","floor":39},{"not_picked":["Poisoned Stab+1","Slice+1"],"picked":"Sucker Punch+1","floor":41},{"not_picked":["Dagger Spray","Tactician+1"],"picked":"Endless Agony","floor":42},{"not_picked":["PiercingWail+1","Outmaneuver"],"picked":"Distraction","floor":44},{"not_picked":["Deflect","Infinite Blades+1"],"picked":"Cloak And Dagger+1","floor":45},{"not_picked":["Reflex","Dagger Throw+1"],"picked":"Noxious Fumes","floor":46},{"not_picked":["Sucker Punch","Grand Finale"],"picked":"Bullet Time","floor":46},{"not_picked":["Outmaneuver","Slice"],"picked":"Escape Plan+1","floor":46},{"not_picked":["Bane","Blur"],"picked":"Caltrops","floor":46}],"player_experience":376543,"relics_obtained":[{"floor":6,"key":"Kunai"},{"floor":9,"key":"Snake Skull"},{"floor":10,"key":"Nunchaku"},{"floor":14,"key":"Bag of Marbles"},{"floor":24,"key":"Bag of Preparation"},{"floor":24,"key":"Toy Ornithopter"},{"floor":28,"key":"Enchiridion"},{"floor":38,"key":"Bird Faced Urn"},{"floor":43,"key":"Pantograph"},{"floor":44,"key":"Strawberry"},{"floor":44,"key":"Blood Vial"}],"event_choices":[{"damage_healed":0,"gold_gain":0,"player_choice":"Take Damage","damage_taken":17,"relics_obtained":["Golden Idol"],"max_hp_gain":0,"max_hp_loss":0,"event_name":"Golden Idol","floor":2,"gold_loss":0},{"damage_healed":0,"gold_gain":76,"player_choice":"Gained Gold","damage_taken":0,"max_hp_gain":0,"max_hp_loss":0,"event_name":"Golden Wing","floor":4,"gold_loss":0},{"cards_removed":["Defend_G"],"damage_healed":0,"gold_gain":0,"player_choice":"Offered Basic","damage_taken":0,"max_hp_gain":0,"max_hp_loss":0,"event_name":"Bonfire Elementals","floor":5,"gold_loss":0},{"damage_healed":0,"gold_gain":0,"player_choice":"Gave Idol","damage_taken":0,"relics_obtained":["Bloody Idol"],"max_hp_gain":0,"max_hp_loss":0,"event_name":"Forgotten Altar","floor":21,"relics_lost":["Golden Idol"],"gold_loss":0},{"damage_healed":0,"gold_gain":99,"player_choice":"Stole From Cult","damage_taken":0,"max_hp_gain":0,"max_hp_loss":0,"event_name":"Nest","floor":22,"gold_loss":0},{"damage_healed":0,"gold_gain":0,"player_choice":"Obtained Book","damage_taken":16,"max_hp_gain":0,"max_hp_loss":0,"event_name":"Cursed Tome","floor":28,"gold_loss":0},{"damage_healed":0,"gold_gain":0,"player_choice":"Memory 2","damage_taken":5,"max_hp_gain":0,"max_hp_loss":0,"event_name":"SensoryStone","floor":37,"gold_loss":0},{"damage_healed":0,"gold_gain":0,"player_choice":"Fight","damage_taken":0,"max_hp_gain":0,"max_hp_loss":0,"event_name":"Mysterious Sphere","floor":38,"gold_loss":0}],"is_beta":false,"boss_relics":[{"not_picked":["Fusion Hammer","SlaversCollar"],"picked":"Black Star"},{"not_picked":["Runic Pyramid","Runic Dome"],"picked":"Philosopher\u0027s Stone"}],"items_purged_floors":[],"is_endless":false,"potions_floor_spawned":[3,6,7,10,14,24,30,33,39,44,45],"killed_by":"Time Eater","ascension_level":0}}