{"host":"rykcscnxwcosqdkz","time":1613065281,"event":{"mods":["100% Spire Juice","Act Like it!","Arknights","BaseMod","DeckTracker","GifTheSpireLib","Minty Spire (QoL Compilation)","Reliquary","StSLib","Stuff the Spire","The Dragon Tamer","The Marked","??????REMEMod"],"gold_per_floor":[118,118,139,139,139,154,170,170,170,170,186,200,200,54,54,182,182,206,229,245,160,70,70,70],"floor_reached":23,"language":"ENG","playtime":2241,"items_purged":[],"score":183,"play_id":"8d0addd5-2ef3-4bfc-a804-a55157bd1542","local_time":"20210211184121","is_ascension_mode":false,"campfire_choices":[{"floor":8,"key":"REST"},{"data":"Moonworks:Ambush","floor":10,"key":"SMITH"},{"floor":13,"key":"REST"},{"data":"Moonworks:FinalSurgery","floor":15,"key":"SMITH"}],"circlet_count":0,"master_deck":["Moonworks:Strike","Moonworks:Strike","Moonworks:Defend","Moonworks:Defend","Moonworks:Defend","Moonworks:Defend+1","Moonworks:Ambush+1","Moonworks:LongDistanceShot","Moonworks:FinalSurgery+1","Moonworks:EvilSpyWorkPreparation","Moonworks:Encore","Moonworks:EvilSpyWorkPreparation","Moonworks:JonathanRush"],"relics":["Moonworks:BrokenBomb","Moonworks:Homemark","REME_ComplimentaryCards","Golden Idol","Letter Opener","StuffTheSpire:CocoNut","SacredBark","StuffTheSpire:PointBlank"],"acts_visited":["Exordium","TheCity"],"potions_floor_usage":[7],"damage_taken":[{"damage":5,"enemies":"Small Slimes","floor":1,"turns":5},{"damage":0,"enemies":"ats:Genji","floor":3,"turns":2},{"damage":0,"enemies":"2 Louse","floor":6,"turns":1},{"damage":10,"enemies":"Blue Slaver","floor":7,"turns":1},{"damage":3,"enemies":"Exordium Thugs","floor":11,"turns":3},{"damage":1,"enemies":"3 Louse","floor":12,"turns":3},{"damage":12,"enemies":"Slime Boss","floor":16,"turns":10},{"damage":16,"enemies":"Spheric Guardian","floor":18,"turns":4},{"damage":10,"enemies":"Shell Parasite","floor":19,"turns":4},{"damage":23,"enemies":"Sentry and Sphere","floor":20,"turns":5},{"damage":24,"enemies":"Gremlin Leader","floor":23,"turns":3}],"seed_played":"-5424614591403310141","potions_obtained":[{"floor":6,"key":"Moonworks:OneHundredPercentOrangeJuicePotion"},{"floor":7,"key":"EssenceOfSteel"},{"floor":16,"key":"Ancient Potion"},{"floor":18,"key":"CultistPotion"}],"is_trial":false,"path_per_floor":["M","?","M","?","?","M","M","R","T","R","M","M","R","?","R","B",null,"M","M","M","?","?","E"],"character_chosen":"THE_STARBREAKER","items_purchased":[],"campfire_rested":2,"item_purchase_floors":[],"current_hp_per_floor":[61,45,45,45,12,12,2,21,28,28,25,24,45,45,45,33,73,57,47,24,24,24,0,0],"gold":70,"neow_bonus":"TEN_PERCENT_HP_BONUS","is_daily":false,"chose_seed":false,"campfire_upgraded":2,"win_rate":0.0,"timestamp":1613065281,"path_taken":["M","?","M","?","?","M","M","R","T","R","M","M","R","?","R","BOSS","M","M","M","?","?","E"],"items_purchased_type":[],"build_version":"2020-12-22","purchased_purges":0,"victory":false,"max_hp_per_floor":[66,66,66,66,66,66,66,66,73,73,73,73,73,73,73,73,73,73,73,73,73,73,73,73],"card_choices":[{"not_picked":["Moonworks:Assault","Moonworks:BigMagnum"],"picked":"Moonworks:FinalSurgery","floor":1},{"not_picked":["Moonworks:IndiscriminateFireSupport","Moonworks:Assault","Moonworks:ImmovableObject"],"picked":"SKIP","floor":3},{"not_picked":["Moonworks:Assault","Moonworks:ImOnFire","Moonworks:IndiscriminateFireSupport"],"picked":"SKIP","floor":6},{"not_picked":["Moonworks:DeployBits","Moonworks:CloudOfSeagulls","Moonworks:LulusLuckyEgg"],"picked":"SKIP","floor":7},{"not_picked":["Moonworks:SakisCookie","Moonworks:BeyondHell","Moonworks:ImOnFire"],"picked":"SKIP","floor":11},{"not_picked":["Moonworks:IndiscriminateFireSupport","Moonworks:Assault"],"picked":"Moonworks:EvilSpyWorkPreparation","floor":12},{"not_picked":["Moonworks:OutOfAmmo","Moonworks:SubspaceTunnel"],"picked":"Moonworks:Encore","floor":16},{"not_picked":["Moonworks:CloudOfSeagulls+1","Moonworks:LulusLuckyEgg"],"picked":"Moonworks:EvilSpyWorkPreparation","floor":18},{"not_picked":["Moonworks:SakisCookie+1","Moonworks:LulusLuckyEgg","Moonworks:IndiscriminateFireSupport"],"picked":"SKIP","floor":19},{"not_picked":["Moonworks:LulusLuckyEgg","Moonworks:Bloodlust"],"picked":"Moonworks:JonathanRush","floor":20}],"player_experience":38126,"relics_obtained":[{"floor":9,"key":"StuffTheSpire:CocoNut"}],"event_choices":[{"damage_healed":0,"gold_gain":0,"player_choice":"Take Damage","damage_taken":16,"relics_obtained":["Golden Idol"],"max_hp_gain":0,"max_hp_loss":0,"event_name":"Golden Idol","floor":2,"gold_loss":0},{"cards_removed":["Moonworks:Strike"],"damage_healed":0,"gold_gain":0,"player_choice":"Forget","damage_taken":0,"max_hp_gain":0,"max_hp_loss":0,"event_name":"Living Wall","floor":4,"gold_loss":0},{"damage_healed":0,"gold_gain":0,"player_choice":"Success","damage_taken":33,"relics_obtained":["Letter Opener"],"max_hp_gain":0,"max_hp_loss":0,"event_name":"Scrap Ooze","floor":5,"gold_loss":0},{"damage_healed":0,"gold_gain":0,"player_choice":"Left Gold","damage_taken":0,"max_hp_gain":0,"max_hp_loss":0,"event_name":"World of Goop","floor":14,"gold_loss":26},{"damage_healed":0,"gold_gain":0,"player_choice":"Obtained Relic","damage_taken":0,"relics_obtained":["StuffTheSpire:PointBlank"],"max_hp_gain":0,"max_hp_loss":0,"event_name":"Addict","floor":21,"gold_loss":85},{"cards_removed":["Moonworks:Strike"],"damage_healed":0,"gold_gain":0,"player_choice":"Upgrade and Remove","damage_taken":0,"max_hp_gain":0,"max_hp_loss":0,"event_name":"Designer","floor":22,"gold_loss":90,"cards_upgraded":["Moonworks:Defend"]}],"is_beta":false,"boss_relics":[{"not_picked":["StuffTheSpire:ModemDavis","Astrolabe"],"picked":"SacredBark"}],"items_purged_floors":[],"is_endless":false,"potions_floor_spawned":[6,7,16,18],"killed_by":"Gremlin Leader","ascension_level":0}}