{"host":"3jpcvpprzj9sjffh","time":1613047228,"event":{"mods":["AchievementEnabler","BaseMod","Colored Map","Minty Spire (QoL Compilation)","Rare Cards Sparkle","SuperFastMode","everything is the same but u backflip on backflip"],"gold_per_floor":[110,13,88,88,106,106,132,132,132,149,149,163,163,176,176,275,275,285,297,297,41,60,88,88,101,177,205,205,225,72,72,72,72,72],"floor_reached":33,"language":"KOR","playtime":992,"items_purged":["Defend_R"],"score":310,"play_id":"6984bc0b-ef59-4ca1-b256-0f1f98f64be0","local_time":"20210211214028","is_ascension_mode":false,"campfire_choices":[{"data":"Pommel Strike","floor":6,"key":"SMITH"},{"data":"Evolve","floor":15,"key":"SMITH"},{"floor":24,"key":"REST"},{"floor":28,"key":"REST"},{"data":"Uppercut","floor":32,"key":"SMITH"}],"circlet_count":0,"master_deck":["Strike_R","Strike_R","Strike_R","Strike_R","Defend_R","Defend_R","Defend_R","Bash","Pommel Strike+1","Body Slam+1","Feel No Pain","Pummel","Uppercut+1","Regret","Shrug It Off","Wild Strike","Evolve+1","Reaper","Twin Strike+1","Necronomicurse","Flame Barrier+1","Shockwave","Sever Soul","Flex"],"relics":["Black Blood","NeowsBlessing","StoneCalendar","Bronze Scales","Question Card","Necronomicon","Shuriken","Paper Frog","Mercury Hourglass","Centennial Puzzle"],"acts_visited":["Exordium","TheCity"],"potions_floor_usage":[16,19,19,22,23,33],"damage_taken":[{"damage":0,"enemies":"Jaw Worm","floor":1,"turns":1},{"damage":0,"enemies":"Cultist","floor":5,"turns":1},{"damage":0,"enemies":"Lagavulin","floor":7,"turns":1},{"damage":7,"enemies":"2 Louse","floor":10,"turns":3},{"damage":7,"enemies":"Blue Slaver","floor":12,"turns":3},{"damage":11,"enemies":"Gremlin Gang","floor":14,"turns":6},{"damage":62,"enemies":"Hexaghost","floor":16,"turns":8},{"damage":68,"enemies":"Shell Parasite","floor":18,"turns":7},{"damage":33,"enemies":"Spheric Guardian","floor":19,"turns":4},{"damage":16,"enemies":"Centurion and Healer","floor":22,"turns":5},{"damage":21,"enemies":"Gremlin Leader","floor":23,"turns":7},{"damage":20,"enemies":"Cultist and Chosen","floor":25,"turns":7},{"damage":76,"enemies":"Slavers","floor":27,"turns":5},{"damage":19,"enemies":"3 Cultists","floor":29,"turns":4},{"damage":83,"enemies":"Champ","floor":33,"turns":8}],"seed_played":"4727425473140172457","potions_obtained":[{"floor":1,"key":"Energy Potion"},{"floor":14,"key":"BloodPotion"},{"floor":16,"key":"Fruit Juice"},{"floor":18,"key":"Regen Potion"},{"floor":19,"key":"Regen Potion"},{"floor":29,"key":"ColorlessPotion"}],"is_trial":false,"path_per_floor":["M","$","?","?","M","R","E","?","T","M","T","M","?","M","R","B",null,"M","M","?","$","M","E","R","M","T","E","R","M","$","?","R","B"],"character_chosen":"IRONCLAD","items_purchased":["Body Slam","Feel No Pain","Shuriken","Sever Soul"],"campfire_rested":2,"item_purchase_floors":[2,2,21,30],"current_hp_per_floor":[80,80,69,69,75,75,80,80,80,79,79,78,80,75,75,35,80,24,20,4,4,28,43,68,70,70,26,51,68,68,68,68,0,0],"gold":72,"neow_bonus":"THREE_ENEMY_KILL","is_daily":false,"chose_seed":false,"campfire_upgraded":3,"win_rate":0.0,"timestamp":1613047228,"path_taken":["M","$","?","?","?","R","E","?","T","M","?","?","?","M","R","BOSS","M","?","?","$","M","E","R","M","T","E","R","M","$","?","R","BOSS"],"items_purchased_type":["Card","Card","Relic","Card"],"build_version":"2020-12-22","purchased_purges":1,"victory":false,"max_hp_per_floor":[80,80,80,80,80,80,80,80,80,80,80,80,80,80,80,80,80,80,85,85,85,85,85,85,85,85,85,85,85,85,85,85,85,85],"card_choices":[{"not_picked":["Dual Wield","Wild Strike"],"picked":"Pommel Strike","floor":1},{"not_picked":["Wild Strike","Sword Boomerang"],"picked":"Pummel","floor":5},{"not_picked":["Thunderclap","Searing Blow"],"picked":"Uppercut","floor":7},{"not_picked":["Body Slam","Battle Trance","Havoc"],"picked":"Shrug It Off","floor":10},{"not_picked":["Shrug It Off","Pommel Strike","Body Slam"],"picked":"Wild Strike","floor":12},{"not_picked":["Havoc","Iron Wave","Armaments"],"picked":"Evolve","floor":14},{"not_picked":["Fiend Fire","Corruption","Bludgeon"],"picked":"Reaper","floor":16},{"not_picked":["Armaments","Clothesline","Combust"],"picked":"Twin Strike+1","floor":18},{"not_picked":["Sword Boomerang","Wild Strike","Havoc","Clash"],"picked":"SKIP","floor":19},{"not_picked":["Flex+1","Clash","Body Slam","Armaments"],"picked":"SKIP","floor":22},{"not_picked":["Body Slam","Disarm","Demon Form"],"picked":"Flame Barrier+1","floor":23},{"not_picked":["Flame Barrier","Havoc","Wild Strike","Clash"],"picked":"SKIP","floor":25},{"not_picked":["Warcry+1","Headbutt","Wild Strike+1","Sword Boomerang"],"picked":"SKIP","floor":27},{"not_picked":["Heavy Blade+1","Perfected Strike","Wild Strike+1"],"picked":"Shockwave","floor":29}],"player_experience":315978,"relics_obtained":[{"floor":7,"key":"StoneCalendar"},{"floor":9,"key":"Question Card"},{"floor":20,"key":"Necronomicon"},{"floor":23,"key":"Paper Frog"},{"floor":26,"key":"Mercury Hourglass"},{"floor":27,"key":"Centennial Puzzle"}],"event_choices":[{"damage_healed":0,"gold_gain":75,"player_choice":"Gather Gold","damage_taken":11,"max_hp_gain":0,"max_hp_loss":0,"event_name":"World of Goop","floor":3,"gold_loss":0},{"damage_healed":0,"gold_gain":0,"player_choice":"Upgraded","damage_taken":0,"max_hp_gain":0,"max_hp_loss":0,"event_name":"Upgrade Shrine","floor":4,"gold_loss":0,"cards_upgraded":["Body Slam"]},{"damage_healed":0,"gold_gain":0,"player_choice":"Box","damage_taken":0,"relics_obtained":["Bronze Scales"],"max_hp_gain":0,"max_hp_loss":0,"event_name":"Big Fish","floor":8,"gold_loss":0,"cards_obtained":["Regret"]},{"damage_healed":2,"gold_gain":0,"player_choice":"Full Heal","damage_taken":0,"max_hp_gain":0,"max_hp_loss":0,"event_name":"Wheel of Change","floor":13,"gold_loss":0},{"damage_healed":0,"gold_gain":0,"player_choice":"Obtained Book","damage_taken":16,"max_hp_gain":0,"max_hp_loss":0,"event_name":"Cursed Tome","floor":20,"gold_loss":0},{"damage_healed":0,"gold_gain":0,"cards_transformed":["Strike_R"],"player_choice":"Transformed","damage_taken":0,"max_hp_gain":0,"max_hp_loss":0,"event_name":"Transmorgrifier","floor":31,"gold_loss":0,"cards_obtained":["Flex"]}],"is_beta":false,"boss_relics":[{"not_picked":["Pandora\u0027s Box","Velvet Choker"],"picked":"Black Blood"}],"items_purged_floors":[30],"is_endless":false,"potions_floor_spawned":[1,14,16,18,19,29],"killed_by":"Champ","ascension_level":0}}