{"host":"8is2j71l4wmybkoi","time":1613055163,"event":{"mods":["AchievementEnabler","BaseMod","Colored Map","Minty Spire (QoL Compilation)","Rare Cards Sparkle","StSLib","SuperFastMode"],"gold_per_floor":[109,120,120,120,132,167,167,14,14,34,34,48,64,64,64,140,140,156,9,9,19,19,19,31,81,81,4,4,31,31,66,66,139,139,151,170,170,182,182,182,182],"floor_reached":40,"language":"KOR","playtime":983,"items_purged":[],"score":742,"play_id":"104c8a19-eb7c-4b34-b9ff-bf2fcffb40c6","local_time":"20210211235243","is_ascension_mode":true,"campfire_choices":[{"floor":7,"key":"REST"},{"data":"Static Discharge","floor":11,"key":"SMITH"},{"data":"Go for the Eyes","floor":15,"key":"SMITH"},{"data":"Loop","floor":23,"key":"SMITH"},{"data":"Zap","floor":28,"key":"SMITH"},{"data":"Lockon","floor":30,"key":"SMITH"},{"data":"Dualcast","floor":32,"key":"SMITH"}],"circlet_count":0,"master_deck":["AscendersBane","Strike_B","Defend_B","Defend_B","Dualcast+1","Sweeping Beam","Compile Driver","Chill","Hyperbeam","Static Discharge+1","Go for the Eyes+1","Conserve Battery","Loop+1","Echo Form","Coolheaded+1","White Noise+1","Lockon+1","Double Energy+1","Electrodynamics","Turbo+1","Meteor Strike"],"relics":["Cracked Core","NeowsBlessing","Pen Nib","Membership Card","Cables","Coffee Dripper","Toxic Egg 2","White Beast Statue","Runic Capacitor","Eternal Feather","Anchor","Empty Cage"],"acts_visited":["Exordium","TheCity","TheBeyond"],"potions_floor_usage":[16,21,29,31,33,33,38,40],"damage_taken":[{"damage":0,"enemies":"2 Louse","floor":1,"turns":1},{"damage":0,"enemies":"Small Slimes","floor":2,"turns":1},{"damage":0,"enemies":"Cultist","floor":5,"turns":1},{"damage":36,"enemies":"Gremlin Nob","floor":6,"turns":4},{"damage":0,"enemies":"Lots of Slimes","floor":10,"turns":1},{"damage":0,"enemies":"2 Fungi Beasts","floor":12,"turns":1},{"damage":2,"enemies":"Looter","floor":13,"turns":3},{"damage":3,"enemies":"Hexaghost","floor":16,"turns":9},{"damage":6,"enemies":"Spheric Guardian","floor":18,"turns":4},{"damage":7,"enemies":"3 Byrds","floor":21,"turns":4},{"damage":5,"enemies":"Centurion and Healer","floor":24,"turns":4},{"damage":6,"enemies":"Book of Stabbing","floor":29,"turns":4},{"damage":29,"enemies":"Slavers","floor":31,"turns":2},{"damage":17,"enemies":"Champ","floor":33,"turns":8},{"damage":24,"enemies":"Orb Walker","floor":35,"turns":4},{"damage":0,"enemies":"3 Shapes","floor":36,"turns":3},{"damage":20,"enemies":"Jaw Worm Horde","floor":38,"turns":2},{"damage":15,"enemies":"Reptomancer","floor":40,"turns":2}],"seed_played":"-8110941559957095776","potions_obtained":[{"floor":1,"key":"Dexterity Potion"},{"floor":6,"key":"FocusPotion"},{"floor":21,"key":"LiquidMemories"},{"floor":24,"key":"CultistPotion"},{"floor":29,"key":"Strength Potion"},{"floor":31,"key":"FearPotion"},{"floor":33,"key":"BlessingOfTheForge"},{"floor":35,"key":"Ancient Potion"},{"floor":36,"key":"Block Potion"},{"floor":38,"key":"Fire Potion"}],"is_trial":false,"path_per_floor":["M","M","?","?","M","E","R","$","T","M","R","M","M","?","R","B",null,"M","$","?","M","?","R","M","?","T","$","R","E","R","E","R","B",null,"M","M","?","M","?","E"],"character_chosen":"DEFECT","items_purchased":["Membership Card","Toxic Egg 2","Fire Potion","Runic Capacitor"],"campfire_rested":1,"item_purchase_floors":[8,19,19,27],"current_hp_per_floor":[64,64,57,57,57,21,42,42,42,42,42,42,40,40,40,37,63,57,57,57,50,50,50,45,45,45,45,45,39,51,22,34,17,58,34,34,24,4,4,0,0],"gold":182,"neow_bonus":"THREE_ENEMY_KILL","is_daily":false,"chose_seed":false,"campfire_upgraded":6,"win_rate":0.0,"timestamp":1613055163,"path_taken":["M","M","?","?","M","E","R","$","T","M","R","M","M","?","R","BOSS","M","$","?","M","?","R","M","?","T","$","R","E","R","E","R","BOSS","M","M","?","?","?","E"],"items_purchased_type":["Relic","Relic","Potion","Relic"],"build_version":"2020-12-22","purchased_purges":0,"victory":false,"max_hp_per_floor":[71,71,71,71,71,71,71,71,71,71,71,71,71,71,71,71,71,71,71,71,71,71,71,71,71,71,71,71,71,71,71,71,71,71,71,71,71,71,71,71,71],"card_choices":[{"not_picked":["Aggregate","Beam Cell"],"picked":"Sweeping Beam","floor":1},{"not_picked":["Sweeping Beam","Redo"],"picked":"Compile Driver","floor":2},{"not_picked":["Conserve Battery","Reinforced Body"],"picked":"Hyperbeam","floor":5},{"not_picked":["Conserve Battery","Turbo"],"picked":"Static Discharge","floor":6},{"not_picked":["Loop","Darkness"],"picked":"Go for the Eyes","floor":10},{"not_picked":["Leap","Steam"],"picked":"Conserve Battery","floor":12},{"not_picked":["Barrage","Thunder Strike"],"picked":"Loop","floor":13},{"not_picked":["Amplify","Fission"],"picked":"Echo Form","floor":16},{"not_picked":["Stack+1","Leap"],"picked":"Coolheaded+1","floor":18},{"not_picked":["Hologram+1","Stack+1"],"picked":"White Noise+1","floor":21},{"not_picked":["Streamline","Go for the Eyes"],"picked":"Lockon","floor":24},{"not_picked":["Stack+1","Cold Snap"],"picked":"Double Energy+1","floor":29},{"not_picked":["Melter","Barrage","Rebound"],"picked":"SKIP","floor":31},{"not_picked":["Fission+1","Rainbow+1"],"picked":"Electrodynamics","floor":33},{"not_picked":["Beam Cell","Streamline+1"],"picked":"Turbo+1","floor":35},{"not_picked":["Cold Snap","Scrape","Sweeping Beam"],"picked":"SKIP","floor":36},{"not_picked":["Barrage+1","Stack+1"],"picked":"Meteor Strike","floor":38}],"player_experience":1150045,"relics_obtained":[{"floor":6,"key":"Pen Nib"},{"floor":9,"key":"Cables"},{"floor":26,"key":"White Beast Statue"},{"floor":29,"key":"Eternal Feather"},{"floor":31,"key":"Anchor"}],"event_choices":[{"cards_removed":["Strike_B"],"damage_healed":0,"gold_gain":0,"player_choice":"Card Removal","damage_taken":7,"max_hp_gain":0,"max_hp_loss":0,"event_name":"Golden Wing","floor":3,"gold_loss":0},{"damage_healed":0,"gold_gain":0,"cards_transformed":["Defend_B"],"player_choice":"Change","damage_taken":0,"max_hp_gain":0,"max_hp_loss":0,"event_name":"Living Wall","floor":4,"gold_loss":0,"cards_obtained":["Chill"]},{"damage_healed":0,"gold_gain":0,"player_choice":"Leave","damage_taken":0,"max_hp_gain":0,"max_hp_loss":0,"event_name":"The Cleric","floor":14,"gold_loss":0},{"damage_healed":0,"gold_gain":0,"player_choice":"Ignored","damage_taken":0,"max_hp_gain":0,"max_hp_loss":0,"event_name":"The Mausoleum","floor":20,"gold_loss":0},{"cards_removed":["Strike_B"],"damage_healed":0,"gold_gain":0,"player_choice":"Elegance","damage_taken":0,"max_hp_gain":0,"max_hp_loss":0,"event_name":"Back to Basics","floor":22,"gold_loss":0},{"damage_healed":0,"gold_gain":50,"player_choice":"Pray","damage_taken":0,"max_hp_gain":0,"max_hp_loss":0,"event_name":"Golden Shrine","floor":25,"gold_loss":0},{"damage_healed":0,"gold_gain":0,"player_choice":"Damaged","damage_taken":10,"max_hp_gain":0,"max_hp_loss":0,"event_name":"Wheel of Change","floor":37,"gold_loss":0},{"cards_removed":["Zap"],"damage_healed":0,"gold_gain":0,"player_choice":"Removed Skill","damage_taken":0,"max_hp_gain":0,"max_hp_loss":0,"event_name":"Falling","floor":39,"gold_loss":0}],"is_beta":false,"boss_relics":[{"not_picked":["Snecko Eye","Cursed Key"],"picked":"Coffee Dripper"},{"not_picked":["Tiny House","Velvet Choker"],"picked":"Empty Cage"}],"items_purged_floors":[],"is_endless":false,"potions_floor_spawned":[1,6,13,21,24,29,31,33,35,36,38],"killed_by":"Reptomancer","ascension_level":15}}