{"host":"vyjryxuuuxkt43k4","time":1613021927,"event":{"mods":["AchievementEnabler","BaseMod","Colored Map","DeckTracker","Keyboard Shortcuts","Minty Spire (QoL Compilation)","Permanent Neow","Quick Restart","StSLib","SuperFastMode","everything is the same but u backflip on backflip"],"gold_per_floor":[109,34,53,53,65,65,99,99,99,111,125,154,154,165,165,237,237,195,195,120,35,35,35,54,68,68,68,88,88,108,2,2,2,2],"floor_reached":33,"language":"KOR","playtime":3021,"items_purged":["Defend_G"],"score":539,"play_id":"3fb06f0f-0ba1-4e9b-8552-d13378321520","local_time":"20210211143847","is_ascension_mode":true,"campfire_choices":[{"data":"Tools of the Trade","floor":6.0,"key":"SMITH"},{"floor":8.0,"key":"REST"},{"floor":13,"key":"REST"},{"data":"Poisoned Stab","floor":15,"key":"SMITH"},{"data":"Tactician","floor":23,"key":"SMITH"},{"data":"Expertise","floor":27,"key":"SMITH"},{"data":"Acrobatics","floor":29,"key":"SMITH"},{"data":"Venomology","floor":32,"key":"SMITH"}],"circlet_count":0,"master_deck":["AscendersBane","Defend_G+1","Defend_G","Defend_G+1","Defend_G","Survivor","Neutralize","Tools of the Trade+1","Poisoned Stab+1","Dagger Throw","Tactician+1","Quick Slash","PiercingWail","Blur","Venomology+1","Expertise+1","Grand Finale","Bite","Bite","Bite","Bite","Bite","Acrobatics","Acrobatics+1","Flash of Steel"],"relics":["Ring of the Snake","Blue Candle","Anchor","War Paint","Coffee Dripper","Orichalcum","Bird Faced Urn"],"acts_visited":["Exordium","TheCity"],"potions_floor_usage":[12,16,16,16,18,24,24,25,25,25,28,28,30,33],"damage_taken":[{"damage":1.0,"enemies":"Small Slimes","floor":1.0,"turns":5.0},{"damage":0.0,"enemies":"Jaw Worm","floor":3.0,"turns":5.0},{"damage":8.0,"enemies":"2 Louse","floor":5.0,"turns":3.0},{"damage":32.0,"enemies":"3 Sentries","floor":7.0,"turns":13.0},{"damage":1.0,"enemies":"2 Fungi Beasts","floor":10.0,"turns":4.0},{"damage":3.0,"enemies":"Blue Slaver","floor":11.0,"turns":4.0},{"damage":30,"enemies":"Gremlin Nob","floor":12,"turns":4},{"damage":0,"enemies":"3 Louse","floor":14,"turns":4},{"damage":24,"enemies":"The Guardian","floor":16,"turns":15},{"damage":13,"enemies":"2 Thieves","floor":18,"turns":5},{"damage":10,"enemies":"Spheric Guardian","floor":24,"turns":4},{"damage":48,"enemies":"3 Cultists","floor":25,"turns":7},{"damage":6,"enemies":"Snake Plant","floor":28,"turns":4},{"damage":1,"enemies":"Centurion and Healer","floor":30,"turns":8},{"damage":62,"enemies":"Champ","floor":33,"turns":11}],"seed_played":"-1738273058519292310","potions_obtained":[{"floor":5.0,"key":"Strength Potion"},{"floor":10.0,"key":"ColorlessPotion"},{"floor":12,"key":"LiquidBronze"},{"floor":16,"key":"Weak Potion"},{"floor":18,"key":"DuplicationPotion"},{"floor":24,"key":"Swift Potion"},{"floor":25,"key":"Energy Potion"}],"is_trial":false,"path_per_floor":["M","?","M","?","M","R","E","R","T","M","M","E","R","M","R","B",null,"M","?","$","?","?","R","M","M","T","R","M","R","M","$","R","B"],"character_chosen":"THE_SILENT","items_purchased":["Flash of Steel"],"campfire_rested":2,"item_purchase_floors":[31],"current_hp_per_floor":[58,58,58,63,55,55,23,44,44,43,40,10,31,31,31,7,55,42,42,42,42,42,42,46,11,11,11,21,21,40,40,40,0,0],"gold":2,"neow_bonus":"ONE_RANDOM_RARE_CARD","is_daily":false,"chose_seed":false,"campfire_upgraded":6,"win_rate":0.0,"timestamp":1613021927,"path_taken":["M","?","M","?","M","R","E","R","T","M","M","E","R","M","R","BOSS","M","?","$","?","?","R","M","M","T","R","M","R","M","?","R","BOSS"],"items_purchased_type":["Card"],"build_version":"2020-12-22","purchased_purges":1,"victory":false,"max_hp_per_floor":[66,66,66,71,71,71,71,71,71,71,71,71,71,71,71,71,71,71,49,49,49,49,49,49,49,49,49,49,49,49,49,49,49,49],"card_choices":[{"not_picked":["Acrobatics","Prepared"],"picked":"Poisoned Stab","floor":1.0},{"not_picked":["Underhanded Strike","Deadly Poison"],"picked":"Dagger Throw","floor":3.0},{"not_picked":["Sucker Punch","Backflip"],"picked":"Tactician","floor":5.0},{"not_picked":["Riddle With Holes","Infinite Blades"],"picked":"Quick Slash","floor":7.0},{"not_picked":["Outmaneuver","Bane"],"picked":"PiercingWail","floor":10.0},{"not_picked":["Bane","Infinite Blades"],"picked":"Blur","floor":11.0},{"not_picked":["Infinite Blades","Deflect"],"picked":"Venomology","floor":12},{"not_picked":["Riddle With Holes","Flying Knee"],"picked":"Expertise","floor":14},{"not_picked":["Phantasmal Killer","After Image"],"picked":"Grand Finale","floor":16},{"not_picked":["Deflect","Outmaneuver","Bane"],"picked":"SKIP","floor":18},{"not_picked":["Flying Knee","Accuracy"],"picked":"Acrobatics","floor":24},{"not_picked":["Outmaneuver","Masterful Stab","Sucker Punch"],"picked":"SKIP","floor":25},{"not_picked":["Blade Dance","Cloak And Dagger+1"],"picked":"Acrobatics","floor":28},{"not_picked":["Riddle With Holes","Cloak And Dagger","Outmaneuver+1"],"picked":"SKIP","floor":30}],"player_experience":923920,"relics_obtained":[{"floor":7.0,"key":"Blue Candle"},{"floor":9.0,"key":"Anchor"},{"floor":12,"key":"War Paint"},{"floor":26,"key":"Bird Faced Urn"}],"event_choices":[{"cards_removed":["Strike_G"],"damage_healed":0.0,"max_hp_gain":0.0,"max_hp_loss":0.0,"gold_gain":0.0,"event_name":"The Cleric","player_choice":"Card Removal","floor":2.0,"gold_loss":75.0,"damage_taken":0.0},{"damage_healed":0.0,"max_hp_gain":5.0,"max_hp_loss":0.0,"gold_gain":0.0,"event_name":"Big Fish","player_choice":"Donut","floor":4.0,"gold_loss":0.0,"damage_taken":0.0},{"damage_healed":0,"gold_gain":0,"player_choice":"Became a vampire","damage_taken":0,"max_hp_gain":0,"max_hp_loss":22,"event_name":"Vampires","floor":19,"gold_loss":0,"cards_obtained":["Bite","Bite","Bite","Bite","Bite"]},{"damage_healed":0,"gold_gain":0,"player_choice":"Obtained Relic","damage_taken":0,"relics_obtained":["Orichalcum"],"max_hp_gain":0,"max_hp_loss":0,"event_name":"Addict","floor":21,"gold_loss":85},{"damage_healed":0,"gold_gain":0,"player_choice":"Ignored","damage_taken":0,"max_hp_gain":0,"max_hp_loss":0,"event_name":"Ghosts","floor":22,"gold_loss":0}],"is_beta":false,"boss_relics":[{"not_picked":["Velvet Choker","Calling Bell"],"picked":"Coffee Dripper"}],"items_purged_floors":[20],"is_endless":false,"potions_floor_spawned":[5,10,12,14,16,18,24,25],"killed_by":"Champ","ascension_level":20}}