{"host":"bbjnqymry46jz0fa","time":1613010351,"event":{"mods":["BaseMod","DeckTracker","Minty Spire (QoL Compilation)","Quick Restart","StSLib","SuperFastMode"],"gold_per_floor":[117,117,117,117,133,133,150,175,221,247,257,257,317,369,369,445,445,457,469,487,65,115,115,135,135,135,145,145,145],"floor_reached":28,"language":"KOR","playtime":966,"items_purged":["Strike_P"],"score":500,"play_id":"dd064e09-c2ad-4843-9162-e44f64d9b188","local_time":"20210211112551","is_ascension_mode":true,"campfire_choices":[{"data":"Eruption","floor":6.0,"key":"SMITH"},{"data":"1","floor":12.0,"key":"LIFT"},{"data":"2","floor":15.0,"key":"LIFT"},{"data":"3","floor":23,"key":"LIFT"},{"floor":25,"key":"REST"}],"circlet_count":0,"master_deck":["AscendersBane","Strike_P","Strike_P","Defend_P","Defend_P","Defend_P","Eruption+1","Vigilance","Wallop","Blasphemy","Sanctity","WheelKick","CrushJoints","Omniscience","Adaptation+1"],"relics":["PureWater","Blood Vial","WingedGreaves","Bag of Marbles","Girya","Meat on the Bone","Potion Belt","VioletLotus","Frozen Egg 2","Centennial Puzzle"],"acts_visited":["Exordium","TheCity"],"potions_floor_usage":[27,27,28],"damage_taken":[{"damage":7.0,"enemies":"Jaw Worm","floor":1.0,"turns":4.0},{"damage":0.0,"enemies":"Small Slimes","floor":5.0,"turns":5.0},{"damage":0.0,"enemies":"Cultist","floor":7.0,"turns":4.0},{"damage":0.0,"enemies":"Gremlin Nob","floor":8.0,"turns":2.0},{"damage":25.0,"enemies":"3 Sentries","floor":10.0,"turns":12.0},{"damage":0.0,"enemies":"Blue Slaver","floor":11.0,"turns":1.0},{"damage":0.0,"enemies":"Gremlin Nob","floor":13.0,"turns":2.0},{"damage":15.0,"enemies":"The Guardian","floor":16.0,"turns":8.0},{"damage":22.0,"enemies":"3 Byrds","floor":18.0,"turns":4.0},{"damage":0.0,"enemies":"Shell Parasite","floor":19.0,"turns":2.0},{"damage":35.0,"enemies":"3 Cultists","floor":20.0,"turns":5.0},{"damage":6,"enemies":"Snecko","floor":24,"turns":5},{"damage":18,"enemies":"Cultist and Chosen","floor":27,"turns":5},{"damage":100004,"enemies":"Centurion and Healer","floor":28,"turns":3}],"seed_played":"-3175964790997432904","potions_obtained":[{"floor":1.0,"key":"Ancient Potion"},{"floor":10.0,"key":"SpeedPotion"},{"floor":18.0,"key":"Regen Potion"},{"floor":20.0,"key":"PowerPotion"},{"floor":24,"key":"Ancient Potion"}],"is_trial":false,"path_per_floor":["M","?","?","?","M","R","M","E","T","E","M","R","?","T","R","B",null,"M","M","M","$","?","R","M","R","T","M","M"],"character_chosen":"WATCHER","items_purchased":["Frozen Egg 2","Adaptation+1"],"campfire_rested":1,"item_purchase_floors":[21,21],"current_hp_per_floor":[54,36,29,29,31,31,33,35,35,12,14,14,16,16,16,15,55,35,37,16,16,16,16,24,44,44,45,0,0],"gold":145,"neow_bonus":"REMOVE_CARD","is_daily":false,"chose_seed":false,"campfire_upgraded":1,"win_rate":0.0,"timestamp":1613010351,"path_taken":["M","?","?","?","M","R","M","E","T","E","?","R","?","?","R","BOSS","M","?","M","$","?","R","M","R","T","M","?"],"items_purchased_type":["Relic","Card"],"build_version":"2020-12-22","purchased_purges":1,"victory":false,"max_hp_per_floor":[68,68,68,68,68,68,68,68,68,68,68,68,68,68,68,68,68,68,68,68,68,68,68,68,68,68,68,68,68],"card_choices":[{"not_picked":["Study","CutThroughFate"],"picked":"Wallop","floor":1.0},{"not_picked":["FlurryOfBlows","LikeWater"],"picked":"WheelKick","floor":5.0},{"not_picked":["EmptyBody","Evaluate","ThirdEye"],"picked":"SKIP","floor":7.0},{"not_picked":["Brilliance","CutThroughFate"],"picked":"CrushJoints","floor":8.0},{"not_picked":["ClearTheMind","Prostrate","ThirdEye"],"picked":"SKIP","floor":10.0},{"not_picked":["Evaluate","Crescendo","EmptyBody"],"picked":"SKIP","floor":11.0},{"not_picked":["Devotion","MasterReality"],"picked":"Omniscience","floor":16.0},{"not_picked":["PathToVictory","Protect","CutThroughFate+1"],"picked":"SKIP","floor":18.0},{"not_picked":["Wireheading","WreathOfFlame","ForeignInfluence"],"picked":"SKIP","floor":19.0},{"not_picked":["Study","Weave","SashWhip"],"picked":"SKIP","floor":20.0},{"not_picked":["ThirdEye","BowlingBash","Vengeance"],"picked":"SKIP","floor":24},{"not_picked":["PathToVictory","BowlingBash","Crescendo"],"picked":"SKIP","floor":27}],"player_experience":740837,"relics_obtained":[{"floor":8.0,"key":"WingedGreaves"},{"floor":9.0,"key":"Bag of Marbles"},{"floor":10.0,"key":"Girya"},{"floor":13.0,"key":"Meat on the Bone"},{"floor":14.0,"key":"Potion Belt"},{"floor":26,"key":"Centennial Puzzle"}],"event_choices":[{"damage_healed":0.0,"max_hp_gain":0.0,"max_hp_loss":0.0,"gold_gain":0.0,"event_name":"Scrap Ooze","player_choice":"Success","floor":2.0,"gold_loss":0.0,"damage_taken":18.0,"relics_obtained":["Blood Vial"]},{"cards_removed":["Strike_P"],"damage_healed":0.0,"max_hp_gain":0.0,"max_hp_loss":0.0,"gold_gain":0.0,"event_name":"Golden Wing","player_choice":"Card Removal","floor":3.0,"gold_loss":0.0,"damage_taken":7.0},{"damage_healed":0.0,"max_hp_gain":0.0,"max_hp_loss":0.0,"gold_gain":0.0,"event_name":"Match and Keep!","player_choice":"2 cards matched","floor":4.0,"gold_loss":0.0,"damage_taken":0.0,"cards_obtained":["Blasphemy","Sanctity"]},{"damage_healed":0.0,"max_hp_gain":0.0,"max_hp_loss":0.0,"gold_gain":0.0,"event_name":"Dead Adventurer","player_choice":"Searched \u00271\u0027 times","floor":13.0,"gold_loss":0.0,"damage_taken":0.0},{"damage_healed":0,"gold_gain":50,"player_choice":"Pray","damage_taken":0,"max_hp_gain":0,"max_hp_loss":0,"event_name":"Golden Shrine","floor":22,"gold_loss":0}],"is_beta":false,"boss_relics":[{"not_picked":["HolyWater","Fusion Hammer"],"picked":"VioletLotus"}],"items_purged_floors":[21],"is_endless":false,"potions_floor_spawned":[1,10,11,18,20,24],"killed_by":"Centurion and Healer","ascension_level":16}}