{"host":"am0cr9xwekqmrere","time":1613085467,"event":{"mods":["AchievementEnabler","Act Like it!","BaseMod","Better Altar","Better Match","Better Note","Better Sensory Stone","Better Skull","Better Third Choice","BetterRewards","Conspire","Downfall","Hubris","Infinite Spire","Minty Spire (QoL Compilation)","Rare Cards Sparkle","Spicy Shops","StSLib","Unceasing Turn Reminder"],"gold_per_floor":[99,9,20,20,37,37,37,37,69,69,88,88,104,104,127,233,233,133,159,159,185,56,70,70,70,70,120,120,38,59,109,126,231,231,131,156,110,125,107,131,156,56,78,96,146,169,202,221,241,241,241,281,14,14,14,14,14,14],"floor_reached":56,"language":"ENG","playtime":3678,"items_purged":["downfall:Aged"],"score":881,"play_id":"511507f2-1ac6-4295-a6e2-4a1af5c058f7","local_time":"20210211171747","is_ascension_mode":false,"campfire_choices":[{"data":"hexamod:Float","floor":1,"key":"SMITH"},{"data":"infinitespire:SevenWalls","floor":6,"key":"SMITH"},{"data":"hexamod:Sear","floor":10,"key":"SMITH"},{"data":"hexamod:Sear","floor":12,"key":"SMITH"},{"data":"hexamod:GhostOfSpirePresent","floor":18,"key":"SMITH"},{"data":"infinitespire:SevenWalls","floor":26,"key":"SMITH"},{"floor":28,"key":"RECALL"},{"data":"hexamod:ExtraCrispy","floor":35,"key":"SMITH"},{"data":"expansioncontent:DashGenerateEvil","floor":42,"key":"SMITH"},{"floor":54,"key":"REST"}],"circlet_count":0,"master_deck":["hexamod:Strike","hexamod:Strike","hexamod:Strike","hexamod:Strike+1","hexamod:Defend","hexamod:Defend","hexamod:Defend","hexamod:Defend","hexamod:Sear+1","hexamod:Float+1","hexamod:RadiantFlame","hexamod:GhostShield","infinitespire:SevenWalls+1","hexamod:GhostLash","hexamod:Sear+1","hexamod:FlamesFromBeyond","hexamod:FirstSeal","hexamod:SecondSeal","hexamod:Hexaguard+1","hexamod:ThermalTransfer","hexamod:PowerFromBeyond+1","hexamod:InspiringFlames+1","hexamod:ExtraCrispy+1","expansioncontent:AwakenDeath","hexamod:WildfireWeapon","infinitespire:SevenWalls+1","hexamod:SwordOfDarkness","hexamod:PhantomFireball","hexamod:PhantomCloak+1","hexamod:GhostflameBarrier","hexamod:GiftsFromTheDead","hexamod:SuperheatedStrike","expansioncontent:DashGenerateEvil+1","hexamod:FourthSeal","hexamod:NightmareStrike","hexamod:GhostflameBarrier+1","hexamod:GhostOfSpireFuture","hexamod:Firestarter+1","hexamod:SixthSeal","hexamod:BurningTouch+1","hexamod:RadiantFlame+1"],"relics":["hexamod:SpiritBrand","hexamod:RecyclingMachine","sneckomod:SneckoTalon","StoneCalendar","Toy Ornithopter","downfall:HeartBlessingGreen","SsserpentHead","White Beast Statue","hexamod:IceCube","Toolbox","hubris:FruitBowl","Mango","Bronze Scales","Pear","ClockworkSouvenir","downfall:HeartBlessingRed","Lee\u0027s Waffle","downfall:HeartBlessingBlue","Mummified Hand","hubris:SlimyHat","Happy Flower"],"acts_visited":["TheCity","TheBeyond","TheEnding"],"potions_floor_usage":[13,16,21,33,46,47,47,49,50,53,53,55,55],"damage_taken":[{"damage":0,"enemies":"downfall:FleeingMerchant","floor":2,"turns":4},{"damage":2,"enemies":"Small Slimes","floor":3,"turns":4},{"damage":0,"enemies":"Cultist","floor":5,"turns":3},{"damage":3,"enemies":"3 Sentries","floor":9,"turns":7},{"damage":0,"enemies":"2 Louse","floor":11,"turns":2},{"damage":0,"enemies":"Exordium Wildlife","floor":13,"turns":4},{"damage":7,"enemies":"Blue Slaver","floor":15,"turns":3},{"damage":0,"enemies":"SI_SHIV_ARCHETYPE","floor":16,"turns":7},{"damage":0,"enemies":"Spheric Guardian","floor":19,"turns":5},{"damage":0,"enemies":"Shell Parasite","floor":21,"turns":4},{"damage":0,"enemies":"downfall:FleeingMerchant","floor":22,"turns":4},{"damage":10,"enemies":"Snecko","floor":23,"turns":7},{"damage":0,"enemies":"downfall:FleeingMerchant","floor":29,"turns":4},{"damage":0,"enemies":"3 Cultists","floor":30,"turns":6},{"damage":0,"enemies":"Snake Plant","floor":32,"turns":2},{"damage":0,"enemies":"DF_ARCHETYPE_CLAW","floor":33,"turns":10},{"damage":40,"enemies":"3 Darklings","floor":36,"turns":7},{"damage":0,"enemies":"downfall:FleeingMerchant","floor":37,"turns":4},{"damage":0,"enemies":"Orb Walker","floor":38,"turns":4},{"damage":0,"enemies":"Spire Growth","floor":40,"turns":6},{"damage":8,"enemies":"Transient","floor":43,"turns":5},{"damage":24,"enemies":"Sphere and 2 Shapes","floor":44,"turns":4},{"damage":0,"enemies":"3 Darklings","floor":46,"turns":5},{"damage":7,"enemies":"Reptomancer","floor":47,"turns":7},{"damage":9,"enemies":"Maw","floor":48,"turns":5},{"damage":27,"enemies":"Sphere and 2 Shapes","floor":49,"turns":5},{"damage":175,"enemies":"IC_BLOCK_ARCHETYPE","floor":50,"turns":13},{"damage":83,"enemies":"downfall:CharBossMerchant","floor":52,"turns":8},{"damage":174,"enemies":"downfall:NeowBoss","floor":55,"turns":27},{"damage":59,"enemies":"downfall:NeowBossFinal","floor":56,"turns":8}],"seed_played":"-643179656126806860","potions_obtained":[{"floor":9,"key":"AttackPotion"},{"floor":11,"key":"Ancient Potion"},{"floor":13,"key":"Ancient Potion"},{"floor":15,"key":"LiquidMemories"},{"floor":19,"key":"PowerPotion"},{"floor":21,"key":"PowerPotion"},{"floor":33,"key":"BlessingOfTheForge"},{"floor":36,"key":"SpeedPotion"},{"floor":44,"key":"DistilledChaos"},{"floor":46,"key":"Dexterity Potion"},{"floor":47,"key":"Guardian:BlockOnCardUsePotion"},{"floor":47,"key":"hexamod:SoulburnPotion"},{"floor":49,"key":"FairyPotion"},{"floor":52,"key":"Swift Potion"},{"floor":52,"key":"Block Potion"}],"is_trial":false,"path_per_floor":["R","$","M","AVR","M","R","T","?","E","R","M","R","M","?","M","B",null,"R","M","?","M","$","M","T","AVR","R","?","R","$","M","$","M","B",null,"R","M","$","M","$","M","T","R","M","M","?","M","E","M","M","B",null,"E","$","R","B","B"],"character_chosen":"THE_SPIRIT","items_purchased":["hexamod:ExtraCrispy","expansioncontent:AwakenDeath","hexamod:PhantomFireball","hubris:FruitBowl","Mango","Bronze Scales","Pear","ClockworkSouvenir","Lee\u0027s Waffle","expansioncontent:DashGenerateEvil","hexamod:FourthSeal","Fruit Juice","Happy Flower"],"campfire_rested":1,"item_purchase_floors":[22,22,29,31,31,31,31,31,37,37,39,53,53],"current_hp_per_floor":[84,84,82,82,82,82,82,82,79,79,79,79,84,84,84,84,84,84,84,84,84,84,81,81,81,81,94,94,94,94,54,61,73,130,130,97,140,140,140,140,140,155,154,137,137,149,155,153,135,19,155,79,103,153,27,0,0,0],"gold":14,"neow_bonus":"TWENTY_PERCENT_HP_BONUS","is_daily":false,"chose_seed":false,"campfire_upgraded":8,"win_rate":0.0,"timestamp":1613085467,"path_taken":["R","$","M","AVR","M","R","T","?","E","R","?","R","M","?","M","BOSS","R","M","?","M","$","M","T","AVR","R","?","R","$","M","?","M","BOSS","R","M","$","M","?","M","T","R","M","M","?","M","E","M","M","BOSS","E","$","R","BOSS","BOSS"],"items_purchased_type":["Card","Card","Card","Relic","Relic","Relic","Relic","Relic","Relic","Card","Card","Potion","Relic"],"build_version":"2020-12-22","purchased_purges":1,"victory":false,"max_hp_per_floor":[84,84,84,84,84,84,84,84,84,84,84,84,84,84,84,84,84,84,84,84,84,84,84,84,84,84,94,94,94,94,130,130,130,130,130,130,140,140,140,140,140,155,155,155,155,155,155,155,155,155,155,155,169,169,169,169,169,169],"card_choices":[{"not_picked":["hexamod:SpectralSpark","hexamod:HeatCrush"],"picked":"hexamod:RadiantFlame","floor":2},{"not_picked":["hexamod:RainOfEmbers","hexamod:FastForward"],"picked":"hexamod:GhostShield","floor":3},{"not_picked":["hexamod:NecessarySacrifice","hexamod:FlamesFromBeyond"],"picked":"hexamod:GhostLash","floor":5},{"not_picked":["hexamod:ShieldOfDarkness","hexamod:BacktrackSmack"],"picked":"hexamod:FlamesFromBeyond","floor":9},{"not_picked":["hexamod:SearingWound","hexamod:ShieldOfDarkness"],"picked":"hexamod:FirstSeal","floor":11},{"not_picked":["hexamod:SpectralSpark","hexamod:HeatMetal"],"picked":"hexamod:SecondSeal","floor":13},{"not_picked":["hexamod:Firestarter","hexamod:ShieldOfDarkness"],"picked":"hexamod:ThermalTransfer","floor":15},{"not_picked":["hexamod:TurnItUp","hexamod:UnlimitedPower"],"picked":"hexamod:GhostOfSpirePresent","floor":16},{"not_picked":["hexamod:SwordOfDarkness","hexamod:ThermalTransfer","hexamod:GhostOfSpireFuture"],"picked":"SKIP","floor":19},{"not_picked":["hexamod:GhostOfSpireFuture","hexamod:SuperheatedStrike+1"],"picked":"hexamod:PowerFromBeyond+1","floor":21},{"not_picked":["hexamod:GhostShield+1","hexamod:SpectersWail+1"],"picked":"hexamod:InspiringFlames+1","floor":22},{"not_picked":["hexamod:NecessarySacrifice+1","hexamod:PhantomFireball"],"picked":"hexamod:WildfireWeapon","floor":23},{"not_picked":["hexamod:FlamesFromBeyond","hexamod:BacktrackSmack+1"],"picked":"hexamod:SwordOfDarkness","floor":29},{"not_picked":["hexamod:GhostShield","hexamod:PowerFromBeyond"],"picked":"hexamod:PhantomCloak","floor":30},{"not_picked":["hexamod:CatchUp","hexamod:HeatShield+1"],"picked":"hexamod:GhostflameBarrier","floor":32},{"not_picked":["hexamod:WildfireWeapon","hexamod:ApocalypticArmor"],"picked":"hexamod:GiftsFromTheDead","floor":33},{"not_picked":["hexamod:RainOfEmbers","hexamod:GhostOfSpireFuture"],"picked":"hexamod:SuperheatedStrike","floor":36},{"not_picked":["hexamod:Again","hexamod:AdvancingGuard+1","hexamod:SpectersWail"],"picked":"SKIP","floor":37},{"not_picked":["hexamod:SpectersWail","hexamod:Firestarter+1","hexamod:HeatMetal"],"picked":"SKIP","floor":38},{"not_picked":["hexamod:GhostShield","hexamod:NightmareStrike","hexamod:ThermalTransfer+1"],"picked":"SKIP","floor":40},{"not_picked":["hexamod:DynamicBlow","hexamod:FlamesFromBeyond"],"picked":"hexamod:NightmareStrike","floor":43},{"not_picked":["hexamod:SwordOfDarkness+1","hexamod:AdvancingGuard"],"picked":"hexamod:GhostflameBarrier+1","floor":44},{"not_picked":["hexamod:GhostflameBarrier+1","hexamod:GhostLash+1"],"picked":"hexamod:GhostOfSpireFuture","floor":46},{"not_picked":["hexamod:Hexaguard+1","hexamod:HauntingEcho"],"picked":"hexamod:Firestarter+1","floor":47},{"not_picked":["hexamod:NightmareGuise","hexamod:GhostOfSpireFuture"],"picked":"hexamod:SixthSeal","floor":48},{"not_picked":["hexamod:RadiantFlame","hexamod:SkipABeat"],"picked":"hexamod:BurningTouch+1","floor":49},{"not_picked":["hexamod:HauntingEcho","hexamod:PowerFromBeyond+1"],"picked":"hexamod:RadiantFlame+1","floor":52}],"player_experience":2770888,"relics_obtained":[{"floor":7,"key":"StoneCalendar"},{"floor":9,"key":"Toy Ornithopter"},{"floor":24,"key":"White Beast Statue"},{"floor":47,"key":"Mummified Hand"},{"floor":52,"key":"hubris:SlimyHat"}],"event_choices":[{"damage_healed":0,"gold_gain":0,"player_choice":"Trade","damage_taken":0,"relics_obtained":["SsserpentHead"],"max_hp_gain":0,"max_hp_loss":0,"event_name":"FaceTrader","floor":20,"gold_loss":0},{"cards_removed":["hexamod:GhostOfSpirePresent"],"damage_healed":3,"gold_gain":0,"player_choice":"Offered Rare","damage_taken":0,"max_hp_gain":10,"max_hp_loss":0,"event_name":"Bonfire Elementals","floor":27,"gold_loss":0}],"is_beta":false,"boss_relics":[{"not_picked":[]},{"not_picked":["Velvet Choker","hubris:CrackedHourglass","hubris:HollowSoul"]}],"items_purged_floors":[2],"is_endless":false,"potions_floor_spawned":[9,11,13,15,19,21,29,30,32,33,36,37,38,40,43,44,46,47,48,49,52],"killed_by":"downfall:NeowBossFinal","ascension_level":0}}