{"host":"awrw1gk2acwismlg","time":1613007170,"event":{"mods":["ATMod(阿瑾Mod)","Aspiration","BaseMod","Bestiary","Challenge The Spire","Conspire","Downfall","Energized Spire","Hermit","Jedi Mod","Marked Mod","Minty Spire (QoL Compilation)","Morshu Shopkeeper","Morshu Shopkeeper - ENHANCED","Quarter Circle Forward PUNCH!","Reliquary","Remilia_Scarlet Moed（蕾米莉亚・斯卡雷特）3.3.5","Replay The Spire","SIMod","Shop Mod","Small Relic Pack","StSLib","The Bug Knight","The Cursed","Warlord Emblem","Wide Potions","Yakumo Yukari mod","【遗物卡牌】REMEMod","篝火指南"],"gold_per_floor":[115,133,146,156,176,176,351,366,390,390,408,424,424,424,424,525,525,538,3,3,3,42,42,61,81,81,94,94,105,121,140,140,140,140],"floor_reached":33,"language":"ZHS","playtime":1851,"items_purged":["Doubt"],"score":297,"play_id":"b07bfefa-89ef-4f24-8f88-29ee1ea9c032","local_time":"20210211093250","is_ascension_mode":false,"campfire_choices":[{"data":"Darkness","floor":6,"key":"SMITH"},{"data":"AT_FamilyPortrait","floor":10,"key":"SMITH"},{"data":"Darkness","floor":13,"key":"SMITH"},{"floor":15,"key":"REST"},{"floor":28,"key":"REST"},{"floor":32,"key":"REST"}],"circlet_count":0,"master_deck":["Strike_B","Strike_B","Strike_B","Strike_B","Defend_B","Defend_B","Defend_B","Defend_B","Zap","Dualcast","AT_FamilyPortrait+1","Darkness+1","Beam Cell","Darkness+1","Cold Snap","Leap","Redo","Gash","Amplify","Beam Cell","Rainbow","Multi-Cast"],"relics":["Cracked Core","REME_ComplimentaryCards","AT_ATBox","aspiration:AnachronicSnailShell","Strawberry","qcfpunch:Crimson_Sash","aspiration:KaomsHeart"],"acts_visited":["Exordium","TheCity"],"potions_floor_usage":[16,25],"damage_taken":[{"damage":3,"enemies":"Small Slimes","floor":1,"turns":3},{"damage":9,"enemies":"2 Louse","floor":2,"turns":2},{"damage":6,"enemies":"Jaw Worm","floor":3,"turns":3},{"damage":15,"enemies":"Exordium Wildlife","floor":4,"turns":5},{"damage":5,"enemies":"3 Louse","floor":5,"turns":2},{"damage":6,"enemies":"Blue Slaver","floor":8,"turns":3},{"damage":11,"enemies":"Large Slime","floor":11,"turns":6},{"damage":9,"enemies":"Exordium Thugs","floor":12,"turns":3},{"damage":17,"enemies":"Hexaghost","floor":16,"turns":6},{"damage":0,"enemies":"Shell Parasite","floor":18,"turns":6},{"damage":15,"enemies":"2 Thieves","floor":22,"turns":3},{"damage":15,"enemies":"3 Cultists","floor":24,"turns":6},{"damage":9,"enemies":"Centurion and Healer","floor":25,"turns":3},{"damage":23,"enemies":"Snake Plant","floor":27,"turns":4},{"damage":20,"enemies":"Shelled Parasite and Fungi","floor":29,"turns":4},{"damage":21,"enemies":"Cultist and Chosen","floor":30,"turns":6},{"damage":19,"enemies":"Snake Plant","floor":31,"turns":3},{"damage":37,"enemies":"Champ","floor":33,"turns":8}],"seed_played":"3527246739067819759","potions_obtained":[{"floor":1,"key":"LifebloodPotion"},{"floor":4,"key":"SteroidPotion"},{"floor":8,"key":"Cursed Concoction"},{"floor":11,"key":"Slimebound:ThreeZeroPotion"},{"floor":12,"key":"AttackPotion"},{"floor":22,"key":"champ:CounterPotion"},{"floor":29,"key":"Energy Potion"}],"is_trial":false,"path_per_floor":["M","M","M","M","M","R","?","M","T","R","M","M","R","?","R","B",null,"M","$","?","$","M","R","M","M","T","M","R","M","M","M","R","B"],"character_chosen":"DEFECT","items_purchased":["aspiration:KaomsHeart","aspiration:KMNothing","aspiration:KMNothing","aspiration:KMNothing"],"campfire_rested":3,"item_purchase_floors":[19,21,21,21],"current_hp_per_floor":[65,56,50,35,30,30,30,24,31,31,20,11,11,11,33,16,54,54,104,104,104,89,89,74,65,65,42,68,49,28,9,35,0,0],"gold":140,"neow_bonus":"ONE_RARE_RELIC","is_daily":false,"chose_seed":false,"campfire_upgraded":3,"win_rate":0.0,"timestamp":1613007170,"path_taken":["M","M","M","M","M","R","?","M","T","R","M","M","R","?","R","BOSS","M","$","?","?","M","R","M","M","T","M","R","M","M","M","R","BOSS"],"items_purchased_type":["Relic","Relic","Relic","Relic"],"build_version":"2020-12-22","purchased_purges":1,"victory":false,"max_hp_per_floor":[68,68,68,68,68,68,68,68,75,75,75,75,75,75,75,75,75,75,175,175,175,175,175,175,175,175,175,175,176,176,176,176,176,176],"card_choices":[{"not_picked":["jedi:blockon","ReplayGash"],"picked":"Darkness","floor":1},{"not_picked":["BasicCrystalCard","Undo"],"picked":"Beam Cell","floor":2},{"not_picked":["REME_SelfUpgrade","Stack"],"picked":"Cold Snap","floor":3},{"not_picked":["jedi:BurstFrost","Redo"],"picked":"Leap","floor":4},{"not_picked":["FIFO Queue","AT_DarkMatter"],"picked":"Redo","floor":5},{"not_picked":["Sweeping Beam","AT_HeatAcrobatics","Ball Lightning"],"picked":"SKIP","floor":8},{"not_picked":["Reprogram","jedi:BurstLightning"],"picked":"Gash","floor":11},{"not_picked":["jedi:blockon","Defragment","ReplayTheSpireMod:Calculation Training"],"picked":"SKIP","floor":12},{"not_picked":["jedi:gatheringstorm","AT_RightCognition"],"picked":"Amplify","floor":16},{"not_picked":["conspire:SharedLibrary+1","Go for the Eyes","Panic Button"],"picked":"SKIP","floor":18},{"not_picked":["REME_Whirling","Sweeping Beam"],"picked":"Beam Cell","floor":22},{"not_picked":["Capacitor","Tempest"],"picked":"Rainbow","floor":24},{"not_picked":["AT_HeatAcrobatics","Chill","Panic Button"],"picked":"SKIP","floor":25},{"not_picked":["BasicCrystalCard","Turbo","Glacier"],"picked":"SKIP","floor":27},{"not_picked":["Lockon","Coolheaded","Recycle+1"],"picked":"SKIP","floor":29},{"not_picked":["ReplaySort","AT_ThreeBodyProblem","Streamline"],"picked":"SKIP","floor":30},{"not_picked":["Panic Button","jedi:BurstFrost"],"picked":"Multi-Cast","floor":31}],"player_experience":99702,"relics_obtained":[{"floor":9,"key":"Strawberry"}],"event_choices":[{"damage_healed":0,"gold_gain":175,"player_choice":"AGREE","damage_taken":0,"max_hp_gain":0,"max_hp_loss":0,"event_name":"Liars Game","floor":7,"gold_loss":0,"cards_obtained":["Doubt"]}],"is_beta":false,"boss_relics":[{"not_picked":["conspire:RunicOctahedron","aspiration:SecretTechniqueScroll"],"picked":"qcfpunch:Crimson_Sash"}],"items_purged_floors":[19],"is_endless":false,"potions_floor_spawned":[1,4,8,11,12,22,29],"killed_by":"Champ","ascension_level":0}}