{"host":"zdcz0a6aak4rnx0s","time":1613079745,"event":{"mods":["AchievementEnabler","BaseMod","Colored Map","Colored Powertips","Minty Spire (QoL Compilation)","StSLib"],"gold_per_floor":[111,111,36,56,56,87,103,103,155,168,168,193,193,211,211,211,211],"floor_reached":16,"language":"ENG","playtime":912,"items_purged":["Regret"],"score":238,"play_id":"3cd6a170-b708-4660-a5e5-8971d0dbc54e","local_time":"20210211154225","is_ascension_mode":true,"campfire_choices":[{"data":"Defend_R","floor":11,"key":"SMITH"},{"data":"Defend_R","floor":13,"key":"SMITH"},{"data":"Armaments","floor":15,"key":"SMITH"}],"circlet_count":0,"master_deck":["AscendersBane","Strike_R","Strike_R","Strike_R","Strike_R","Defend_R","Defend_R","Defend_R+1","Defend_R+1","Bash","Battle Trance","Uppercut+1","Fiend Fire","Armaments+1","True Grit"],"relics":["Burning Blood","NeowsBlessing","Ancient Tea Set","Prayer Wheel","Pen Nib","Odd Mushroom"],"acts_visited":["Exordium"],"potions_floor_usage":[10,12,16,16],"damage_taken":[{"damage":0,"enemies":"Jaw Worm","floor":1,"turns":1},{"damage":0,"enemies":"Small Slimes","floor":4,"turns":1},{"damage":0,"enemies":"Gremlin Nob","floor":6,"turns":1},{"damage":3,"enemies":"2 Louse","floor":7,"turns":2},{"damage":9,"enemies":"Large Slime","floor":10,"turns":6},{"damage":0,"enemies":"The Mushroom Lair","floor":12,"turns":2},{"damage":0,"enemies":"Blue Slaver","floor":14,"turns":1},{"damage":84,"enemies":"Slime Boss","floor":16,"turns":10}],"seed_played":"7136059572488797762","potions_obtained":[{"floor":6,"key":"Explosive Potion"},{"floor":7,"key":"SkillPotion"},{"floor":10,"key":"FearPotion"},{"floor":14,"key":"Swift Potion"}],"is_trial":false,"path_per_floor":["M","?","$","M","?","E","M","?","T","M","R","?","R","M","R","B"],"character_chosen":"IRONCLAD","items_purchased":[],"campfire_rested":0,"item_purchase_floors":[],"current_hp_per_floor":[74,74,74,75,75,75,75,68,68,65,65,71,71,75,75,0,0],"gold":211,"neow_bonus":"THREE_ENEMY_KILL","is_daily":false,"chose_seed":false,"campfire_upgraded":3,"win_rate":0.0,"timestamp":1613079745,"path_taken":["M","?","$","M","?","E","M","?","T","M","R","?","R","M","R","BOSS"],"items_purchased_type":[],"build_version":"2020-12-22","purchased_purges":1,"victory":false,"max_hp_per_floor":[75,75,75,75,75,75,75,75,75,75,75,75,75,75,75,75,75],"card_choices":[{"not_picked":["Flex","Thunderclap"],"picked":"Battle Trance","floor":1},{"not_picked":["Searing Blow","Blood for Blood"],"picked":"Uppercut","floor":4},{"not_picked":["Clothesline","True Grit","Dual Wield"],"picked":"SKIP","floor":6},{"not_picked":["Havoc","Blood for Blood"],"picked":"Fiend Fire","floor":7},{"not_picked":["Heavy Blade","Inflame","Thunderclap"],"picked":"SKIP","floor":7},{"not_picked":["Warcry","Dropkick","Body Slam"],"picked":"SKIP","floor":10},{"not_picked":["Clash","Clothesline","Perfected Strike"],"picked":"SKIP","floor":10},{"not_picked":["Thunderclap","Sword Boomerang"],"picked":"Armaments","floor":14},{"not_picked":["Dual Wield","Sever Soul"],"picked":"True Grit","floor":14}],"player_experience":1019216,"relics_obtained":[{"floor":6,"key":"Prayer Wheel"},{"floor":9,"key":"Pen Nib"},{"floor":12,"key":"Odd Mushroom"}],"event_choices":[{"damage_healed":0,"gold_gain":0,"player_choice":"Box","damage_taken":0,"relics_obtained":["Ancient Tea Set"],"max_hp_gain":0,"max_hp_loss":0,"event_name":"Big Fish","floor":2,"gold_loss":0,"cards_obtained":["Regret"]},{"damage_healed":0,"gold_gain":0,"player_choice":"Grow","damage_taken":0,"max_hp_gain":0,"max_hp_loss":0,"event_name":"Living Wall","floor":5,"gold_loss":0,"cards_upgraded":["Uppercut"]},{"cards_removed":["Strike_R"],"damage_healed":0,"gold_gain":0,"player_choice":"Card Removal","damage_taken":7,"max_hp_gain":0,"max_hp_loss":0,"event_name":"Golden Wing","floor":8,"gold_loss":0},{"damage_healed":0,"gold_gain":0,"player_choice":"Fought Mushrooms","damage_taken":0,"max_hp_gain":0,"max_hp_loss":0,"event_name":"Mushrooms","floor":12,"gold_loss":0}],"is_beta":false,"boss_relics":[],"items_purged_floors":[3],"is_endless":false,"potions_floor_spawned":[6,7,10,14],"killed_by":"Slime Boss","ascension_level":18}}