{"host":"3d7yvplr5ovcyppx","time":1613044553,"event":{"mods":["AchievementEnabler","BaseMod","Hermit","Jorbs\u0027s Wanderer Trilogy","Minty Spire (QoL Compilation)","Quick Restart","Somnambulant","StSLib","The Cursed","The Disciple","The Servant 0.9.4"],"gold_per_floor":[118,133,144,319,319,351,351,362,362,392,403,433,447,447,447,552,552,563,613,290,304,316,345,345,345,345],"floor_reached":25,"language":"ENG","playtime":1721,"items_purged":[],"score":255,"play_id":"c55add01-f8e1-4a08-b2ad-332779bec98e","local_time":"20210211172553","is_ascension_mode":true,"campfire_choices":[{"data":"Static Discharge","floor":7,"key":"SMITH"},{"floor":15,"key":"REST"},{"floor":24,"key":"REST"}],"circlet_count":0,"master_deck":["Strike_B","Strike_B","Strike_B","Strike_B","Defend_B","Defend_B","Defend_B","Defend_B","Zap","Dualcast","Chill","Static Discharge+1","Cold Snap","Redo","Doubt","Tempest","Conserve Battery","Thunder Strike","Redo","Storm","Static Discharge","Amplify","Sunder","Storm","Tempest","Ball Lightning+1","Streamline"],"relics":["Cracked Core","Pear","HornCleat","Kunai","Girya","Letter Opener","Inserter","Mercury Hourglass","Sundial"],"acts_visited":["Exordium","TheCity"],"potions_floor_usage":[6,18,18,21,23],"damage_taken":[{"damage":4,"enemies":"2 Louse","floor":1,"turns":3},{"damage":2,"enemies":"Small Slimes","floor":2,"turns":4},{"damage":0,"enemies":"Cultist","floor":3,"turns":3},{"damage":10,"enemies":"Gremlin Nob","floor":6,"turns":4},{"damage":14,"enemies":"Exordium Thugs","floor":8,"turns":4},{"damage":11,"enemies":"Lagavulin","floor":10,"turns":5},{"damage":3,"enemies":"Red Slaver","floor":11,"turns":3},{"damage":10,"enemies":"Gremlin Nob","floor":12,"turns":4},{"damage":5,"enemies":"Looter","floor":13,"turns":3},{"damage":12,"enemies":"Hexaghost","floor":16,"turns":8},{"damage":9,"enemies":"2 Thieves","floor":18,"turns":5},{"damage":4,"enemies":"3 Byrds","floor":21,"turns":4},{"damage":19,"enemies":"Centurion and Healer","floor":22,"turns":5},{"damage":32,"enemies":"Book of Stabbing","floor":23,"turns":4},{"damage":46,"enemies":"Gremlin Leader","floor":25,"turns":4}],"seed_played":"6536165074459958534","potions_obtained":[{"floor":2,"key":"BlessingOfTheForge"},{"floor":12,"key":"Dexterity Potion"},{"floor":13,"key":"Weak Potion"},{"floor":18,"key":"SkillPotion"},{"floor":22,"key":"FocusPotion"}],"is_trial":false,"path_per_floor":["M","M","M","?","?","E","R","M","T","E","M","E","M","?","R","B",null,"M","?","$","M","M","E","R","E"],"character_chosen":"DEFECT","items_purchased":["Mercury Hourglass","Storm"],"campfire_rested":2,"item_purchase_floors":[20,20],"current_hp_per_floor":[71,69,69,69,61,51,51,37,37,26,23,13,8,8,33,21,85,76,76,76,72,53,21,46,0,0],"gold":345,"neow_bonus":"THREE_CARDS","is_daily":false,"chose_seed":false,"campfire_upgraded":1,"win_rate":0.0,"timestamp":1613044553,"path_taken":["M","M","M","?","?","E","R","M","T","E","M","E","M","?","R","BOSS","M","?","?","M","M","E","R","E"],"items_purchased_type":["Relic","Card"],"build_version":"2020-12-22","purchased_purges":0,"victory":false,"max_hp_per_floor":[75,75,75,75,85,85,85,85,85,85,85,85,85,85,85,85,85,85,85,85,85,85,85,85,85,85],"card_choices":[{"not_picked":["Conserve Battery","Cold Snap"],"picked":"Chill","floor":0},{"not_picked":["Rebound","Redo"],"picked":"Static Discharge","floor":1},{"not_picked":["Reinforced Body","Stack"],"picked":"Cold Snap","floor":2},{"not_picked":["Streamline","Cold Snap"],"picked":"Redo","floor":3},{"not_picked":["Heatsinks","Steam"],"picked":"Tempest","floor":6},{"not_picked":["Turbo","Recycle"],"picked":"Conserve Battery","floor":8},{"not_picked":["Force Field","Static Discharge"],"picked":"Thunder Strike","floor":10},{"not_picked":["Double Energy","Steam"],"picked":"Redo","floor":11},{"not_picked":["Steam Power","Compile Driver"],"picked":"Storm","floor":12},{"not_picked":["Consume","Chill"],"picked":"Rebound","floor":13},{"not_picked":["Multi-Cast","Buffer"],"picked":"Amplify","floor":16},{"not_picked":["Go for the Eyes","Leap"],"picked":"Sunder","floor":18},{"not_picked":["Turbo","Steam"],"picked":"Tempest","floor":21},{"not_picked":["Cold Snap","Gash"],"picked":"Ball Lightning+1","floor":22},{"not_picked":["Reinforced Body","Steam"],"picked":"Streamline","floor":23}],"player_experience":12422,"relics_obtained":[{"floor":6,"key":"HornCleat"},{"floor":9,"key":"Kunai"},{"floor":10,"key":"Girya"},{"floor":12,"key":"Letter Opener"},{"floor":23,"key":"Sundial"}],"event_choices":[{"damage_healed":0,"gold_gain":175,"player_choice":"AGREE","damage_taken":0,"max_hp_gain":0,"max_hp_loss":0,"event_name":"Liars Game","floor":4,"gold_loss":0,"cards_obtained":["Doubt"]},{"damage_healed":0,"gold_gain":0,"player_choice":"Success","damage_taken":18,"relics_obtained":["Pear"],"max_hp_gain":0,"max_hp_loss":0,"event_name":"Scrap Ooze","floor":5,"gold_loss":0},{"damage_healed":0,"gold_gain":0,"cards_transformed":["Rebound"],"player_choice":"Transformed","damage_taken":0,"max_hp_gain":0,"max_hp_loss":0,"event_name":"Transmorgrifier","floor":14,"gold_loss":0,"cards_obtained":["Static Discharge"]},{"damage_healed":0,"gold_gain":100,"player_choice":"Bet on Murderer","damage_taken":0,"max_hp_gain":0,"max_hp_loss":0,"event_name":"The Joust","floor":19,"gold_loss":50}],"is_beta":false,"boss_relics":[{"not_picked":["Philosopher\u0027s Stone","Snecko Eye"],"picked":"Inserter"}],"items_purged_floors":[],"is_endless":false,"potions_floor_spawned":[2,12,13,18,22],"killed_by":"Gremlin Leader","ascension_level":1}}