{"host":"zsnmfqgcm92hlreo","time":1613026787,"event":{"mods":["AchievementEnabler","BaseMod","Bestiary","Block Reminder","Colored Map","Colored Powertips","Filter the Spire","Minty Spire (QoL Compilation)","Permanent Neow","Quick Restart","Relic Stats","StSLib","Weighted Paths"],"gold_per_floor":[109,126,146,11,11,11,42,59,59,59,69,88,106,106,106],"floor_reached":14,"language":"ENG","playtime":438,"items_purged":[],"score":238,"play_id":"1bfae31b-337d-49e4-bcbd-3f9f5343910f","local_time":"20210211005947","is_ascension_mode":true,"campfire_choices":[{"data":"Chaos","floor":6,"key":"SMITH"},{"data":"Loop","floor":10,"key":"SMITH"}],"circlet_count":0,"master_deck":["AscendersBane","Zap","Dualcast","Cold Snap","Barrage","Streamline","Biased Cognition","Beam Cell","Capacitor","Chaos+1","Rebound","FTL","Consume","Ball Lightning","Coolheaded","Loop+1","Pain","Self Repair","Conserve Battery","Double Energy","Conserve Battery","Coolheaded"],"relics":["Pandora\u0027s Box","WarpedTongs","Akabeko","Gremlin Horn"],"acts_visited":["Exordium"],"potions_floor_usage":[14],"damage_taken":[{"damage":0,"enemies":"Cultist","floor":1,"turns":3},{"damage":7,"enemies":"2 Louse","floor":2,"turns":2},{"damage":6,"enemies":"Small Slimes","floor":3,"turns":3},{"damage":5,"enemies":"Lagavulin","floor":7,"turns":5},{"damage":1,"enemies":"Blue Slaver","floor":8,"turns":2},{"damage":9,"enemies":"3 Louse","floor":11,"turns":2},{"damage":12,"enemies":"2 Fungi Beasts","floor":12,"turns":2},{"damage":0,"enemies":"Exordium Wildlife","floor":13,"turns":2},{"damage":39,"enemies":"Gremlin Nob","floor":14,"turns":3}],"seed_played":"-7991883189476455755","potions_obtained":[{"floor":2,"key":"Explosive Potion"},{"floor":3,"key":"FearPotion"}],"is_trial":false,"path_per_floor":["M","M","M","$","?","R","E","M","T","R","M","M","M","E"],"character_chosen":"DEFECT","items_purchased":["Coolheaded","Loop"],"campfire_rested":0,"item_purchase_floors":[4,4],"current_hp_per_floor":[64,57,51,51,51,51,46,52,52,52,43,31,38,0,0],"gold":106,"neow_bonus":"BOSS_RELIC","is_daily":false,"chose_seed":false,"campfire_upgraded":2,"win_rate":0.0,"timestamp":1613026787,"path_taken":["M","M","M","?","?","R","E","M","T","R","M","M","?","E"],"items_purchased_type":["Card","Card"],"build_version":"2020-12-22","purchased_purges":0,"victory":false,"max_hp_per_floor":[71,71,71,71,71,71,71,71,71,71,71,71,71,71,71],"relic_stats":{"Gremlin Horn":[4,4],"counters":[9,24],"Pandora\u0027s Box":["Cold Snap","Barrage","Streamline","Biased Cognition","Beam Cell","Capacitor","Chaos","Rebound"],"obtain_stats":[{"Gremlin Horn":9,"Pandora\u0027s Box":0,"Cracked Core":0,"Akabeko":7,"WarpedTongs":5},{"Gremlin Horn":5,"Pandora\u0027s Box":0,"Cracked Core":0,"Akabeko":4,"WarpedTongs":3},{"Gremlin Horn":15,"Pandora\u0027s Box":0,"Cracked Core":0,"Akabeko":13,"WarpedTongs":8}],"WarpedTongs":[16]},"card_choices":[{"not_picked":["Turbo","Chaos"],"picked":"FTL","floor":1},{"not_picked":["Rebound","Go for the Eyes"],"picked":"Consume","floor":2},{"not_picked":["Leap","Go for the Eyes"],"picked":"Ball Lightning","floor":3},{"not_picked":["Undo","Ball Lightning"],"picked":"Self Repair","floor":7},{"not_picked":["Streamline","Chaos"],"picked":"Conserve Battery","floor":8},{"not_picked":["Skim","Consume"],"picked":"Double Energy","floor":11},{"not_picked":["FTL","Tempest"],"picked":"Conserve Battery","floor":12},{"not_picked":["Cold Snap","Steam"],"picked":"Coolheaded","floor":13}],"player_experience":1087268,"relics_obtained":[{"floor":7,"key":"Akabeko"},{"floor":9,"key":"Gremlin Horn"}],"event_choices":[{"damage_healed":0,"gold_gain":0,"player_choice":"Rummage","damage_taken":0,"relics_obtained":["WarpedTongs"],"max_hp_gain":0,"max_hp_loss":0,"event_name":"Accursed Blacksmith","floor":5,"gold_loss":0,"cards_obtained":["Pain"]}],"is_beta":false,"boss_relics":[],"items_purged_floors":[],"is_endless":false,"potions_floor_spawned":[2,3,12],"killed_by":"Gremlin Nob","ascension_level":20}}