{"host":"2wfkxmfk74kgfdwc","time":1613032408,"event":{"mods":["BaseMod","Bossed Relics","Colored Map","Colored Powertips","Minty Spire (QoL Compilation)","Permanent Neow","Quick Restart","Relic Filter Mod","Relic Stats","Reliquary","Spire Arcade","StSLib","óô»ðÖ¸ÄÏ"],"gold_per_floor":[117,117,117,131,152,152,190,46,46,61,61,77,91,115,115,246,246,259,275,275,290,313,313,313,313],"floor_reached":24,"language":"ZHS","playtime":908,"items_purged":[],"score":202,"play_id":"1de7d604-57e4-4f8f-937e-5bb4bcd88822","local_time":"20210211163328","is_ascension_mode":false,"campfire_choices":[{"data":"Darkness","floor":6,"key":"SMITH"},{"floor":11,"key":"REST"},{"floor":15,"key":"REST"},{"data":"Creative AI","floor":23,"key":"SMITH"}],"circlet_count":0,"master_deck":["Strike_B","Strike_B","Strike_B","Strike_B","Defend_B","Defend_B","Defend_B","Defend_B","Zap","Dualcast","Darkness+1","Cold Snap","Force Field","Creative AI+1","Cold Snap","Chaos","Machine Learning"],"relics":["Cracked Core","Bird Faced Urn","Gremlin Horn","Golden Idol","Pen Nib","Pear","Black Star"],"acts_visited":["Exordium","TheCity"],"potions_floor_usage":[13,16,16],"damage_taken":[{"damage":6,"enemies":"Jaw Worm","floor":1,"turns":3},{"damage":5,"enemies":"Small Slimes","floor":4,"turns":3},{"damage":0,"enemies":"2 Louse","floor":5,"turns":2},{"damage":36,"enemies":"Gremlin Nob","floor":7,"turns":5},{"damage":0,"enemies":"Blue Slaver","floor":10,"turns":4},{"damage":18,"enemies":"Exordium Thugs","floor":12,"turns":4},{"damage":0,"enemies":"3 Louse","floor":13,"turns":3},{"damage":16,"enemies":"Looter","floor":14,"turns":4},{"damage":14,"enemies":"Slime Boss","floor":16,"turns":8},{"damage":14,"enemies":"Shell Parasite","floor":18,"turns":7},{"damage":11,"enemies":"Chosen","floor":19,"turns":5},{"damage":23,"enemies":"Centurion and Healer","floor":21,"turns":10},{"damage":45,"enemies":"Shelled Parasite and Fungi","floor":22,"turns":14},{"damage":64,"enemies":"Book of Stabbing","floor":24,"turns":7}],"seed_played":"-7579880291425417889","potions_obtained":[{"floor":4,"key":"Energy Potion"},{"floor":5,"key":"DistilledChaos"},{"floor":7,"key":"GamblersBrew"},{"floor":14,"key":"DistilledChaos"},{"floor":16,"key":"Fire Potion"},{"floor":19,"key":"GamblersBrew"}],"is_trial":false,"path_per_floor":["M","?","?","M","M","R","E","$","T","M","R","M","M","M","R","B",null,"M","M","?","M","M","R","E"],"character_chosen":"DEFECT","items_purchased":["Creative AI"],"campfire_rested":2,"item_purchase_floors":[8],"current_hp_per_floor":[48,45,45,40,40,40,4,4,14,14,37,19,19,7,30,32,79,75,66,66,59,52,52,0,0],"gold":313,"neow_bonus":"ONE_RARE_RELIC","is_daily":false,"chose_seed":false,"campfire_upgraded":2,"win_rate":0.0,"timestamp":1613032408,"path_taken":["M","?","?","M","M","R","E","?","T","M","R","M","M","M","R","BOSS","M","M","?","M","M","R","E"],"items_purchased_type":["Card"],"build_version":"2020-12-22","purchased_purges":0,"victory":false,"max_hp_per_floor":[75,75,69,69,69,69,69,69,79,79,79,79,79,79,79,79,79,79,79,79,79,79,79,79,79],"relic_stats":{"Gremlin Horn":[7,7],"counters":[14,79],"Golden Idol":69,"Bird Faced Urn":[98],"Pen Nib":[6],"Black Star":0,"obtain_stats":[{"Pear":9,"Gremlin Horn":2,"Golden Idol":3,"Bird Faced Urn":0,"Pen Nib":7,"Black Star":17,"Cracked Core":0},{"Pear":4,"Gremlin Horn":1,"Golden Idol":1,"Bird Faced Urn":0,"Pen Nib":4,"Black Star":9,"Cracked Core":0},{"Pear":13,"Gremlin Horn":3,"Golden Idol":3,"Bird Faced Urn":0,"Pen Nib":13,"Black Star":36,"Cracked Core":0}]},"card_choices":[{"not_picked":["Steam","Stack"],"picked":"Darkness","floor":1},{"not_picked":["Redo","Leap"],"picked":"Cold Snap","floor":4},{"not_picked":["Leap","Steam Power"],"picked":"Force Field","floor":5},{"not_picked":["Force Field","Stack","Chill"],"picked":"SKIP","floor":7},{"not_picked":["Sweeping Beam","Hello World"],"picked":"Cold Snap","floor":10},{"not_picked":["Steam","Streamline"],"picked":"Chaos","floor":12},{"not_picked":["Reinforced Body","Cold Snap","Streamline"],"picked":"SKIP","floor":13},{"not_picked":["Steam","BootSequence","Lockon"],"picked":"SKIP","floor":14},{"not_picked":["All For One","Reboot"],"picked":"Machine Learning","floor":16},{"not_picked":["Hello World","Stack","Cold Snap"],"picked":"SKIP","floor":18},{"not_picked":["Ball Lightning","Go for the Eyes+1","Coolheaded"],"picked":"SKIP","floor":19},{"not_picked":["Consume","Ball Lightning","Stack"],"picked":"SKIP","floor":21},{"not_picked":["Glacier","Leap","Defragment"],"picked":"SKIP","floor":22}],"player_experience":25271,"relics_obtained":[{"floor":7,"key":"Pen Nib"},{"floor":9,"key":"Pear"}],"event_choices":[{"damage_healed":0,"gold_gain":0,"player_choice":"Success","damage_taken":3,"relics_obtained":["Gremlin Horn"],"max_hp_gain":0,"max_hp_loss":0,"event_name":"Scrap Ooze","floor":2,"gold_loss":0},{"damage_healed":0,"gold_gain":0,"player_choice":"Lose Max HP","damage_taken":0,"relics_obtained":["Golden Idol"],"max_hp_gain":0,"max_hp_loss":6,"event_name":"Golden Idol","floor":3,"gold_loss":0},{"damage_healed":0,"gold_gain":0,"player_choice":"Ignored","damage_taken":0,"max_hp_gain":0,"max_hp_loss":0,"event_name":"Ghosts","floor":20,"gold_loss":0}],"is_beta":false,"boss_relics":[{"not_picked":["Fusion Hammer","Philosopher\u0027s Stone"],"picked":"Black Star"}],"items_purged_floors":[],"is_endless":false,"potions_floor_spawned":[4,5,7,14,16,19,22],"killed_by":"Book of Stabbing","ascension_level":0}}