{"host":"8is2j71l4wmybkoi","time":1613048753,"event":{"mods":["AchievementEnabler","BaseMod","Colored Map","Minty Spire (QoL Compilation)","Rare Cards Sparkle","StSLib","SuperFastMode"],"gold_per_floor":[118,130,145,160,170,196,271,271,271,285,210,227,227,227,227,317,317,335,250,250,21,21,21,44,44,118,118,152,152,152,152,152],"floor_reached":31,"language":"KOR","playtime":956,"items_purged":["Writhe"],"score":490,"play_id":"79d0df17-6a5e-4301-b7a1-979695ce3e4d","local_time":"20210211220553","is_ascension_mode":true,"campfire_choices":[{"data":"Well Laid Plans","floor":13.0,"key":"SMITH"},{"floor":15.0,"key":"REST"},{"data":"Blade Dance","floor":23,"key":"SMITH"},{"data":"Tactician","floor":25,"key":"SMITH"},{"data":"Cloak And Dagger","floor":27,"key":"SMITH"},{"data":"Phantasmal Killer","floor":30,"key":"SMITH"}],"circlet_count":0,"master_deck":["AscendersBane","Survivor","Neutralize","Escape Plan","Flying Knee","Blade Dance+1","Dash","Die Die Die","Well Laid Plans+1","Leg Sweep","Cloak And Dagger+1","Envenom+1","Burst","Bane","Poisoned Stab","Tactician+1","Backstab","Escape Plan","Finisher","Bouncing Flask","Phantasmal Killer+1","Blur","Setup"],"relics":["Ring of the Snake","Whetstone","Frozen Egg 2","Golden Idol","Pandora\u0027s Box","Boot","Prayer Wheel","Meat on the Bone","Kunai"],"acts_visited":["Exordium","TheCity"],"potions_floor_usage":[16,24,28,28],"damage_taken":[{"damage":3.0,"enemies":"2 Louse","floor":1.0,"turns":3.0},{"damage":0.0,"enemies":"Small Slimes","floor":2.0,"turns":3.0},{"damage":0.0,"enemies":"Jaw Worm","floor":3.0,"turns":3.0},{"damage":1.0,"enemies":"Blue Slaver","floor":4.0,"turns":4.0},{"damage":1.0,"enemies":"2 Fungi Beasts","floor":5.0,"turns":3.0},{"damage":26.0,"enemies":"Gremlin Nob","floor":6.0,"turns":4.0},{"damage":0.0,"enemies":"Large Slime","floor":8.0,"turns":1.0},{"damage":0.0,"enemies":"Gremlin Gang","floor":10.0,"turns":1.0},{"damage":0.0,"enemies":"Looter","floor":12.0,"turns":2.0},{"damage":14,"enemies":"Slime Boss","floor":16,"turns":13},{"damage":13,"enemies":"Shell Parasite","floor":18,"turns":5},{"damage":0,"enemies":"Spheric Guardian","floor":24,"turns":3},{"damage":0,"enemies":"Slavers","floor":28,"turns":4},{"damage":50,"enemies":"Book of Stabbing","floor":31,"turns":6}],"seed_played":"3241274329767310615","potions_obtained":[{"floor":2.0,"key":"SmokeBomb"},{"floor":5.0,"key":"Strength Potion"},{"floor":10.0,"key":"Block Potion"},{"floor":22,"key":"GhostInAJar"},{"floor":24,"key":"Strength Potion"}],"is_trial":false,"path_per_floor":["M","M","M","M","M","E","?","M","T","M","?","M","R","?","R","B",null,"M","?","?","$","?","R","M","R","T","R","E","?","R","E"],"character_chosen":"THE_SILENT","items_purchased":["Finisher","Regen Potion"],"campfire_rested":1,"item_purchase_floors":[21,21],"current_hp_per_floor":[56,56,56,55,54,28,17,17,17,17,17,17,17,17,35,21,50,37,37,37,37,37,37,46,46,46,46,46,46,46,0,0],"gold":152,"neow_bonus":"TRANSFORM_CARD","is_daily":false,"chose_seed":false,"campfire_upgraded":5,"win_rate":0.0,"timestamp":1613048753,"path_taken":["M","M","M","M","M","E","?","M","T","M","?","M","R","?","R","BOSS","M","?","?","$","?","R","?","R","T","R","E","?","R","E"],"items_purchased_type":["Card","Potion"],"build_version":"2020-12-22","purchased_purges":1,"victory":false,"max_hp_per_floor":[66,66,66,66,66,66,66,66,66,66,66,66,66,60,60,60,60,60,60,60,60,60,60,60,60,60,60,60,60,60,60,60],"card_choices":[{"not_picked":["Prepared","Calculated Gamble"],"picked":"Flying Knee","floor":1.0},{"not_picked":["Blur","Quick Slash"],"picked":"Blade Dance","floor":2.0},{"not_picked":["Calculated Gamble","Deadly Poison"],"picked":"Dash","floor":3.0},{"not_picked":["Outmaneuver","Catalyst","Flying Knee"],"picked":"SKIP","floor":4.0},{"not_picked":["Outmaneuver","Catalyst","Flying Knee"],"picked":"SKIP","floor":4.0},{"not_picked":["Bane","Blade Dance"],"picked":"Die Die Die","floor":5.0},{"not_picked":["Skewer","Flying Knee"],"picked":"Well Laid Plans","floor":6.0},{"not_picked":["Quick Slash","Flechettes"],"picked":"Leg Sweep","floor":10.0},{"not_picked":["All Out Attack","Catalyst"],"picked":"Cloak And Dagger","floor":12.0},{"not_picked":["Venomology","Burst"],"picked":"Envenom+1","floor":16},{"not_picked":["Dodge and Roll","Heel Hook","Quick Slash"],"picked":"SKIP","floor":18},{"not_picked":["Slice","Distraction"],"picked":"Bouncing Flask","floor":24},{"not_picked":["Dodge and Roll","Leg Sweep","Dagger Spray"],"picked":"SKIP","floor":24},{"not_picked":["PiercingWail+1","Poisoned Stab+1"],"picked":"Phantasmal Killer","floor":28}],"player_experience":1143980,"relics_obtained":[{"floor":6.0,"key":"Whetstone"},{"floor":9.0,"key":"Frozen Egg 2"},{"floor":26,"key":"Meat on the Bone"},{"floor":28,"key":"Kunai"}],"event_choices":[{"damage_healed":0.0,"max_hp_gain":0.0,"max_hp_loss":0.0,"gold_gain":75.0,"event_name":"World of Goop","player_choice":"Gather Gold","floor":7.0,"gold_loss":0.0,"damage_taken":11.0},{"cards_removed":["Strike_G"],"damage_healed":0.0,"max_hp_gain":0.0,"max_hp_loss":0.0,"gold_gain":0.0,"event_name":"The Cleric","player_choice":"Card Removal","floor":11.0,"gold_loss":75.0,"damage_taken":0.0},{"damage_healed":0.0,"max_hp_gain":0.0,"max_hp_loss":6.0,"gold_gain":0.0,"event_name":"Golden Idol","player_choice":"Lose Max HP","floor":14.0,"gold_loss":0.0,"damage_taken":0.0,"relics_obtained":["Golden Idol"]},{"damage_healed":0,"gold_gain":0,"player_choice":"Obtained Relic","damage_taken":0,"relics_obtained":["Boot"],"max_hp_gain":0,"max_hp_loss":0,"event_name":"Addict","floor":19,"gold_loss":85},{"damage_healed":0,"gold_gain":0,"player_choice":"Opened","damage_taken":0,"relics_obtained":["Prayer Wheel"],"max_hp_gain":0,"max_hp_loss":0,"event_name":"The Mausoleum","floor":20,"gold_loss":0,"cards_obtained":["Writhe"]},{"damage_healed":0,"gold_gain":0,"player_choice":"Got Potions","damage_taken":0,"max_hp_gain":0,"max_hp_loss":0,"event_name":"Lab","floor":22,"gold_loss":0},{"damage_healed":0,"gold_gain":0,"cards_transformed":["Burst","All Out Attack"],"player_choice":"Became Test Subject","damage_taken":0,"max_hp_gain":0,"max_hp_loss":0,"event_name":"Drug Dealer","floor":29,"gold_loss":0,"cards_obtained":["Blur","Setup"]}],"is_beta":false,"boss_relics":[{"not_picked":["SlaversCollar","Fusion Hammer"],"picked":"Pandora\u0027s Box"}],"items_purged_floors":[21],"is_endless":false,"potions_floor_spawned":[2,5,8,10,24],"killed_by":"Book of Stabbing","ascension_level":15}}