{"host":"06e3yyzgn8o619wl","time":1613049756,"event":{"mods":["BaseMod","Block Reminder","Colored Map","Colored Powertips","DeckTracker","Minty Spire (QoL Compilation)","Permanent Neow","Relic Stats","StSLib"],"gold_per_floor":[117,127,138,148,168,195,145,176,176,176,101,112,112,112,112,235,235,254,169,69,82,126,166,12,45,100,138,138,152,195,220,220,346,346,367,382,106,129,143,143,177,177,177,217,236,275,298,298,298,298,298,298,46,80,80],"floor_reached":56,"language":"JPN","playtime":4134,"items_purged":["Strike_R","Strike_R","Strike_R"],"score":1482,"play_id":"bce6064d-19aa-4dca-92ff-203a184cb1eb","local_time":"20210211222236","is_ascension_mode":true,"campfire_choices":[{"floor":10.0,"key":"REST"},{"data":"Rupture","floor":15.0,"key":"SMITH"},{"data":"Brutality","floor":32,"key":"SMITH"},{"data":"Shrug It Off","floor":40,"key":"SMITH"},{"floor":42,"key":"RECALL"},{"data":"Ghostly Armor","floor":49,"key":"SMITH"},{"data":"Carnage","floor":52,"key":"SMITH"}],"circlet_count":0,"master_deck":["Strike_R","Defend_R","Defend_R","Defend_R","Bash+1","Rupture+1","Disarm","Seeing Red","Carnage+1","Combust","Clothesline","Blood for Blood+1","Cleave","Shrug It Off+1","Ghostly Armor+1","Brutality+1","CurseOfTheBell","Shockwave+1","True Grit+1","Spot Weakness","Offering","Shrug It Off+1","Brutality","Armaments+1","Seeing Red+1","Brutality","Combust","Metallicize+1","Dark Shackles","Clothesline+1"],"relics":["Burning Blood","Eternal Feather","Dream Catcher","Bird Faced Urn","Golden Idol","Juzu Bracelet","Mummified Hand","Thread and Needle","TungstenRod","Red Mask","Torii","Red Skull","Blood Vial","Pen Nib","StoneCalendar","Nloth\u0027s Gift","Bottled Lightning","SlaversCollar","Bronze Scales","Letter Opener","Lantern","Bottled Tornado","Paper Frog","Happy Flower","Whetstone"],"acts_visited":["Exordium","TheCity","TheBeyond","TheEnding"],"potions_floor_usage":[27,44,55,55,55],"damage_taken":[{"damage":5.0,"enemies":"Cultist","floor":1.0,"turns":4.0},{"damage":8.0,"enemies":"Small Slimes","floor":2.0,"turns":4.0},{"damage":7.0,"enemies":"2 Louse","floor":3.0,"turns":3.0},{"damage":13.0,"enemies":"Looter","floor":4.0,"turns":4.0},{"damage":20.0,"enemies":"Red Slaver","floor":5.0,"turns":4.0},{"damage":30.0,"enemies":"3 Sentries","floor":6.0,"turns":6.0},{"damage":30.0,"enemies":"Gremlin Nob","floor":8.0,"turns":5.0},{"damage":9.0,"enemies":"Exordium Wildlife","floor":12.0,"turns":4.0},{"damage":33.0,"enemies":"Hexaghost","floor":16.0,"turns":11.0},{"damage":17,"enemies":"Spheric Guardian","floor":18,"turns":4},{"damage":0,"enemies":"3 Byrds","floor":21,"turns":6},{"damage":17,"enemies":"Masked Bandits","floor":22,"turns":5},{"damage":19,"enemies":"Gremlin Leader","floor":23,"turns":10},{"damage":0,"enemies":"Book of Stabbing","floor":25,"turns":8},{"damage":18,"enemies":"Gremlin Leader","floor":27,"turns":8},{"damage":6,"enemies":"Snake Plant","floor":29,"turns":4},{"damage":17,"enemies":"Slavers","floor":30,"turns":7},{"damage":15,"enemies":"Centurion and Healer","floor":31,"turns":5},{"damage":27,"enemies":"Champ","floor":33,"turns":11},{"damage":1,"enemies":"3 Shapes","floor":35,"turns":5},{"damage":7,"enemies":"Orb Walker","floor":36,"turns":5},{"damage":15,"enemies":"Transient","floor":38,"turns":5},{"damage":11,"enemies":"Maw","floor":39,"turns":7},{"damage":25,"enemies":"Nemesis","floor":41,"turns":7},{"damage":77,"enemies":"Reptomancer","floor":44,"turns":7},{"damage":3,"enemies":"Writhing Mass","floor":45,"turns":4},{"damage":15,"enemies":"Nemesis","floor":46,"turns":7},{"damage":7,"enemies":"Sphere and 2 Shapes","floor":47,"turns":5},{"damage":23,"enemies":"Time Eater","floor":50,"turns":11},{"damage":18,"enemies":"Shield and Spear","floor":54,"turns":5},{"damage":53,"enemies":"The Heart","floor":55,"turns":9}],"seed_played":"5241870303312112825","potions_obtained":[{"floor":3.0,"key":"SpeedPotion"},{"floor":5.0,"key":"SneckoOil"},{"floor":6.0,"key":"SkillPotion"},{"floor":16.0,"key":"Regen Potion"},{"floor":22,"key":"Energy Potion"},{"floor":29,"key":"LiquidBronze"},{"floor":38,"key":"Fruit Juice"},{"floor":44,"key":"SteroidPotion"},{"floor":45,"key":"Block Potion"},{"floor":47,"key":"LiquidBronze"}],"is_trial":false,"path_per_floor":["M","M","M","M","M","E","?","E","T","R","$","M","?","?","R","B",null,"M","?","$","M","?","E","$","E","T","E","?","M","E","M","R","B",null,"M","M","$","M","M","R","E","R","T","E","M","E","M","T","R","B",null,"R","$","E","B",null],"character_chosen":"IRONCLAD","items_purchased":["Red Skull","Bronze Scales","Happy Flower","Dark Shackles"],"campfire_rested":1,"item_purchase_floors":[24,37,53,53],"current_hp_per_floor":[80,78,77,70,56,32,32,8,8,41,41,40,20,25,34,11,85,76,76,76,85,76,69,69,81,81,73,73,81,74,73,85,68,85,85,84,84,76,81,85,69,84,84,27,42,47,56,56,71,68,90,90,90,86,64],"gold":80,"neow_bonus":"TRANSFORM_CARD","is_daily":false,"chose_seed":false,"campfire_upgraded":5,"win_rate":0.0,"timestamp":1613049756,"path_taken":["M","M","M","M","M","E","?","E","T","R","$","M","?","?","R","BOSS","M","?","$","M","?","E","$","E","T","E","?","M","E","M","R","BOSS","M","M","$","M","M","R","E","R","T","E","M","E","M","?","R","BOSS","R","$","E","BOSS"],"items_purchased_type":["Relic","Relic","Relic","Card"],"build_version":"2020-12-22","purchased_purges":3,"victory":true,"max_hp_per_floor":[80,80,80,80,80,80,80,80,80,80,80,80,80,85,85,85,85,85,85,85,85,85,85,85,85,85,85,85,85,85,85,85,85,85,85,85,85,85,85,85,85,85,85,90,90,90,90,90,90,90,90,90,90,90,90],"relic_stats":{"Torii":144,"Happy Flower":[4],"counters":[31,190],"Golden Idol":212,"Eternal Feather":64,"StoneCalendar":[228],"Pen Nib":[13],"Juzu Bracelet":0,"Letter Opener":[116],"Whetstone":["Blood for Blood","Bash"],"Burning Blood":177,"Blood Vial":22,"Dream Catcher":1,"Mummified Hand":[110],"Bird Faced Urn":[125],"Bronze Scales":[274],"Nloth\u0027s Gift":4,"obtain_stats":[{"Lantern":44,"Torii":23,"StoneCalendar":27,"Juzu Bracelet":17,"Whetstone":54,"Bottled Tornado":46,"Burning Blood":0,"Blood Vial":25,"Dream Catcher":8,"Mummified Hand":17,"Red Mask":22,"Red Skull":24,"Paper Frog":48,"Happy Flower":53,"Golden Idol":13,"Eternal Feather":6,"Thread and Needle":17,"Pen Nib":26,"Letter Opener":41,"Calling Bell":17,"SlaversCollar":34,"Bird Faced Urn":9,"Bronze Scales":37,"Nloth\u0027s Gift":28,"Bottled Lightning":30,"TungstenRod":19},{"Lantern":25,"Torii":13,"StoneCalendar":15,"Juzu Bracelet":9,"Whetstone":30,"Bottled Tornado":27,"Burning Blood":0,"Blood Vial":14,"Dream Catcher":7,"Mummified Hand":9,"Red Mask":12,"Red Skull":13,"Paper Frog":28,"Happy Flower":29,"Golden Idol":8,"Eternal Feather":6,"Thread and Needle":9,"Pen Nib":14,"Letter Opener":24,"Calling Bell":9,"SlaversCollar":19,"Bird Faced Urn":7,"Bronze Scales":21,"Nloth\u0027s Gift":15,"Bottled Lightning":17,"TungstenRod":10},{"Lantern":149,"Torii":70,"StoneCalendar":86,"Juzu Bracelet":45,"Whetstone":181,"Bottled Tornado":160,"Burning Blood":0,"Blood Vial":78,"Dream Catcher":30,"Mummified Hand":45,"Red Mask":60,"Red Skull":70,"Paper Frog":165,"Happy Flower":176,"Golden Idol":34,"Eternal Feather":25,"Thread and Needle":45,"Pen Nib":78,"Letter Opener":142,"Calling Bell":45,"SlaversCollar":113,"Bird Faced Urn":30,"Bronze Scales":123,"Nloth\u0027s Gift":86,"Bottled Lightning":97,"TungstenRod":49}],"TungstenRod":327},"card_choices":[{"not_picked":["Flex","Power Through"],"picked":"Disarm","floor":1.0},{"not_picked":["Pommel Strike","Sword Boomerang"],"picked":"Seeing Red","floor":2.0},{"not_picked":["Clash","Perfected Strike"],"picked":"Carnage","floor":3.0},{"not_picked":["Clothesline","Uppercut"],"picked":"Combust","floor":4.0},{"not_picked":["Intimidate","Rage"],"picked":"Clothesline","floor":5.0},{"not_picked":["Barricade","Clothesline"],"picked":"Blood for Blood","floor":6.0},{"not_picked":["Inflame","Searing Blow"],"picked":"Cleave","floor":8.0},{"not_picked":["Carnage","Disarm"],"picked":"Shrug It Off","floor":10.0},{"not_picked":["Warcry","Rage"],"picked":"Ghostly Armor","floor":12.0},{"not_picked":["Berserk","Impervious"],"picked":"Brutality","floor":16.0},{"not_picked":["Flex+1","Shrug It Off"],"picked":"Shockwave+1","floor":18},{"not_picked":["Pommel Strike","Iron Wave+1","Twin Strike"],"picked":"SKIP","floor":21},{"not_picked":["Thunderclap","Clash"],"picked":"True Grit+1","floor":22},{"not_picked":["Searing Blow","Rage","Iron Wave"],"picked":"SKIP","floor":23},{"not_picked":["Rampage","Reckless Charge+1"],"picked":"Spot Weakness","floor":25},{"not_picked":["Armaments","Sever Soul","Double Tap"],"picked":"SKIP","floor":27},{"not_picked":["Headbutt","Heavy Blade+1","Pummel+1"],"picked":"SKIP","floor":29},{"not_picked":["Berserk","Headbutt"],"picked":"Offering","floor":30},{"not_picked":["Anger","Disarm"],"picked":"Shrug It Off+1","floor":31},{"not_picked":["Corruption","Offering"],"picked":"Brutality","floor":33},{"not_picked":["Anger","Warcry+1","Feel No Pain"],"picked":"SKIP","floor":35},{"not_picked":["Perfected Strike","Flex"],"picked":"Armaments+1","floor":36},{"not_picked":["Dark Embrace+1","Clothesline+1"],"picked":"Seeing Red+1","floor":38},{"not_picked":["Twin Strike+1","Thunderclap"],"picked":"Brutality","floor":39},{"not_picked":["Clash+1","Barricade","Cleave"],"picked":"SKIP","floor":41},{"not_picked":["Bludgeon","Flex+1","Carnage+1"],"picked":"SKIP","floor":44},{"not_picked":["Fire Breathing","Feel No Pain"],"picked":"Combust","floor":45},{"not_picked":["Hemokinesis","Juggernaut","Dropkick+1"],"picked":"SKIP","floor":46},{"not_picked":["Sword Boomerang","Dropkick+1"],"picked":"Metallicize+1","floor":47},{"not_picked":["Flame Barrier+1","Headbutt"],"picked":"Clothesline+1","floor":54}],"player_experience":184840,"relics_obtained":[{"floor":6.0,"key":"Eternal Feather"},{"floor":8.0,"key":"Dream Catcher"},{"floor":9.0,"key":"Bird Faced Urn"},{"floor":17,"key":"Juzu Bracelet"},{"floor":17,"key":"Mummified Hand"},{"floor":17,"key":"Thread and Needle"},{"floor":22,"key":"Red Mask"},{"floor":23,"key":"Torii"},{"floor":25,"key":"Blood Vial"},{"floor":26,"key":"Pen Nib"},{"floor":27,"key":"StoneCalendar"},{"floor":30,"key":"Bottled Lightning"},{"floor":41,"key":"Letter Opener"},{"floor":44,"key":"Lantern"},{"floor":46,"key":"Bottled Tornado"},{"floor":48,"key":"Paper Frog"},{"floor":54,"key":"Whetstone"}],"event_choices":[{"cards_removed":["Strike_R"],"damage_healed":0.0,"max_hp_gain":0.0,"max_hp_loss":0.0,"gold_gain":0.0,"event_name":"The Cleric","player_choice":"Card Removal","floor":7.0,"gold_loss":50.0,"damage_taken":0.0},{"damage_healed":0.0,"max_hp_gain":0.0,"max_hp_loss":0.0,"gold_gain":0.0,"event_name":"Golden Idol","player_choice":"Take Damage","floor":13.0,"gold_loss":0.0,"damage_taken":20.0,"relics_obtained":["Golden Idol"]},{"damage_healed":0.0,"max_hp_gain":5.0,"max_hp_loss":0.0,"gold_gain":0.0,"event_name":"Big Fish","player_choice":"Donut","floor":14.0,"gold_loss":0.0,"damage_taken":0.0},{"damage_healed":0,"gold_gain":0,"player_choice":"Obtained Relic","damage_taken":0,"relics_obtained":["TungstenRod"],"max_hp_gain":0,"max_hp_loss":0,"event_name":"Addict","floor":19,"gold_loss":85},{"damage_healed":0,"gold_gain":0,"player_choice":"Fought Bandits","damage_taken":0,"max_hp_gain":0,"max_hp_loss":0,"event_name":"Masked Bandits","floor":22,"gold_loss":0},{"damage_healed":0,"gold_gain":0,"player_choice":"Traded Relic","damage_taken":0,"relics_obtained":["Nloth\u0027s Gift"],"max_hp_gain":0,"max_hp_loss":0,"event_name":"N\u0027loth","floor":28,"relics_lost":["Calling Bell"],"gold_loss":0}],"is_beta":false,"boss_relics":[{"not_picked":["Runic Cube","SacredBark"],"picked":"Calling Bell"},{"not_picked":["Mark of Pain","Pandora\u0027s Box"],"picked":"SlaversCollar"}],"items_purged_floors":[11,20,37],"is_endless":false,"potions_floor_spawned":[3,5,6,16,22,23,29,30,38,44,45,47,54],"ascension_level":1}}