{"host":"74dg6ta44i9qan6e","time":1613061374,"event":{"mods":["Act Like it!","BaseMod","Clawfect","Downfall","Hubris","Infinite Spire","Marisa????????","Minty Spire (QoL Compilation)","Reimu??????","Relic Stats","Replay The Spire","StSLib","The Bug Knight","The Cursed","The Forsaken","The Hayseed","The Hierophant","The Juggle","The Runesmith","The Servant 0.9.4","The Witch","TheBandit","Waifu the Spire"],"gold_per_floor":[116,116,81,128,143,143,143,143],"floor_reached":7,"language":"ENG","playtime":316,"items_purged":[],"score":43,"play_id":"935323e5-e60a-44b4-8c47-bee98d62cc41","local_time":"20210211113614","is_ascension_mode":true,"campfire_choices":[{"data":"MoonPhase","floor":6,"key":"SMITH"}],"circlet_count":0,"master_deck":["Strike_S","Strike_S","Strike_S","Defend_S","Defend_S","Defend_S","KidneyShot","Exchange","Alleviate","MoonPhase+1"],"relics":["Uniform","Replay:Wax Seal","Pen Nib"],"acts_visited":["Exordium"],"potions_floor_usage":[],"damage_taken":[{"damage":7,"enemies":"Small Slimes","floor":1,"turns":4},{"damage":0,"enemies":"Jaw Worm","floor":5,"turns":5},{"damage":49,"enemies":"Lagavulin","floor":7,"turns":9}],"seed_played":"3556321914312535918","potions_obtained":[{"floor":1,"key":"Reflective Coating"}],"is_trial":false,"path_per_floor":["M","?","?","T","M","R","E"],"character_chosen":"THE_SERVANT","items_purchased":[],"campfire_rested":0,"item_purchase_floors":[],"current_hp_per_floor":[40,33,49,49,49,49,0,0],"gold":143,"neow_bonus":"REMOVE_TWO","is_daily":false,"chose_seed":false,"campfire_upgraded":1,"win_rate":0.0,"timestamp":1613061374,"path_taken":["M","?","?","?","?","R","E"],"items_purchased_type":[],"build_version":"2020-12-22","purchased_purges":0,"victory":false,"max_hp_per_floor":[65,65,65,65,65,65,65,65],"relic_stats":{"counters":[3,18],"Pen Nib":[2],"obtain_stats":[{"Pen Nib":4,"Uniform":0,"Replay:Wax Seal":2},{"Pen Nib":1,"Uniform":0,"Replay:Wax Seal":1},{"Pen Nib":4,"Uniform":0,"Replay:Wax Seal":4}]},"card_choices":[{"not_picked":["Deadline","Defy"],"picked":"Alleviate","floor":1},{"not_picked":["RealityMarble","ShatteredReality"],"picked":"MoonPhase","floor":5}],"player_experience":752349,"relics_obtained":[{"floor":4,"key":"Pen Nib"}],"event_choices":[{"damage_healed":0,"gold_gain":0,"player_choice":"Success","damage_taken":7,"relics_obtained":["Replay:Wax Seal"],"max_hp_gain":0,"max_hp_loss":0,"event_name":"Scrap Ooze","floor":2,"gold_loss":0},{"damage_healed":16,"gold_gain":0,"player_choice":"Healed","damage_taken":0,"max_hp_gain":0,"max_hp_loss":0,"event_name":"The Cleric","floor":3,"gold_loss":35}],"is_beta":false,"boss_relics":[],"items_purged_floors":[],"is_endless":false,"potions_floor_spawned":[1],"killed_by":"Lagavulin","ascension_level":2}}