{"host":"jlz4is0nf6zo9oab","time":1613047274,"event":{"mods":["AchievementEnabler","BaseMod","Colored Map","Colored Powertips","Highlight Path","Minty Spire (QoL Compilation)","StSLib"],"gold_per_floor":[210,210,160,47,11,11,11,11,11,11,36,46,77,77,77,77,77],"floor_reached":16,"language":"SPA","playtime":9770,"items_purged":["Defend_B"],"score":166,"play_id":"8f33e232-fbbc-4c6c-ac24-8a26131f7fde","local_time":"20210211134114","is_ascension_mode":true,"campfire_choices":[{"data":"Dualcast","floor":6,"key":"SMITH"},{"data":"Capacitor","floor":8,"key":"SMITH"},{"data":"Ball Lightning","floor":10,"key":"SMITH"},{"floor":15,"key":"REST"}],"circlet_count":0,"master_deck":["AscendersBane","Strike_B","Strike_B","Strike_B","Defend_B","Defend_B","Defend_B","Zap","Dualcast+1","Ball Lightning+1","Capacitor+1","Streamline","Lockon"],"relics":["Cracked Core","Kunai","Blood Vial","Akabeko","Question Card"],"acts_visited":["Exordium"],"potions_floor_usage":[16],"damage_taken":[{"damage":3,"enemies":"Small Slimes","floor":1,"turns":4},{"damage":32,"enemies":"Gremlin Nob","floor":11,"turns":4},{"damage":0,"enemies":"2 Louse","floor":12,"turns":2},{"damage":34,"enemies":"Lagavulin","floor":13,"turns":4},{"damage":34,"enemies":"Hexaghost","floor":16,"turns":7}],"seed_played":"7157757974410487907","potions_obtained":[{"floor":13,"key":"Strength Potion"}],"is_trial":false,"path_per_floor":["M","?","?","$","?","R","?","R","T","R","E","M","E","T","R","B"],"character_chosen":"DEFECT","items_purchased":["Capacitor"],"campfire_rested":1,"item_purchase_floors":[4],"current_hp_per_floor":[65,70,70,70,70,70,70,70,70,70,38,40,8,8,32,0,0],"gold":77,"neow_bonus":"HUNDRED_GOLD","is_daily":false,"chose_seed":false,"campfire_upgraded":3,"win_rate":0.0,"timestamp":1613047274,"path_taken":["M","?","?","$","?","R","?","R","T","R","E","M","E","?","R","BOSS"],"items_purchased_type":["Card"],"build_version":"2020-12-22","purchased_purges":1,"victory":false,"max_hp_per_floor":[75,80,80,80,80,80,80,80,80,80,80,80,80,80,80,80,80],"card_choices":[{"not_picked":["Conserve Battery","Gash"],"picked":"Ball Lightning","floor":1},{"not_picked":["Sweeping Beam","Force Field"],"picked":"Streamline","floor":11},{"not_picked":["Leap","FTL"],"picked":"Lockon","floor":12},{"not_picked":["Barrage","Force Field","BootSequence"],"picked":"SKIP","floor":13}],"player_experience":956836,"relics_obtained":[{"floor":9,"key":"Kunai"},{"floor":11,"key":"Blood Vial"},{"floor":13,"key":"Akabeko"},{"floor":14,"key":"Question Card"}],"event_choices":[{"damage_healed":0,"gold_gain":0,"player_choice":"Donut","damage_taken":0,"max_hp_gain":5,"max_hp_loss":0,"event_name":"Big Fish","floor":2,"gold_loss":0},{"cards_removed":["Strike_B"],"damage_healed":0,"gold_gain":0,"player_choice":"Card Removal","damage_taken":0,"max_hp_gain":0,"max_hp_loss":0,"event_name":"The Cleric","floor":3,"gold_loss":50},{"damage_healed":0,"gold_gain":0,"player_choice":"Left Gold","damage_taken":0,"max_hp_gain":0,"max_hp_loss":0,"event_name":"World of Goop","floor":5,"gold_loss":36},{"damage_healed":0,"gold_gain":0,"player_choice":"Ignored","damage_taken":0,"max_hp_gain":0,"max_hp_loss":0,"event_name":"Liars Game","floor":7,"gold_loss":0}],"is_beta":false,"boss_relics":[],"items_purged_floors":[4],"is_endless":false,"potions_floor_spawned":[13],"killed_by":"Hexaghost","ascension_level":12}}