{"host":"YagamiMirai","time":1613067158,"event":{"mods":["Act Like it!","Alarm Clock","BaseMod","Bossed Relics","Conspire","Downfall","Hermit","Minty Spire (QoL Compilation)","Pale of the Ancients","Relic Filter Mod","Reliquary","Replay The Spire","Robot Space Explorer","Spicy Shops","StSLib","The Dragon Tamer","The Gatherer","The Mystic","TheHeartMod","Wide Potions","¡¾ÒÅÎï¿¨ÅÆ¡¿REMEMod","óô»ðÖ¸ÄÏ"],"gold_per_floor":[114,114,189,189,218,230,230],"floor_reached":6,"language":"ZHS","playtime":308,"items_purged":[],"score":34,"play_id":"620aac3a-8dae-46ef-8abe-fc3df5f47707","local_time":"20210212021238","is_ascension_mode":false,"metric_token":1431,"campfire_choices":[],"dtmod_dragon_data":[45,50,-1,-1,0,0],"circlet_count":0,"master_deck":["DTMod:Strike","DTMod:Strike","DTMod:Strike","DTMod:Strike","DTMod:DoubleHit","DTMod:TargetDefense","DTMod:TargetDefense","DTMod:TargetDefense","DTMod:TargetDefense","DTMod:SwitchingTactic","Gatherer:FlowerPower","DTMod:Punisher","downfall:Haunted","downfall:Haunted","DTMod:CleansingStrike"],"relics":["DTMod:PactStone","REME_ComplimentaryCards","Replay:Multitool","Darkstone Periapt","MawBank"],"acts_visited":["Exordium"],"potions_floor_usage":[6],"damage_taken":[{"damage":0.0,"enemies":"Jaw Worm","floor":1.0,"turns":4.0},{"damage":0,"enemies":"2 Louse","floor":5,"turns":3},{"damage":30,"enemies":"3 Sentries","floor":6,"turns":5}],"seed_played":"-4156131015049470437","potions_obtained":[{"floor":1.0,"key":"champ:CounterPotion"},{"floor":5,"key":"Block Potion"}],"is_trial":false,"path_per_floor":["M","?","?","?","M","E"],"character_chosen":"THE_DT","items_purchased":[],"campfire_rested":0,"item_purchase_floors":[],"current_hp_per_floor":[33,45,34,27,27,0,0],"gold":230,"neow_bonus":"ONE_RARE_RELIC","is_daily":false,"chose_seed":false,"campfire_upgraded":0,"win_rate":0.0,"timestamp":1613067158,"path_taken":["M","?","?","?","M","E"],"items_purchased_type":[],"build_version":"2020-12-18","purchased_purges":0,"victory":false,"max_hp_per_floor":[45,57,57,57,57,57,57],"card_choices":[{"not_picked":["DTMod:RunningTactic","DTMod:MasterPlan"],"picked":"DTMod:Punisher","floor":1.0},{"not_picked":["DTMod:SneakAttack","DTMod:CrossStep"],"picked":"DTMod:CleansingStrike","floor":5}],"player_experience":983003,"relics_obtained":[],"event_choices":[{"damage_healed":0,"gold_gain":75,"player_choice":"Gather Gold","damage_taken":11,"max_hp_gain":0,"max_hp_loss":0,"event_name":"World of Goop","floor":3,"gold_loss":0},{"damage_healed":0,"gold_gain":0,"player_choice":"Success","damage_taken":7,"relics_obtained":["MawBank"],"max_hp_gain":0,"max_hp_loss":0,"event_name":"Scrap Ooze","floor":4,"gold_loss":0}],"is_beta":true,"boss_relics":[],"items_purged_floors":[],"is_endless":false,"potions_floor_spawned":[1,5],"killed_by":"3 Sentries","ascension_level":0}}