{"host":"z9a4j4a70g1iinja","time":1613011015,"event":{"mods":["BaseMod","Better Note","BetterRewards","Colored Map","Colored Powertips","Downfall","Minty Spire (QoL Compilation)","Quick Restart","Rare Cards Sparkle","StSLib"],"gold_per_floor":[117,117,134,134,157,157,180,180,205,226,226,270,270,290,290,415,415,438,438,11,11,11,11,42,42,42,57,77,118,143,49,49,172,172,186,519,64,84,84,84,96,107,107,136,61,80,94,108,108,108],"floor_reached":51,"language":"ENG","playtime":1720,"items_purged":["Defend_B","Strike_B"],"score":969,"play_id":"fdf533f3-772d-467c-981b-550735ecc0c0","local_time":"20210210213655","is_ascension_mode":false,"campfire_choices":[{"data":"Zap","floor":6,"key":"SMITH"},{"floor":11,"key":"REST"},{"data":"Trip","floor":13,"key":"SMITH"},{"data":"Redo","floor":15,"key":"SMITH"},{"data":"Leap","floor":23,"key":"SMITH"},{"floor":32,"key":"REST"},{"data":"Strike_B","floor":40,"key":"PURGE"},{"floor":49,"key":"REST"}],"circlet_count":0,"master_deck":["Strike_B","Defend_B","Defend_B","Defend_B+1","Zap+1","Dualcast+1","Reinforced Body+1","All For One","Leap+1","FTL","Streamline","Gash","Machine Learning","Trip+1","Redo+1","Sunder","BootSequence","BootSequence","All For One","Capacitor","Go for the Eyes","Gash","Leap+1","Chill","Dramatic Entrance","Seek","Stack+1","Gash","Hologram+1","Defragment","Loop+1","Gash+1"],"relics":["Cracked Core","War Paint","Pen Nib","Centennial Puzzle","Happy Flower","SlaversCollar","Bronze Scales","Blood Vial","Nunchaku","Darkstone Periapt","Bag of Marbles","Inserter","Toy Ornithopter","Peace Pipe","HornCleat","Mercury Hourglass"],"acts_visited":["Exordium","TheCity","TheBeyond"],"potions_floor_usage":[10,12,24,41,44,50,50,50],"damage_taken":[{"damage":3,"enemies":"2 Louse","floor":1,"turns":2},{"damage":0,"enemies":"Small Slimes","floor":3,"turns":2},{"damage":0,"enemies":"Cultist","floor":5,"turns":3},{"damage":4,"enemies":"2 Fungi Beasts","floor":7,"turns":2},{"damage":0,"enemies":"Large Slime","floor":10,"turns":2},{"damage":1,"enemies":"3 Sentries","floor":12,"turns":5},{"damage":0,"enemies":"Looter","floor":14,"turns":3},{"damage":28,"enemies":"The Guardian","floor":16,"turns":9},{"damage":1,"enemies":"2 Thieves","floor":18,"turns":3},{"damage":9,"enemies":"Slavers","floor":24,"turns":4},{"damage":0,"enemies":"Shell Parasite","floor":27,"turns":2},{"damage":3,"enemies":"Shelled Parasite and Fungi","floor":28,"turns":4},{"damage":17,"enemies":"Gremlin Leader","floor":29,"turns":4},{"damage":7,"enemies":"Chosen and Byrds","floor":30,"turns":4},{"damage":20,"enemies":"Champ","floor":33,"turns":8},{"damage":6,"enemies":"3 Darklings","floor":35,"turns":5},{"damage":0,"enemies":"Orb Walker","floor":38,"turns":3},{"damage":0,"enemies":"Writhing Mass","floor":41,"turns":4},{"damage":0,"enemies":"Transient","floor":42,"turns":5},{"damage":10,"enemies":"Reptomancer","floor":44,"turns":6},{"damage":0,"enemies":"Jaw Worm Horde","floor":46,"turns":4},{"damage":26,"enemies":"Maw","floor":47,"turns":7},{"damage":0,"enemies":"4 Shapes","floor":48,"turns":4},{"damage":44,"enemies":"Time Eater","floor":50,"turns":9}],"seed_played":"1032572625654513115","potions_obtained":[{"floor":3,"key":"SpeedPotion"},{"floor":5,"key":"Energy Potion"},{"floor":7,"key":"hexamod:SoulburnPotion"},{"floor":14,"key":"Dexterity Potion"},{"floor":18,"key":"FearPotion"},{"floor":24,"key":"ColorlessPotion"},{"floor":28,"key":"FocusPotion"},{"floor":47,"key":"CultistPotion"},{"floor":48,"key":"sneckomod:MuddlingPotion"}],"is_trial":false,"path_per_floor":["M","?","M","?","M","R","M","?","T","M","R","E","R","M","R","B",null,"M","?","$","?","?","R","E","?","T","M","M","E","M","$","R","B",null,"M","?","$","M","?","R","M","M","T","E","$","M","M","M","R","B",null],"character_chosen":"DEFECT","items_purchased":["Reinforced Body","War Paint","All For One","Leap","Bronze Scales","Blood Vial","Go for the Eyes","Dramatic Entrance","Toy Ornithopter","Peace Pipe","Defragment"],"campfire_rested":3,"item_purchase_floors":[0,0,0,0,20,20,20,31,37,37,45],"current_hp_per_floor":[72,69,69,51,51,51,47,47,47,47,69,68,68,68,68,40,75,74,68,68,68,68,68,61,61,61,63,62,47,42,42,64,46,75,69,69,69,71,71,71,75,75,75,65,65,67,43,45,67,36],"gold":108,"neow_bonus":"","is_daily":false,"chose_seed":false,"campfire_upgraded":4,"win_rate":0.0,"timestamp":1613011015,"path_taken":["M","?","M","?","M","R","M","?","T","?","R","E","R","M","R","BOSS","M","?","$","?","?","R","E","?","T","M","?","E","M","$","R","BOSS","M","?","$","M","?","R","M","M","T","E","?","M","M","M","R","BOSS"],"items_purchased_type":["Card","Relic","Card","Card","Relic","Relic","Card","Card","Relic","Relic","Card"],"build_version":"2020-12-22","purchased_purges":2,"victory":true,"max_hp_per_floor":[75,75,75,75,75,75,75,75,75,75,75,75,75,75,75,75,75,75,75,75,75,75,75,75,75,75,75,75,75,75,75,75,75,75,75,75,75,75,75,75,75,75,75,75,75,75,75,75,75,75],"card_choices":[{"not_picked":["Cold Snap","Aggregate"],"picked":"FTL","floor":1},{"not_picked":["Capacitor","Static Discharge"],"picked":"Streamline","floor":3},{"not_picked":["Compile Driver","Reinforced Body"],"picked":"Gash","floor":5},{"not_picked":["Barrage","Tempest","Reprogram"],"picked":"SKIP","floor":7},{"not_picked":["Static Discharge","Capacitor"],"picked":"Sunder","floor":10},{"not_picked":["Coolheaded","Beam Cell"],"picked":"BootSequence","floor":12},{"not_picked":["Steam","Ball Lightning"],"picked":"BootSequence","floor":14},{"not_picked":["Biased Cognition","Amplify"],"picked":"All For One","floor":16},{"not_picked":["Aggregate+1","Sweeping Beam"],"picked":"Capacitor","floor":18},{"not_picked":["Sweeping Beam","Skim"],"picked":"Gash","floor":24},{"not_picked":["Go for the Eyes","Cold Snap"],"picked":"Leap+1","floor":27},{"not_picked":["Conserve Battery","Ball Lightning+1","Rebound"],"picked":"SKIP","floor":28},{"not_picked":["Melter+1","Steam"],"picked":"Chill","floor":29},{"not_picked":["Cold Snap+1","Storm+1","Redo"],"picked":"SKIP","floor":30},{"not_picked":["Machine Learning","Rainbow"],"picked":"Seek","floor":33},{"not_picked":["Compile Driver","Lockon","Skim"],"picked":"SKIP","floor":35},{"not_picked":["Lockon","Static Discharge"],"picked":"Stack+1","floor":38},{"not_picked":["Conserve Battery","Cold Snap"],"picked":"Gash","floor":41},{"not_picked":["Storm+1","Force Field","Turbo"],"picked":"SKIP","floor":42},{"not_picked":["Rebound+1","Lockon+1"],"picked":"Hologram+1","floor":44},{"not_picked":["Double Energy","Reprogram+1"],"picked":"Loop+1","floor":46},{"not_picked":["Redo","Reprogram","Sweeping Beam+1"],"picked":"SKIP","floor":47},{"not_picked":["Barrage+1","FTL+1"],"picked":"Gash+1","floor":48}],"player_experience":19049,"relics_obtained":[{"floor":9,"key":"Centennial Puzzle"},{"floor":12,"key":"Happy Flower"},{"floor":24,"key":"Nunchaku"},{"floor":26,"key":"Darkstone Periapt"},{"floor":29,"key":"Bag of Marbles"},{"floor":43,"key":"HornCleat"},{"floor":44,"key":"Mercury Hourglass"}],"event_choices":[{"damage_healed":0,"gold_gain":0,"player_choice":"Success","damage_taken":3,"relics_obtained":["Pen Nib"],"max_hp_gain":0,"max_hp_loss":0,"event_name":"Scrap Ooze","floor":2,"gold_loss":0},{"damage_healed":0,"gold_gain":0,"player_choice":"Take Damage","damage_taken":18,"relics_obtained":["Golden Idol"],"max_hp_gain":0,"max_hp_loss":0,"event_name":"Golden Idol","floor":4,"gold_loss":0},{"damage_healed":0,"gold_gain":0,"player_choice":"3 cards matched","damage_taken":0,"max_hp_gain":0,"max_hp_loss":0,"event_name":"Match and Keep!","floor":8,"gold_loss":0,"cards_obtained":["Machine Learning","Trip","Redo"]},{"damage_healed":0,"gold_gain":0,"player_choice":"","damage_taken":6,"max_hp_gain":0,"max_hp_loss":0,"event_name":"Knowing Skull","floor":19,"potions_obtained":[],"gold_loss":0,"cards_obtained":[]},{"damage_healed":0,"gold_gain":0,"player_choice":"Upgraded","damage_taken":0,"max_hp_gain":0,"max_hp_loss":0,"event_name":"Upgrade Shrine","floor":21,"gold_loss":0,"cards_upgraded":["Dualcast"]},{"cards_removed":["Strike_B"],"damage_healed":0,"gold_gain":0,"player_choice":"Purged","damage_taken":0,"max_hp_gain":0,"max_hp_loss":0,"event_name":"Purifier","floor":22,"gold_loss":0},{"damage_healed":0,"gold_gain":333,"player_choice":"Gave Idol","damage_taken":0,"max_hp_gain":0,"max_hp_loss":0,"event_name":"The Moai Head","floor":36,"relics_lost":["Golden Idol"],"gold_loss":0},{"damage_healed":0,"gold_gain":0,"player_choice":"Memory 1","damage_taken":0,"max_hp_gain":0,"max_hp_loss":0,"event_name":"SensoryStone","floor":39,"gold_loss":0}],"is_beta":false,"boss_relics":[{"not_picked":["Busted Crown","Sozu"],"picked":"SlaversCollar"},{"not_picked":["Velvet Choker","Calling Bell"],"picked":"Inserter"}],"items_purged_floors":[0,20],"is_endless":false,"potions_floor_spawned":[3,5,7,14,18,24,28,38,47,48],"ascension_level":0}}