{"host":"yans4pr1zf0lm9bx","time":1613055229,"event":{"mods":["AchievementEnabler","BaseMod","Minty Spire (QoL Compilation)","Replay The Spire","StSLib","SuperFastMode","slay the spire mod where everything is the same but ironclad has a cowboy hat"],"gold_per_floor":[118,43,43,54,54,88,88,88,88,113,113,129,129,29,29,132,132,144,155,167,114,213,213,128,154,154,167,193,193,193,227,227,331,331,345,362,380,37,37,37,65,65,65,65,65],"floor_reached":44,"language":"ENG","playtime":2246,"items_purged":["Strike_B","Strike_B","Sickly"],"score":720,"play_id":"e1f5cf19-9baf-400f-842e-be49df2cdb08","local_time":"20210211095349","is_ascension_mode":true,"campfire_choices":[{"data":"Panic Button","floor":7,"key":"SMITH"},{"data":"Pot Of Greed","floor":11,"key":"SMITH"},{"data":"Pot Of Greed","floor":15,"key":"SMITH"},{"data":"Scrape","floor":23,"key":"SMITH"},{"data":"Reprogram","floor":30,"key":"SMITH"},{"floor":32,"key":"REST"},{"floor":40,"key":"RECALL"},{"floor":42,"key":"REST"}],"circlet_count":0,"master_deck":["Strike_B+1","Defend_B+1","Defend_B+1","Defend_B","Zap+1","Dualcast","Panic Button+1","Conserve Battery","Echo Form+1","Pot Of Greed+1","Pot Of Greed+1","Gash","Defragment","All For One","Scrape+1","Steam","Go for the Eyes","Reprogram+1","Hologram","ReplayTheSpireMod:Splinters","ReplayTheSpireMod:Doomed","Seek","Pot Of Greed"],"relics":["Cracked Core","NeowsBlessing","ReplayTheSpireMod:TigerMarble","Grinning Jar","Nunchaku","Replay:Grab Bag","ReplayTheSpireMod:DimensionalGlitch","Busted Crown","Empty Cage","Frozen Egg 2","Bottled Flame","Replay:Bottled Snecko","The Courier","Solar Panel","Replay:Ancient Bell","Replay:Antivirus Software","Snack Pack","Torii","ClockworkSouvenir","Simple Rune","Mirror","PreservedInsect"],"acts_visited":["Exordium","TheCity","TheBeyond"],"potions_floor_usage":[10,16,25,25,28,33,41,41],"damage_taken":[{"damage":0,"enemies":"2 Louse","floor":1,"turns":1},{"damage":0,"enemies":"Cultist","floor":4,"turns":1},{"damage":0,"enemies":"3 Sentries","floor":6,"turns":1},{"damage":16,"enemies":"Gremlin Nob","floor":10,"turns":4},{"damage":1,"enemies":"Small Slimes","floor":12,"turns":3},{"damage":10,"enemies":"Hexaghost","floor":16,"turns":10},{"damage":0,"enemies":"Chosen","floor":18,"turns":4},{"damage":6,"enemies":"Shell Parasite","floor":19,"turns":4},{"damage":6,"enemies":"Snake Plant","floor":20,"turns":4},{"damage":6,"enemies":"Slavers","floor":25,"turns":6},{"damage":14,"enemies":"Shelled Parasite and Fungi","floor":27,"turns":4},{"damage":0,"enemies":"Gremlin Leader","floor":28,"turns":4},{"damage":0,"enemies":"Slavers","floor":31,"turns":1},{"damage":13,"enemies":"Automaton","floor":33,"turns":6},{"damage":0,"enemies":"Orb Walker","floor":35,"turns":3},{"damage":1,"enemies":"3 Darklings","floor":36,"turns":5},{"damage":1,"enemies":"Spire Growth","floor":37,"turns":2},{"damage":84,"enemies":"R_Hoarder","floor":41,"turns":8},{"damage":34,"enemies":"Jaw Worm Horde","floor":44,"turns":1}],"seed_played":"-1485626832895633837","potions_obtained":[{"floor":3,"key":"PotionOfCapacity"},{"floor":3,"key":"EssenceOfDarkness"},{"floor":3,"key":"ColorlessPotion"},{"floor":10,"key":"LiquidBronze"},{"floor":12,"key":"Block Potion"},{"floor":18,"key":"Elixir"},{"floor":19,"key":"AttackPotion"},{"floor":27,"key":"Adrenaline Potion"},{"floor":28,"key":"Strength Potion"},{"floor":31,"key":"Toxic Potion"},{"floor":35,"key":"Regen Potion"}],"is_trial":false,"path_per_floor":["M","$","?","M","?","E","R","?","T","E","R","M","?","$","R","B",null,"M","M","M","$","?","R","?","E","T","M","E","?","R","E","R","B",null,"M","M","M","$","?","R","E","R","T","M"],"character_chosen":"DEFECT","items_purchased":["Go for the Eyes","ClockworkSouvenir","Simple Rune"],"campfire_rested":2,"item_purchase_floors":[21,38,38],"current_hp_per_floor":[75,75,75,75,75,75,75,60,60,44,44,43,31,31,31,21,75,75,69,63,63,63,63,63,57,57,43,43,29,29,29,53,43,80,80,80,80,80,80,80,4,28,28,0,0],"gold":65,"neow_bonus":"THREE_ENEMY_KILL","is_daily":false,"chose_seed":false,"campfire_upgraded":5,"win_rate":0.0,"timestamp":1613055229,"path_taken":["M","$","?","?","?","E","R","?","T","E","R","M","?","$","R","BOSS","M","M","M","$","?","R","?","E","T","M","E","?","R","E","R","BOSS","M","M","M","$","?","R","E","R","T","M"],"items_purchased_type":["Card","Relic","Relic"],"build_version":"2020-12-22","purchased_purges":3,"victory":false,"max_hp_per_floor":[75,75,75,75,75,75,75,75,75,75,75,75,75,75,75,75,75,75,75,75,75,75,75,75,75,75,75,75,80,80,80,80,80,80,80,80,80,80,80,80,80,80,80,80,80],"card_choices":[{"not_picked":["BasicCrystalCard","Barrage"],"picked":"Panic Button","floor":1},{"not_picked":["Streamline","FIFO Queue"],"picked":"Conserve Battery","floor":4},{"not_picked":["Barrage","ReplayTheSpireMod:Repulse"],"picked":"Echo Form","floor":6},{"not_picked":["ReplayGash","Skim"],"picked":"Gash","floor":10},{"not_picked":["Barrage","ReplayTheSpireMod:GoodbyeWorld"],"picked":"Defragment","floor":12},{"not_picked":["Machine Learning","Electrodynamics"],"picked":"All For One","floor":16},{"not_picked":[],"picked":"Scrape","floor":18},{"not_picked":[],"picked":"Steam","floor":19},{"not_picked":["BasicCrystalCard"],"picked":"SKIP","floor":20},{"not_picked":["ReplaySolidLightProjector"],"picked":"SKIP","floor":25},{"not_picked":[],"picked":"Reprogram","floor":27},{"not_picked":["Ball Lightning"],"picked":"SKIP","floor":28},{"not_picked":[],"picked":"Hologram","floor":31},{"not_picked":[],"picked":"ReplayTheSpireMod:Splinters","floor":34},{"not_picked":[],"picked":"ReplayTheSpireMod:Doomed","floor":34},{"not_picked":[],"picked":"Sickly","floor":34},{"not_picked":["Cold Snap+1"],"picked":"SKIP","floor":35},{"not_picked":["Sweeping Beam"],"picked":"SKIP","floor":36},{"not_picked":["ReplayTheSpireMod:GoodbyeWorld+1"],"picked":"SKIP","floor":37},{"not_picked":["Consume"],"picked":"SKIP","floor":41}],"player_experience":279364,"relics_obtained":[{"floor":6,"key":"ReplayTheSpireMod:TigerMarble"},{"floor":10,"key":"Grinning Jar"},{"floor":25,"key":"Bottled Flame"},{"floor":26,"key":"Replay:Bottled Snecko"},{"floor":28,"key":"The Courier"},{"floor":31,"key":"Solar Panel"},{"floor":41,"key":"Mirror"},{"floor":43,"key":"PreservedInsect"}],"event_choices":[{"damage_healed":0,"gold_gain":0,"player_choice":"Got Potions","damage_taken":0,"max_hp_gain":0,"max_hp_loss":0,"event_name":"Lab","floor":3,"gold_loss":0},{"damage_healed":0,"gold_gain":0,"player_choice":"Grow","damage_taken":0,"max_hp_gain":0,"max_hp_loss":0,"event_name":"Living Wall","floor":5,"gold_loss":0,"cards_upgraded":["Zap"]},{"damage_healed":0,"gold_gain":0,"player_choice":"Entered Light","damage_taken":15,"max_hp_gain":0,"max_hp_loss":0,"event_name":"Shining Light","floor":8,"gold_loss":0,"cards_upgraded":["Echo Form","Defend_B"]},{"damage_healed":0,"gold_gain":0,"player_choice":"Success","damage_taken":12,"relics_obtained":["Nunchaku"],"max_hp_gain":0,"max_hp_loss":0,"event_name":"Scrap Ooze","floor":13,"gold_loss":0},{"damage_healed":0,"gold_gain":99,"player_choice":"Stole From Cult","damage_taken":0,"max_hp_gain":0,"max_hp_loss":0,"event_name":"Nest","floor":22,"gold_loss":0},{"damage_healed":0,"gold_gain":0,"player_choice":"Obtained Relic","damage_taken":0,"relics_obtained":["Frozen Egg 2"],"max_hp_gain":0,"max_hp_loss":0,"event_name":"Addict","floor":24,"gold_loss":85},{"damage_healed":0,"gold_gain":0,"player_choice":"Shed Blood","damage_taken":19,"max_hp_gain":5,"max_hp_loss":0,"event_name":"Forgotten Altar","floor":29,"gold_loss":0},{"damage_healed":0,"gold_gain":0,"player_choice":"1 cards matched","damage_taken":0,"max_hp_gain":0,"max_hp_loss":0,"event_name":"Match and Keep!","floor":39,"gold_loss":0,"cards_obtained":["Seek"]}],"is_beta":false,"boss_relics":[{"not_picked":["Tiny House","Painkiller Herb"],"picked":"Replay:Grab Bag"},{"not_picked":["ChewingGum","Replay:Bronze Core"],"picked":"ReplayTheSpireMod:DimensionalGlitch"},{"not_picked":["ReplayTheSpireMod:Onyx Gauntlets","Velvet Choker"],"picked":"Busted Crown"},{"not_picked":["Runic Pyramid","Astrolabe"],"picked":"Empty Cage"},{"not_picked":["Inserter","Runic Dome"],"picked":"Replay:Ancient Bell"},{"not_picked":["Akabeko","Orichalcum"],"picked":"Replay:Antivirus Software"},{"not_picked":["Singing Bowl","Darkstone Periapt"],"picked":"Snack Pack"},{"not_picked":["Turnip","StoneCalendar"],"picked":"Torii"}],"items_purged_floors":[2,14,38],"is_endless":false,"potions_floor_spawned":[10,12,18,19,27,28,31,35,37],"killed_by":"Jaw Worm Horde","ascension_level":4}}