{"host":"5jdby9iqu3ct6557","time":1613020002,"event":{"mods":["BaseMod","DeckTracker","Highlight Path","Minty Spire (QoL Compilation)","Relic Stats","StSLib"],"gold_per_floor":[109,109,109,127,144,144,177,187,242,258,288,301,319,339,339,410,410,430,450,475,66,66,66,77,77,104,133,133,133,147,166,166,243,243,262,94,94,112,125,125,125],"floor_reached":40,"language":"ENG","playtime":4641,"items_purged":["Strike_G"],"score":894,"play_id":"d60a7ad1-92c8-4cb3-97c5-a4664a1967dd","local_time":"20210211000642","is_ascension_mode":true,"campfire_choices":[{"data":"Predator","floor":6.0,"key":"SMITH"},{"data":"Malaise","floor":15.0,"key":"SMITH"},{"data":"Acrobatics","floor":23.0,"key":"SMITH"},{"data":"Well Laid Plans","floor":25.0,"key":"SMITH"},{"data":"Doppelganger","floor":28.0,"key":"SMITH"},{"data":"Leg Sweep","floor":32.0,"key":"SMITH"}],"circlet_count":0,"master_deck":["AscendersBane","Strike_G","Defend_G","Defend_G","Defend_G","Defend_G+1","Defend_G","Survivor","Neutralize+1","Terror","Predator+1","Well Laid Plans+1","Riddle With Holes","Acrobatics+1","Bouncing Flask+1","Malaise+1","Doppelganger+1","Venomology+1","All Out Attack+1","Dodge and Roll+1","PiercingWail","Blade Dance","PiercingWail","Leg Sweep+1","Night Terror"],"relics":["Coffee Dripper","Mercury Hourglass","Bag of Marbles","Snake Skull","Astrolabe","Red Mask","Pantograph","Nilry\u0027s Codex","War Paint","Snecko Eye","Toolbox"],"acts_visited":["Exordium","TheCity","TheBeyond"],"potions_floor_usage":[38,39,40],"damage_taken":[{"damage":9.0,"enemies":"Jaw Worm","floor":1.0,"turns":5.0},{"damage":3.0,"enemies":"Cultist","floor":4.0,"turns":4.0},{"damage":1.0,"enemies":"Small Slimes","floor":5.0,"turns":5.0},{"damage":16.0,"enemies":"3 Sentries","floor":7.0,"turns":12.0},{"damage":4.0,"enemies":"Exordium Wildlife","floor":8.0,"turns":3.0},{"damage":0.0,"enemies":"3 Louse","floor":10.0,"turns":2.0},{"damage":18.0,"enemies":"Lagavulin","floor":11.0,"turns":4.0},{"damage":0.0,"enemies":"Red Slaver","floor":12.0,"turns":3.0},{"damage":0.0,"enemies":"2 Fungi Beasts","floor":13.0,"turns":2.0},{"damage":6.0,"enemies":"Exordium Thugs","floor":14.0,"turns":3.0},{"damage":3.0,"enemies":"The Guardian","floor":16.0,"turns":7.0},{"damage":1.0,"enemies":"3 Byrds","floor":18.0,"turns":4.0},{"damage":4.0,"enemies":"Chosen","floor":19.0,"turns":6.0},{"damage":9.0,"enemies":"Masked Bandits","floor":20.0,"turns":4.0},{"damage":1.0,"enemies":"Snecko","floor":24.0,"turns":6.0},{"damage":0.0,"enemies":"Gremlin Leader","floor":27.0,"turns":6.0},{"damage":6.0,"enemies":"3 Cultists","floor":30.0,"turns":5.0},{"damage":6.0,"enemies":"Snake Plant","floor":31.0,"turns":4.0},{"damage":64.0,"enemies":"Collector","floor":33.0,"turns":12.0},{"damage":0.0,"enemies":"3 Darklings","floor":35.0,"turns":5.0},{"damage":0,"enemies":"Orb Walker","floor":38,"turns":3},{"damage":40,"enemies":"Jaw Worm Horde","floor":39,"turns":6},{"damage":22,"enemies":"Reptomancer","floor":40,"turns":2}],"seed_played":"8676295422008961842","potions_obtained":[{"floor":1.0,"key":"Regen Potion"},{"floor":4.0,"key":"EssenceOfSteel"},{"floor":7.0,"key":"ColorlessPotion"},{"floor":11.0,"key":"EntropicBrew"},{"floor":20.0,"key":"Weak Potion"},{"floor":29.0,"key":"Fire Potion"},{"floor":33.0,"key":"SteroidPotion"},{"floor":35.0,"key":"PowerPotion"},{"floor":39,"key":"Regen Potion"}],"is_trial":false,"path_per_floor":["M","?","?","M","M","R","E","M","T","M","E","M","M","M","R","B",null,"M","M","?","$","?","R","M","R","T","E","R","?","M","M","R","B",null,"M","$","?","M","M","E"],"character_chosen":"THE_SILENT","items_purchased":["Pantograph","SteroidPotion","Toolbox"],"campfire_rested":0,"item_purchase_floors":[21,21,36],"current_hp_per_floor":[50,55,55,52,65,65,49,45,45,45,27,27,27,21,21,18,58,57,53,44,44,23,23,22,22,22,22,22,22,16,10,10,2,54,54,54,44,44,4,0,0],"gold":125,"neow_bonus":"BOSS_RELIC","is_daily":false,"chose_seed":false,"campfire_upgraded":6,"win_rate":0.0,"timestamp":1613020002,"path_taken":["M","?","?","M","M","R","E","M","T","M","E","?","M","M","R","BOSS","M","M","?","$","?","R","M","R","T","E","R","?","?","M","R","BOSS","M","$","?","M","?","E"],"items_purchased_type":["Relic","Potion","Relic"],"build_version":"2020-12-22","purchased_purges":1,"victory":false,"max_hp_per_floor":[66,71,71,71,71,71,71,71,71,71,71,71,71,71,71,71,71,71,71,71,71,71,71,71,71,71,71,71,71,71,71,71,71,71,71,71,71,71,71,71,71],"relic_stats":{"counters":[23,110],"Astrolabe":["Venomology","All Out Attack","Dodge and Roll"],"Pantograph":25,"Snecko Eye":[26,27,27,35],"Snake Skull":[80],"War Paint":["Defend_G","Bouncing Flask"],"obtain_stats":[{"Nilry\u0027s Codex":22,"Astrolabe":17,"Pantograph":21,"Snecko Eye":34,"Toolbox":36,"Snake Skull":11,"Coffee Dripper":0,"Bag of Marbles":9,"Red Mask":20,"War Paint":27,"Ring of the Snake":0,"Mercury Hourglass":7},{"Nilry\u0027s Codex":14,"Astrolabe":11,"Pantograph":14,"Snecko Eye":19,"Toolbox":20,"Snake Skull":7,"Coffee Dripper":0,"Bag of Marbles":5,"Red Mask":14,"War Paint":16,"Ring of the Snake":0,"Mercury Hourglass":4},{"Nilry\u0027s Codex":62,"Astrolabe":49,"Pantograph":62,"Snecko Eye":94,"Toolbox":99,"Snake Skull":34,"Coffee Dripper":0,"Bag of Marbles":29,"Red Mask":62,"War Paint":74,"Ring of the Snake":0,"Mercury Hourglass":26}],"Mercury Hourglass":[380]},"card_choices":[{"not_picked":["Setup","Acrobatics"],"picked":"Terror","floor":1.0},{"not_picked":["Tactician","Quick Slash"],"picked":"Predator","floor":4.0},{"not_picked":["Cloak And Dagger","Infinite Blades"],"picked":"Well Laid Plans","floor":5.0},{"not_picked":["Flechettes","Deadly Poison"],"picked":"Riddle With Holes","floor":7.0},{"not_picked":["Dodge and Roll","Choke"],"picked":"Acrobatics","floor":8.0},{"not_picked":["Dodge and Roll","Flying Knee"],"picked":"Bouncing Flask","floor":10.0},{"not_picked":["Dodge and Roll","Blade Dance"],"picked":"Malaise","floor":11.0},{"not_picked":["Storm of Steel","Unload"],"picked":"Doppelganger","floor":16.0},{"not_picked":["Blade Dance","Deadly Poison+1"],"picked":"PiercingWail","floor":19.0},{"not_picked":["Bane","Finisher"],"picked":"Blade Dance","floor":20.0},{"not_picked":["Well Laid Plans","Accuracy"],"picked":"PiercingWail","floor":27.0},{"not_picked":["Prepared","All Out Attack"],"picked":"Leg Sweep","floor":31.0},{"not_picked":["Glass Knife","Die Die Die"],"picked":"Night Terror","floor":33.0}],"player_experience":2657350,"relics_obtained":[{"floor":7.0,"key":"Mercury Hourglass"},{"floor":9.0,"key":"Bag of Marbles"},{"floor":11.0,"key":"Snake Skull"},{"floor":20.0,"key":"Red Mask"},{"floor":22.0,"key":"Nilry\u0027s Codex"},{"floor":27.0,"key":"War Paint"}],"event_choices":[{"damage_healed":0.0,"max_hp_gain":5.0,"max_hp_loss":0.0,"gold_gain":0.0,"event_name":"Big Fish","player_choice":"Donut","floor":2.0,"gold_loss":0.0,"damage_taken":0.0},{"damage_healed":0.0,"max_hp_gain":0.0,"max_hp_loss":0.0,"gold_gain":0.0,"event_name":"Upgrade Shrine","player_choice":"Upgraded","floor":3.0,"gold_loss":0.0,"damage_taken":0.0,"cards_upgraded":["Neutralize"]},{"damage_healed":0.0,"max_hp_gain":0.0,"max_hp_loss":0.0,"gold_gain":0.0,"event_name":"Masked Bandits","player_choice":"Fought Bandits","floor":20.0,"gold_loss":0.0,"damage_taken":0.0},{"damage_healed":0.0,"max_hp_gain":0.0,"max_hp_loss":0.0,"gold_gain":0.0,"event_name":"Cursed Tome","player_choice":"Obtained Book","floor":22.0,"gold_loss":0.0,"damage_taken":21.0},{"damage_healed":0.0,"max_hp_gain":0.0,"max_hp_loss":0.0,"gold_gain":0.0,"event_name":"Lab","player_choice":"Got Potions","floor":29.0,"gold_loss":0.0,"damage_taken":0.0},{"damage_healed":0,"gold_gain":0,"player_choice":"Damaged","damage_taken":10,"max_hp_gain":0,"max_hp_loss":0,"event_name":"Wheel of Change","floor":37,"gold_loss":0}],"is_beta":false,"boss_relics":[{"not_picked":["WristBlade","Tiny House"],"picked":"Astrolabe"},{"not_picked":["Velvet Choker","Cursed Key"],"picked":"Snecko Eye"}],"items_purged_floors":[21],"is_endless":false,"potions_floor_spawned":[1,4,7,11,20,30,33,35,39],"killed_by":"Reptomancer","ascension_level":20}}