{"host":"ifd7sfhtlbe34qll","time":1613023851,"event":{"mods":["2.2 Compatiblity","Act Like it!","Ascension Unlocker","BaseMod","Block Reminder","Colored Map","Curses Come First","Highlight Path","Minty Spire (QoL Compilation)","Potion Indicator Mod","Quick Restart","Random Character Button","Relic Stats","StSLib","SuperFastMode"],"gold_per_floor":[111,129,145,145,145,170,170,196,220,220,220,220],"floor_reached":11,"language":"ENG","playtime":312,"items_purged":[],"score":162,"play_id":"bae1544f-2c8a-4407-bf86-0cd1c9e429e0","local_time":"20210211001051","is_ascension_mode":true,"campfire_choices":[{"data":"Blade Dance","floor":7,"key":"SMITH"}],"circlet_count":0,"master_deck":["AscendersBane","Strike_G+1","Strike_G","Strike_G","Strike_G","Strike_G","Defend_G","Defend_G","Defend_G","Defend_G","Defend_G","Survivor","Neutralize+1","Dagger Spray+1","Calculated Gamble","Flying Knee","Blade Dance+1","Leg Sweep"],"relics":["Ring of the Snake","Bag of Marbles","Orichalcum","Whetstone","Golden Idol"],"acts_visited":["Exordium"],"potions_floor_usage":[6,11],"damage_taken":[{"damage":0,"enemies":"2 Louse","floor":1,"turns":2},{"damage":5,"enemies":"Jaw Worm","floor":2,"turns":3},{"damage":7,"enemies":"Small Slimes","floor":3,"turns":3},{"damage":28,"enemies":"3 Sentries","floor":6,"turns":8},{"damage":30,"enemies":"Gremlin Nob","floor":8,"turns":4},{"damage":17,"enemies":"Lagavulin","floor":11,"turns":7}],"seed_played":"-4944900543018713639","potions_obtained":[{"floor":2,"key":"EssenceOfSteel"},{"floor":6,"key":"PowerPotion"},{"floor":8,"key":"GhostInAJar"}],"is_trial":false,"path_per_floor":["M","M","M","?","?","E","R","E","T","?","E"],"character_chosen":"THE_SILENT","items_purchased":[],"campfire_rested":0,"item_purchase_floors":[],"current_hp_per_floor":[56,51,44,44,70,42,42,12,12,12,0,0],"gold":220,"neow_bonus":"TWENTY_PERCENT_HP_BONUS","is_daily":false,"chose_seed":false,"campfire_upgraded":1,"win_rate":0.0,"timestamp":1613023851,"path_taken":["M","M","M","?","?","E","R","E","T","?","E"],"items_purchased_type":[],"build_version":"2020-12-22","purchased_purges":0,"victory":false,"max_hp_per_floor":[78,78,78,78,78,78,78,78,78,71,71,71],"relic_stats":{"counters":[6,27],"Golden Idol":0,"Whetstone":["Neutralize","Strike_G"],"Orichalcum":[36],"obtain_stats":[{"Golden Idol":10,"Bag of Marbles":6,"Whetstone":9,"Orichalcum":8,"Ring of the Snake":0},{"Golden Idol":5,"Bag of Marbles":4,"Whetstone":5,"Orichalcum":5,"Ring of the Snake":0},{"Golden Idol":20,"Bag of Marbles":16,"Whetstone":20,"Orichalcum":20,"Ring of the Snake":0}],"Ring of the Snake":[12]},"card_choices":[{"not_picked":["Dodge and Roll","Poisoned Stab"],"picked":"Dagger Spray","floor":1},{"not_picked":["Tactician","PiercingWail"],"picked":"Calculated Gamble","floor":2},{"not_picked":["Well Laid Plans","Endless Agony"],"picked":"Flying Knee","floor":3},{"not_picked":["Bouncing Flask","Backflip"],"picked":"Blade Dance","floor":6},{"not_picked":["Dodge and Roll","Phantasmal Killer"],"picked":"Leg Sweep","floor":8}],"player_experience":1465296,"relics_obtained":[{"floor":6,"key":"Bag of Marbles"},{"floor":8,"key":"Orichalcum"},{"floor":9,"key":"Whetstone"}],"event_choices":[{"damage_healed":0,"gold_gain":0,"player_choice":"Grow","damage_taken":0,"max_hp_gain":0,"max_hp_loss":0,"event_name":"Living Wall","floor":4,"gold_loss":0,"cards_upgraded":["Dagger Spray"]},{"damage_healed":26,"gold_gain":0,"player_choice":"Banana","damage_taken":0,"max_hp_gain":0,"max_hp_loss":0,"event_name":"Big Fish","floor":5,"gold_loss":0},{"damage_healed":0,"gold_gain":0,"player_choice":"Lose Max HP","damage_taken":0,"relics_obtained":["Golden Idol"],"max_hp_gain":0,"max_hp_loss":7,"event_name":"Golden Idol","floor":10,"gold_loss":0}],"is_beta":false,"boss_relics":[],"items_purged_floors":[],"is_endless":false,"potions_floor_spawned":[2,6,8],"killed_by":"Lagavulin","ascension_level":20}}