{"host":"3twtdwjpiqhvvn5s","time":1613008137,"event":{"mods":["AchievementEnabler","Act Like it!","Aspiration","BaseMod","BetterRewards","Colored Map","Colored Powertips","Downfall","Duelist Mod","Friendly Minions","GifTheSpireLib","Hermit","Hubris","Infinite Spire","Jorbs\u0027s Wanderer Trilogy","Koishi","KomeijiMod","Marisa????????","Minty Spire (QoL Compilation)","Quick Restart","Rare Cards Sparkle","Replay The Spire","Shop Mod","StSLib","Td1madao Mod","The Administrix","The Animator","The Bug Knight","The Caster","The Cursed","The Disciple","The Hierophant","The Necromancer","The Poker Player","The Runesmith","The Servant 0.9.4"],"gold_per_floor":[27,61,85,113,141,141,141],"floor_reached":6,"language":"ENG","playtime":1714,"items_purged":[],"score":40,"play_id":"56c36b1b-45cb-4e16-bdf7-c0b5ab4c6f02","local_time":"20210210194856","daily_mods":["downfall:WorldOfGoo","Diverse","Colorless Cards"],"is_ascension_mode":false,"campfire_choices":[],"circlet_count":0,"master_deck":["Strike_R","Strike_G","Strike_B","hubris:Strike_Merchant","Defend_R","Defend_G","Defend_B","hubris:Defend_Merchant","hubris:MerchantsHand","hubris:MerchantsHand","Reinforcement Parts","AdministrixMod:DiversionaryTactic","hierophant:Doubloon","hierophant:ConvertCurrency","sneckomod:SerpentIdol","Slimebound:SplitLeeching"],"relics":["Smiling Mask","hubris:NiceRug"],"acts_visited":["Exordium"],"potions_floor_usage":[6],"damage_taken":[{"damage":10,"enemies":"Jaw Worm","floor":1,"turns":6},{"damage":0,"enemies":"2 Louse","floor":2,"turns":2},{"damage":3,"enemies":"Cultist","floor":3,"turns":4},{"damage":0,"enemies":"Large Slime","floor":4,"turns":6},{"damage":15,"enemies":"3 Louse","floor":5,"turns":4},{"damage":53,"enemies":"Lagavulin","floor":6,"turns":8}],"seed_played":"-7333939837148109945","potions_obtained":[{"floor":1,"key":"CalmPotion"},{"floor":5,"key":"SteroidPotion"}],"is_trial":true,"path_per_floor":["M","M","M","M","M","E"],"character_chosen":"WANDERER","items_purchased":[],"campfire_rested":0,"item_purchase_floors":[],"current_hp_per_floor":[65,65,62,62,47,0,0],"gold":141,"neow_bonus":"","is_daily":false,"chose_seed":false,"campfire_upgraded":0,"win_rate":0.0,"timestamp":1613008136,"path_taken":["M","M","M","M","M","E"],"items_purchased_type":[],"build_version":"2020-12-22","purchased_purges":0,"victory":false,"max_hp_per_floor":[75,75,75,75,75,75,75],"card_choices":[{"not_picked":["champ:BerserkersShout","Deflect"],"picked":"Reinforcement Parts","floor":1},{"not_picked":["theDuelist:Wetlands","theDuelist:MadSwordBeast"],"picked":"AdministrixMod:DiversionaryTactic","floor":2},{"not_picked":["champ:EnragedBash","theDuelist:MagicalizedFusion"],"picked":"hierophant:ConvertCurrency","floor":3},{"not_picked":["Runesmith:MakeshiftArmor","Sever Soul"],"picked":"sneckomod:SerpentIdol","floor":4},{"not_picked":["theDuelist:TyrantDinoFusion","champ:IgnorePain"],"picked":"Slimebound:SplitLeeching","floor":5}],"player_experience":2924794,"relics_obtained":[],"event_choices":[],"is_beta":false,"boss_relics":[],"items_purged_floors":[],"is_endless":false,"potions_floor_spawned":[1,5],"killed_by":"Lagavulin","ascension_level":0}}