{"host":"z3qs3l37sjzyczji","time":1613083726,"event":{"mods":["AchievementEnabler","BaseMod","Colored Map","Colored Powertips","Keyboard Shortcuts","Minty Spire (QoL Compilation)","Relic Stats","SuperFastMode"],"gold_per_floor":[109,120,120,138,25,57,57,91,91,91,110,141,141,141,141,236,236,246,98,98,113,132,132,167,167,167,181,196,196,213,248,248,345,345,365,70,0,0,10,10,40,40,64,97,112,12,12,26,26,26,26,26,26,55,55,55],"floor_reached":55,"language":"ENG","playtime":5491,"items_purged":["Strike_B","Injury"],"score":821,"play_id":"637986e2-6124-46ae-abcf-e03d4646fe02","local_time":"20210211224846","is_ascension_mode":true,"campfire_choices":[{"data":"Chaos","floor":7.0,"key":"SMITH"},{"data":"Self Repair","floor":10.0,"key":"SMITH"},{"data":"Hologram","floor":15.0,"key":"SMITH"},{"data":"Loop","floor":23.0,"key":"SMITH"},{"data":"Double Energy","floor":29.0,"key":"SMITH"},{"data":"Fusion","floor":32.0,"key":"SMITH"},{"data":"Echo Form","floor":40.0,"key":"SMITH"},{"data":"Defragment","floor":42.0,"key":"SMITH"},{"data":"Rainbow","floor":47.0,"key":"SMITH"},{"floor":49.0,"key":"RECALL"},{"data":"Seek","floor":52.0,"key":"SMITH"}],"circlet_count":0,"master_deck":["Defend_B","Defend_B","Defend_B","Defend_B","Zap","Dualcast","Electrodynamics","Chaos+1","Compile Driver","Reboot+1","Genetic Algorithm+1","Skim","Self Repair+1","Conserve Battery","Rebound","Genetic Algorithm","Hologram+1","Rainbow+1","Ball Lightning","Loop+1","Darkness","Reinforced Body","Undo+1","Double Energy+1","Parasite","Cold Snap","Leap+1","Fusion+1","Steam Power+1","Echo Form+1","Barrage+1","Seek+1","Double Energy","Defragment+1","Defragment+1","Undo+1"],"relics":["Cracked Core","Matryoshka","Meat on the Bone","Potion Belt","Shuriken","Dream Catcher","Girya","Bag of Preparation","Cursed Key","Bottled Lightning","StoneCalendar","Lantern","Sundial","Inserter","Oddly Smooth Stone","Red Mask","PreservedInsect","War Paint","Vajra","Orichalcum"],"acts_visited":["Exordium","TheCity","TheBeyond","TheEnding"],"potions_floor_usage":[55,55,55,55,55,55],"damage_taken":[{"damage":0.0,"enemies":"Small Slimes","floor":1.0,"turns":3.0},{"damage":0.0,"enemies":"Cultist","floor":2.0,"turns":3.0},{"damage":0.0,"enemies":"2 Louse","floor":4.0,"turns":2.0},{"damage":21.0,"enemies":"Lagavulin","floor":6.0,"turns":6.0},{"damage":12.0,"enemies":"3 Sentries","floor":8.0,"turns":5.0},{"damage":0.0,"enemies":"Exordium Thugs","floor":11.0,"turns":3.0},{"damage":19.0,"enemies":"Lagavulin","floor":12.0,"turns":5.0},{"damage":21.0,"enemies":"The Guardian","floor":16.0,"turns":13.0},{"damage":0.0,"enemies":"Chosen","floor":18.0,"turns":4.0},{"damage":13.0,"enemies":"3 Byrds","floor":21.0,"turns":3.0},{"damage":5.0,"enemies":"Cultist and Chosen","floor":22.0,"turns":4.0},{"damage":39.0,"enemies":"Slavers","floor":24.0,"turns":5.0},{"damage":3.0,"enemies":"Snecko","floor":27.0,"turns":4.0},{"damage":6.0,"enemies":"Sentry and Sphere","floor":28.0,"turns":4.0},{"damage":8.0,"enemies":"3 Cultists","floor":30.0,"turns":6.0},{"damage":5.0,"enemies":"Book of Stabbing","floor":31.0,"turns":6.0},{"damage":14.0,"enemies":"Automaton","floor":33.0,"turns":12.0},{"damage":0.0,"enemies":"3 Shapes","floor":35.0,"turns":5.0},{"damage":0.0,"enemies":"3 Darklings","floor":39.0,"turns":4.0},{"damage":23.0,"enemies":"Giant Head","floor":41.0,"turns":8.0},{"damage":0.0,"enemies":"Nemesis","floor":44.0,"turns":5.0},{"damage":0.0,"enemies":"Maw","floor":45.0,"turns":6.0},{"damage":9.0,"enemies":"Writhing Mass","floor":48.0,"turns":6.0},{"damage":36.0,"enemies":"Time Eater","floor":50.0,"turns":11.0},{"damage":12,"enemies":"Shield and Spear","floor":54,"turns":7},{"damage":75,"enemies":"The Heart","floor":55,"turns":9}],"seed_played":"837725550903088921","potions_obtained":[{"floor":4.0,"key":"FearPotion"},{"floor":8.0,"key":"SpeedPotion"},{"floor":11.0,"key":"SmokeBomb"},{"floor":18.0,"key":"PowerPotion"},{"floor":27.0,"key":"SpeedPotion"},{"floor":30.0,"key":"Strength Potion"},{"floor":31.0,"key":"Weak Potion"},{"floor":33.0,"key":"Weak Potion"},{"floor":39.0,"key":"LiquidMemories"},{"floor":41.0,"key":"EntropicBrew"},{"floor":44.0,"key":"AttackPotion"}],"is_trial":false,"path_per_floor":["M","M","?","M","$","E","R","E","T","R","M","E","?","?","R","B",null,"M","$","?","M","M","R","E","?","T","M","M","R","M","E","R","B",null,"M","$","?","T","M","R","E","R","T","E","M","$","R","M","R","B",null,"R","$","E","B"],"character_chosen":"DEFECT","items_purchased":["Skim","Self Repair","Loop","Seek","Oddly Smooth Stone"],"campfire_rested":0,"item_purchase_floors":[5,5,19,36,36],"current_hp_per_floor":[75,75,75,75,75,61,61,56,56,56,66,57,39,39,39,40,75,75,75,75,72,75,75,58,58,58,65,69,69,71,75,75,71,75,75,75,75,75,75,75,72,72,72,75,75,75,75,75,75,49,75,75,75,73,0,0],"gold":55,"neow_bonus":"ONE_RANDOM_RARE_CARD","is_daily":false,"chose_seed":false,"campfire_upgraded":10,"win_rate":0.0,"timestamp":1613083726,"path_taken":["M","M","?","?","$","E","R","E","T","R","M","E","?","?","R","BOSS","M","$","?","M","M","R","E","?","T","M","M","R","M","E","R","BOSS","M","$","?","?","?","R","E","R","T","E","M","$","R","M","R","BOSS","R","$","E","BOSS"],"items_purchased_type":["Card","Card","Card","Card","Relic"],"build_version":"2020-12-22","purchased_purges":2,"victory":false,"max_hp_per_floor":[75,75,75,75,75,75,75,75,75,75,75,75,75,75,75,75,75,75,75,75,75,75,75,75,75,75,75,75,75,75,75,75,75,75,75,75,75,75,75,75,75,75,75,75,75,75,75,75,75,75,75,75,75,75,75,75],"relic_stats":{"Inserter":[30],"counters":[26,149],"StoneCalendar":[208],"PreservedInsect":115,"Bag of Preparation":[38],"War Paint":["Genetic Algorithm","Reboot"],"Orichalcum":[6],"Cursed Key":2,"Dream Catcher":0,"Shuriken":[9],"Sundial":[8],"obtain_stats":[{"Potion Belt":9,"Girya":13,"Lantern":26,"Inserter":34,"Oddly Smooth Stone":36,"Vajra":44,"StoneCalendar":25,"PreservedInsect":41,"Bag of Preparation":14,"War Paint":43,"Orichalcum":54,"Cursed Key":17,"Dream Catcher":12,"Matryoshka":6,"Shuriken":9,"Sundial":31,"Red Mask":37,"Bottled Lightning":24,"Cracked Core":0,"Meat on the Bone":8},{"Potion Belt":5,"Girya":7,"Lantern":12,"Inserter":17,"Oddly Smooth Stone":18,"Vajra":21,"StoneCalendar":12,"PreservedInsect":20,"Bag of Preparation":7,"War Paint":20,"Orichalcum":25,"Cursed Key":8,"Dream Catcher":7,"Matryoshka":4,"Shuriken":5,"Sundial":16,"Red Mask":18,"Bottled Lightning":12,"Cracked Core":0,"Meat on the Bone":5},{"Potion Belt":19,"Girya":27,"Lantern":56,"Inserter":88,"Oddly Smooth Stone":93,"Vajra":110,"StoneCalendar":56,"PreservedInsect":105,"Bag of Preparation":27,"War Paint":105,"Orichalcum":140,"Cursed Key":40,"Dream Catcher":27,"Matryoshka":14,"Shuriken":19,"Sundial":76,"Red Mask":93,"Bottled Lightning":56,"Cracked Core":0,"Meat on the Bone":19}],"Meat on the Bone":24},"card_choices":[{"not_picked":["Rebound","Reprogram"],"picked":"Chaos","floor":1.0},{"not_picked":["Gash","Rebound"],"picked":"Compile Driver","floor":2.0},{"not_picked":["Go for the Eyes","Cold Snap"],"picked":"Genetic Algorithm","floor":4.0},{"not_picked":["Darkness","Go for the Eyes"],"picked":"Conserve Battery","floor":6.0},{"not_picked":["Chill","Multi-Cast"],"picked":"Rebound","floor":8.0},{"not_picked":["Reinforced Body","Rebound"],"picked":"Genetic Algorithm","floor":11.0},{"not_picked":["Melter","Skim"],"picked":"Hologram","floor":12.0},{"not_picked":["Buffer","Seek"],"picked":"Rainbow","floor":16.0},{"not_picked":["Genetic Algorithm","Consume"],"picked":"Ball Lightning","floor":18.0},{"not_picked":["Turbo","Steam"],"picked":"Undo+1","floor":21.0},{"not_picked":["Steam","Gash"],"picked":"Double Energy","floor":22.0},{"not_picked":["BootSequence","Loop","Blizzard+1"],"picked":"SKIP","floor":24.0},{"not_picked":["Conserve Battery","Leap"],"picked":"Cold Snap","floor":27.0},{"not_picked":["Sweeping Beam","Compile Driver"],"picked":"Leap+1","floor":28.0},{"not_picked":["Loop","Rebound"],"picked":"Fusion","floor":30.0},{"not_picked":["Glacier","Go for the Eyes"],"picked":"Steam Power+1","floor":31.0},{"not_picked":["Thunder Strike","All For One"],"picked":"Echo Form","floor":33.0},{"not_picked":["Conserve Battery+1","Beam Cell"],"picked":"Barrage+1","floor":35.0},{"not_picked":["Coolheaded+1","Beam Cell"],"picked":"Double Energy","floor":39.0},{"not_picked":["Hologram+1","Go for the Eyes"],"picked":"Defragment","floor":41.0},{"not_picked":["BootSequence","Reprogram+1","Hologram"],"picked":"SKIP","floor":44.0},{"not_picked":["Blizzard+1","Fusion+1","Undo"],"picked":"SKIP","floor":45.0},{"not_picked":["Chaos","Consume+1"],"picked":"Defragment+1","floor":48.0},{"not_picked":["Leap+1","Genetic Algorithm"],"picked":"Undo+1","floor":54}],"player_experience":61047,"relics_obtained":[{"floor":6.0,"key":"Matryoshka"},{"floor":8.0,"key":"Meat on the Bone"},{"floor":9.0,"key":"Potion Belt"},{"floor":9.0,"key":"Shuriken"},{"floor":12.0,"key":"Dream Catcher"},{"floor":24.0,"key":"Bottled Lightning"},{"floor":26.0,"key":"Lantern"},{"floor":31.0,"key":"Sundial"},{"floor":41.0,"key":"PreservedInsect"},{"floor":43.0,"key":"War Paint"},{"floor":44.0,"key":"Vajra"},{"floor":54,"key":"Orichalcum"}],"event_choices":[{"damage_healed":0.0,"max_hp_gain":0.0,"max_hp_loss":0.0,"gold_gain":0.0,"cards_transformed":["Strike_B"],"event_name":"Transmorgrifier","player_choice":"Transformed","floor":3.0,"gold_loss":0.0,"damage_taken":0.0,"cards_obtained":["Reboot"]},{"damage_healed":0.0,"max_hp_gain":0.0,"max_hp_loss":0.0,"gold_gain":0.0,"event_name":"Scrap Ooze","player_choice":"Success","floor":13.0,"gold_loss":0.0,"damage_taken":18.0,"relics_obtained":["Girya"]},{"damage_healed":0.0,"max_hp_gain":0.0,"max_hp_loss":0.0,"gold_gain":0.0,"event_name":"WeMeetAgain","player_choice":"Gave Potion","floor":14.0,"gold_loss":0.0,"damage_taken":0.0,"relics_obtained":["Bag of Preparation"]},{"damage_healed":0.0,"max_hp_gain":0.0,"max_hp_loss":0.0,"gold_gain":0.0,"cards_transformed":["Strike_B","Strike_B"],"event_name":"Drug Dealer","player_choice":"Became Test Subject","floor":20.0,"gold_loss":0.0,"damage_taken":0.0,"cards_obtained":["Darkness","Reinforced Body"]},{"damage_healed":0.0,"max_hp_gain":0.0,"max_hp_loss":0.0,"gold_gain":0.0,"event_name":"The Mausoleum","player_choice":"Opened","floor":25.0,"gold_loss":0.0,"damage_taken":0.0,"relics_obtained":["StoneCalendar"]},{"damage_healed":0.0,"max_hp_gain":0.0,"max_hp_loss":0.0,"gold_gain":0.0,"event_name":"Tomb of Lord Red Mask","player_choice":"Paid","floor":37.0,"gold_loss":70.0,"damage_taken":0.0,"relics_obtained":["Red Mask"]}],"is_beta":false,"boss_relics":[{"not_picked":["Ectoplasm","Empty Cage"],"picked":"Cursed Key"},{"not_picked":["Astrolabe","Calling Bell"],"picked":"Inserter"}],"items_purged_floors":[19,46],"is_endless":false,"potions_floor_spawned":[4,8,11,18,27,30,31,33,39,41,44],"killed_by":"The Heart","ascension_level":1}}