{"host":"85rg8sallz0lemh6","time":1613087385,"event":{"mods":["BaseMod","Bestiary","Colored Powertips","Highlight Path","Minty Spire (QoL Compilation)","Quick Restart"],"gold_per_floor":[110,110,122,68,68,101,101,127,127,49,49,71,82,108,108,108,108],"floor_reached":16,"language":"ENG","playtime":279,"items_purged":[],"score":162,"play_id":"c36f7f57-b602-4c1f-b907-a1f84739e782","local_time":"20210211174945","is_ascension_mode":true,"campfire_choices":[{"data":"Zap","floor":7,"key":"SMITH"},{"data":"Dualcast","floor":11,"key":"SMITH"},{"data":"Defragment","floor":15,"key":"SMITH"}],"circlet_count":0,"master_deck":["Strike_B","Strike_B","Strike_B+1","Strike_B","Defend_B","Defend_B","Defend_B","Defend_B+1","Zap+1","Dualcast+1","Capacitor","Ball Lightning","Leap","Rip and Tear","Defragment+1","Self Repair"],"relics":["Cracked Core","NeowsBlessing","Pear","Shuriken","Nunchaku","Odd Mushroom","Blood Vial"],"acts_visited":["Exordium"],"potions_floor_usage":[16,16,16],"damage_taken":[{"damage":0,"enemies":"Small Slimes","floor":1,"turns":1},{"damage":0,"enemies":"Jaw Worm","floor":3,"turns":1},{"damage":0,"enemies":"3 Sentries","floor":6,"turns":1},{"damage":18,"enemies":"Lagavulin","floor":8,"turns":6},{"damage":15,"enemies":"The Mushroom Lair","floor":12,"turns":3},{"damage":6,"enemies":"2 Louse","floor":13,"turns":2},{"damage":32,"enemies":"3 Sentries","floor":14,"turns":7},{"damage":16,"enemies":"Hexaghost","floor":16,"turns":7}],"seed_played":"7858824239731401665","potions_obtained":[{"floor":1,"key":"EssenceOfSteel"},{"floor":6,"key":"CultistPotion"},{"floor":13,"key":"LiquidBronze"}],"is_trial":false,"path_per_floor":["M","?","M","$","?","E","R","E","T","$","R","?","M","E","R","B"],"character_chosen":"DEFECT","items_purchased":["Ball Lightning","Defragment"],"campfire_rested":0,"item_purchase_floors":[4,10],"current_hp_per_floor":[75,60,60,60,60,70,70,52,52,52,52,37,38,13,13,0,0],"gold":108,"neow_bonus":"THREE_ENEMY_KILL","is_daily":false,"chose_seed":false,"campfire_upgraded":3,"win_rate":0.0,"timestamp":1613087385,"path_taken":["M","?","M","$","?","E","R","E","T","$","R","?","M","E","R","BOSS"],"items_purchased_type":["Card","Card"],"build_version":"2020-12-22","purchased_purges":0,"victory":false,"max_hp_per_floor":[75,75,75,75,75,85,85,85,85,85,85,85,85,85,85,85,85],"card_choices":[{"not_picked":["Double Energy","Auto Shields"],"picked":"Capacitor","floor":1},{"not_picked":["Skim","Streamline","Undo"],"picked":"SKIP","floor":3},{"not_picked":["Compile Driver","Turbo"],"picked":"Leap","floor":6},{"not_picked":["All For One","Reboot"],"picked":"Rip and Tear","floor":8},{"not_picked":["Turbo","Aggregate"],"picked":"Self Repair","floor":12},{"not_picked":["Lockon","Redo","Gash"],"picked":"SKIP","floor":13},{"not_picked":["Undo","Coolheaded","Stack"],"picked":"SKIP","floor":14}],"player_experience":96742,"relics_obtained":[{"floor":6,"key":"Pear"},{"floor":8,"key":"Shuriken"},{"floor":9,"key":"Nunchaku"},{"floor":12,"key":"Odd Mushroom"},{"floor":14,"key":"Blood Vial"}],"event_choices":[{"damage_healed":0,"gold_gain":0,"player_choice":"Entered Light","damage_taken":15,"max_hp_gain":0,"max_hp_loss":0,"event_name":"Shining Light","floor":2,"gold_loss":0,"cards_upgraded":["Defend_B","Strike_B"]},{"damage_healed":0,"gold_gain":0,"player_choice":"Leave","damage_taken":0,"max_hp_gain":0,"max_hp_loss":0,"event_name":"The Cleric","floor":5,"gold_loss":0},{"damage_healed":0,"gold_gain":0,"player_choice":"Fought Mushrooms","damage_taken":0,"max_hp_gain":0,"max_hp_loss":0,"event_name":"Mushrooms","floor":12,"gold_loss":0}],"is_beta":false,"boss_relics":[],"items_purged_floors":[],"is_endless":false,"potions_floor_spawned":[1,6,13],"killed_by":"Hexaghost","ascension_level":3}}