{"host":"i1fqlpve17okw40o","time":1613060426,"event":{"mods":["A Magickal Journey","Act Like it!","Aspiration","BaseMod","BetterRewards","CapriCore","Colored Map","Colored Powertips","Downfall","Elementarium","Energized Spire","Glutton Mod","Halation","Hermit","Highlight Path","Hubris","Koishi","Marisa????????","Mimic Mod","Minty Spire (QoL Compilation)","Quick Restart","Random Character Button","Relic Sorter","Reliquary","Replay The Spire","Retaliation","Reworked Bosses","Shade Mod","StSLib","SuperFastMode","Td1madao Mod","The Construct","The Disciple","The Forsaken","The Immortal","The Runesmith","The Senshi","The Servant 0.9.4"],"gold_per_floor":[118,83,98,115,135,135,150,175,201,201,190,190,225,225,225,225,225],"floor_reached":16,"language":"ENG","playtime":766,"items_purged":[],"score":152,"play_id":"1661efd1-c617-48de-a321-55e90d555423","local_time":"20210211102026","is_ascension_mode":false,"campfire_choices":[{"data":"MentalFortress","floor":6,"key":"SMITH"},{"data":"Fasting2","floor":10,"key":"SMITH"},{"floor":12,"key":"REST"},{"data":"Devotion","floor":15,"key":"SMITH"}],"circlet_count":0,"master_deck":["Strike_P","Strike_P","Strike_P","Strike_P","Defend_P","Defend_P","Defend_P","Defend_P","Eruption","Vigilance","Replay:DivineShield","FlyingSleeves","MentalFortress+1","DeceiveReality","Replay:AtTheReady","Devotion+1","Fasting2+1","FlyingSleeves"],"relics":["PureWater","Bag of Preparation","Regal Pillow","hubris:SphereOfDissonance"],"acts_visited":["Exordium"],"potions_floor_usage":[7,8,13],"damage_taken":[{"damage":0,"enemies":"Cultist","floor":1,"turns":4},{"damage":4,"enemies":"Jaw Worm","floor":3,"turns":3},{"damage":2,"enemies":"2 Louse","floor":4,"turns":4},{"damage":8,"enemies":"Blue Slaver","floor":5,"turns":6},{"damage":0,"enemies":"Lots of Slimes","floor":7,"turns":6},{"damage":21,"enemies":"3 Sentries","floor":8,"turns":11},{"damage":10,"enemies":"Exordium Thugs","floor":11,"turns":6},{"damage":5,"enemies":"2 Fungi Beasts","floor":13,"turns":12},{"damage":57,"enemies":"Fading Forest","floor":16,"turns":9}],"seed_played":"-1106480276477267475","potions_obtained":[{"floor":3,"key":"Toxic Potion"},{"floor":4,"key":"Strength Potion"},{"floor":11,"key":"Weak Potion"}],"is_trial":false,"path_per_floor":["M","$","M","M","M","R","M","E","T","R","M","R","MIM","?","R","B"],"character_chosen":"WATCHER","items_purchased":["Replay:DivineShield","MentalFortress"],"campfire_rested":1,"item_purchase_floors":[0,2],"current_hp_per_floor":[72,72,68,66,58,58,58,37,37,37,27,63,58,58,58,11,11],"gold":225,"neow_bonus":"","is_daily":false,"chose_seed":false,"campfire_upgraded":3,"win_rate":0.0,"timestamp":1613060426,"path_taken":["M","$","M","M","M","R","M","E","T","R","M","R","?","?","R","BOSS"],"items_purchased_type":["Card","Card"],"build_version":"2020-12-22","purchased_purges":0,"victory":false,"max_hp_per_floor":[72,72,72,72,72,72,72,72,72,72,72,72,72,72,72,72,72],"card_choices":[{"not_picked":["Replay:BluntJabs","CutThroughFate"],"picked":"FlyingSleeves","floor":1},{"not_picked":["CutThroughFate","Indignation"],"picked":"DeceiveReality","floor":3},{"not_picked":["SashWhip","CrushJoints","Evaluate"],"picked":"SKIP","floor":4},{"not_picked":["SignatureMove","Nirvana"],"picked":"Replay:AtTheReady","floor":5},{"not_picked":["Consecrate","SashWhip"],"picked":"Devotion","floor":7},{"not_picked":["ForeignInfluence","SashWhip"],"picked":"Fasting2","floor":8},{"not_picked":["ClearTheMind","Halt","CrushJoints"],"picked":"SKIP","floor":11},{"not_picked":["CutThroughFate","CrushJoints"],"picked":"FlyingSleeves","floor":13}],"player_experience":425761,"relics_obtained":[{"floor":8,"key":"Bag of Preparation"},{"floor":9,"key":"Regal Pillow"},{"floor":13,"key":"hubris:SphereOfDissonance"}],"event_choices":[],"is_beta":false,"boss_relics":[],"items_purged_floors":[],"is_endless":false,"potions_floor_spawned":[3,4,11],"killed_by":"Fading Forest","ascension_level":0}}