{"host":"yg1n0qads92lo9wl","time":1613029752,"event":{"mods":["BaseMod","Downfall","Luminous","Minty Spire (QoL Compilation)","StSLib","Warlord Emblem"],"gold_per_floor":[0,10,460,122,137,137,161,161,180,205,205,232,242,252,264,264,264,264],"floor_reached":16,"language":"ZHS","playtime":1334,"items_purged":["Guardian:Defend_Guardian"],"score":129,"play_id":"6103ce27-864d-4d5f-bbe9-4e4197733d78","local_time":"20210211154912","is_ascension_mode":true,"campfire_choices":[{"data":"Guardian:CurlUp","floor":1.0,"key":"SMITH"},{"data":"Guardian:BodySlam","floor":8.0,"key":"SMITH"}],"circlet_count":0,"master_deck":["Guardian:Strike_Guardian","Guardian:Strike_Guardian","Guardian:Defend_Guardian","Guardian:Defend_Guardian","Guardian:Defend_Guardian","Guardian:CurlUp+1","Guardian:TwinSlam","Guardian:ArmoredProtocol","Guardian:Emergency","Guardian:GuardianWhirl","downfall:Icky","downfall:Icky","Guardian:BodySlam+1","Guardian:FloatingOrbs","Guardian:CrystalBeam","Guardian:PiercingHide","Guardian:Gem_White","Guardian:PrismaticBeam","Guardian:ShieldCharger"],"relics":["Guardian:ModeShifter","Potion Belt","HornCleat","Art of War"],"acts_visited":["Exordium"],"potions_floor_usage":[16,16,16],"damage_taken":[{"damage":4.0,"enemies":"2 Louse","floor":2.0,"turns":4.0},{"damage":0.0,"enemies":"downfall:FleeingMerchant","floor":4.0,"turns":4.0},{"damage":6.0,"enemies":"Cultist","floor":5.0,"turns":4.0},{"damage":6.0,"enemies":"Small Slimes","floor":9.0,"turns":3.0},{"damage":20.0,"enemies":"3 Sentries","floor":10.0,"turns":9.0},{"damage":17.0,"enemies":"Gremlin Nob","floor":12.0,"turns":6.0},{"damage":4.0,"enemies":"Exordium Wildlife","floor":13.0,"turns":4.0},{"damage":0.0,"enemies":"Large Slime","floor":14.0,"turns":7.0},{"damage":5.0,"enemies":"2 Fungi Beasts","floor":15.0,"turns":5.0},{"damage":59,"enemies":"IC_STATUS_ARCHETYPE","floor":16,"turns":15}],"seed_played":"7597141250121351261","potions_obtained":[{"floor":5.0,"key":"LiquidMemories"},{"floor":6.0,"key":"LiquidBronze"},{"floor":10.0,"key":"GamblersBrew"},{"floor":14.0,"key":"DuplicationPotion"}],"is_trial":false,"path_per_floor":["R","M","?","$","M","?","T","R","M","E","?","E","M","M","M","B"],"character_chosen":"GUARDIAN","items_purchased":["Guardian:BodySlam","Guardian:FloatingOrbs","FairyPotion"],"campfire_rested":0,"item_purchase_floors":[4,4,4],"current_hp_per_floor":[80,76,76,76,70,70,70,70,64,44,44,27,23,23,18,0,0,0],"gold":264,"neow_bonus":"TRANSFORM_TWO_CARDS","is_daily":false,"chose_seed":false,"campfire_upgraded":2,"win_rate":0.0,"timestamp":1613029752,"path_taken":["R","M","?","$","M","?","T","R","?","E","?","E","M","M","M","BOSS"],"items_purchased_type":["Card","Card","Potion"],"build_version":"2020-12-22","purchased_purges":1,"victory":false,"max_hp_per_floor":[80,80,80,80,80,80,80,80,80,80,80,80,80,80,80,80,80,80],"card_choices":[{"not_picked":["Guardian:Reroute","Guardian:Gem_Crimson"],"picked":"Guardian:GuardianWhirl","floor":2.0},{"not_picked":["Guardian:Gem_Yellow","Guardian:Suspension"],"picked":"Guardian:Gem_Synthetic","floor":4.0},{"not_picked":["Guardian:Suspension","Guardian:TimeCapacitor"],"picked":"Guardian:CrystalBeam","floor":5.0},{"not_picked":["Guardian:BodySlam","Guardian:ChargeCore"],"picked":"Guardian:PiercingHide","floor":9.0},{"not_picked":["Guardian:Suspension","Guardian:TemporalShield"],"picked":"Guardian:Gem_White","floor":10.0},{"not_picked":["Guardian:Emergency","Guardian:CrystalBeam"],"picked":"Guardian:PrismaticBeam","floor":12.0},{"not_picked":["Guardian:TemporalShield","Guardian:Suspension","Guardian:ChargeCore"],"picked":"SKIP","floor":13.0},{"not_picked":["Guardian:GemFire","Guardian:BronzeOrb","Guardian:Reroute"],"picked":"SKIP","floor":14.0},{"not_picked":["Guardian:TemporalStrike","Guardian:Gem_Crimson"],"picked":"Guardian:ShieldCharger","floor":15.0}],"player_experience":460213,"relics_obtained":[{"floor":7.0,"key":"Potion Belt"},{"floor":10.0,"key":"HornCleat"},{"floor":12.0,"key":"Art of War"}],"event_choices":[{"damage_healed":0.0,"max_hp_gain":0.0,"max_hp_loss":0.0,"gold_gain":0.0,"event_name":"Lab","player_choice":"Got Potions","floor":6.0,"gold_loss":0.0,"damage_taken":0.0},{"cards_removed":["downfall:Icky"],"damage_healed":0.0,"max_hp_gain":0.0,"max_hp_loss":0.0,"gold_gain":0.0,"event_name":"The Cleric","player_choice":"Card Removal","floor":11.0,"gold_loss":0.0,"damage_taken":0.0}],"is_beta":false,"boss_relics":[],"items_purged_floors":[4],"is_endless":false,"potions_floor_spawned":[5,10,14],"killed_by":"IC_STATUS_ARCHETYPE","ascension_level":3}}