{"host":"j4g6ia6asvpyu2b0","time":1613053170,"event":{"mods":["BaseMod","Colored Map","Infinite Spire","Minty Spire (QoL Compilation)","Permanent Neow","Quick Restart","Relic Stats","StSLib","Unceasing Turn Reminder"],"gold_per_floor":[369,369,386,401,309,309,337,350,373,400,400,435,459,409,409,519,519,519,68,68,68,68,68,68,68,68,68,68,68,68,68,68,68,68,68,68,68,68,68,68,68,68,68,68,68,68,68,68,68,68],"floor_reached":51,"language":"ENG","playtime":2074,"items_purged":[],"score":1121,"play_id":"df54c50d-3148-4106-b0af-cdb66dd16dce","local_time":"20210211071930","is_ascension_mode":true,"campfire_choices":[{"data":"Discovery","floor":6,"key":"SMITH"},{"data":"infinitespire:SevenWalls","floor":15,"key":"SMITH"},{"data":"Fission","floor":27,"key":"SMITH"},{"data":"Chill","floor":32,"key":"SMITH"},{"data":"infinitespire:UltimateForm","floor":40,"key":"SMITH"},{"data":"Madness","floor":46,"key":"SMITH"},{"data":"Seek","floor":49,"key":"SMITH"}],"circlet_count":0,"master_deck":["Defend_B","Defend_B","Defend_B","Defend_B","Zap","Dualcast","Cold Snap","Rip and Tear","Cold Snap","Discovery+1","Ball Lightning","Cold Snap","Cold Snap","infinitespire:SevenWalls+1","White Noise","Turbo","Core Surge","Rip and Tear+1","Coolheaded+1","Coolheaded","Sweeping Beam+1","Conserve Battery","Darkness+1","Fission+1","FTL","Sunder","Chill+1","Turbo+1","Core Surge","Double Energy+1","infinitespire:UltimateForm+1","Aggregate","Lockon+1","Echo Form","Doom and Gloom","Undo","Hologram+1","Madness+1","Madness","Static Discharge+1","Seek+1"],"relics":["Cracked Core","infinitespire:Beetle Shell","Happy Flower","Boot","CeramicFish","Ectoplasm","Dead Branch","Omamori","Dream Catcher","Lantern","Coffee Dripper","Inserter","Pantograph","infinitespire:Freezer","Bronze Scales","Du-Vu Doll","CaptainsWheel"],"acts_visited":["Exordium","TheCity","TheBeyond"],"potions_floor_usage":[1,12,16,23],"damage_taken":[{"damage":1,"enemies":"Cultist","floor":1,"turns":3},{"damage":0,"enemies":"2 Louse","floor":3,"turns":2},{"damage":0,"enemies":"Small Slimes","floor":4,"turns":3},{"damage":10,"enemies":"Gremlin Nob","floor":7,"turns":3},{"damage":1,"enemies":"2 Fungi Beasts","floor":8,"turns":3},{"damage":11,"enemies":"3 Sentries","floor":10,"turns":7},{"damage":0,"enemies":"Gremlin Nob","floor":12,"turns":3},{"damage":0,"enemies":"Exordium Wildlife","floor":13,"turns":4},{"damage":0,"enemies":"The Guardian","floor":16,"turns":11},{"damage":0,"enemies":"Spheric Guardian","floor":18,"turns":3},{"damage":0,"enemies":"3 Byrds","floor":20,"turns":4},{"damage":0,"enemies":"Snecko","floor":21,"turns":3},{"damage":0,"enemies":"Sentry and Sphere","floor":22,"turns":4},{"damage":13,"enemies":"Gremlin Leader","floor":23,"turns":7},{"damage":0,"enemies":"Shelled Parasite and Fungi","floor":24,"turns":4},{"damage":0,"enemies":"Nightmare","floor":25,"turns":7},{"damage":0,"enemies":"Snake Plant","floor":30,"turns":3},{"damage":0,"enemies":"Snecko","floor":31,"turns":3},{"damage":0,"enemies":"Automaton","floor":33,"turns":8},{"damage":0,"enemies":"3 Darklings","floor":35,"turns":3},{"damage":0,"enemies":"3 Shapes","floor":38,"turns":4},{"damage":7,"enemies":"Writhing Mass","floor":39,"turns":5},{"damage":0,"enemies":"Transient","floor":41,"turns":5},{"damage":17,"enemies":"Reptomancer","floor":42,"turns":5},{"damage":0,"enemies":"Giant Head","floor":44,"turns":6},{"damage":0,"enemies":"Mind Bloom Boss Battle","floor":47,"turns":5},{"damage":0,"enemies":"Nightmare","floor":48,"turns":9},{"damage":5,"enemies":"Awakened One","floor":50,"turns":9}],"seed_played":"-5930141770078619476","potions_obtained":[{"floor":1,"key":"Fruit Juice"},{"floor":4,"key":"Swift Potion"},{"floor":8,"key":"GamblersBrew"},{"floor":18,"key":"LiquidBronze"},{"floor":21,"key":"Block Potion"},{"floor":24,"key":"Explosive Potion"},{"floor":25,"key":"SneckoOil"},{"floor":41,"key":"infinitespire:BlackPotion"},{"floor":47,"key":"PowerPotion"}],"is_trial":false,"path_per_floor":["M","?","M","M","$","R","E","M","T","E","?","E","M","?","R","B",null,"M","$","M","M","M","E","M","NM","T","R","?","?","M","M","R","B",null,"M","AVR","?","M","M","R","M","E","T","E","?","R","?","NM","R","B",null],"character_chosen":"DEFECT","items_purchased":["Discovery","Dead Branch","Omamori"],"campfire_rested":0,"item_purchase_floors":[5,19,19],"current_hp_per_floor":[72,72,72,72,72,72,62,61,61,50,32,32,32,32,32,32,73,73,73,73,73,73,60,60,60,60,60,60,60,60,60,60,60,73,73,73,73,73,66,66,66,49,49,49,40,40,65,65,65,68],"gold":68,"neow_bonus":"TWO_FIFTY_GOLD","is_daily":false,"chose_seed":false,"campfire_upgraded":7,"win_rate":0.0,"timestamp":1613053170,"path_taken":["M","?","M","?","$","R","E","M","T","E","?","E","M","?","R","BOSS","M","$","M","M","M","E","M","NM","T","R","?","?","M","M","R","BOSS","M","AVR","?","M","M","R","?","E","T","E","?","R","?","NM","R","BOSS"],"items_purchased_type":["Card","Relic","Relic"],"build_version":"2020-12-22","purchased_purges":0,"victory":true,"max_hp_per_floor":[73,73,73,73,73,73,73,73,73,73,73,73,73,73,73,73,73,73,73,73,73,73,73,73,73,73,73,73,73,73,73,73,73,73,73,73,73,73,73,73,73,73,73,73,73,73,73,73,73,73],"relic_stats":{"Dream Catcher":0,"Inserter":[24],"Happy Flower":[40],"counters":[28,136],"CeramicFish":27,"Dead Branch":[98],"Pantograph":33,"Bronze Scales":[119],"Ectoplasm":811,"Boot":[64],"obtain_stats":[{"Lantern":25,"Inserter":36,"Happy Flower":9,"CeramicFish":12,"Dead Branch":19,"infinitespire:Beetle Shell":7,"Omamori":19,"Boot":10,"Du-Vu Doll":47,"Dream Catcher":23,"CaptainsWheel":48,"Pantograph":42,"Bronze Scales":44,"Ectoplasm":17,"Coffee Dripper":34,"Cracked Core":0,"infinitespire:Freezer":43},{"Lantern":16,"Inserter":20,"Happy Flower":5,"CeramicFish":7,"Dead Branch":10,"infinitespire:Beetle Shell":4,"Omamori":10,"Boot":6,"Du-Vu Doll":26,"Dream Catcher":14,"CaptainsWheel":27,"Pantograph":24,"Bronze Scales":25,"Ectoplasm":9,"Coffee Dripper":19,"Cracked Core":0,"infinitespire:Freezer":24},{"Lantern":71,"Inserter":88,"Happy Flower":14,"CeramicFish":24,"Dead Branch":42,"infinitespire:Beetle Shell":11,"Omamori":42,"Boot":21,"Du-Vu Doll":118,"Dream Catcher":60,"CaptainsWheel":127,"Pantograph":107,"Bronze Scales":113,"Ectoplasm":39,"Coffee Dripper":85,"Cracked Core":0,"infinitespire:Freezer":107}]},"card_choices":[{"not_picked":["Skim","Stack"],"picked":"Cold Snap","floor":1},{"not_picked":["Leap","Conserve Battery"],"picked":"Rip and Tear","floor":3},{"not_picked":["Fusion","Rebound"],"picked":"Cold Snap","floor":4},{"not_picked":["All For One","Double Energy"],"picked":"Ball Lightning","floor":7},{"not_picked":["Leap","Redo"],"picked":"Cold Snap","floor":8},{"not_picked":["Beam Cell","Recycle"],"picked":"Cold Snap","floor":10},{"not_picked":["infinitespire:SealOfDarkness+","infinitespire:Collect"],"picked":"infinitespire:SevenWalls","floor":11},{"not_picked":["Rebound","Cold Snap"],"picked":"White Noise","floor":12},{"not_picked":["Go for the Eyes","Storm"],"picked":"Turbo","floor":13},{"not_picked":["Amplify","Thunder Strike"],"picked":"Core Surge","floor":16},{"not_picked":["Coolheaded","Redo"],"picked":"Rip and Tear+1","floor":18},{"not_picked":["Melter+1","Sunder"],"picked":"Coolheaded+1","floor":20},{"not_picked":["Steam","Sweeping Beam"],"picked":"Coolheaded","floor":21},{"not_picked":["Gash+1","Blizzard"],"picked":"Sweeping Beam+1","floor":22},{"not_picked":["Gash","Storm"],"picked":"Conserve Battery","floor":23},{"not_picked":["Sweeping Beam","Fusion+1"],"picked":"Darkness+1","floor":24},{"not_picked":["Recycle+1","Go for the Eyes"],"picked":"Fission","floor":25},{"not_picked":["Rebound","Go for the Eyes"],"picked":"Chill","floor":30},{"not_picked":["Barrage","Stack+1"],"picked":"Turbo+1","floor":31},{"not_picked":["All For One","Meteor Strike"],"picked":"Core Surge","floor":33},{"not_picked":["Hologram","Sweeping Beam+1"],"picked":"Double Energy+1","floor":35},{"not_picked":["Rebound+1","Beam Cell"],"picked":"Lockon+1","floor":38},{"not_picked":["Storm+1","Compile Driver+1"],"picked":"Echo Form","floor":39},{"not_picked":["Hologram","Turbo"],"picked":"Doom and Gloom","floor":41},{"not_picked":["Ball Lightning+1","Compile Driver"],"picked":"Undo","floor":42},{"not_picked":["Self Repair","BootSequence"],"picked":"Hologram+1","floor":44},{"not_picked":["Cold Snap","Buffer"],"picked":"Static Discharge+1","floor":47},{"not_picked":["All For One","Chaos+1"],"picked":"Seek","floor":48}],"player_experience":1230329,"relics_obtained":[{"floor":7,"key":"infinitespire:Beetle Shell"},{"floor":9,"key":"Happy Flower"},{"floor":10,"key":"Boot"},{"floor":12,"key":"CeramicFish"},{"floor":23,"key":"Dream Catcher"},{"floor":25,"key":"Lantern"},{"floor":42,"key":"Pantograph"},{"floor":43,"key":"infinitespire:Freezer"},{"floor":44,"key":"Bronze Scales"},{"floor":47,"key":"Du-Vu Doll"},{"floor":48,"key":"CaptainsWheel"}],"event_choices":[{"cards_removed":["Strike_B"],"damage_healed":0,"gold_gain":0,"player_choice":"Card Removal","damage_taken":0,"max_hp_gain":0,"max_hp_loss":0,"event_name":"Wheel of Change","floor":2,"gold_loss":0},{"cards_removed":["Strike_B"],"damage_healed":0,"gold_gain":0,"player_choice":"Card Removal","damage_taken":0,"max_hp_gain":0,"max_hp_loss":0,"event_name":"The Cleric","floor":14,"gold_loss":50},{"damage_healed":0,"gold_gain":99,"player_choice":"Stole From Cult","damage_taken":0,"max_hp_gain":0,"max_hp_loss":0,"event_name":"Nest","floor":28,"gold_loss":0},{"damage_healed":0,"gold_gain":0,"cards_transformed":["Strike_B","Strike_B"],"player_choice":"Became Test Subject","damage_taken":0,"max_hp_gain":0,"max_hp_loss":0,"event_name":"Drug Dealer","floor":29,"gold_loss":0,"cards_obtained":["FTL","Sunder"]},{"damage_healed":0,"gold_gain":0,"player_choice":"1 cards matched","damage_taken":0,"max_hp_gain":0,"max_hp_loss":0,"event_name":"Match and Keep!","floor":37,"gold_loss":0,"cards_obtained":["Aggregate"]},{"damage_healed":0,"gold_gain":0,"player_choice":"Embrace Madness","damage_taken":9,"max_hp_gain":0,"max_hp_loss":0,"event_name":"Winding Halls","floor":45,"gold_loss":0,"cards_obtained":["Madness","Madness"]},{"damage_healed":0,"gold_gain":0,"player_choice":"Fight","damage_taken":0,"max_hp_gain":0,"max_hp_loss":0,"event_name":"MindBloom","floor":47,"gold_loss":0}],"is_beta":false,"boss_relics":[{"not_picked":["Empty Cage","Pandora\u0027s Box"],"picked":"Ectoplasm"},{"not_picked":["Fusion Hammer","Busted Crown"],"picked":"Coffee Dripper"}],"items_purged_floors":[],"is_endless":false,"potions_floor_spawned":[1,4,8,18,21,24,25,39,41,47,48],"ascension_level":1}}