{"host":"Reve","time":1613015755,"event":{"mods":["BaseMod","Minty Spire (QoL Compilation)"],"gold_per_floor":[110,126,126,126,9,9,43,43,98,98,115,115,128,156,156,255,255,271,298,298,29,128,128,154,154,154,186,198,214,238,258,258,353,353,365,365,170,186,201,227,227,238,262,262,278,278,308,322,322,322],"floor_reached":51,"language":"ENG","playtime":1542,"items_purged":["Strike_B","Strike_B"],"score":778,"play_id":"9a512569-877e-4f23-a8df-3684f07598a3","local_time":"20210210225555","is_ascension_mode":false,"campfire_choices":[{"data":"Go for the Eyes","floor":6,"key":"SMITH"},{"floor":10,"key":"REST"},{"data":"Consume","floor":12,"key":"SMITH"},{"data":"Conserve Battery","floor":15,"key":"SMITH"},{"data":"White Noise","floor":23,"key":"SMITH"},{"data":"Defragment","floor":25,"key":"SMITH"},{"data":"Lockon","floor":32,"key":"SMITH"},{"data":"Conserve Battery","floor":41,"key":"SMITH"},{"data":"Electrodynamics","floor":44,"key":"SMITH"},{"data":"Ball Lightning","floor":49,"key":"SMITH"}],"circlet_count":0,"master_deck":["Defend_B","Defend_B","Defend_B","Defend_B","Zap+1","Dualcast","Ball Lightning+1","Consume+1","Go for the Eyes+1","Conserve Battery+1","Gash","Self Repair","Conserve Battery+1","Electrodynamics+1","Redo+1","Defragment+1","White Noise+1","Lockon+1","Coolheaded+1","Conserve Battery+1"],"relics":["Cracked Core","Letter Opener","Blood Vial","The Courier","Busted Crown","Red Mask","Enchiridion","Happy Flower","Eternal Feather","White Beast Statue","Gremlin Horn","Oddly Smooth Stone","Coffee Dripper","Runic Capacitor","Nunchaku","Art of War","Akabeko"],"acts_visited":["Exordium","TheCity","TheBeyond"],"potions_floor_usage":[7,14,16,33,50,50],"damage_taken":[{"damage":1,"enemies":"Cultist","floor":1,"turns":3},{"damage":6,"enemies":"Jaw Worm","floor":2,"turns":3},{"damage":54,"enemies":"3 Sentries","floor":7,"turns":10},{"damage":0,"enemies":"Small Slimes","floor":11,"turns":3},{"damage":20,"enemies":"Gremlin Gang","floor":13,"turns":4},{"damage":13,"enemies":"Lagavulin","floor":14,"turns":6},{"damage":15,"enemies":"Hexaghost","floor":16,"turns":9},{"damage":19,"enemies":"2 Thieves","floor":18,"turns":4},{"damage":0,"enemies":"Masked Bandits","floor":19,"turns":2},{"damage":0,"enemies":"Gremlin Leader","floor":24,"turns":5},{"damage":11,"enemies":"Slavers","floor":27,"turns":3},{"damage":0,"enemies":"3 Byrds","floor":28,"turns":2},{"damage":0,"enemies":"Sentry and Sphere","floor":29,"turns":2},{"damage":21,"enemies":"Snecko","floor":31,"turns":5},{"damage":12,"enemies":"Champ","floor":33,"turns":6},{"damage":7,"enemies":"3 Darklings","floor":35,"turns":3},{"damage":12,"enemies":"Orb Walker","floor":38,"turns":4},{"damage":0,"enemies":"Transient","floor":39,"turns":5},{"damage":30,"enemies":"Nemesis","floor":40,"turns":7},{"damage":16,"enemies":"3 Darklings","floor":42,"turns":3},{"damage":26,"enemies":"Jaw Worm Horde","floor":45,"turns":3},{"damage":14,"enemies":"Reptomancer","floor":47,"turns":4},{"damage":0,"enemies":"Transient","floor":48,"turns":5},{"damage":2,"enemies":"Awakened One","floor":50,"turns":6}],"seed_played":"-7750590448865963609","potions_obtained":[{"floor":2,"key":"SkillPotion"},{"floor":7,"key":"EssenceOfSteel"},{"floor":11,"key":"PowerPotion"},{"floor":27,"key":"EssenceOfSteel"},{"floor":28,"key":"FocusPotion"},{"floor":29,"key":"FocusPotion"},{"floor":33,"key":"SteroidPotion"}],"is_trial":false,"path_per_floor":["M","M","?","?","$","R","E","?","T","R","M","R","M","E","R","B",null,"M","?","?","$","?","R","E","R","T","E","M","M","T","M","R","B",null,"M","?","$","M","M","E","R","M","T","R","M","?","E","M","R","B",null],"character_chosen":"DEFECT","items_purchased":["Consume","Go for the Eyes","Defragment","White Noise","Happy Flower","Runic Capacitor"],"campfire_rested":1,"item_purchase_floors":[5,5,21,21,21,37],"current_hp_per_floor":[74,68,68,68,68,68,14,14,14,36,38,38,20,23,23,17,75,56,65,49,49,49,49,58,67,67,65,67,75,75,61,73,70,75,75,71,71,66,71,48,60,53,53,65,48,48,43,52,64,64],"gold":322,"neow_bonus":"UPGRADE_CARD","is_daily":false,"chose_seed":false,"campfire_upgraded":9,"win_rate":0.0,"timestamp":1613015755,"path_taken":["M","M","?","?","$","R","E","?","T","R","?","R","M","E","R","BOSS","M","?","?","$","?","R","E","R","T","E","M","M","?","?","R","BOSS","M","?","$","M","M","E","R","M","T","R","M","?","E","?","R","BOSS"],"items_purchased_type":["Card","Card","Card","Card","Relic","Relic"],"build_version":"2020-12-18","purchased_purges":2,"victory":true,"max_hp_per_floor":[75,75,75,75,75,75,75,75,75,75,75,75,75,75,75,75,75,75,75,75,75,75,75,75,75,75,75,75,75,75,75,75,75,75,75,71,71,71,71,71,71,71,71,71,71,71,71,71,71,71],"card_choices":[{"not_picked":["Hologram","Chaos","Doom and Gloom"],"picked":"SKIP","floor":1},{"not_picked":["Coolheaded","Rebound"],"picked":"Ball Lightning","floor":2},{"not_picked":["Stack","Barrage"],"picked":"Conserve Battery","floor":7},{"not_picked":["Blizzard","Storm"],"picked":"Gash","floor":11},{"not_picked":["White Noise","Conserve Battery"],"picked":"Self Repair","floor":13},{"not_picked":["Barrage","Hyperbeam"],"picked":"Conserve Battery","floor":14},{"not_picked":["Reboot","Fission"],"picked":"Electrodynamics","floor":16},{"not_picked":[],"picked":"Redo+1","floor":18},{"not_picked":["Rip and Tear"],"picked":"SKIP","floor":24},{"not_picked":["Steam Power"],"picked":"SKIP","floor":27},{"not_picked":["Hello World+1"],"picked":"SKIP","floor":28},{"not_picked":[],"picked":"Lockon","floor":29},{"not_picked":["Sweeping Beam"],"picked":"SKIP","floor":31},{"not_picked":["Undo"],"picked":"SKIP","floor":35},{"not_picked":[],"picked":"Coolheaded+1","floor":38},{"not_picked":[],"picked":"Conserve Battery+1","floor":39},{"not_picked":["Rainbow"],"picked":"SKIP","floor":40},{"not_picked":["Go for the Eyes"],"picked":"SKIP","floor":42},{"not_picked":["Sweeping Beam"],"picked":"SKIP","floor":45},{"not_picked":["Hologram"],"picked":"SKIP","floor":47},{"not_picked":["Recycle+1"],"picked":"SKIP","floor":48}],"player_experience":217426,"relics_obtained":[{"floor":7,"key":"Letter Opener"},{"floor":9,"key":"Blood Vial"},{"floor":14,"key":"The Courier"},{"floor":19,"key":"Red Mask"},{"floor":20,"key":"Enchiridion"},{"floor":24,"key":"Eternal Feather"},{"floor":26,"key":"White Beast Statue"},{"floor":27,"key":"Gremlin Horn"},{"floor":30,"key":"Oddly Smooth Stone"},{"floor":40,"key":"Nunchaku"},{"floor":43,"key":"Art of War"},{"floor":47,"key":"Akabeko"}],"event_choices":[{"damage_healed":0,"gold_gain":0,"player_choice":"Leave","damage_taken":0,"max_hp_gain":0,"max_hp_loss":0,"event_name":"The Cleric","floor":3,"gold_loss":0},{"damage_healed":0,"gold_gain":0,"player_choice":"Ignored","damage_taken":0,"max_hp_gain":0,"max_hp_loss":0,"event_name":"Golden Wing","floor":4,"gold_loss":0},{"cards_removed":["Strike_B"],"damage_healed":0,"gold_gain":0,"player_choice":"Purged","damage_taken":0,"max_hp_gain":0,"max_hp_loss":0,"event_name":"Purifier","floor":8,"gold_loss":0},{"damage_healed":0,"gold_gain":0,"player_choice":"Fought Bandits","damage_taken":0,"max_hp_gain":0,"max_hp_loss":0,"event_name":"Masked Bandits","floor":19,"gold_loss":0},{"damage_healed":0,"gold_gain":0,"player_choice":"Obtained Book","damage_taken":16,"max_hp_gain":0,"max_hp_loss":0,"event_name":"Cursed Tome","floor":20,"gold_loss":0},{"damage_healed":0,"gold_gain":99,"player_choice":"Stole From Cult","damage_taken":0,"max_hp_gain":0,"max_hp_loss":0,"event_name":"Nest","floor":22,"gold_loss":0},{"damage_healed":0,"gold_gain":0,"player_choice":"Max HP","damage_taken":0,"max_hp_gain":0,"max_hp_loss":4,"event_name":"Winding Halls","floor":36,"gold_loss":0},{"cards_removed":["Strike_B"],"damage_healed":0,"gold_gain":0,"player_choice":"Offered Basic","damage_taken":0,"max_hp_gain":0,"max_hp_loss":0,"event_name":"Bonfire Elementals","floor":46,"gold_loss":0}],"is_beta":true,"boss_relics":[{"not_picked":["Black Star","Fusion Hammer"],"picked":"Busted Crown"},{"not_picked":["Pandora\u0027s Box","Calling Bell"],"picked":"Coffee Dripper"}],"items_purged_floors":[21,37],"is_endless":false,"potions_floor_spawned":[2,7,11,27,28,29,31,33,35,38,39,40,42,45,47,48],"ascension_level":0}}