{"host":"6xsbn6ynqlzwllfm","time":1613066830,"event":{"mods":["2.2 Compatiblity","BaseMod","Bestiary","Colored Map","Colored Powertips","Curses Come First","Downfall","Highlight Path","Keyboard Shortcuts","Minty Spire (QoL Compilation)","Relic Stats","Slay the Relics Exporter","StSLib","SuperFastMode"],"gold_per_floor":[99,112,112,112,129,129,206,235,35,35,60,75,86,120,139,139,139,139],"floor_reached":16,"language":"ENG","playtime":1675,"items_purged":[],"score":126,"play_id":"d077660b-146c-4cb9-91ba-6a66cfafc72e","local_time":"20210211130710","is_ascension_mode":true,"campfire_choices":[{"data":"bronze:Goto","floor":1,"key":"SMITH"},{"floor":6,"key":"RECALL"},{"data":"bronze:Format","floor":9,"key":"SMITH"}],"circlet_count":0,"master_deck":["bronze:Strike","bronze:Strike","bronze:Strike","bronze:Strike","bronze:Defend","bronze:Defend","bronze:Defend","bronze:Defend","bronze:Replicate","bronze:Goto+1","bronze:ClassDefault","Pain","bronze:CutThrough","bronze:Format+1","bronze:Iterate","bronze:Fortify","bronze:Terminator","bronze:BitShift","bronze:ItsAFeature"],"relics":["bronze:BronzeCore","WarpedTongs","Incense Burner","downfall:HeartBlessingRed","downfall:HeartBlessingBlue","Omamori","Smiling Mask"],"acts_visited":["Exordium"],"potions_floor_usage":[8,8,14,16,16],"damage_taken":[{"damage":0,"enemies":"Small Slimes","floor":2,"turns":3},{"damage":10,"enemies":"Jaw Worm","floor":5,"turns":3},{"damage":17,"enemies":"Gremlin Nob","floor":8,"turns":3},{"damage":0,"enemies":"Cultist","floor":10,"turns":1},{"damage":9,"enemies":"Lagavulin","floor":11,"turns":4},{"damage":3,"enemies":"Red Slaver","floor":12,"turns":2},{"damage":12,"enemies":"Exordium Thugs","floor":13,"turns":5},{"damage":17,"enemies":"Gremlin Nob","floor":14,"turns":4},{"damage":8,"enemies":"Blue Slaver","floor":15,"turns":3},{"damage":8,"enemies":"IC_STATUS_ARCHETYPE","floor":16,"turns":2}],"seed_played":"375893457877199570","potions_obtained":[{"floor":0,"key":"Strength Potion"},{"floor":0,"key":"FearPotion"},{"floor":0,"key":"AttackPotion"},{"floor":2,"key":"DuplicationPotion"},{"floor":14,"key":"Dexterity Potion"},{"floor":15,"key":"Slimebound:ThreeZeroPotion"}],"is_trial":false,"path_per_floor":["R","M","?","?","M","R","T","E","R","M","E","M","M","E","M","B"],"character_chosen":"THE_AUTOMATON","items_purchased":[],"campfire_rested":0,"item_purchase_floors":[],"current_hp_per_floor":[70,70,70,70,60,60,60,43,53,53,44,41,29,12,4,0,0,0],"gold":139,"neow_bonus":"THREE_SMALL_POTIONS","is_daily":false,"chose_seed":false,"campfire_upgraded":2,"win_rate":0.0,"timestamp":1613066830,"path_taken":["R","M","?","?","M","R","T","E","R","M","E","M","?","E","M","BOSS"],"items_purchased_type":[],"build_version":"2020-12-22","purchased_purges":0,"victory":false,"max_hp_per_floor":[70,70,70,70,70,70,70,70,80,80,80,80,80,80,80,80,80,80],"relic_stats":{"counters":[10,30],"Smiling Mask":0,"obtain_stats":[{"bronze:BronzeCore":0,"downfall:BrokenWingStatue":3,"downfall:HeartBlessingRed":9,"downfall:HeartBlessingBlue":9,"Incense Burner":8,"Omamori":11,"Smiling Mask":14,"WarpedTongs":4},{"bronze:BronzeCore":0,"downfall:BrokenWingStatue":1,"downfall:HeartBlessingRed":3,"downfall:HeartBlessingBlue":3,"Incense Burner":3,"Omamori":5,"Smiling Mask":8,"WarpedTongs":1},{"bronze:BronzeCore":0,"downfall:BrokenWingStatue":3,"downfall:HeartBlessingRed":9,"downfall:HeartBlessingBlue":9,"Incense Burner":9,"Omamori":14,"Smiling Mask":25,"WarpedTongs":3}],"WarpedTongs":[27]},"card_choices":[{"not_picked":["bronze:ForLoop","bronze:Turbo"],"picked":"bronze:ClassDefault","floor":2},{"not_picked":["bronze:BugBarrage","bronze:Iterate"],"picked":"bronze:CutThrough","floor":5},{"not_picked":["bronze:Shield","bronze:Repair"],"picked":"bronze:Format","floor":8},{"not_picked":["bronze:Deprecate","bronze:WildBeam"],"picked":"bronze:Iterate","floor":10},{"not_picked":["bronze:Allocate","bronze:OilSpill"],"picked":"bronze:Fortify","floor":11},{"not_picked":["bronze:ClassDefault","bronze:DelayedSlice","bronze:Shield"],"picked":"SKIP","floor":12},{"not_picked":["bronze:OilSpill","bronze:Turbo"],"picked":"bronze:Terminator","floor":13},{"not_picked":["bronze:Shield","bronze:Repair"],"picked":"bronze:BitShift","floor":14},{"not_picked":["bronze:Frontload","bronze:BuggyMess"],"picked":"bronze:ItsAFeature","floor":15}],"player_experience":1710187,"relics_obtained":[{"floor":8,"key":"Incense Burner"},{"floor":11,"key":"Omamori"},{"floor":14,"key":"Smiling Mask"}],"event_choices":[],"is_beta":false,"boss_relics":[],"items_purged_floors":[],"is_endless":false,"potions_floor_spawned":[2,5,14,15],"killed_by":"IC_STATUS_ARCHETYPE","ascension_level":1}}