{"host":"nb31x7fxbzv78wxi","time":1613019901,"event":{"mods":["BaseMod","Hermit","Infinite Spire","Marisa????????","Minty Spire (QoL Compilation)","Random Character Button","StSLib","The Administrix","The Construct","The Disciple","The Runesmith"],"gold_per_floor":[113,113,113,113,11,11,38,38,109,122,122,157,183,208,220,334,346,375,387,416,36,36,63,83,83,133,133,143,143,68,83,83,184,184,218,218,218,262,121,121,121,138,190,190,190,209,240,240,240,338,338,338],"floor_reached":51,"language":"ENG","playtime":3906,"items_purged":["Strike_MRS","Defend_MRS"],"score":751,"play_id":"11e39d61-2860-4f04-b738-083bcb3412df","local_time":"20210210210501","is_ascension_mode":false,"campfire_choices":[{"floor":6.0,"key":"REST"},{"data":"SprinkleStarSeal","floor":11.0,"key":"SMITH"},{"data":"MilkyWay","floor":15.0,"key":"SMITH"},{"floor":27,"key":"REST"},{"data":"BinaryStars","floor":29,"key":"SMITH"},{"data":"Singularity","floor":32,"key":"SMITH"},{"data":"UltimateShortwave","floor":40,"key":"SMITH"},{"floor":45,"key":"RECALL"},{"floor":49,"key":"REST"}],"circlet_count":0,"master_deck":["Defend_MRS+1","Defend_MRS+1","MasterSpark+1","UpSweep+1","WitchLeyline+1","SprinkleStarSeal+1","GalacticHalo+1","infinitespire:Menacing+1","IllusionStar+1","MilkyWay+1","GrandCross+1","StarBarrage+1","Singularity+1","ShootingEcho+1","BinaryStars+1","ShootingEcho+1","HandOfGreed+1","OortCloud+1","ChargeUpSpray+1","GravityBeat+1","PulseMagic+1","DarkMatter+1","MillisecondPulsars+1","DragonMeteor+1","UltimateShortwave+1","Wraith","EnergyRecoil+1","DeepEcoloBomb+1","EscapeVelocity"],"relics":["MiniHakkero","Shuriken","Pear","MawBank","Empty Cage","Runesmith:Nanobots","Bag of Marbles","Potion Belt","Enchiridion","War Paint","RampagingMagicTools","Mark of the Bloom","Strawberry","infinitespire:FocusingShard","Runesmith:UraniumAnvil"],"acts_visited":["Exordium","TheCity","TheBeyond","Exordium"],"potions_floor_usage":[24],"damage_taken":[{"damage":8.0,"enemies":"Jaw Worm","floor":1.0,"turns":2.0},{"damage":0.0,"enemies":"Lagavulin","floor":7.0,"turns":6.0},{"damage":2.0,"enemies":"2 Louse","floor":10.0,"turns":2.0},{"damage":0.0,"enemies":"Gremlin Nob","floor":12.0,"turns":2.0},{"damage":0.0,"enemies":"Small Slimes","floor":13.0,"turns":1.0},{"damage":4.0,"enemies":"Exordium Thugs","floor":14.0,"turns":3.0},{"damage":24.0,"enemies":"The Guardian","floor":16.0,"turns":6.0},{"damage":4.0,"enemies":"Chosen","floor":18.0,"turns":4.0},{"damage":5.0,"enemies":"3 Byrds","floor":20.0,"turns":6.0},{"damage":11.0,"enemies":"Nightmare","floor":23.0,"turns":6.0},{"damage":6,"enemies":"Centurion and Healer","floor":24,"turns":6},{"damage":20,"enemies":"Snake Plant","floor":28,"turns":4},{"damage":0,"enemies":"Snecko","floor":31,"turns":2},{"damage":24,"enemies":"Automaton","floor":33,"turns":8},{"damage":0,"enemies":"3 Shapes","floor":35,"turns":2},{"damage":2,"enemies":"Orb Walker","floor":38,"turns":2},{"damage":5,"enemies":"Writhing Mass","floor":42,"turns":3},{"damage":16,"enemies":"Jaw Worm Horde","floor":46,"turns":3},{"damage":0,"enemies":"Giant Head","floor":47,"turns":7},{"damage":46,"enemies":"Donu and Deca","floor":50,"turns":7}],"seed_played":"24728147270417117","potions_obtained":[{"floor":8.0,"key":"construct:ShiftPotion"},{"floor":8.0,"key":"DistilledChaos"},{"floor":8.0,"key":"SkillPotion"},{"floor":10.0,"key":"FearPotion"},{"floor":12.0,"key":"FearPotion"},{"floor":18.0,"key":"Strength Potion"},{"floor":28,"key":"DistilledChaos"},{"floor":47,"key":"Ancient Potion"}],"is_trial":false,"path_per_floor":["M","?","?","?","$","R","E","?","T","M","R","E","M","M","R","B",null,"M","AVR","M","$","?","NM","M","?","T","R","M","R","$","M","R","B",null,"M","?","?","M","$","R","?","M","T","$","R","M","E","?","R","B",null],"character_chosen":"MARISA","items_purchased":["IllusionStar","Bag of Marbles","HandOfGreed","OortCloud","Regen Potion","UltimateShortwave"],"campfire_rested":3,"item_purchase_floors":[5,21,21,21,30,39],"current_hp_per_floor":[60,65,47,32,32,53,53,53,63,61,61,61,61,57,57,33,83,79,79,74,74,58,47,41,25,25,51,31,31,31,31,31,7,88,88,88,88,86,86,86,86,81,81,81,81,65,65,65,65,19,19,19],"gold":338,"neow_bonus":"TRANSFORM_TWO_CARDS","is_daily":false,"chose_seed":false,"campfire_upgraded":5,"win_rate":0.0,"timestamp":1613019901,"path_taken":["M","?","?","?","$","R","E","?","T","M","R","E","?","M","R","BOSS","M","AVR","M","$","?","NM","M","?","T","R","M","R","$","M","R","BOSS","M","?","?","M","$","R","?","M","T","?","R","M","E","?","R","BOSS"],"items_purchased_type":["Card","Relic","Card","Card","Potion","Card"],"build_version":"2020-12-22","purchased_purges":2,"victory":false,"max_hp_per_floor":[68,73,73,73,73,73,73,73,83,83,83,83,83,83,83,83,83,83,83,83,83,88,88,88,88,88,88,88,88,88,88,88,88,88,88,88,88,88,88,88,88,88,95,95,95,95,95,95,95,95,95,95],"card_choices":[{"not_picked":["NonDirectionalLaser","UnstableBomb"],"picked":"GalacticHalo","floor":1.0},{"not_picked":["infinitespire:Fortify","infinitespire:UltimateForm"],"picked":"infinitespire:Menacing","floor":3.0},{"not_picked":["DoubleSpark","6A"],"picked":"MilkyWay","floor":7.0},{"not_picked":["GalacticHalo","MilkyWay"],"picked":"GrandCross","floor":10.0},{"not_picked":["UnstableBomb","GalacticHalo"],"picked":"StarBarrage","floor":12.0},{"not_picked":["UnstableBomb","EscapeVelocity"],"picked":"Singularity","floor":13.0},{"not_picked":["GalacticHalo","GravityBeat"],"picked":"ShootingEcho","floor":14.0},{"not_picked":["CollectingQuirk","MaximisePower"],"picked":"BinaryStars","floor":16.0},{"not_picked":["OpenUniverse","MilkyWay"],"picked":"PowerUp","floor":18.0},{"not_picked":["WitchLeyline","GalacticHalo"],"picked":"ShootingEcho","floor":20.0},{"not_picked":["CasketOfStar","SporeBomb"],"picked":"ChargeUpSpray","floor":23.0},{"not_picked":["MachineGunSpark","DeepEcoloBomb"],"picked":"GravityBeat+1","floor":24},{"not_picked":["IllusionStar+1","Acceleration"],"picked":"PulseMagic+1","floor":28},{"not_picked":["SporeBomb","GrandCross"],"picked":"DarkMatter+1","floor":31},{"not_picked":["UltimateShortwave","StarDustReverie"],"picked":"MillisecondPulsars","floor":33},{"not_picked":["LuminesStrike","MilkyWay"],"picked":"DragonMeteor+1","floor":35},{"not_picked":["SporeBomb","DarkMatter","FinalSpark"],"picked":"SKIP","floor":38},{"not_picked":["FairyDestructionRay+1","MachineGunSpark"],"picked":"EnergyRecoil+1","floor":42},{"not_picked":["NonDirectionalLaser+1","Acceleration","DC"],"picked":"SKIP","floor":46},{"not_picked":["IllusionStar+1","ChargingUp+1"],"picked":"DeepEcoloBomb","floor":47},{"not_picked":["BinaryStars","TreasureHunter"],"picked":"EscapeVelocity","floor":50}],"player_experience":720795,"relics_obtained":[{"floor":7.0,"key":"Shuriken"},{"floor":9.0,"key":"Pear"},{"floor":12.0,"key":"MawBank"},{"floor":23.0,"key":"Potion Belt"},{"floor":25,"key":"Enchiridion"},{"floor":26,"key":"War Paint"},{"floor":43,"key":"Strawberry"},{"floor":47,"key":"infinitespire:FocusingShard"}],"event_choices":[{"damage_healed":0.0,"max_hp_gain":5.0,"max_hp_loss":0.0,"gold_gain":0.0,"event_name":"Big Fish","player_choice":"Donut","floor":2.0,"gold_loss":0.0,"damage_taken":0.0},{"damage_healed":0.0,"max_hp_gain":0.0,"max_hp_loss":0.0,"gold_gain":0.0,"event_name":"Shining Light","player_choice":"Entered Light","floor":4.0,"gold_loss":0.0,"damage_taken":15.0,"cards_upgraded":["MasterSpark","infinitespire:Menacing"]},{"damage_healed":0.0,"max_hp_gain":0.0,"max_hp_loss":0.0,"gold_gain":0.0,"event_name":"Lab","player_choice":"Got Potions","floor":8.0,"gold_loss":0.0,"damage_taken":0.0},{"damage_healed":0.0,"max_hp_gain":5.0,"max_hp_loss":0.0,"gold_gain":0.0,"event_name":"Forgotten Altar","player_choice":"Shed Blood","floor":22.0,"gold_loss":0.0,"damage_taken":21.0},{"damage_healed":0,"gold_gain":0,"player_choice":"Obtained Book","damage_taken":16,"max_hp_gain":0,"max_hp_loss":0,"event_name":"Cursed Tome","floor":25,"gold_loss":0},{"damage_healed":0,"gold_gain":0,"player_choice":"Upgrade","damage_taken":0,"relics_obtained":["Mark of the Bloom"],"max_hp_gain":0,"max_hp_loss":0,"event_name":"MindBloom","floor":36,"gold_loss":0,"cards_upgraded":["Defend_MRS","UpSweep","WitchLeyline","IllusionStar","GrandCross","StarBarrage","ShootingEcho","PowerUp","ShootingEcho","HandOfGreed","OortCloud","ChargeUpSpray","MillisecondPulsars"]},{"cards_removed":["PowerUp"],"damage_healed":0,"gold_gain":0,"player_choice":"Removed Skill","damage_taken":0,"max_hp_gain":0,"max_hp_loss":0,"event_name":"Falling","floor":37,"gold_loss":0},{"damage_healed":0,"gold_gain":0,"player_choice":"Ignored","damage_taken":0,"max_hp_gain":0,"max_hp_loss":0,"event_name":"OrinTheCat","floor":41,"gold_loss":0},{"damage_healed":0,"gold_gain":0,"player_choice":"Upgraded","damage_taken":0,"max_hp_gain":0,"max_hp_loss":0,"event_name":"Upgrade Shrine","floor":48,"gold_loss":0,"cards_upgraded":["DeepEcoloBomb"]}],"is_beta":false,"boss_relics":[{"not_picked":["Ectoplasm","Snecko Eye"],"picked":"Empty Cage"},{"not_picked":["Runic Pyramid","Calling Bell"],"picked":"RampagingMagicTools"},{"not_picked":["Astrolabe","Velvet Choker"],"picked":"Runesmith:UraniumAnvil"}],"items_purged_floors":[5,19],"is_endless":true,"potions_floor_spawned":[10,12,14,18,28,47],"ascension_level":0}}