{"host":"9b7hrp48q3pna783","time":1613066333,"event":{"mods":["BaseMod","Colored Map","Colored Powertips","Highlight Path","Minty Spire (QoL Compilation)","Relic Stats"],"gold_per_floor":[119,139,149,149,224,224,257,270,270,287,287,319,269,286,286,381,381,395,405,330,342,441,441,441,441],"floor_reached":24,"language":"ENG","playtime":946,"items_purged":[],"score":229,"play_id":"c4140bee-f5c0-4447-bbb7-4532f1759208","local_time":"20210211125853","is_ascension_mode":true,"campfire_choices":[{"data":"Wild Strike","floor":6,"key":"SMITH"},{"data":"Fire Breathing","floor":11,"key":"SMITH"},{"floor":15,"key":"REST"},{"data":"Barricade","floor":23,"key":"SMITH"}],"circlet_count":0,"master_deck":["Strike_R","Strike_R","Defend_R","Defend_R","Defend_R","Bash","Wild Strike+1","Fire Breathing+1","Warcry+1","Barricade+1","Seeing Red+1","Double Tap+1","Power Through+1"],"relics":["Burning Blood","Pen Nib","Torii","Toxic Egg 2","Matryoshka","Empty Cage"],"acts_visited":["Exordium","TheCity"],"potions_floor_usage":[12,12,16,24,24],"damage_taken":[{"damage":0,"enemies":"2 Louse","floor":1,"turns":2},{"damage":0,"enemies":"Small Slimes","floor":2,"turns":3},{"damage":12,"enemies":"Jaw Worm","floor":3,"turns":2},{"damage":44,"enemies":"Lagavulin","floor":7,"turns":8},{"damage":14,"enemies":"Blue Slaver","floor":8,"turns":3},{"damage":8,"enemies":"Exordium Wildlife","floor":10,"turns":4},{"damage":18,"enemies":"3 Sentries","floor":12,"turns":4},{"damage":7,"enemies":"Looter","floor":14,"turns":3},{"damage":23,"enemies":"Hexaghost","floor":16,"turns":9},{"damage":41,"enemies":"Shell Parasite","floor":18,"turns":5},{"damage":12,"enemies":"Chosen","floor":19,"turns":3},{"damage":21,"enemies":"Snecko","floor":21,"turns":5},{"damage":37,"enemies":"Book of Stabbing","floor":24,"turns":5}],"seed_played":"8162131317345119026","potions_obtained":[{"floor":2,"key":"SneckoOil"},{"floor":8,"key":"DuplicationPotion"},{"floor":14,"key":"AttackPotion"},{"floor":16,"key":"LiquidBronze"},{"floor":18,"key":"Strength Potion"}],"is_trial":false,"path_per_floor":["M","M","M","?","?","R","E","M","T","M","R","E","?","M","R","B",null,"M","M","?","M","?","R","E"],"character_chosen":"IRONCLAD","items_purchased":[],"campfire_rested":1,"item_purchase_floors":[],"current_hp_per_floor":[88,88,82,79,68,68,30,22,22,20,20,8,8,7,33,16,88,53,47,47,32,32,32,0,0],"gold":441,"neow_bonus":"TEN_PERCENT_HP_BONUS","is_daily":false,"chose_seed":false,"campfire_upgraded":3,"win_rate":0.0,"timestamp":1613066333,"path_taken":["M","M","M","?","?","R","E","M","T","?","R","E","?","M","R","BOSS","M","M","?","M","?","R","E"],"items_purchased_type":[],"build_version":"2020-12-22","purchased_purges":0,"victory":false,"max_hp_per_floor":[88,88,88,88,88,88,88,88,88,88,88,88,88,88,88,88,88,88,88,88,88,88,88,88,88],"relic_stats":{"Torii":35,"counters":[13,56],"Pen Nib":[7],"obtain_stats":[{"Matryoshka":12,"Torii":7,"Pen Nib":4,"Toxic Egg 2":9,"Empty Cage":17,"Burning Blood":0},{"Matryoshka":7,"Torii":4,"Pen Nib":3,"Toxic Egg 2":5,"Empty Cage":9,"Burning Blood":0},{"Matryoshka":26,"Torii":15,"Pen Nib":7,"Toxic Egg 2":18,"Empty Cage":38,"Burning Blood":0}],"Burning Blood":60},"card_choices":[{"not_picked":["Pommel Strike","Cleave"],"picked":"Wild Strike","floor":1},{"not_picked":["Clash","Armaments","Perfected Strike"],"picked":"SKIP","floor":2},{"not_picked":["Warcry","Cleave","Sever Soul"],"picked":"SKIP","floor":3},{"not_picked":["Armaments","Perfected Strike","Anger"],"picked":"SKIP","floor":7},{"not_picked":["Clothesline","Anger"],"picked":"Fire Breathing","floor":8},{"not_picked":["Anger","Perfected Strike"],"picked":"Warcry+1","floor":10},{"not_picked":["Wild Strike","Cleave"],"picked":"Barricade","floor":12},{"not_picked":["Armaments+1","Clothesline"],"picked":"Seeing Red+1","floor":14},{"not_picked":["Barricade","Corruption"],"picked":"Double Tap+1","floor":16},{"not_picked":["Uppercut","Thunderclap","Flex+1"],"picked":"SKIP","floor":18},{"not_picked":["Body Slam","Flex+1","Wild Strike"],"picked":"SKIP","floor":19},{"not_picked":["Juggernaut","Sword Boomerang"],"picked":"Power Through+1","floor":21}],"player_experience":152527,"relics_obtained":[{"floor":7,"key":"Torii"},{"floor":9,"key":"Toxic Egg 2"},{"floor":12,"key":"Matryoshka"}],"event_choices":[{"damage_healed":0,"gold_gain":0,"player_choice":"Success","damage_taken":3,"relics_obtained":["Pen Nib"],"max_hp_gain":0,"max_hp_loss":0,"event_name":"Scrap Ooze","floor":4,"gold_loss":0},{"damage_healed":0,"gold_gain":75,"player_choice":"Gather Gold","damage_taken":11,"max_hp_gain":0,"max_hp_loss":0,"event_name":"World of Goop","floor":5,"gold_loss":0},{"cards_removed":["Strike_R"],"damage_healed":0,"gold_gain":0,"player_choice":"Card Removal","damage_taken":0,"max_hp_gain":0,"max_hp_loss":0,"event_name":"The Cleric","floor":13,"gold_loss":50},{"cards_removed":["Strike_R"],"damage_healed":0,"gold_gain":0,"player_choice":"Gave Gold","damage_taken":0,"max_hp_gain":0,"max_hp_loss":0,"event_name":"Beggar","floor":20,"gold_loss":75},{"damage_healed":0,"gold_gain":99,"player_choice":"Stole From Cult","damage_taken":0,"max_hp_gain":0,"max_hp_loss":0,"event_name":"Nest","floor":22,"gold_loss":0}],"is_beta":false,"boss_relics":[{"not_picked":["Ectoplasm","Busted Crown"],"picked":"Empty Cage"}],"items_purged_floors":[],"is_endless":false,"potions_floor_spawned":[2,8,14,16,18],"killed_by":"Book of Stabbing","ascension_level":2}}