{"host":"t5vp0whyqzs05fb6","time":1613010714,"event":{"mods":["AchievementEnabler","BaseMod","Colored Map","Minty Spire (QoL Compilation)","Rare Cards Sparkle","SuperFastMode","everything is the same but u backflip on backflip"],"gold_per_floor":[113,129,54,129,129,156,176,188,212,224,244,254,254,273,273,371,371],"floor_reached":16,"language":"KOR","playtime":468,"items_purged":["Strike_R"],"score":181,"play_id":"75aaba95-3e72-4f18-80d0-7c0e6534db67","local_time":"20210211113154","is_ascension_mode":false,"campfire_choices":[{"floor":13,"key":"REST"},{"data":"Shrug It Off","floor":15,"key":"SMITH"}],"circlet_count":0,"master_deck":["Strike_R","Strike_R","Strike_R","Defend_R","Defend_R","Defend_R","Defend_R","Bash","Clothesline","Sword Boomerang","Shrug It Off","Shrug It Off+1","Evolve","Disarm","Cleave"],"relics":["Burning Blood","NeowsBlessing","PreservedInsect","Bag of Marbles"],"acts_visited":["Exordium"],"potions_floor_usage":[16,16],"damage_taken":[{"damage":0,"enemies":"Cultist","floor":1,"turns":1},{"damage":0,"enemies":"Small Slimes","floor":2,"turns":1},{"damage":0,"enemies":"3 Sentries","floor":6,"turns":2},{"damage":8,"enemies":"Jaw Worm","floor":7,"turns":3},{"damage":17,"enemies":"Large Slime","floor":8,"turns":7},{"damage":5,"enemies":"Blue Slaver","floor":10,"turns":3},{"damage":26,"enemies":"Exordium Thugs","floor":11,"turns":6},{"damage":30,"enemies":"Exordium Wildlife","floor":12,"turns":7},{"damage":5,"enemies":"2 Fungi Beasts","floor":14,"turns":4},{"damage":32,"enemies":"Hexaghost","floor":16,"turns":11}],"seed_played":"-1420248995533090064","potions_obtained":[{"floor":2,"key":"Weak Potion"},{"floor":7,"key":"Dexterity Potion"},{"floor":8,"key":"Weak Potion"},{"floor":11,"key":"Energy Potion"},{"floor":12,"key":"CultistPotion"},{"floor":16,"key":"ElixirPotion"}],"is_trial":false,"path_per_floor":["M","M","$","?","?","E","M","M","T","M","M","M","R","M","R","B"],"character_chosen":"IRONCLAD","items_purchased":[],"campfire_rested":1,"item_purchase_floors":[],"current_hp_per_floor":[80,80,80,69,69,75,73,62,62,63,43,19,43,44,44,18,18],"gold":371,"neow_bonus":"THREE_ENEMY_KILL","is_daily":false,"chose_seed":false,"campfire_upgraded":1,"win_rate":0.0,"timestamp":1613010714,"path_taken":["M","?","$","?","?","E","M","M","T","M","M","M","R","M","R","BOSS"],"items_purchased_type":[],"build_version":"2020-12-22","purchased_purges":1,"victory":false,"max_hp_per_floor":[80,80,80,80,80,80,80,80,80,80,80,80,80,80,80,80,80],"card_choices":[{"not_picked":["Dropkick","Reckless Charge"],"picked":"Clothesline","floor":1},{"not_picked":["Twin Strike","Rampage"],"picked":"Sword Boomerang","floor":2},{"not_picked":["Heavy Blade","Clothesline","Limit Break"],"picked":"SKIP","floor":6},{"not_picked":["Thunderclap","Armaments"],"picked":"Shrug It Off","floor":7},{"not_picked":["Twin Strike","Body Slam"],"picked":"Shrug It Off","floor":8},{"not_picked":["Havoc","Warcry","Juggernaut"],"picked":"SKIP","floor":10},{"not_picked":["Metallicize","Clothesline"],"picked":"Evolve","floor":11},{"not_picked":["True Grit","Infernal Blade"],"picked":"Disarm","floor":12},{"not_picked":["Sword Boomerang","Clash"],"picked":"Cleave","floor":14}],"player_experience":209451,"relics_obtained":[{"floor":6,"key":"PreservedInsect"},{"floor":9,"key":"Bag of Marbles"}],"event_choices":[{"damage_healed":0,"gold_gain":75,"player_choice":"Gather Gold","damage_taken":11,"max_hp_gain":0,"max_hp_loss":0,"event_name":"World of Goop","floor":4,"gold_loss":0},{"cards_removed":["Strike_R"],"damage_healed":0,"gold_gain":0,"player_choice":"Offered Basic","damage_taken":0,"max_hp_gain":0,"max_hp_loss":0,"event_name":"Bonfire Elementals","floor":5,"gold_loss":0}],"is_beta":false,"boss_relics":[],"items_purged_floors":[3],"is_endless":false,"potions_floor_spawned":[2,7,8,11,12,16],"killed_by":"Hexaghost","ascension_level":0}}