{"host":"bhj73plqr6q46rek","time":1613025262,"event":{"mods":["2.2 Compatiblity","Act Like it!","Arknights","Aspiration","BaseMod","Better Third Choice","BetterRewards","Bossed Relics","CapriCore","Chen","Conspire","Downfall","Energized Spire","Friendly Minions","Hubris","Infinite Spire","MarisaÅiñ∂âJÅ@ñÇóùçπÅj","Minty Spire (QoL Compilation)","ReimuÅiîé??öÎÅj","Relic Sorter","Reliquary","Remilia_Scarlet MoedÅiÂQïƒ‰ª?ÅEéz?óãì¡Åj3.3.5","RemiliaÅiÂQïƒ‰ª?Åj","Replay The Spire","StSLib","The Alterego","The Immortal","The Mystic","The Servant 0.9.4","WarShipGirlsR/??è≠èóR mod","Åy?ï®?îvÅzREMEMod"],"gold_per_floor":[112,112,131,148,162,162,162,162,187,219,229,255,255,274,274,379,379,366,381,381,12,12,12],"floor_reached":22,"language":"FRA","playtime":1515,"items_purged":["Chen:FinalSpellCard"],"score":196,"play_id":"2e550bdb-5fe6-4716-84f1-0bf294a937a2","local_time":"20210211073422","is_ascension_mode":false,"campfire_choices":[{"data":"Chen:Catseye","floor":6,"key":"SMITH"},{"data":"Chen:FollowUp","floor":8,"key":"SMITH"},{"floor":13,"key":"REST"},{"data":"Chen:Kimontonkou","floor":15,"key":"SMITH"}],"circlet_count":0,"master_deck":["Chen:Strike","Chen:Strike","Chen:Strike","Chen:Strike","Chen:Strike","Chen:Defend","Chen:Defend","Chen:Defend","Chen:PounceTurnTail","Chen:GlitterPoke","Chen:Impale","Chen:Strike","Chen:Catseye+1","Chen:FollowUp+1","Pot Of Greed","Pot Of Greed","Chen:FollowUp","Chen:Fadeout","Chen:Kimontonkou+1","Chen:PhoenixWings","Chen:MisdirectSwipe","Chen:ResistTemptation+1"],"relics":["Chen:Catnip","ReplayTheSpireMod:EnergyBall","REME_ComplimentaryCards","NeowsBlessing","CultistMask","ReplayTheSpireMod:Lightbulb","Grinning Jar","Orichalcum","hubris:Backtick","infinitespire:Magic Flask"],"acts_visited":["Exordium","TheCity"],"potions_floor_usage":[12,16,16,22],"damage_taken":[{"damage":0,"enemies":"Small Slimes","floor":1,"turns":1},{"damage":0,"enemies":"Cultist","floor":3,"turns":1},{"damage":0,"enemies":"ats:Genji","floor":4,"turns":1},{"damage":8,"enemies":"Gremlin Gang","floor":5,"turns":5},{"damage":28,"enemies":"Lagavulin","floor":10,"turns":4},{"damage":0,"enemies":"Blue Slaver","floor":11,"turns":4},{"damage":8,"enemies":"Replay:BlueRogue","floor":12,"turns":3},{"damage":5,"enemies":"Exordium Thugs","floor":14,"turns":4},{"damage":7,"enemies":"Fading Forest","floor":16,"turns":11},{"damage":30,"enemies":"2 Thieves","floor":18,"turns":4},{"damage":14,"enemies":"Chosen","floor":19,"turns":4},{"damage":29,"enemies":"Centurion and Healer","floor":22,"turns":4}],"seed_played":"-411826480613879754","potions_obtained":[{"floor":4,"key":"bronze:BurnAndBuffPotion"},{"floor":10,"key":"ColorlessPotion"},{"floor":12,"key":"PowerPotion"},{"floor":14,"key":"Explosive Potion"},{"floor":18,"key":"Weak Potion"}],"is_trial":false,"path_per_floor":["M","?","M","M","M","R","?","R","T","E","M","E","R","M","R","B",null,"M","M","?","$","M"],"character_chosen":"CHEN","items_purchased":["infinitespire:Magic Flask"],"campfire_rested":1,"item_purchase_floors":[21],"current_hp_per_floor":[70,70,70,70,62,62,62,62,62,34,34,26,47,42,42,45,70,40,26,26,26,0,0],"gold":12,"neow_bonus":"THREE_ENEMY_KILL","is_daily":false,"chose_seed":false,"campfire_upgraded":3,"win_rate":0.0,"timestamp":1613025262,"path_taken":["M","?","?","M","M","R","?","R","T","E","M","E","R","?","R","BOSS","M","M","?","?","M"],"items_purchased_type":["Relic"],"build_version":"2020-12-22","purchased_purges":1,"victory":false,"max_hp_per_floor":[70,70,70,70,70,70,70,70,70,70,70,70,70,70,70,70,70,70,70,70,70,70,70],"card_choices":[{"not_picked":["Chen:Flit","Chen:Instinct"],"picked":"Chen:Impale","floor":1},{"not_picked":["Chen:SurpriseAttack","Chen:Honk","Chen:Sneak"],"picked":"SKIP","floor":3},{"not_picked":["Chen:SurpriseAttack","Chen:Honk","Chen:Sneak"],"picked":"SKIP","floor":3},{"not_picked":["Chen:Spray","Chen:Sidestep"],"picked":"Chen:Catseye","floor":4},{"not_picked":["Chen:Spray","Chen:TauntHiss"],"picked":"Chen:FollowUp","floor":5},{"not_picked":["Chen:UnstableBoundary","Chen:CatPunch"],"picked":"Chen:FollowUp","floor":10},{"not_picked":["Chen:Spray","Chen:Sweep"],"picked":"Chen:Fadeout","floor":11},{"not_picked":["Chen:SurpriseAttack","Chen:RecklessLeap"],"picked":"Chen:Kimontonkou","floor":12},{"not_picked":["Chen:Spray","Chen:Tear","Chen:RecklessLeap"],"picked":"SKIP","floor":14},{"not_picked":["Chen:CurlUp","Chen:DazzleFlash"],"picked":"Chen:PhoenixWings","floor":16},{"not_picked":["Chen:Impale","Chen:Sidestep"],"picked":"Chen:MisdirectSwipe","floor":18},{"not_picked":["Chen:Recuperate+1","Chen:Barrier+1"],"picked":"Chen:ResistTemptation+1","floor":19}],"player_experience":305247,"relics_obtained":[{"floor":9,"key":"ReplayTheSpireMod:Lightbulb"},{"floor":10,"key":"Grinning Jar"},{"floor":12,"key":"Orichalcum"}],"event_choices":[{"cards_removed":["Chen:Defend"],"damage_healed":0,"gold_gain":0,"player_choice":"Offered Basic","damage_taken":0,"max_hp_gain":0,"max_hp_loss":0,"event_name":"Bonfire Elementals","floor":2,"gold_loss":0},{"damage_healed":0,"gold_gain":0,"player_choice":"Trade","damage_taken":0,"relics_obtained":["CultistMask"],"max_hp_gain":0,"max_hp_loss":0,"event_name":"FaceTrader","floor":7,"gold_loss":0},{"damage_healed":0,"gold_gain":0,"player_choice":"1 cards matched","damage_taken":0,"max_hp_gain":0,"max_hp_loss":0,"event_name":"Match and Keep!","floor":20,"gold_loss":0,"cards_obtained":["Chen:FinalSpellCard"]}],"is_beta":false,"boss_relics":[{"not_picked":["Runic Pyramid","reliquary:WritOfMandamus"],"picked":"hubris:Backtick"}],"items_purged_floors":[21],"is_endless":false,"potions_floor_spawned":[4,10,12,14,18],"killed_by":"Centurion and Healer","ascension_level":0}}