{"host":"u0qetpmu4y58k1tf","time":1613041444,"event":{"mods":["100% Spire Juice","AchievementEnabler","Act Like it!","BaseMod","CapriCore","Colored Map","Colored Powertips","Hermit","Koishi","Marisa£¨Ùöéë¡¡Øª×âÞÞ£©","Minty Spire (QoL Compilation)","Quick Restart","Reliquary","Replay The Spire","StSLib","SuperFastMode","Td1madao Mod","The Bug Knight","The Cursed","The Gatherer","The Hierophant","The Immortal","The Jungle","The Runesmith"],"gold_per_floor":[118,142,217,230,230,260,260,295,321,321,201,230,280,330,330,426,426,438,508,558,708,773,773,773],"floor_reached":23,"language":"KOR","playtime":1078,"items_purged":["Shame","Strike_B"],"score":276,"play_id":"78b3c356-d239-48a8-8fbb-1fb646c91e7e","local_time":"20210211200404","is_ascension_mode":true,"campfire_choices":[{"data":"White Noise","floor":7,"key":"SMITH"},{"data":"Zap","floor":10,"key":"SMITH"},{"floor":15,"key":"REST"}],"circlet_count":0,"master_deck":["Strike_B","Strike_B","Defend_B","Defend_B","Defend_B","Defend_B+1","Zap+1","Dualcast","Glacier","White Noise+1","Conserve Battery","Defragment","Steam Power","Echo Form","Glacier","Double Energy+1","Loop"],"relics":["Cracked Core","NeowsBlessing","Gremlin Food","ReplayTheSpireMod:CursedCoin","SsserpentHead","ReplayTheSpireMod:Lightbulb","reliquary:Stiletto","reliquary:Boomerang","reliquary:PartyBalloon","Inserter","theJungle:WildMango"],"acts_visited":["Exordium","Exordium"],"potions_floor_usage":[8,16,16,19,19,23],"damage_taken":[{"damage":0,"enemies":"Cultist","floor":1,"turns":1},{"damage":0,"enemies":"Jaw Worm","floor":4,"turns":1},{"damage":0,"enemies":"Lagavulin","floor":6,"turns":1},{"damage":17,"enemies":"3 Sentries","floor":8,"turns":10},{"damage":23,"enemies":"Gremlin Nob","floor":12,"turns":5},{"damage":37,"enemies":"Fading Forest","floor":16,"turns":11},{"damage":0,"enemies":"theJungle:MUSHROOMGANG","floor":18,"turns":7},{"damage":1,"enemies":"theJungle:GiantWrat","floor":19,"turns":7},{"damage":46,"enemies":"theJungle:Snecko_Cultist_And_Trap","floor":22,"turns":8},{"damage":18,"enemies":"theJungle:MamaSnecko","floor":23,"turns":6}],"seed_played":"8628927907774026290","potions_obtained":[{"floor":1,"key":"Fire Potion"},{"floor":12,"key":"Adrenaline Potion"},{"floor":16,"key":"EssenceOfDarkness"},{"floor":22,"key":"Energy Potion"}],"is_trial":false,"path_per_floor":["M","T","$","M","?","E","R","E","T","R","$","E","?","T","R","B",null,"M","M","?","?","M","E"],"character_chosen":"DEFECT","items_purchased":["ReplayTheSpireMod:CursedCoin","Defragment"],"campfire_rested":1,"item_purchase_floors":[3,11],"current_hp_per_floor":[75,75,75,75,75,75,75,58,58,58,58,35,28,28,50,13,75,75,74,88,82,36,18,18],"gold":773,"neow_bonus":"THREE_ENEMY_KILL","is_daily":false,"chose_seed":false,"campfire_upgraded":2,"win_rate":0.0,"timestamp":1613041444,"path_taken":["M","?","$","?","?","E","R","E","T","R","?","E","?","?","R","BOSS","M","?","?","?","?","E"],"items_purchased_type":["Relic","Card"],"build_version":"2020-12-22","purchased_purges":2,"victory":false,"max_hp_per_floor":[75,75,75,75,75,75,75,75,75,75,75,75,75,75,75,75,75,75,75,89,89,89,89,89],"card_choices":[{"not_picked":["ReplaySolidLightProjector","Hologram"],"picked":"Glacier","floor":1},{"not_picked":["Auto Shields","Rebound"],"picked":"White Noise","floor":4},{"not_picked":["Time Bomb","Sweeping Beam"],"picked":"Conserve Battery","floor":6},{"not_picked":["Steam","Hyperbeam","Stack"],"picked":"SKIP","floor":8},{"not_picked":["Undo","Leap"],"picked":"Steam Power","floor":12},{"not_picked":["Hyperbeam","ReplayRNGCard"],"picked":"Echo Form","floor":16},{"not_picked":["Conserve Battery","Scrape"],"picked":"Glacier","floor":18},{"not_picked":["Sweeping Beam","Rebound"],"picked":"Double Energy+1","floor":19},{"not_picked":["Auto Shields","ReplayGash+1"],"picked":"Loop","floor":22}],"player_experience":97348,"relics_obtained":[{"floor":2,"key":"Gremlin Food"},{"floor":6,"key":"ReplayTheSpireMod:Lightbulb"},{"floor":8,"key":"reliquary:Stiletto"},{"floor":12,"key":"reliquary:Boomerang"},{"floor":14,"key":"reliquary:PartyBalloon"}],"event_choices":[{"damage_healed":0,"gold_gain":0,"player_choice":"Trade","damage_taken":0,"relics_obtained":["SsserpentHead"],"max_hp_gain":0,"max_hp_loss":0,"event_name":"FaceTrader","floor":5,"gold_loss":0},{"cards_removed":["Strike_B"],"damage_healed":0,"gold_gain":0,"player_choice":"Card Removal","damage_taken":7,"max_hp_gain":0,"max_hp_loss":0,"event_name":"Golden Wing","floor":13,"gold_loss":0}],"is_beta":false,"boss_relics":[{"not_picked":["Cursed Key","Snecko Eye"],"picked":"Inserter"}],"items_purged_floors":[3,11],"is_endless":false,"potions_floor_spawned":[1,12,16,22],"killed_by":"theJungle:MamaSnecko","ascension_level":4}}