{"host":"h4lp0eeso8a0ssq0","time":1613007641,"event":{"mods":["2.2 Compatiblity","AchievementEnabler","BaseMod","CapriCore","Colored Map","Minty Spire (QoL Compilation)","StSLib","SuperFastMode"],"gold_per_floor":[109,128,128,143,157,189,189,189,268,280,280,297,297,297,297,376,376,396,55,55,74,94,94,121,121,190,206,206,225,225,20,20,98,98,118,118,138,84,84,84],"floor_reached":39,"language":"KOR","playtime":1169,"items_purged":["Strike_G"],"score":852,"play_id":"914170d1-ef20-4bed-bbc3-82f0ca24beb4","local_time":"20210211104041","is_ascension_mode":true,"campfire_choices":[{"data":"Finisher","floor":8.0,"key":"SMITH"},{"data":"Blade Dance","floor":11.0,"key":"SMITH"},{"data":"Sucker Punch","floor":13.0,"key":"SMITH"},{"floor":15.0,"key":"REST"},{"floor":23.0,"key":"REST"},{"floor":28.0,"key":"REST"},{"data":"Accuracy","floor":30.0,"key":"SMITH"},{"floor":32.0,"key":"REST"}],"circlet_count":0,"master_deck":["AscendersBane","Strike_G","Defend_G","Defend_G","Defend_G","Defend_G","Defend_G","Survivor","Neutralize","Deadly Poison","Blade Dance+1","After Image","Dagger Spray","Finisher+1","Sucker Punch+1","Burst","Flying Knee","A Thousand Cuts","Accuracy+1","Prepared+1","Dash+1","Accuracy+1","Accuracy+1","Escape Plan","Storm of Steel","Escape Plan","Deep Breath","Blade Dance"],"relics":["Ring of the Snake","Tiny Chest","TungstenRod","White Beast Statue","Sozu","Kunai","Akabeko","MutagenicStrength","Bottled Tornado","DollysMirror","Empty Cage"],"acts_visited":["Exordium","TheCity","TheBeyond"],"potions_floor_usage":[],"damage_taken":[{"damage":8.0,"enemies":"Jaw Worm","floor":1.0,"turns":5.0},{"damage":4.0,"enemies":"2 Louse","floor":2.0,"turns":4.0},{"damage":0.0,"enemies":"Cultist","floor":4.0,"turns":4.0},{"damage":15.0,"enemies":"Exordium Wildlife","floor":5.0,"turns":7.0},{"damage":0.0,"enemies":"Gremlin Nob","floor":6.0,"turns":1.0},{"damage":4.0,"enemies":"Large Slime","floor":10.0,"turns":4.0},{"damage":0.0,"enemies":"Blue Slaver","floor":12.0,"turns":2.0},{"damage":20.0,"enemies":"The Guardian","floor":16.0,"turns":12.0},{"damage":10.0,"enemies":"Shell Parasite","floor":18.0,"turns":5.0},{"damage":3.0,"enemies":"2 Thieves","floor":21.0,"turns":5.0},{"damage":24.0,"enemies":"Snake Plant","floor":22.0,"turns":6.0},{"damage":21.0,"enemies":"Slavers","floor":24.0,"turns":6.0},{"damage":0.0,"enemies":"Centurion and Healer","floor":27.0,"turns":3.0},{"damage":0.0,"enemies":"Sentry and Sphere","floor":29.0,"turns":1.0},{"damage":15.0,"enemies":"Champ","floor":33.0,"turns":8.0},{"damage":46.0,"enemies":"3 Darklings","floor":35.0,"turns":6.0},{"damage":6.0,"enemies":"Orb Walker","floor":37.0,"turns":5.0},{"damage":39,"enemies":"Transient","floor":39,"turns":6}],"seed_played":"-2349065643719471199","potions_obtained":[{"floor":1.0,"key":"ColorlessPotion"},{"floor":5.0,"key":"Strength Potion"},{"floor":10.0,"key":"SpeedPotion"},{"floor":12.0,"key":"Weak Potion"},{"floor":16.0,"key":"SkillPotion"}],"is_trial":false,"path_per_floor":["M","M","?","M","M","E","?","R","T","M","R","M","R","T","R","B",null,"M","$","?","M","M","R","E","?","T","M","R","M","R","$","R","B",null,"M","?","M","$","M"],"character_chosen":"THE_SILENT","items_purchased":["Kunai","DollysMirror","Escape Plan","Blade Dance"],"campfire_rested":4,"item_purchase_floors":[19,31,31,38],"current_hp_per_floor":[51,47,47,47,32,32,32,32,32,28,28,28,28,28,47,27,56,46,46,46,43,19,38,17,17,17,17,36,36,36,36,55,40,60,14,14,8,8,0,0],"gold":84,"neow_bonus":"RANDOM_COMMON_RELIC","is_daily":false,"chose_seed":false,"campfire_upgraded":4,"win_rate":0.0,"timestamp":1613007641,"path_taken":["M","M","?","M","M","E","?","R","T","?","R","M","R","?","R","BOSS","M","$","?","M","M","R","E","?","T","M","R","M","R","$","R","BOSS","M","?","M","$","M"],"items_purchased_type":["Relic","Relic","Card","Card"],"build_version":"2020-12-22","purchased_purges":1,"victory":false,"max_hp_per_floor":[66,66,66,66,66,66,66,66,66,66,66,66,66,66,66,66,66,66,66,66,66,66,66,66,66,66,66,66,66,66,66,66,66,66,66,66,66,66,66,66],"card_choices":[{"not_picked":["Reflex","Well Laid Plans"],"picked":"Deadly Poison","floor":1.0},{"not_picked":["Backstab","Backflip"],"picked":"Blade Dance","floor":2.0},{"not_picked":["Outmaneuver","PiercingWail"],"picked":"Dagger Spray","floor":4.0},{"not_picked":["Distraction","Concentrate"],"picked":"Finisher","floor":5.0},{"not_picked":["Bane","Underhanded Strike"],"picked":"Sucker Punch","floor":6.0},{"not_picked":["Bane","Catalyst"],"picked":"Burst","floor":10.0},{"not_picked":["Outmaneuver","Underhanded Strike","Flying Knee"],"picked":"SKIP","floor":12.0},{"not_picked":["Outmaneuver","Underhanded Strike"],"picked":"Flying Knee","floor":12.0},{"not_picked":["Malaise","Night Terror"],"picked":"A Thousand Cuts","floor":16.0},{"not_picked":["Calculated Gamble","Terror+1"],"picked":"Accuracy+1","floor":18.0},{"not_picked":["Outmaneuver","All Out Attack+1"],"picked":"Prepared+1","floor":21.0},{"not_picked":["Dagger Spray","Setup","Slice"],"picked":"SKIP","floor":22.0},{"not_picked":["Dagger Throw","Footwork"],"picked":"Dash+1","floor":24.0},{"not_picked":["Flechettes","Deflect","Slice"],"picked":"SKIP","floor":27.0},{"not_picked":["Flying Knee","Backflip"],"picked":"Accuracy","floor":29.0},{"not_picked":["Die Die Die","Night Terror"],"picked":"Storm of Steel","floor":33.0},{"not_picked":["All Out Attack","Accuracy+1"],"picked":"Escape Plan","floor":35.0},{"not_picked":["Secret Technique","Jack Of All Trades"],"picked":"Deep Breath","floor":36.0},{"not_picked":["Skewer","Sucker Punch+1","Noxious Fumes+1"],"picked":"SKIP","floor":37.0}],"player_experience":217125,"relics_obtained":[{"floor":6.0,"key":"TungstenRod"},{"floor":9.0,"key":"White Beast Statue"},{"floor":24.0,"key":"Akabeko"},{"floor":26.0,"key":"Bottled Tornado"}],"event_choices":[{"damage_healed":0.0,"max_hp_gain":0.0,"max_hp_loss":0.0,"gold_gain":0.0,"cards_transformed":["Strike_G"],"event_name":"Living Wall","player_choice":"Change","floor":3.0,"gold_loss":0.0,"damage_taken":0.0,"cards_obtained":["After Image"]},{"damage_healed":0.0,"max_hp_gain":0.0,"max_hp_loss":0.0,"gold_gain":0.0,"event_name":"Match and Keep!","player_choice":"0 cards matched","floor":7.0,"gold_loss":0.0,"damage_taken":0.0,"cards_obtained":[]},{"damage_healed":0.0,"max_hp_gain":0.0,"max_hp_loss":0.0,"gold_gain":0.0,"event_name":"Vampires","player_choice":"Ignored","floor":20.0,"gold_loss":0.0,"damage_taken":0.0},{"damage_healed":0.0,"max_hp_gain":0.0,"max_hp_loss":0.0,"gold_gain":0.0,"event_name":"Drug Dealer","player_choice":"Inject Mutagens","floor":25.0,"gold_loss":0.0,"damage_taken":0.0,"relics_obtained":["MutagenicStrength"]},{"damage_healed":0.0,"max_hp_gain":0.0,"max_hp_loss":0.0,"gold_gain":0.0,"event_name":"SensoryStone","player_choice":"Memory 1","floor":36.0,"gold_loss":0.0,"damage_taken":0.0}],"is_beta":false,"boss_relics":[{"not_picked":["Pandora\u0027s Box","Ring of the Serpent"],"picked":"Sozu"},{"not_picked":["Black Star","HoveringKite"],"picked":"Empty Cage"}],"items_purged_floors":[19],"is_endless":false,"potions_floor_spawned":[1,5,10,12,16,18,21,22,24,27,29,33,35,37],"killed_by":"Transient","ascension_level":20}}