{"host":"j2aqywwzai0xbcib","time":1613007238,"event":{"mods":["BaseMod","Bestiary","Better Altar","Better Sensory Stone","Better Third Choice","ChefMod","Colored Map","Colored Powertips","Conspire","Downfall","Hermit","Hubris","Infinite Spire","Minty Spire (QoL Compilation)","Rare Cards Sparkle","Relic Stats","Reliquary","Replay The Spire","Robot Space Explorer","Spicy Shops","StSLib","The Blackbeard","The Gatherer","The Hayseed","TheWitcher"],"gold_per_floor":[19,19,31,31,49,79,79],"floor_reached":6,"language":"DUT","playtime":538,"items_purged":[],"score":46,"play_id":"018f9e69-6a46-48b6-ba5c-76b4fb10089c","local_time":"20210211023358","is_ascension_mode":false,"campfire_choices":[],"circlet_count":0,"master_deck":["hermit:Strike_Hermit","hermit:Strike_Hermit","hermit:Strike_Hermit","hermit:Strike_Hermit","hermit:Defend_Hermit","hermit:Defend_Hermit","hermit:Defend_Hermit","hermit:Defend_Hermit","hermit:Snapshot","hermit:Covet","hermit:Combo","hermit:Dive","hermit:Roulette","hermit:Headshot"],"relics":["hermit:Momento","Torii","hubris:Towel","reliquary:FeatherDuster"],"acts_visited":["Exordium"],"potions_floor_usage":[],"damage_taken":[{"damage":7,"enemies":"Jaw Worm","floor":1,"turns":5},{"damage":2,"enemies":"Small Slimes","floor":3,"turns":4},{"damage":1,"enemies":"Cultist","floor":5,"turns":4},{"damage":35,"enemies":"Lagavulin","floor":6,"turns":7}],"seed_played":"4919535073795203111","potions_obtained":[{"floor":5,"key":"hexamod:SoulburnPotion"},{"floor":6,"key":"DistilledChaos"}],"is_trial":false,"path_per_floor":["M","?","M","?","M","E"],"character_chosen":"HERMIT","items_purchased":[],"campfire_rested":0,"item_purchase_floors":[],"current_hp_per_floor":[68,68,66,66,65,30,30],"gold":79,"neow_bonus":"ONE_RARE_RELIC","is_daily":false,"chose_seed":false,"campfire_upgraded":0,"win_rate":0.0,"timestamp":1613007238,"path_taken":["M","?","M","?","M","E"],"items_purchased_type":[],"build_version":"2020-12-22","purchased_purges":0,"victory":false,"max_hp_per_floor":[75,75,75,75,75,75,75],"relic_stats":{"Torii":7,"counters":[4,20],"obtain_stats":[{"reliquary:FeatherDuster":6,"Torii":0,"hubris:Towel":2,"hermit:Momento":0},{"reliquary:FeatherDuster":4,"Torii":0,"hubris:Towel":1,"hermit:Momento":0},{"reliquary:FeatherDuster":20,"Torii":0,"hubris:Towel":5,"hermit:Momento":0}]},"card_choices":[{"not_picked":["hermit:Deadeye","hermit:Cheat"],"picked":"hermit:Combo","floor":1},{"not_picked":["hermit:LoneWolf","hermit:Manifest"],"picked":"hermit:Dive","floor":3},{"not_picked":["hermit:Misfire","hermit:SprayPray"],"picked":"hermit:Roulette","floor":5},{"not_picked":["hermit:LoneWolf","hermit:CalledShot"],"picked":"hermit:Headshot","floor":6}],"player_experience":405900,"relics_obtained":[{"floor":6,"key":"reliquary:FeatherDuster"}],"event_choices":[{"damage_healed":0,"gold_gain":0,"player_choice":"Leave","damage_taken":0,"max_hp_gain":0,"max_hp_loss":0,"event_name":"conspire:Investor","floor":4,"gold_loss":0}],"is_beta":false,"boss_relics":[],"items_purged_floors":[],"is_endless":false,"potions_floor_spawned":[5,6],"killed_by":"Lagavulin","ascension_level":0}}