{"host":"c97twqu0op5dg8i4","time":1613008014,"event":{"mods":["AchievementEnabler","BaseMod","Colored Map","Minty Spire (QoL Compilation)","Permanent Neow"],"gold_per_floor":[109,125,125,125,125,125,150,184,184,184,207,232,270,345,345,466,466,485,499,499,499],"floor_reached":20,"language":"ENG","playtime":9738,"items_purged":[],"score":285,"play_id":"e391ba0b-e513-443a-a83e-11e05b34dcbb","local_time":"20210210204654","is_ascension_mode":true,"campfire_choices":[{"data":"Demon Form","floor":6.0,"key":"SMITH"},{"floor":10.0,"key":"REST"},{"floor":15.0,"key":"REST"}],"circlet_count":0,"master_deck":["AscendersBane","Strike_R+1","Strike_R","Strike_R","Defend_R","Defend_R","Defend_R+1","Defend_R","Bash","Demon Form+1","Cleave","Pommel Strike","Thunderclap","Shrug It Off","Ghostly Armor","Thunderclap","Heavy Blade"],"relics":["Burning Blood","Golden Idol","HornCleat","Blood Vial","Regal Pillow","Empty Cage"],"acts_visited":["Exordium","TheCity"],"potions_floor_usage":[],"damage_taken":[{"damage":5.0,"enemies":"Small Slimes","floor":1.0,"turns":4.0},{"damage":15.0,"enemies":"2 Louse","floor":2.0,"turns":3.0},{"damage":12.0,"enemies":"Jaw Worm","floor":7.0,"turns":4.0},{"damage":24.0,"enemies":"Gremlin Nob","floor":8.0,"turns":4.0},{"damage":13.0,"enemies":"Large Slime","floor":11.0,"turns":4.0},{"damage":11.0,"enemies":"Gremlin Gang","floor":12.0,"turns":4.0},{"damage":17.0,"enemies":"3 Sentries","floor":13.0,"turns":7.0},{"damage":44,"enemies":"Hexaghost","floor":16,"turns":10},{"damage":18,"enemies":"3 Byrds","floor":18,"turns":5},{"damage":33,"enemies":"Spheric Guardian","floor":19,"turns":8},{"damage":12,"enemies":"Snake Plant","floor":20,"turns":6}],"seed_played":"7997173823213031714","potions_obtained":[{"floor":2.0,"key":"Strength Potion"},{"floor":12.0,"key":"FearPotion"}],"is_trial":false,"path_per_floor":["M","M","?","?","?","R","M","E","T","R","M","M","E","?","R","B",null,"M","M","M"],"character_chosen":"IRONCLAD","items_purchased":[],"campfire_rested":2,"item_purchase_floors":[],"current_hp_per_floor":[72,63,49,49,49,49,43,25,25,45,40,37,28,17,52,16,54,44,19,9,9],"gold":499,"neow_bonus":"THREE_RARE_CARDS","is_daily":false,"chose_seed":false,"campfire_upgraded":1,"win_rate":0.0,"timestamp":1613008014,"path_taken":["M","M","?","?","?","R","M","E","T","R","M","M","E","?","R","BOSS","M","M","M"],"items_purchased_type":[],"build_version":"2020-12-22","purchased_purges":0,"victory":false,"max_hp_per_floor":[72,72,72,72,67,67,67,67,67,67,67,67,67,67,67,67,67,67,67,67,67],"card_choices":[{"not_picked":["Berserk","Limit Break"],"picked":"Demon Form","floor":0.0},{"not_picked":["Anger","Wild Strike"],"picked":"Cleave","floor":1.0},{"not_picked":["Armaments","Ghostly Armor"],"picked":"Pommel Strike","floor":2.0},{"not_picked":["True Grit","Anger"],"picked":"Thunderclap","floor":7.0},{"not_picked":["Combust","Flex","Anger"],"picked":"SKIP","floor":8.0},{"not_picked":["Second Wind","Havoc"],"picked":"Shrug It Off","floor":11.0},{"not_picked":["Body Slam","Anger"],"picked":"Ghostly Armor","floor":12.0},{"not_picked":["Wild Strike","Sever Soul"],"picked":"Thunderclap","floor":13.0},{"not_picked":["Warcry","Iron Wave","Sentinel+1"],"picked":"SKIP","floor":18},{"not_picked":["Intimidate","Flex+1"],"picked":"Heavy Blade","floor":19}],"player_experience":366672,"relics_obtained":[{"floor":8.0,"key":"HornCleat"},{"floor":9.0,"key":"Blood Vial"},{"floor":13.0,"key":"Regal Pillow"}],"event_choices":[{"damage_healed":0.0,"max_hp_gain":0.0,"max_hp_loss":0.0,"gold_gain":0.0,"event_name":"Shining Light","player_choice":"Entered Light","floor":3.0,"gold_loss":0.0,"damage_taken":14.0,"cards_upgraded":["Strike_R","Defend_R"]},{"damage_healed":0.0,"max_hp_gain":0.0,"max_hp_loss":0.0,"gold_gain":0.0,"event_name":"Liars Game","player_choice":"Ignored","floor":4.0,"gold_loss":0.0,"damage_taken":0.0},{"damage_healed":0.0,"max_hp_gain":0.0,"max_hp_loss":5.0,"gold_gain":0.0,"event_name":"Golden Idol","player_choice":"Lose Max HP","floor":5.0,"gold_loss":0.0,"damage_taken":0.0,"relics_obtained":["Golden Idol"]},{"damage_healed":0.0,"max_hp_gain":0.0,"max_hp_loss":0.0,"gold_gain":75.0,"event_name":"World of Goop","player_choice":"Gather Gold","floor":14.0,"gold_loss":0.0,"damage_taken":11.0}],"is_beta":false,"boss_relics":[{"not_picked":["Black Star","SacredBark"],"picked":"Empty Cage"}],"items_purged_floors":[],"is_endless":false,"potions_floor_spawned":[2,12,16,19],"killed_by":"Snake Plant","ascension_level":11}}