{"host":"aas8f8jvicx6tcxp","time":1613052314,"event":{"mods":["BaseMod","Better Third Choice","BetterRewards","Downfall","Minty Spire (QoL Compilation)","Shop Mod","StSLib","The Construct"],"gold_per_floor":[99,113,130,144,144,46,97,119,119,119,131,160,224,250,270,368,368,368,385,399,399,417,367,367,50,65,65,165,7,7,19,38,133,133,133,147,147,162,182,57,83,83,83,93,93,93,93,127,144,144],"floor_reached":51,"language":"ENG","playtime":5793,"items_purged":["Writhe"],"score":987,"play_id":"3b863e1c-1b68-4c7e-925a-b8373933609e","local_time":"20210211080514","is_ascension_mode":false,"campfire_choices":[{"data":"champ:Taunt","floor":1,"key":"SMITH"},{"floor":10,"key":"REST"},{"data":"champ:StrikeOfGenius","floor":18,"key":"SMITH"},{"data":"1","floor":27,"key":"LIFT"},{"floor":30,"key":"REST"},{"data":"champ:FalseCounter","floor":35,"key":"SMITH"},{"data":"2","floor":42,"key":"LIFT"},{"data":"3","floor":45,"key":"LIFT"},{"data":"champ:IgnorePain","floor":47,"key":"SMITH"}],"circlet_count":0,"master_deck":["champ:Strike","champ:Strike","champ:Strike+1","champ:Defend","champ:Defend","champ:Defend","champ:Defend","champ:Execute","champ:Taunt+1","champ:BringItOn","champ:GutPunch","champ:FlashCut","champ:RapidStrikes","champ:RisingSlash+1","champ:Duel","champ:VampiricStrike","champ:GutPunch","champ:SkillfulDodge","champ:StrikeOfGenius+1","CurseOfTheBell","champ:Lariat+1","champ:FancyFootwork","champ:DefensiveShout","champ:AdrenalArmor","champ:GladiatorStyle+1","champ:BringItOn","champ:ArenaPreparation+1","champ:PreciseThrust","champ:Haymaker","champ:ShieldWall+1","champ:FalseCounter+1","champ:ShieldThrow","champ:Improvising+1","champ:Parry","champ:CrownThrow+1","Parasite","champ:Circumvent+1","champ:IgnorePain+1","champ:DefensiveStyle+1","expansioncontent:InvincibleStrength+1","champ:FanOfKnives+1","champ:IronFortress+1"],"relics":["champ:ChampionCrown","downfall:ShatteredFragment","Bronze Scales","Odd Mushroom","Lantern","Kunai","Ornamental Fan","Calling Bell","Orichalcum","Pantograph","Girya","Frozen Egg 2","Mercury Hourglass","champ:BlackKnightHelmet","Darkstone Periapt","Empty Cage","Matryoshka","Lee\u0027s Waffle","Guardian:PocketSentry","Whetstone","Potion Belt","Blue Candle","Letter Opener"],"acts_visited":["Exordium","TheCity","TheBeyond"],"potions_floor_usage":[12,12,13,14,22,28,28,33,38,38,40,50],"damage_taken":[{"damage":15,"enemies":"Cultist","floor":2,"turns":4},{"damage":16,"enemies":"Jaw Worm","floor":3,"turns":4},{"damage":10,"enemies":"2 Louse","floor":4,"turns":3},{"damage":0,"enemies":"downfall:FleeingMerchant","floor":6,"turns":4},{"damage":26,"enemies":"The Mushroom Lair","floor":8,"turns":3},{"damage":10,"enemies":"2 Fungi Beasts","floor":11,"turns":2},{"damage":10,"enemies":"Gremlin Nob","floor":12,"turns":2},{"damage":16,"enemies":"Gremlin Nob","floor":13,"turns":3},{"damage":20,"enemies":"Lagavulin","floor":14,"turns":4},{"damage":0,"enemies":"Exordium Wildlife","floor":15,"turns":3},{"damage":5,"enemies":"SI_SHIV_ARCHETYPE","floor":16,"turns":6},{"damage":4,"enemies":"Spheric Guardian","floor":19,"turns":4},{"damage":17,"enemies":"Shell Parasite","floor":20,"turns":4},{"damage":23,"enemies":"Snake Plant","floor":22,"turns":4},{"damage":10,"enemies":"downfall:FleeingMerchant","floor":25,"turns":4},{"damage":32,"enemies":"Centurion and Healer","floor":26,"turns":7},{"damage":44,"enemies":"Centurion and Healer","floor":28,"turns":5},{"damage":0,"enemies":"downfall:FleeingMerchant","floor":29,"turns":4},{"damage":30,"enemies":"Cultist and Chosen","floor":31,"turns":3},{"damage":27,"enemies":"Snake Plant","floor":32,"turns":3},{"damage":36,"enemies":"IC_MUSHROOM_ARCHETYPE","floor":33,"turns":5},{"damage":10,"enemies":"3 Shapes","floor":36,"turns":4},{"damage":27,"enemies":"3 Darklings","floor":38,"turns":6},{"damage":5,"enemies":"Writhing Mass","floor":39,"turns":4},{"damage":21,"enemies":"downfall:FleeingMerchant","floor":40,"turns":4},{"damage":15,"enemies":"Maw","floor":44,"turns":6},{"damage":10,"enemies":"Reptomancer","floor":48,"turns":5},{"damage":11,"enemies":"4 Shapes","floor":49,"turns":3},{"damage":109,"enemies":"DF_ARCHETYPE_ORBS","floor":50,"turns":9}],"seed_played":"5658304005326493158","potions_obtained":[{"floor":2,"key":"Slimebound:ThreeZeroPotion"},{"floor":8,"key":"Weak Potion"},{"floor":11,"key":"LiquidMemories"},{"floor":12,"key":"bronze:BurnAndBuffPotion"},{"floor":15,"key":"sneckomod:MuddlingPotion"},{"floor":20,"key":"ColorlessPotion"},{"floor":22,"key":"SteroidPotion"},{"floor":31,"key":"LiquidBronze"},{"floor":32,"key":"champ:OpenerPotion"},{"floor":36,"key":"Explosive Potion"},{"floor":39,"key":"DuplicationPotion"},{"floor":49,"key":"Ancient Potion"}],"is_trial":false,"path_per_floor":["R","M","M","M","?","$","T","?","?","R","M","E","?","E","M","B",null,"R","M","M","?","M","?","T","$","M","R","?","$","R","M","M","B",null,"R","M","?","M","M","$","T","R","?","M","R","?","R","E","M","B",null],"character_chosen":"THE_CHAMP","items_purchased":["PowerPotion","champ:RapidStrikes","champ:GladiatorStyle+1","champ:BringItOn","FairyPotion","champ:ShieldWall+1","champ:FalseCounter","Lee\u0027s Waffle","Guardian:PocketSentry","champ:DefensiveStyle+1","expansioncontent:InvincibleStrength"],"campfire_rested":2,"item_purchase_floors":[6,6,25,25,25,29,29,40,40,40,40],"current_hp_per_floor":[99,94,88,88,61,61,61,50,50,79,79,79,73,63,63,58,99,99,95,88,88,75,99,99,99,92,92,73,73,99,99,92,98,99,99,99,99,87,93,112,112,112,112,112,112,107,107,107,96,33],"gold":144,"neow_bonus":"TEN_PERCENT_HP_BONUS","is_daily":false,"chose_seed":false,"campfire_upgraded":4,"win_rate":0.0,"timestamp":1613052314,"path_taken":["R","M","?","M","?","$","T","?","?","R","M","E","?","E","M","BOSS","R","M","M","?","M","?","T","$","M","R","?","$","R","?","M","BOSS","R","M","?","M","M","$","T","R","?","M","R","?","R","E","M","BOSS"],"items_purchased_type":["Potion","Card","Card","Card","Potion","Card","Card","Relic","Relic","Card","Card"],"build_version":"2020-12-22","purchased_purges":1,"victory":true,"max_hp_per_floor":[99,99,99,99,99,99,99,99,99,99,99,99,99,99,99,99,99,99,99,99,99,99,99,99,99,99,99,99,99,99,99,99,99,99,99,99,99,99,105,112,112,112,112,112,112,112,112,112,112,112],"card_choices":[{"not_picked":["champ:CalledShot","champ:DefensiveStyle"],"picked":"champ:BringItOn","floor":2},{"not_picked":["champ:StanceDance","champ:ShieldSlam"],"picked":"champ:GutPunch","floor":3},{"not_picked":["champ:PerfectedStrike","champ:DefensiveShout"],"picked":"champ:RapidStrikes","floor":4},{"not_picked":["champ:ViciousMockery","champ:CrookedStrike"],"picked":"champ:FlashCut","floor":6},{"not_picked":["champ:FlashCut","champ:AdrenalArmor"],"picked":"champ:RisingSlash","floor":11},{"not_picked":["champ:TornadoPunch","champ:RapidStrikes"],"picked":"champ:Duel","floor":12},{"not_picked":["champ:PreciseThrust","champ:Shatter"],"picked":"champ:VampiricStrike","floor":13},{"not_picked":["champ:PerfectedStrike","champ:RecklessLeap"],"picked":"champ:GutPunch","floor":14},{"not_picked":["champ:BerserkerStyle","champ:HeartStrike"],"picked":"champ:SkillfulDodge","floor":15},{"not_picked":["champ:HeavySlash","champ:VampiricStrike"],"picked":"champ:StrikeOfGenius","floor":16},{"not_picked":["champ:EndlessRage","champ:CrownThrow"],"picked":"champ:Lariat+1","floor":19},{"not_picked":["champ:RapidStrikes+1","champ:FlashCut"],"picked":"champ:FancyFootwork","floor":20},{"not_picked":["champ:BladeFlurry","champ:RapidStrikes"],"picked":"champ:DefensiveShout","floor":22},{"not_picked":["champ:RecklessLeap","champ:HeavySlash"],"picked":"champ:AdrenalArmor","floor":25},{"not_picked":["champ:Endure","champ:Duel"],"picked":"champ:ArenaPreparation+1","floor":26},{"not_picked":["champ:AdrenalArmor","champ:CrownThrow"],"picked":"champ:PreciseThrust","floor":28},{"not_picked":["champ:FalseCounter","champ:StanceDance"],"picked":"champ:Haymaker","floor":29},{"not_picked":["champ:CrownThrow","champ:PreemptiveStrike","champ:PerfectedStrike"],"picked":"SKIP","floor":31},{"not_picked":["champ:EnGarde","champ:ShieldSlam"],"picked":"champ:ShieldThrow","floor":32},{"not_picked":["champ:SwordThrow","champ:HoldFirm"],"picked":"champ:Improvising+1","floor":33},{"not_picked":["champ:DefensiveShout","champ:Shatter+1"],"picked":"champ:Parry","floor":36},{"not_picked":["champ:EndlessRage+1","champ:BringItOn"],"picked":"champ:CrownThrow+1","floor":38},{"not_picked":["champ:FocusedDefense","champ:TornadoPunch+1"],"picked":"champ:Circumvent+1","floor":39},{"not_picked":["champ:ShieldSlam+1","champ:Backstep"],"picked":"champ:IgnorePain","floor":40},{"not_picked":["champ:DefensiveShout+1","champ:GutPunch"],"picked":"champ:FanOfKnives+1","floor":44},{"not_picked":["champ:HeartStrike","champ:PerfectedStrike+1"],"picked":"champ:IronFortress+1","floor":48},{"not_picked":["champ:FlashCut+1","champ:AdrenalArmor+1","champ:Haymaker+1"],"picked":"SKIP","floor":49}],"player_experience":330231,"relics_obtained":[{"floor":7,"key":"Bronze Scales"},{"floor":8,"key":"Odd Mushroom"},{"floor":12,"key":"Lantern"},{"floor":13,"key":"Kunai"},{"floor":14,"key":"Ornamental Fan"},{"floor":17,"key":"Orichalcum"},{"floor":17,"key":"Pantograph"},{"floor":17,"key":"Girya"},{"floor":24,"key":"Mercury Hourglass"},{"floor":28,"key":"champ:BlackKnightHelmet"},{"floor":28,"key":"Darkstone Periapt"},{"floor":37,"key":"Matryoshka"},{"floor":41,"key":"Whetstone"},{"floor":41,"key":"Potion Belt"},{"floor":48,"key":"Letter Opener"}],"event_choices":[{"damage_healed":0,"gold_gain":0,"player_choice":"Fought Mushrooms","damage_taken":0,"max_hp_gain":0,"max_hp_loss":0,"event_name":"Mushrooms","floor":8,"gold_loss":0}],"is_beta":false,"boss_relics":[{"not_picked":["Pandora\u0027s Box","bronze:MakeshiftBattery"],"picked":"Calling Bell"},{"not_picked":["Philosopher\u0027s Stone","Black Star"],"picked":"Empty Cage"}],"items_purged_floors":[25],"is_endless":false,"potions_floor_spawned":[2,8,11,12,15,20,22,31,32,36,39,49],"ascension_level":0}}