{"host":"5hsgormuu0lj4iiq","time":1613011644,"event":{"mods":["AchievementEnabler","BaseMod","Colored Map","Colored Powertips","Minty Spire (QoL Compilation)","Quick Restart","Relic Stats","SuperFastMode","everything is the same but u backflip on backflip","slay the spire mod where everything is the same but ironclad has a cowboy hat"],"gold_per_floor":[117,192,212,225,400,400,400,425,425,425,8,18,45,62,62,162,162,179,179,179],"floor_reached":19,"language":"ENG","playtime":392,"items_purged":["Doubt"],"score":283,"play_id":"21f674a5-eedb-478f-81a1-3d65841665fc","local_time":"20210210214724","is_ascension_mode":true,"campfire_choices":[{"data":"Ball Lightning","floor":6,"key":"SMITH"},{"floor":10,"key":"REST"},{"floor":15,"key":"REST"}],"circlet_count":0,"master_deck":["AscendersBane","Strike_B","Strike_B","Strike_B","Strike_B","Defend_B","Defend_B","Defend_B","Defend_B","Zap","Dualcast","Ball Lightning+1","Conserve Battery","Lockon","Self Repair","Genetic Algorithm","Darkness","Auto Shields","Core Surge","Leap","Chill"],"relics":["Cracked Core","Toy Ornithopter","Cables","Pen Nib","PreservedInsect","Juzu Bracelet","Black Star"],"acts_visited":["Exordium","TheCity"],"potions_floor_usage":[13],"damage_taken":[{"damage":6,"enemies":"2 Louse","floor":1,"turns":2},{"damage":0,"enemies":"Small Slimes","floor":3,"turns":3},{"damage":2,"enemies":"Jaw Worm","floor":4,"turns":3},{"damage":47,"enemies":"3 Sentries","floor":8,"turns":9},{"damage":9,"enemies":"Blue Slaver","floor":12,"turns":4},{"damage":30,"enemies":"Gremlin Nob","floor":13,"turns":3},{"damage":8,"enemies":"Looter","floor":14,"turns":3},{"damage":22,"enemies":"The Guardian","floor":16,"turns":8},{"damage":23,"enemies":"Spheric Guardian","floor":18,"turns":4},{"damage":49,"enemies":"Masked Bandits","floor":19,"turns":3}],"seed_played":"-614802267775922453","potions_obtained":[{"floor":3,"key":"LiquidBronze"},{"floor":8,"key":"BlessingOfTheForge"},{"floor":13,"key":"PotionOfCapacity"}],"is_trial":false,"path_per_floor":["M","?","M","M","?","R","?","E","T","R","$","M","E","M","R","B",null,"M","?"],"character_chosen":"DEFECT","items_purchased":["Self Repair","Genetic Algorithm","PreservedInsect","Darkness"],"campfire_rested":2,"item_purchase_floors":[11,11,11,11],"current_hp_per_floor":[62,51,51,49,49,49,74,27,27,49,49,47,29,21,43,28,63,40,0,0],"gold":179,"neow_bonus":"RANDOM_COMMON_RELIC","is_daily":false,"chose_seed":false,"campfire_upgraded":1,"win_rate":0.0,"timestamp":1613011644,"path_taken":["M","?","M","M","?","R","?","E","T","R","$","M","E","M","R","BOSS","M","?"],"items_purchased_type":["Card","Card","Relic","Card"],"build_version":"2020-12-22","purchased_purges":1,"victory":false,"max_hp_per_floor":[75,75,75,75,75,75,75,75,75,75,75,75,75,75,75,75,75,75,75,75],"relic_stats":{"counters":[10,42],"Pen Nib":[2],"PreservedInsect":22,"Juzu Bracelet":0,"Black Star":0,"obtain_stats":[{"Pen Nib":9,"PreservedInsect":11,"Juzu Bracelet":13,"Black Star":17,"Cracked Core":0,"Toy Ornithopter":0,"Cables":8},{"Pen Nib":4,"PreservedInsect":4,"Juzu Bracelet":6,"Black Star":8,"Cracked Core":0,"Toy Ornithopter":0,"Cables":4},{"Pen Nib":17,"PreservedInsect":17,"Juzu Bracelet":24,"Black Star":35,"Cracked Core":0,"Toy Ornithopter":0,"Cables":17}],"Toy Ornithopter":5,"Cables":[21,18,1,2,0]},"card_choices":[{"not_picked":["Barrage","Go for the Eyes","Skim"],"picked":"SKIP","floor":1},{"not_picked":["White Noise","Compile Driver"],"picked":"Ball Lightning","floor":3},{"not_picked":["Storm","Cold Snap"],"picked":"Conserve Battery","floor":4},{"not_picked":["Beam Cell","Fusion"],"picked":"Lockon","floor":8},{"not_picked":["Barrage","Beam Cell"],"picked":"Auto Shields","floor":12},{"not_picked":["Loop","Multi-Cast"],"picked":"Core Surge","floor":13},{"not_picked":["Sweeping Beam","Barrage"],"picked":"Leap","floor":14},{"not_picked":["Streamline","Hello World"],"picked":"Chill","floor":18}],"player_experience":723423,"relics_obtained":[{"floor":8,"key":"Cables"},{"floor":9,"key":"Pen Nib"},{"floor":13,"key":"Juzu Bracelet"}],"event_choices":[{"damage_healed":0,"gold_gain":75,"player_choice":"Gather Gold","damage_taken":11,"max_hp_gain":0,"max_hp_loss":0,"event_name":"World of Goop","floor":2,"gold_loss":0},{"damage_healed":0,"gold_gain":175,"player_choice":"AGREE","damage_taken":0,"max_hp_gain":0,"max_hp_loss":0,"event_name":"Liars Game","floor":5,"gold_loss":0,"cards_obtained":["Doubt"]},{"damage_healed":25,"gold_gain":0,"player_choice":"Banana","damage_taken":0,"max_hp_gain":0,"max_hp_loss":0,"event_name":"Big Fish","floor":7,"gold_loss":0},{"damage_healed":0,"gold_gain":0,"player_choice":"Fought Bandits","damage_taken":0,"max_hp_gain":0,"max_hp_loss":0,"event_name":"Masked Bandits","floor":19,"gold_loss":0}],"is_beta":false,"boss_relics":[{"not_picked":["Runic Pyramid","FrozenCore"],"picked":"Black Star"}],"items_purged_floors":[11],"is_endless":false,"potions_floor_spawned":[3,8,13],"killed_by":"Masked Bandits","ascension_level":12}}