{"host":"ormi09wwzv7sq47a","time":1613051193,"event":{"mods":["2.2 Compatiblity","AchievementEnabler","Act Like it!","BaseMod","Bestiary","Better Altar","Better Note","Better Sensory Stone","Better Silent Start","Better Skull","Better Third Choice","Better Vampires","BetterRewards","Block Reminder","Card Forge","Colored Map","Colored Powertips","Curses Come First","DeckTracker","Downfall","Highlight Path","Minty Spire (QoL Compilation)","Permanent Neow","Quick Restart","Rare Cards Sparkle","Relic Stats","Shop Mod","StSLib","The Jungle"],"gold_per_floor":[109,120,120,20,20,20,20,49,74,88,115,127,127,138,138,210,210,229,229,229,19,19,19,52,52,52,52,68,68,68,81,81,155,155,175,194,194,214,41,41,69,80,80,110,128,128,158,171,171,171,171,171,41,68,68],"floor_reached":56,"language":"ENG","playtime":4375,"items_purged":["Bash","Strike_R","Defend_R","Defend_R"],"score":2805,"play_id":"82d69508-b602-4866-ab4b-481ab1c997c7","local_time":"20210211114633","is_ascension_mode":true,"campfire_choices":[{"data":"Dark Embrace","floor":6.0,"key":"SMITH"},{"data":"Entrench","floor":13.0,"key":"SMITH"},{"data":"True Grit","floor":15.0,"key":"SMITH"},{"data":"Immolate","floor":23.0,"key":"SMITH"},{"data":"Body Slam","floor":25,"key":"SMITH"},{"data":"Shockwave","floor":27,"key":"SMITH"},{"data":"RitualDagger","floor":30,"key":"SMITH"},{"data":"Wild Strike","floor":32,"key":"SMITH"},{"data":"Feel No Pain","floor":40,"key":"SMITH"},{"floor":49,"key":"RECALL"},{"data":"Feel No Pain","floor":52,"key":"SMITH"}],"circlet_count":0,"master_deck":["AscendersBane","Strike_R","Strike_R+1","Strike_R","Strike_R+1","Defend_R","Defend_R","Dark Embrace+1","Shockwave+1","Body Slam+1","True Grit+1","Perfected Strike+1","Evolve","Entrench+1","Burning Pact+1","Wild Strike+1","Shrug It Off+1","Immolate+1","Thinking Ahead+1","Mayhem","Whirlwind+1","Berserk","RitualDagger+1","Shrug It Off+1","Feel No Pain+1","Sentinel+1","Perfected Strike+1","Warcry+1","Infernal Blade+1","Warcry+1","Flame Barrier+1","Feel No Pain+1","Barricade","True Grit+1","Flex+1","Ghostly Armor+1"],"relics":["Burning Blood","Hammer of Thor","Seething Fire","Anvil of the Gods","Guardian:GemstoneGun","Matryoshka","Tiny Chest","Torii","Mummified Hand","champ:DuelingGlove","Magic Flower","Toxic Egg 2","Slimebound:StickyStick","Smiling Mask","Anchor","Philosopher\u0027s Stone","Nilry\u0027s Codex","Medical Kit","InkBottle","Regal Pillow","bronze:DecasWashers","Mark of Pain","Whetstone","Juzu Bracelet","Question Card","Eternal Feather","Orichalcum"],"acts_visited":["Exordium","TheCity","TheBeyond","TheEnding"],"potions_floor_usage":[24,33,45,54,55,55],"damage_taken":[{"damage":12.0,"enemies":"Jaw Worm","floor":1.0,"turns":2.0},{"damage":1.0,"enemies":"Small Slimes","floor":2.0,"turns":3.0},{"damage":7.0,"enemies":"3 Sentries","floor":8.0,"turns":7.0},{"damage":0.0,"enemies":"Cultist","floor":10.0,"turns":4.0},{"damage":0.0,"enemies":"Blue Slaver","floor":12.0,"turns":2.0},{"damage":0.0,"enemies":"3 Louse","floor":14.0,"turns":4.0},{"damage":19.0,"enemies":"The Guardian","floor":16.0,"turns":18.0},{"damage":17.0,"enemies":"3 Byrds","floor":18.0,"turns":4.0},{"damage":0,"enemies":"Gremlin Leader","floor":24,"turns":5},{"damage":0,"enemies":"2 Thieves","floor":28,"turns":1},{"damage":0,"enemies":"Centurion and Healer","floor":31,"turns":2},{"damage":39,"enemies":"Champ","floor":33,"turns":7},{"damage":0,"enemies":"3 Darklings","floor":35,"turns":2},{"damage":0,"enemies":"Orb Walker","floor":36,"turns":1},{"damage":0,"enemies":"Sphere and 2 Shapes","floor":38,"turns":1},{"damage":0,"enemies":"Nemesis","floor":41,"turns":3},{"damage":0,"enemies":"Transient","floor":42,"turns":5},{"damage":0,"enemies":"Giant Head","floor":44,"turns":2},{"damage":10,"enemies":"Writhing Mass","floor":45,"turns":3},{"damage":0,"enemies":"Reptomancer","floor":47,"turns":2},{"damage":0,"enemies":"4 Shapes","floor":48,"turns":1},{"damage":0,"enemies":"Time Eater","floor":50,"turns":4},{"damage":6,"enemies":"Shield and Spear","floor":54,"turns":4},{"damage":22,"enemies":"The Heart","floor":55,"turns":8}],"seed_played":"2851468916040524747","potions_obtained":[{"floor":1.0,"key":"BlessingOfTheForge"},{"floor":10.0,"key":"Block Potion"},{"floor":14.0,"key":"SpeedPotion"},{"floor":16.0,"key":"Regen Potion"},{"floor":18.0,"key":"GamblersBrew"},{"floor":31,"key":"ColorlessPotion"},{"floor":35,"key":"Block Potion"},{"floor":41,"key":"Strength Potion"},{"floor":48,"key":"SneckoOil"},{"floor":54,"key":"Guardian:BlockOnCardUsePotion"}],"is_trial":false,"path_per_floor":["M","M","?","$","?","R","?","E","T","M","T","M","R","M","R","B",null,"M","?","?","$","T","R","E","R","T","R","M","?","R","M","R","B",null,"M","M","?","M","$","R","E","M","T","E","M","?","E","M","R","B",null,"R","$","E","B",null],"character_chosen":"IRONCLAD","items_purchased":["Matryoshka","Tiny Chest","Dark Embrace","Shockwave","Body Slam","Mummified Hand","champ:DuelingGlove","Medical Kit","Whetstone","True Grit+1","Flex+1"],"campfire_rested":0,"item_purchase_floors":[0,0,0,0,0,0,0,21,39,53,53],"current_hp_per_floor":[30,35,40,40,40,40,40,39,39,48,48,57,57,66,66,56,74,78,57,57,57,57,57,66,66,66,66,75,69,69,78,78,48,72,80,80,80,80,80,80,80,80,80,80,79,76,76,76,76,76,76,76,76,76,63],"gold":68,"neow_bonus":"","is_daily":false,"chose_seed":false,"campfire_upgraded":10,"win_rate":0.0,"timestamp":1613051193,"path_taken":["M","M","?","$","?","R","?","E","T","M","?","M","R","?","R","BOSS","M","?","?","$","?","R","E","R","T","R","M","?","R","M","R","BOSS","M","M","?","M","$","R","E","M","T","E","M","?","E","M","R","BOSS","R","$","E","BOSS"],"items_purchased_type":["Relic","Relic","Card","Card","Card","Relic","Relic","Relic","Relic","Card","Card"],"build_version":"2020-12-22","purchased_purges":4,"victory":true,"max_hp_per_floor":[75,75,80,80,80,80,80,80,80,80,80,80,80,80,80,80,80,80,80,80,80,80,80,80,80,80,80,80,80,80,80,80,80,80,80,80,80,80,80,80,80,80,80,80,80,76,76,76,76,76,76,76,76,76,76],"relic_stats":{"Regal Pillow":0,"Torii":25,"counters":[340,1468],"Magic Flower":[110],"Eternal Feather":41,"Juzu Bracelet":0,"Whetstone":["Guardian:Strike_Guardian","Guardian:Strike_Guardian","Strike_R","Strike_R"],"Orichalcum":[0],"Smiling Mask":175,"Medical Kit":[61],"Question Card":4,"Burning Blood":1540,"Mummified Hand":[85],"Tiny Chest":2,"obtain_stats":[{"Whetstone":23,"Ginger":45,"Boot":24,"Sling":38,"Old Coin":10,"Blood Vial":41,"Sundial":47,"MealTicket":43,"Kunai":38,"Slimebound:AggressiveSlimeRelic":38,"MerchantsRug":38,"Pear":20,"betterAltar:BloodRelic":30,"Blue Candle":10,"Velvet Choker":34,"Eternal Feather":6,"Pen Nib":21,"Guardian:PocketSentry":40,"Akabeko":9,"Bird Faced Urn":54,"MutagenicStrength":21,"Snecko Eye":17,"Mark of Pain":17,"StrikeDummy":25,"Unceasing Top":0,"Regal Pillow":0,"Lantern":3,"Torii":12,"Singing Bowl":24,"sneckomod:BlankCard":9,"Magic Flower":26,"StoneCalendar":24,"Bag of Preparation":10,"Smiling Mask":41,"Ancient Tea Set":44,"Burning Blood":0,"Matryoshka":26,"Shovel":10,"WingedGreaves":36,"InkBottle":11,"Paper Frog":29,"Golden Idol":3,"Self Forming Clay":28,"Guardian:GemstoneGun":0,"bronze:DecasWashers":26,"Thread and Needle":0,"PreservedInsect":40,"champ:DeflectingBracers":39,"Seething Fire":0,"MawBank":24,"Ornamental Fan":9,"Turnip":42,"Slimebound:AbsorbEndCombat":0,"Bottled Lightning":41,"Champion Belt":24,"hexamod:BolsterEngine":26,"Toy Ornithopter":44,"champ:DuelingGlove":0,"Tiny House":34,"Calipers":48,"Nilry\u0027s Codex":19,"CeramicFish":0,"Vajra":48,"Hammer of Thor":0,"Sozu":17,"Centennial Puzzle":27,"HornCleat":30,"DollysMirror":0,"Philosopher\u0027s Stone":34,"Prayer Wheel":36,"Toxic Egg 2":11,"Girya":0,"Happy Flower":11,"Astrolabe":17,"Dead Branch":44,"Oddly Smooth Stone":27,"Letter Opener":0,"War Paint":4,"Question Card":26,"sneckomod:SneckoTalon":17,"Du-Vu Doll":43,"Anvil of the Gods":0,"Brimstone":29,"Shuriken":21,"Bronze Scales":47,"Molten Egg 2":26,"bronze:MakeshiftBattery":34,"Meat on the Bone":48,"Pocketwatch":0,"Darkstone Periapt":28,"Black Blood":17,"Mango":0,"Incense Burner":0,"Juzu Bracelet":41,"Empty Cage":17,"ClockworkSouvenir":38,"Nunchaku":12,"TheAbacus":47,"Slimebound:StickyStick":48,"Mummified Hand":0,"Gambling Chip":12,"Pantograph":54,"Tiny Chest":0,"Red Mask":31,"Odd Mushroom":14,"Orichalcum":26,"Medical Kit":0,"White Beast Statue":8,"Mercury Hourglass":54,"Peace Pipe":0,"CaptainsWheel":45,"Anchor":54,"Bag of Marbles":3,"Coffee Dripper":34,"Membership Card":0,"FossilizedHelix":0,"TungstenRod":42},{"Whetstone":30,"Ginger":282,"Boot":168,"Sling":309,"Old Coin":23,"Blood Vial":39,"Sundial":151,"MealTicket":39,"Kunai":38,"Slimebound:AggressiveSlimeRelic":38,"MerchantsRug":38,"Pear":12,"betterAltar:BloodRelic":143,"Blue Candle":50,"Velvet Choker":88,"Eternal Feather":4,"Pen Nib":82,"Guardian:PocketSentry":92,"Akabeko":5,"Bird Faced Urn":72,"MutagenicStrength":166,"Snecko Eye":107,"Mark of Pain":165,"StrikeDummy":31,"Unceasing Top":18,"Regal Pillow":18,"Lantern":20,"Torii":239,"Singing Bowl":244,"sneckomod:BlankCard":213,"Magic Flower":110,"StoneCalendar":57,"Bag of Preparation":265,"Smiling Mask":118,"Ancient Tea Set":312,"Burning Blood":0,"Matryoshka":31,"Shovel":162,"WingedGreaves":308,"InkBottle":6,"Paper Frog":169,"Golden Idol":2,"Self Forming Clay":169,"Guardian:GemstoneGun":260,"bronze:DecasWashers":325,"Thread and Needle":127,"PreservedInsect":177,"champ:DeflectingBracers":310,"Seething Fire":0,"MawBank":222,"Ornamental Fan":22,"Turnip":67,"Slimebound:AbsorbEndCombat":0,"Bottled Lightning":66,"Champion Belt":110,"hexamod:BolsterEngine":57,"Toy Ornithopter":120,"champ:DuelingGlove":316,"Tiny House":228,"Calipers":233,"Nilry\u0027s Codex":324,"CeramicFish":287,"Vajra":41,"Hammer of Thor":0,"Sozu":10,"Centennial Puzzle":86,"HornCleat":248,"DollysMirror":127,"Philosopher\u0027s Stone":35,"Prayer Wheel":37,"Toxic Egg 2":23,"Girya":127,"Happy Flower":77,"Astrolabe":53,"Dead Branch":93,"Oddly Smooth Stone":32,"Letter Opener":18,"War Paint":2,"Question Card":245,"sneckomod:SneckoTalon":268,"Du-Vu Doll":178,"Anvil of the Gods":0,"Brimstone":86,"Shuriken":109,"Bronze Scales":69,"Molten Egg 2":15,"bronze:MakeshiftBattery":278,"Meat on the Bone":41,"Pocketwatch":287,"Darkstone Periapt":110,"Black Blood":193,"Mango":183,"Incense Burner":0,"Juzu Bracelet":332,"Empty Cage":26,"ClockworkSouvenir":38,"Nunchaku":51,"TheAbacus":41,"Slimebound:StickyStick":257,"Mummified Hand":260,"Gambling Chip":24,"Pantograph":97,"Tiny Chest":316,"Red Mask":277,"Odd Mushroom":9,"Orichalcum":168,"Medical Kit":0,"White Beast Statue":5,"Mercury Hourglass":182,"Peace Pipe":73,"CaptainsWheel":94,"Anchor":126,"Bag of Marbles":46,"Coffee Dripper":61,"Membership Card":18,"FossilizedHelix":44,"TungstenRod":149},{"Whetstone":105,"Ginger":1230,"Boot":768,"Sling":1343,"Old Coin":85,"Blood Vial":132,"Sundial":685,"MealTicket":132,"Kunai":129,"Slimebound:AggressiveSlimeRelic":129,"MerchantsRug":129,"Pear":52,"betterAltar:BloodRelic":643,"Blue Candle":181,"Velvet Choker":369,"Eternal Feather":13,"Pen Nib":349,"Guardian:PocketSentry":380,"Akabeko":19,"Bird Faced Urn":311,"MutagenicStrength":761,"Snecko Eye":449,"Mark of Pain":757,"StrikeDummy":108,"Unceasing Top":73,"Regal Pillow":73,"Lantern":77,"Torii":1045,"Singing Bowl":1065,"sneckomod:BlankCard":953,"Magic Flower":460,"StoneCalendar":219,"Bag of Preparation":1158,"Smiling Mask":498,"Ancient Tea Set":1352,"Burning Blood":0,"Matryoshka":108,"Shovel":740,"WingedGreaves":1341,"InkBottle":25,"Paper Frog":772,"Golden Idol":6,"Self Forming Clay":772,"Guardian:GemstoneGun":1142,"bronze:DecasWashers":1422,"Thread and Needle":536,"PreservedInsect":806,"champ:DeflectingBracers":1345,"Seething Fire":0,"MawBank":979,"Ornamental Fan":81,"Turnip":279,"Slimebound:AbsorbEndCombat":0,"Bottled Lightning":274,"Champion Belt":460,"hexamod:BolsterEngine":219,"Toy Ornithopter":504,"champ:DuelingGlove":1373,"Tiny House":994,"Calipers":1007,"Nilry\u0027s Codex":1417,"CeramicFish":1254,"Vajra":139,"Hammer of Thor":0,"Sozu":45,"Centennial Puzzle":364,"HornCleat":1084,"DollysMirror":536,"Philosopher\u0027s Stone":121,"Prayer Wheel":127,"Toxic Egg 2":85,"Girya":536,"Happy Flower":333,"Astrolabe":198,"Dead Branch":383,"Oddly Smooth Stone":110,"Letter Opener":73,"War Paint":6,"Question Card":1072,"sneckomod:SneckoTalon":1175,"Du-Vu Doll":809,"Anvil of the Gods":0,"Brimstone":364,"Shuriken":456,"Bronze Scales":289,"Molten Egg 2":59,"bronze:MakeshiftBattery":1216,"Meat on the Bone":139,"Pocketwatch":1254,"Darkstone Periapt":460,"Black Blood":871,"Mango":832,"Incense Burner":0,"Juzu Bracelet":1439,"Empty Cage":95,"ClockworkSouvenir":129,"Nunchaku":186,"TheAbacus":139,"Slimebound:StickyStick":1121,"Mummified Hand":1142,"Gambling Chip":89,"Pantograph":402,"Tiny Chest":1373,"Red Mask":1207,"Odd Mushroom":35,"Orichalcum":768,"Medical Kit":0,"White Beast Statue":19,"Mercury Hourglass":825,"Peace Pipe":319,"CaptainsWheel":386,"Anchor":528,"Bag of Marbles":164,"Coffee Dripper":245,"Membership Card":73,"FossilizedHelix":156,"TungstenRod":676}],"InkBottle":[103]},"card_choices":[{"not_picked":["Hemokinesis","Combust"],"picked":"True Grit","floor":1.0},{"not_picked":["Flex","Warcry"],"picked":"Perfected Strike","floor":2.0},{"not_picked":["Evolve","Seeing Red"],"picked":"Entrench","floor":8.0},{"not_picked":["Anger","Warcry+1"],"picked":"Burning Pact+1","floor":10.0},{"not_picked":["Flex+1","Inflame"],"picked":"Wild Strike","floor":12.0},{"not_picked":["Pommel Strike","Warcry+1"],"picked":"Shrug It Off+1","floor":14.0},{"not_picked":["Demon Form","Berserk"],"picked":"Immolate","floor":16.0},{"not_picked":["Pommel Strike","Body Slam","Sword Boomerang"],"picked":"SKIP","floor":18.0},{"not_picked":["Jack Of All Trades+1","Deep Breath+1"],"picked":"Thinking Ahead+1","floor":20.0},{"not_picked":["Secret Weapon+1","Jack Of All Trades+1"],"picked":"Mayhem","floor":20.0},{"not_picked":["Flex+1","Spot Weakness+1"],"picked":"Whirlwind+1","floor":24},{"not_picked":["Heavy Blade+1","Anger"],"picked":"Berserk","floor":28},{"not_picked":["Rupture","Carnage"],"picked":"Shrug It Off+1","floor":31},{"not_picked":["Fiend Fire","Juggernaut"],"picked":"Exhume+1","floor":33},{"not_picked":["Sever Soul","Iron Wave"],"picked":"Feel No Pain","floor":35},{"not_picked":["Rage+1","Sword Boomerang"],"picked":"Sentinel+1","floor":36},{"not_picked":["Clash","Twin Strike"],"picked":"Perfected Strike+1","floor":38},{"not_picked":["Thunderclap","Clash+1"],"picked":"Warcry+1","floor":41},{"not_picked":["Second Wind+1","Bloodletting+1"],"picked":"Infernal Blade+1","floor":42},{"not_picked":["Flex+1","Feed"],"picked":"Warcry+1","floor":44},{"not_picked":["Clothesline","Havoc+1","Pommel Strike+1"],"picked":"Flame Barrier+1","floor":45},{"not_picked":["Fiend Fire","Berserk","Anger"],"picked":"Feel No Pain","floor":47},{"not_picked":["Havoc+1","Headbutt+1","Bloodletting+1"],"picked":"Barricade","floor":48},{"not_picked":["Pommel Strike","Bloodletting+1","Rage+1"],"picked":"Ghostly Armor+1","floor":54}],"player_experience":1051595,"relics_obtained":[{"floor":8.0,"key":"Magic Flower"},{"floor":9.0,"key":"Toxic Egg 2"},{"floor":9.0,"key":"Slimebound:StickyStick"},{"floor":11.0,"key":"Smiling Mask"},{"floor":11.0,"key":"Anchor"},{"floor":19.0,"key":"Nilry\u0027s Codex"},{"floor":22.0,"key":"InkBottle"},{"floor":24,"key":"Regal Pillow"},{"floor":26,"key":"bronze:DecasWashers"},{"floor":41,"key":"Juzu Bracelet"},{"floor":44,"key":"Question Card"},{"floor":47,"key":"Eternal Feather"},{"floor":54,"key":"Orichalcum"}],"event_choices":[{"damage_healed":0.0,"max_hp_gain":5.0,"max_hp_loss":0.0,"gold_gain":0.0,"event_name":"Big Fish","player_choice":"Donut","floor":3.0,"gold_loss":0.0,"damage_taken":0.0},{"damage_healed":0.0,"max_hp_gain":0.0,"max_hp_loss":0.0,"gold_gain":0.0,"event_name":"Living Wall","player_choice":"Grow","floor":5.0,"gold_loss":0.0,"damage_taken":0.0,"cards_upgraded":["Perfected Strike"]},{"damage_healed":0.0,"max_hp_gain":0.0,"max_hp_loss":0.0,"gold_gain":0.0,"event_name":"Match and Keep!","player_choice":"1 cards matched","floor":7.0,"gold_loss":0.0,"damage_taken":0.0,"cards_obtained":["Evolve"]},{"damage_healed":0.0,"max_hp_gain":0.0,"max_hp_loss":0.0,"gold_gain":0.0,"event_name":"Cursed Tome","player_choice":"Obtained Book","floor":19.0,"gold_loss":0.0,"damage_taken":21.0},{"damage_healed":0.0,"max_hp_gain":0.0,"max_hp_loss":0.0,"gold_gain":2.0,"event_name":"betterStone:BetterStone","player_choice":"1","floor":20.0,"gold_loss":0.0,"damage_taken":0.0},{"damage_healed":0,"gold_gain":0,"player_choice":"Dagger","damage_taken":6,"max_hp_gain":0,"max_hp_loss":0,"event_name":"betterThird:BetterNest","floor":29,"gold_loss":0,"cards_obtained":["RitualDagger"]},{"cards_removed":["Exhume"],"damage_healed":0,"gold_gain":0,"player_choice":"Removed Skill","damage_taken":0,"max_hp_gain":0,"max_hp_loss":0,"event_name":"Falling","floor":37,"gold_loss":0},{"damage_healed":0,"gold_gain":0,"player_choice":"Max HP","damage_taken":0,"max_hp_gain":0,"max_hp_loss":4,"event_name":"Winding Halls","floor":46,"gold_loss":0}],"is_beta":false,"boss_relics":[{"not_picked":["Tiny House","Sozu"],"picked":"Philosopher\u0027s Stone"},{"not_picked":["sneckomod:SneckoTalon","Astrolabe"],"picked":"Mark of Pain"}],"items_purged_floors":[0,4,21,53],"is_endless":false,"potions_floor_spawned":[1,10,14,16,18,31,35,41,44,48,54],"ascension_level":16}}