{"host":"8rqsnaeml9gxb0kp","time":1613086562,"event":{"mods":["AchievementEnabler","BaseMod","Dark Map","Minty Spire (QoL Compilation)","Relic Stats","StSLib","slay the spire mod where everything is the same but ironclad has a cowboy hat"],"gold_per_floor":[363,438,78,94,104,104,104,135,135,135,135,135,149,149,149,149,149],"floor_reached":16,"language":"ENG","playtime":493,"items_purged":["Pain"],"score":191,"play_id":"b86fe506-355a-4e0e-8ee1-9cf9a43069a1","local_time":"20210211153602","is_ascension_mode":true,"campfire_choices":[{"data":"Whirlwind","floor":7.0,"key":"SMITH"},{"floor":10.0,"key":"REST"},{"data":"Bash","floor":12.0,"key":"SMITH"},{"data":"Blood for Blood","floor":15.0,"key":"SMITH"}],"circlet_count":0,"master_deck":["AscendersBane","Strike_R","Strike_R","Strike_R","Strike_R","Strike_R","Defend_R","Defend_R","Defend_R","Bash+1","Blood for Blood+1","Whirlwind+1","Limit Break","Rupture","Rupture"],"relics":["Burning Blood","Question Card","Pear","Bronze Scales","Blood Vial","Sundial"],"acts_visited":["Exordium"],"potions_floor_usage":[16],"damage_taken":[{"damage":32.0,"enemies":"Jaw Worm","floor":1.0,"turns":6.0},{"damage":2.0,"enemies":"2 Louse","floor":4.0,"turns":3.0},{"damage":4.0,"enemies":"Small Slimes","floor":5.0,"turns":4.0},{"damage":32.0,"enemies":"Gremlin Nob","floor":8.0,"turns":4.0},{"damage":12.0,"enemies":"Looter","floor":13.0,"turns":3.0},{"damage":46,"enemies":"The Guardian","floor":16,"turns":8}],"seed_played":"7359013359674104052","potions_obtained":[{"floor":1.0,"key":"Explosive Potion"},{"floor":13.0,"key":"Block Potion"}],"is_trial":false,"path_per_floor":["M","?","$","M","M","?","R","E","T","R","?","R","M","T","R","B"],"character_chosen":"IRONCLAD","items_purchased":["Question Card"],"campfire_rested":1,"item_purchase_floors":[3],"current_hp_per_floor":[42,31,31,35,37,37,37,21,21,46,46,46,42,42,42,0,0],"gold":149,"neow_bonus":"TWO_FIFTY_GOLD","is_daily":false,"chose_seed":false,"campfire_upgraded":3,"win_rate":0.0,"timestamp":1613086562,"path_taken":["M","?","$","M","M","?","R","E","T","R","?","R","M","?","R","BOSS"],"items_purchased_type":["Relic"],"build_version":"2020-12-22","purchased_purges":1,"victory":false,"max_hp_per_floor":[75,75,75,75,75,75,75,85,85,85,85,85,85,85,85,85,85],"relic_stats":{"Blood Vial":4,"counters":[6,28],"Sundial":[2],"Bronze Scales":[21],"Question Card":4,"obtain_stats":[{"Blood Vial":11,"Pear":8,"Sundial":14,"Bronze Scales":9,"Question Card":3,"Burning Blood":0},{"Blood Vial":4,"Pear":4,"Sundial":5,"Bronze Scales":4,"Question Card":1,"Burning Blood":0},{"Blood Vial":17,"Pear":17,"Sundial":20,"Bronze Scales":17,"Question Card":6,"Burning Blood":0}],"Burning Blood":30},"card_choices":[{"not_picked":["Havoc","Power Through","Warcry"],"picked":"SKIP","floor":1.0},{"not_picked":["True Grit","Flex","Bloodletting"],"picked":"Blood for Blood","floor":4.0},{"not_picked":["Evolve","Heavy Blade","Shockwave"],"picked":"Whirlwind","floor":5.0},{"not_picked":["Uppercut","Thunderclap","Cleave"],"picked":"Rupture","floor":8.0},{"not_picked":["Dropkick","Seeing Red","Havoc"],"picked":"Rupture","floor":13.0}],"player_experience":196546,"relics_obtained":[{"floor":8.0,"key":"Pear"},{"floor":9.0,"key":"Bronze Scales"},{"floor":14.0,"key":"Sundial"}],"event_choices":[{"damage_healed":0.0,"max_hp_gain":0.0,"max_hp_loss":0.0,"gold_gain":75.0,"event_name":"World of Goop","player_choice":"Gather Gold","floor":2.0,"gold_loss":0.0,"damage_taken":11.0},{"damage_healed":0.0,"max_hp_gain":0.0,"max_hp_loss":0.0,"gold_gain":0.0,"cards_transformed":["Defend_R"],"event_name":"Living Wall","player_choice":"Change","floor":6.0,"gold_loss":0.0,"damage_taken":0.0,"cards_obtained":["Limit Break"]},{"damage_healed":0.0,"max_hp_gain":0.0,"max_hp_loss":0.0,"gold_gain":0.0,"event_name":"Dead Adventurer","player_choice":"Searched \u00271\u0027 times","floor":11.0,"gold_loss":0.0,"damage_taken":0.0,"relics_obtained":["Blood Vial"]},{"damage_healed":0.0,"max_hp_gain":0.0,"max_hp_loss":0.0,"gold_gain":0.0,"event_name":"Dead Adventurer","player_choice":"Searched \u00271\u0027 times","floor":11.0,"gold_loss":0.0,"damage_taken":0.0,"relics_obtained":["Blood Vial"]}],"is_beta":false,"boss_relics":[],"items_purged_floors":[3],"is_endless":false,"potions_floor_spawned":[1,13],"killed_by":"The Guardian","ascension_level":19}}