{"host":"tpad8qsc9e0g0pa5","time":1613037792,"event":{"mods":["BaseMod","Downfall","Minty Spire (QoL Compilation)","Quick Restart","StSLib"],"gold_per_floor":[99,119,139,51,201,232,303,315,315,331,342,79,79,93,112,210,210,210,222,222,246,246,257,257,52,71,81,81,95,105,116,136,136,136,136],"floor_reached":33,"language":"ZHS","playtime":2840,"items_purged":["downfall:Icky"],"score":255,"play_id":"a1cfd714-de30-4e78-a2db-e20849f385b6","local_time":"20210211180312","is_ascension_mode":false,"campfire_choices":[{"data":"bronze:Goto","floor":1.0,"key":"SMITH"},{"data":"bronze:SpaghettiCode","floor":13.0,"key":"SMITH"},{"data":"bronze:AlphaBuild","floor":18.0,"key":"SMITH"},{"data":"bronze:HyperBeam","floor":28.0,"key":"SMITH"}],"circlet_count":0,"master_deck":["bronze:Replicate","bronze:Goto+1","bronze:Branch","bronze:Optimize","bronze:Turbo","bronze:NullPointer","bronze:DelayedSlice","bronze:BronzeOrb+1","bronze:BitShift","bronze:Overload","bronze:SpaghettiCode+1","bronze:ChildClass","bronze:FineTuning","expansioncontent:AwakenDeath","bronze:DelayedGuard","bronze:Backtrace","bronze:AlphaBuild+1","bronze:ThunderWave","bronze:BurnOut","bronze:HyperBeam+1","bronze:Overheat+1","bronze:Overload","bronze:DigitalCarnage","bronze:BurnOut","bronze:Backtrace+1","bronze:SpaghettiCode","bronze:Deprecate","expansioncontent:StudyTheSpire","bronze:WhirlingStrike+1","bronze:Repulsor+1"],"relics":["bronze:BronzeCore","Mummified Hand","Bottled Tornado","Pandora\u0027s Box","Whetstone","MealTicket"],"acts_visited":["Exordium","TheCity"],"potions_floor_usage":[29,29,32,32,32],"damage_taken":[{"damage":5.0,"enemies":"Small Slimes","floor":2.0,"turns":4.0},{"damage":1.0,"enemies":"Jaw Worm","floor":3.0,"turns":3.0},{"damage":0.0,"enemies":"downfall:FleeingMerchant","floor":4.0,"turns":4.0},{"damage":14.0,"enemies":"Gremlin Nob","floor":6.0,"turns":4.0},{"damage":0.0,"enemies":"Cultist","floor":8.0,"turns":2.0},{"damage":0.0,"enemies":"Gremlin Gang","floor":10.0,"turns":1.0},{"damage":0.0,"enemies":"Lots of Slimes","floor":11.0,"turns":1.0},{"damage":7.0,"enemies":"downfall:FleeingMerchant","floor":12.0,"turns":4.0},{"damage":0.0,"enemies":"2 Fungi Beasts","floor":14.0,"turns":3.0},{"damage":0.0,"enemies":"Gremlin Gang","floor":15.0,"turns":3.0},{"damage":30.0,"enemies":"WA_ARCHETYPE_RETAIN","floor":16.0,"turns":6.0},{"damage":4.0,"enemies":"Chosen","floor":19.0,"turns":2.0},{"damage":0.0,"enemies":"Sentry and Sphere","floor":23.0,"turns":3.0},{"damage":2.0,"enemies":"downfall:FleeingMerchant","floor":25.0,"turns":4.0},{"damage":0.0,"enemies":"3 Cultists","floor":26.0,"turns":4.0},{"damage":4.0,"enemies":"Centurion and Healer","floor":27.0,"turns":4.0},{"damage":9,"enemies":"Shelled Parasite and Fungi","floor":29,"turns":2},{"damage":14,"enemies":"Cultist and Chosen","floor":30,"turns":5},{"damage":0,"enemies":"Snecko","floor":31,"turns":2},{"damage":0,"enemies":"Centurion and Healer","floor":32,"turns":2},{"damage":90,"enemies":"IC_MUSHROOM_ARCHETYPE","floor":33,"turns":6}],"seed_played":"1736837091982508162","potions_obtained":[{"floor":2.0,"key":"bronze:CleanCodePotion"},{"floor":6.0,"key":"Weak Potion"},{"floor":14.0,"key":"AttackPotion"},{"floor":15.0,"key":"Strength Potion"},{"floor":16.0,"key":"DuplicationPotion"},{"floor":19.0,"key":"Ancient Potion"},{"floor":23.0,"key":"PowerPotion"},{"floor":29,"key":"Fire Potion"},{"floor":31,"key":"PowerPotion"}],"is_trial":false,"path_per_floor":["R","M","M","$","?","E","T","M","?","M","M","$","R","M","M","B",null,"R","M","?","T","?","M","T","$","M","M","R","M","M","M","M","B"],"character_chosen":"THE_AUTOMATON","items_purchased":["bronze:NullPointer","bronze:ChildClass","bronze:FineTuning","expansioncontent:AwakenDeath","expansioncontent:StudyTheSpire"],"campfire_rested":0,"item_purchase_floors":[4,12,12,12,25],"current_hp_per_floor":[77,72,71,71,71,57,57,57,57,57,57,50,50,50,50,20,77,77,73,73,73,73,73,73,75,75,71,71,62,48,48,48,0,0,0],"gold":136,"neow_bonus":"TEN_PERCENT_HP_BONUS","is_daily":false,"chose_seed":false,"campfire_upgraded":4,"win_rate":0.0,"timestamp":1613037792,"path_taken":["R","M","M","$","?","E","T","M","?","M","M","$","R","M","M","BOSS","R","M","?","?","?","?","T","$","?","M","R","M","M","M","M","BOSS"],"items_purchased_type":["Card","Card","Card","Card","Card"],"build_version":"2020-12-22","purchased_purges":1,"victory":false,"max_hp_per_floor":[77,77,77,77,77,77,77,77,77,77,77,77,77,77,77,77,77,77,77,77,77,77,77,77,77,77,77,77,77,77,77,77,77,77,77],"card_choices":[{"not_picked":["bronze:DigitalCarnage","bronze:BitShift"],"picked":"bronze:Branch","floor":2.0},{"not_picked":["bronze:NullPointer","bronze:DelayedGuard"],"picked":"bronze:Optimize","floor":3.0},{"not_picked":["bronze:BitShift","bronze:Overheat"],"picked":"bronze:Turbo","floor":4.0},{"not_picked":["bronze:Turbo","bronze:ForceShield"],"picked":"bronze:DelayedSlice","floor":6.0},{"not_picked":["bronze:CutThrough","bronze:CloningBeam"],"picked":"bronze:BronzeOrb","floor":8.0},{"not_picked":["bronze:FollowUp","bronze:BugBarrage"],"picked":"bronze:BitShift","floor":10.0},{"not_picked":["bronze:ForceShield","bronze:CutThrough"],"picked":"bronze:Overload","floor":11.0},{"not_picked":["bronze:Turbo","bronze:BitShift"],"picked":"bronze:SpaghettiCode","floor":12.0},{"not_picked":["bronze:Philosophize","bronze:Invalidate"],"picked":"bronze:DelayedGuard","floor":14.0},{"not_picked":["bronze:DigitalCarnage","bronze:Overload"],"picked":"bronze:Backtrace","floor":15.0},{"not_picked":["bronze:ShipIt","bronze:SpaghettiCode"],"picked":"bronze:AlphaBuild","floor":16.0},{"not_picked":["bronze:Turbo+1","bronze:Shield+1"],"picked":"bronze:Backtrace+1","floor":19.0},{"not_picked":["bronze:Deprecate","bronze:Turbo+1","bronze:Invalidate"],"picked":"SKIP","floor":23.0},{"not_picked":["bronze:Optimize","bronze:BugBarrage"],"picked":"bronze:Deprecate","floor":25.0},{"not_picked":["bronze:BugBarrage","bronze:MaxOutput"],"picked":"bronze:WhirlingStrike+1","floor":26.0},{"not_picked":["bronze:Philosophize+1","bronze:WhirlingStrike","bronze:Fortify"],"picked":"SKIP","floor":27.0},{"not_picked":["bronze:OilSpill","bronze:Overload","bronze:BugBarrage"],"picked":"SKIP","floor":29},{"not_picked":["bronze:Shield","bronze:DelayedSlice","bronze:WhirlingStrike"],"picked":"SKIP","floor":30},{"not_picked":["bronze:NullPointer","bronze:Iterate","bronze:Overload"],"picked":"SKIP","floor":31},{"not_picked":["bronze:BugBarrage","bronze:ClassDefault"],"picked":"bronze:Repulsor+1","floor":32}],"player_experience":316974,"relics_obtained":[{"floor":6.0,"key":"Mummified Hand"},{"floor":7.0,"key":"Bottled Tornado"},{"floor":21.0,"key":"Whetstone"},{"floor":24.0,"key":"MealTicket"}],"event_choices":[{"damage_healed":0.0,"max_hp_gain":0.0,"max_hp_loss":0.0,"gold_gain":0.0,"event_name":"Vampires","player_choice":"Ignored","floor":20.0,"gold_loss":0.0,"damage_taken":0.0}],"is_beta":false,"boss_relics":[{"not_picked":["SlaversCollar","Sozu"],"picked":"Pandora\u0027s Box"}],"items_purged_floors":[12],"is_endless":false,"potions_floor_spawned":[2,6,14,15,16,19,23,27,29,31],"killed_by":"IC_MUSHROOM_ARCHETYPE","ascension_level":0}}