{"host":"za1qviwhp34x909e","time":1613038040,"event":{"mods":["BaseMod","Colored Map","Colored Powertips","Highlight Path","Minty Spire (QoL Compilation)","Quick Restart"],"gold_per_floor":[114,114,129,148,162,162,193,183,183,183,183,183],"floor_reached":11,"language":"ENG","playtime":368,"items_purged":[],"score":109,"play_id":"a2a5bd89-3ade-4ec7-a508-06ab80275442","local_time":"20210211040720","is_ascension_mode":true,"campfire_choices":[{"data":"Backflip","floor":6,"key":"SMITH"},{"floor":10,"key":"REST"}],"circlet_count":0,"master_deck":["Strike_G","Strike_G","Strike_G","Strike_G","Strike_G","Defend_G","Defend_G","Defend_G","Defend_G","Defend_G","Survivor","Neutralize","Backflip+1","Regret","Masterful Stab","Dagger Spray","Cloak And Dagger","Backstab","Backstab"],"relics":["Ring of the Snake","The Specimen","Darkstone Periapt","Ginger","Matryoshka"],"acts_visited":["Exordium"],"potions_floor_usage":[7,7],"damage_taken":[{"damage":3,"enemies":"Jaw Worm","floor":1,"turns":7},{"damage":8,"enemies":"Cultist","floor":3,"turns":5},{"damage":1,"enemies":"Small Slimes","floor":4,"turns":3},{"damage":6,"enemies":"Blue Slaver","floor":5,"turns":4},{"damage":19,"enemies":"Gremlin Nob","floor":7,"turns":4},{"damage":13,"enemies":"Exordium Thugs","floor":8,"turns":4},{"damage":31,"enemies":"Lagavulin","floor":11,"turns":5}],"seed_played":"-2185224506686565527","potions_obtained":[{"floor":3,"key":"LiquidMemories"},{"floor":4,"key":"CunningPotion"},{"floor":5,"key":"Ancient Potion"},{"floor":7,"key":"DuplicationPotion"}],"is_trial":false,"path_per_floor":["M","?","M","M","M","R","E","M","T","R","E"],"character_chosen":"THE_SILENT","items_purchased":[],"campfire_rested":1,"item_purchase_floors":[],"current_hp_per_floor":[60,66,58,57,51,51,32,19,19,39,8,8],"gold":183,"neow_bonus":"ONE_RARE_RELIC","is_daily":false,"chose_seed":false,"campfire_upgraded":1,"win_rate":0.0,"timestamp":1613038040,"path_taken":["M","?","M","M","M","R","E","M","T","R","E"],"items_purchased_type":[],"build_version":"2020-12-22","purchased_purges":0,"victory":false,"max_hp_per_floor":[63,69,69,69,69,69,69,69,69,69,69,69],"card_choices":[{"not_picked":["Cloak And Dagger","Predator"],"picked":"Backflip","floor":1},{"not_picked":["Flying Knee","Dagger Throw"],"picked":"Masterful Stab","floor":3},{"not_picked":["Well Laid Plans","Calculated Gamble"],"picked":"Dagger Spray","floor":4},{"not_picked":["Deflect","Catalyst"],"picked":"Cloak And Dagger","floor":5},{"not_picked":["Slice","Dagger Spray"],"picked":"Backstab","floor":7},{"not_picked":["Escape Plan","Well Laid Plans"],"picked":"Backstab","floor":8}],"player_experience":667006,"relics_obtained":[{"floor":7,"key":"Ginger"},{"floor":9,"key":"Matryoshka"}],"event_choices":[{"damage_healed":0,"gold_gain":0,"player_choice":"Box","damage_taken":0,"relics_obtained":["Darkstone Periapt"],"max_hp_gain":0,"max_hp_loss":0,"event_name":"Big Fish","floor":2,"gold_loss":0,"cards_obtained":["Regret"]}],"is_beta":false,"boss_relics":[],"items_purged_floors":[],"is_endless":false,"potions_floor_spawned":[3,4,5,7],"killed_by":"Lagavulin","ascension_level":9}}