{"host":"1c17lcvl7acx821p","time":1613071993,"event":{"mods":["AchievementEnabler","BaseMod","Bestiary","Colored Map","Minty Spire (QoL Compilation)","Quick Restart","Relic Sorter","StSLib","ojb\u0027s Better Paths Mod","ojb\u0027s Info Mod"],"gold_per_floor":[365,382,392,221,231,231,259,259,259,277,277,277,288,308,308,308,308],"floor_reached":16,"language":"ENG","playtime":525,"items_purged":[],"score":208,"play_id":"fd9ac4ef-c89d-468f-b78e-5e63ac9ad4da","local_time":"20210211213313","is_ascension_mode":true,"campfire_choices":[{"data":"Genetic Algorithm","floor":6,"key":"SMITH"},{"data":"Streamline","floor":12,"key":"SMITH"},{"data":"Seek","floor":15,"key":"SMITH"}],"circlet_count":0,"master_deck":["AscendersBane","Strike_B","Strike_B","Strike_B","Strike_B","Defend_B","Defend_B","Defend_B","Defend_B","Zap","Dualcast","FTL","Reinforced Body","Multi-Cast","Streamline+1","Cold Snap","Genetic Algorithm+1","Compile Driver","Seek+1","Coolheaded+1","Self Repair"],"relics":["Cracked Core","Orrery","Toxic Egg 2","Blue Candle","Singing Bowl"],"acts_visited":["Exordium"],"potions_floor_usage":[7,16],"damage_taken":[{"damage":1,"enemies":"2 Louse","floor":1,"turns":3},{"damage":4,"enemies":"Jaw Worm","floor":2,"turns":4},{"damage":2,"enemies":"Cultist","floor":3,"turns":4},{"damage":7,"enemies":"Red Slaver","floor":5,"turns":4},{"damage":48,"enemies":"Gremlin Nob","floor":7,"turns":5},{"damage":0,"enemies":"Blue Slaver","floor":10,"turns":5},{"damage":2,"enemies":"2 Fungi Beasts","floor":13,"turns":5},{"damage":9,"enemies":"Red Slaver","floor":14,"turns":3},{"damage":29,"enemies":"Slime Boss","floor":16,"turns":3}],"seed_played":"-8356150757180223319","potions_obtained":[{"floor":1,"key":"CultistPotion"},{"floor":7,"key":"SneckoOil"}],"is_trial":false,"path_per_floor":["M","M","M","$","M","R","E","?","T","M","?","R","M","M","R","B"],"character_chosen":"DEFECT","items_purchased":["Orrery"],"campfire_rested":0,"item_purchase_floors":[4],"current_hp_per_floor":[63,59,57,57,50,50,2,23,23,23,23,23,30,23,23,0,0],"gold":308,"neow_bonus":"TWO_FIFTY_GOLD","is_daily":false,"chose_seed":false,"campfire_upgraded":3,"win_rate":0.0,"timestamp":1613071993,"path_taken":["M","M","M","$","M","R","E","?","T","M","?","R","?","M","R","BOSS"],"items_purchased_type":["Relic"],"build_version":"2020-12-22","purchased_purges":0,"victory":false,"max_hp_per_floor":[64,64,64,64,64,64,64,64,64,64,64,64,66,68,68,68,68],"card_choices":[{"not_picked":["Heatsinks","Cold Snap"],"picked":"FTL","floor":1},{"not_picked":["Go for the Eyes","Self Repair"],"picked":"Reinforced Body","floor":2},{"not_picked":["Leap","Conserve Battery"],"picked":"Multi-Cast","floor":3},{"not_picked":["Turbo","Force Field"],"picked":"Chill","floor":4},{"not_picked":["Hello World","Rebound"],"picked":"Streamline","floor":4},{"not_picked":["Leap","Stack"],"picked":"Cold Snap","floor":4},{"not_picked":["Cold Snap","Recycle"],"picked":"Genetic Algorithm","floor":4},{"not_picked":["Heatsinks","Consume"],"picked":"Compile Driver","floor":4},{"not_picked":["Leap","Redo"],"picked":"Seek","floor":5},{"not_picked":["Redo+1","Aggregate+1"],"picked":"Coolheaded+1","floor":7},{"not_picked":["Stack+1","Gash"],"picked":"Self Repair","floor":10},{"not_picked":["Hello World","Leap+1","Turbo+1"],"picked":"Singing Bowl","floor":13},{"not_picked":["Beam Cell","Genetic Algorithm+1","Redo+1"],"picked":"Singing Bowl","floor":14}],"player_experience":318008,"relics_obtained":[{"floor":7,"key":"Toxic Egg 2"},{"floor":9,"key":"Blue Candle"}],"event_choices":[{"damage_healed":21,"gold_gain":0,"player_choice":"Banana","damage_taken":0,"max_hp_gain":0,"max_hp_loss":0,"event_name":"Big Fish","floor":8,"gold_loss":0},{"cards_removed":["Chill"],"damage_healed":0,"gold_gain":0,"player_choice":"Gave Card","damage_taken":0,"relics_obtained":["Singing Bowl"],"max_hp_gain":0,"max_hp_loss":0,"event_name":"WeMeetAgain","floor":11,"gold_loss":0}],"is_beta":false,"boss_relics":[],"items_purged_floors":[],"is_endless":false,"potions_floor_spawned":[1,7],"killed_by":"Slime Boss","ascension_level":20}}