{"host":"g2yp6paluzgljz05","time":1613038671,"event":{"mods":["BaseMod","Bestiary","Colored Powertips","DeckTracker","Highlight Path","Minty Spire (QoL Compilation)","Quick Restart"],"gold_per_floor":[113,188,188,201,126,126,139,150,177,187,187,187,205,220,220,325,325,341,252,177,190,105,105,105,105,105],"floor_reached":25,"language":"ENG","playtime":1277,"items_purged":["Strike_B"],"score":222,"play_id":"caa9575b-49fa-4217-a71e-37b59ebc8491","local_time":"20210211211751","is_ascension_mode":true,"campfire_choices":[{"data":"Chill","floor":6,"key":"SMITH"},{"data":"Zap","floor":12,"key":"SMITH"},{"data":"Sunder","floor":15,"key":"SMITH"},{"data":"Buffer","floor":23,"key":"SMITH"}],"circlet_count":0,"master_deck":["Zap+1","Dualcast","Chill+1","Static Discharge","Loop","Coolheaded","Sunder+1","Buffer+1","Echo Form","Force Field","Redo","Steam Power","Tempest","Lockon+1","Apotheosis","Capacitor"],"relics":["Cracked Core","Whetstone","Pandora\u0027s Box","Lantern"],"acts_visited":["Exordium","TheCity"],"potions_floor_usage":[],"damage_taken":[{"damage":0,"enemies":"Small Slimes","floor":1,"turns":2},{"damage":2,"enemies":"2 Louse","floor":4,"turns":2},{"damage":0,"enemies":"Jaw Worm","floor":7,"turns":5},{"damage":5,"enemies":"Red Slaver","floor":8,"turns":4},{"damage":8,"enemies":"Looter","floor":10,"turns":3},{"damage":0,"enemies":"2 Fungi Beasts","floor":13,"turns":3},{"damage":13,"enemies":"Exordium Thugs","floor":14,"turns":4},{"damage":45,"enemies":"Slime Boss","floor":16,"turns":11},{"damage":35,"enemies":"2 Thieves","floor":18,"turns":3},{"damage":10,"enemies":"Chosen","floor":21,"turns":5},{"damage":45,"enemies":"Book of Stabbing","floor":25,"turns":4}],"seed_played":"-2655317274132182648","potions_obtained":[{"floor":1,"key":"Block Potion"},{"floor":4,"key":"Strength Potion"},{"floor":10,"key":"PotionOfCapacity"}],"is_trial":false,"path_per_floor":["M","?","?","M","$","R","M","M","T","M","?","R","M","M","R","B",null,"M","$","?","M","?","R","?","E"],"character_chosen":"DEFECT","items_purchased":["Deep Breath"],"campfire_rested":0,"item_purchase_floors":[19],"current_hp_per_floor":[68,57,50,48,48,48,48,43,43,35,64,64,64,51,51,6,89,54,54,54,44,44,44,44,0,0],"gold":105,"neow_bonus":"TWENTY_PERCENT_HP_BONUS","is_daily":false,"chose_seed":false,"campfire_upgraded":4,"win_rate":0.0,"timestamp":1613038671,"path_taken":["M","?","?","M","$","R","M","M","T","M","?","R","M","?","R","BOSS","M","$","?","M","?","R","?","E"],"items_purchased_type":["Card"],"build_version":"2020-12-22","purchased_purges":1,"victory":false,"max_hp_per_floor":[89,89,89,89,89,89,89,89,89,89,89,89,89,89,89,89,89,89,89,89,89,89,89,89,89,89],"card_choices":[{"not_picked":["Force Field","Steam"],"picked":"Chill","floor":1},{"not_picked":["Fusion","Reprogram"],"picked":"Static Discharge","floor":4},{"not_picked":["Gash","Skim"],"picked":"Blizzard","floor":7},{"not_picked":["Darkness","Tempest"],"picked":"Loop","floor":8},{"not_picked":["Streamline","Scrape"],"picked":"Coolheaded","floor":10},{"not_picked":["Barrage","Conserve Battery"],"picked":"Sunder","floor":13},{"not_picked":["Leap","Go for the Eyes","Ball Lightning"],"picked":"SKIP","floor":14},{"not_picked":["Hyperbeam","Thunder Strike"],"picked":"Buffer","floor":16},{"not_picked":["Sweeping Beam","Hello World","Steam"],"picked":"SKIP","floor":18},{"not_picked":["Steam","Redo"],"picked":"Lockon+1","floor":21}],"player_experience":353096,"relics_obtained":[{"floor":9,"key":"Whetstone"}],"event_choices":[{"damage_healed":0,"gold_gain":75,"player_choice":"Gather Gold","damage_taken":11,"max_hp_gain":0,"max_hp_loss":0,"event_name":"World of Goop","floor":2,"gold_loss":0},{"cards_removed":["Strike_B"],"damage_healed":0,"gold_gain":0,"player_choice":"Card Removal","damage_taken":7,"max_hp_gain":0,"max_hp_loss":0,"event_name":"Golden Wing","floor":3,"gold_loss":0},{"damage_healed":29,"gold_gain":0,"player_choice":"Banana","damage_taken":0,"max_hp_gain":0,"max_hp_loss":0,"event_name":"Big Fish","floor":11,"gold_loss":0},{"cards_removed":["Blizzard"],"damage_healed":0,"gold_gain":0,"player_choice":"Gave Gold","damage_taken":0,"max_hp_gain":0,"max_hp_loss":0,"event_name":"Beggar","floor":20,"gold_loss":75},{"damage_healed":0,"gold_gain":0,"player_choice":"Obtained Relic","damage_taken":0,"relics_obtained":["Lantern"],"max_hp_gain":0,"max_hp_loss":0,"event_name":"Addict","floor":22,"gold_loss":85},{"damage_healed":0,"gold_gain":0,"cards_transformed":["Deep Breath","Core Surge"],"player_choice":"Became Test Subject","damage_taken":0,"max_hp_gain":0,"max_hp_loss":0,"event_name":"Drug Dealer","floor":24,"gold_loss":0,"cards_obtained":["Apotheosis","Capacitor"]}],"is_beta":false,"boss_relics":[{"not_picked":["Black Star","SlaversCollar"],"picked":"Pandora\u0027s Box"}],"items_purged_floors":[5],"is_endless":false,"potions_floor_spawned":[1,4,10,14,16,18],"killed_by":"Book of Stabbing","ascension_level":3}}