{"host":"f6w7z8zvb0mi4wy9","time":1613066748,"event":{"mods":["BaseMod","Colored Map","Minty Spire (QoL Compilation)","READ ME - Guardian Mod","StSLib","SuperFastMode","The Jungle"],"gold_per_floor":[109,125,200,29,29,29,54,4,78,78,78,93,110,130,130,226,226,245,255,27,126,136,164,164,164,234,259,174,184,30,59,59,59,59],"floor_reached":33,"language":"KOR","playtime":839,"items_purged":["Strike_B"],"score":342,"play_id":"4366e308-e026-4ea4-8862-0402b6dedb6c","local_time":"20210212030548","is_ascension_mode":true,"campfire_choices":[{"data":"Zap","floor":6.0,"key":"SMITH"},{"data":"Dualcast","floor":10.0,"key":"SMITH"},{"data":"Go for the Eyes","floor":15.0,"key":"SMITH"},{"data":"Beam Cell","floor":25.0,"key":"SMITH"},{"floor":32.0,"key":"RECALL"}],"circlet_count":0,"master_deck":["Strike_B","Strike_B","Strike_B","Defend_B","Defend_B","Defend_B","Defend_B","Zap+1","Dualcast+1","All For One","Storm","Scrape","Go for the Eyes+1","Go for the Eyes","Seek","Swift Strike","Steam","Streamline","Reboot","Beam Cell+1","BootSequence","Gash"],"relics":["Cracked Core","Lee\u0027s Waffle","Oddly Smooth Stone","Odd Mushroom","Philosopher\u0027s Stone","Blood Vial","Akabeko","Ornamental Fan","Ancient Tea Set","Incense Burner","Nunchaku","Dream Catcher"],"acts_visited":["Exordium","TheCity"],"potions_floor_usage":[33,33,33],"damage_taken":[{"damage":1.0,"enemies":"Cultist","floor":1.0,"turns":3.0},{"damage":0.0,"enemies":"2 Louse","floor":2.0,"turns":2.0},{"damage":21.0,"enemies":"Lagavulin","floor":7.0,"turns":6.0},{"damage":0.0,"enemies":"Small Slimes","floor":12.0,"turns":1.0},{"damage":0.0,"enemies":"Red Slaver","floor":13.0,"turns":2.0},{"damage":5.0,"enemies":"The Mushroom Lair","floor":14.0,"turns":4.0},{"damage":43.0,"enemies":"The Guardian","floor":16.0,"turns":11.0},{"damage":6.0,"enemies":"Chosen","floor":18.0,"turns":4.0},{"damage":0.0,"enemies":"Spheric Guardian","floor":19.0,"turns":2.0},{"damage":13.0,"enemies":"Centurion and Healer","floor":22.0,"turns":2.0},{"damage":24.0,"enemies":"Gremlin Leader","floor":23.0,"turns":5.0},{"damage":18.0,"enemies":"Slavers","floor":27.0,"turns":4.0},{"damage":10.0,"enemies":"3 Cultists","floor":29.0,"turns":5.0},{"damage":0.0,"enemies":"Gremlin Leader","floor":31.0,"turns":7.0},{"damage":24,"enemies":"Champ","floor":33,"turns":8}],"seed_played":"2909931557263453595","potions_obtained":[{"floor":1.0,"key":"DuplicationPotion"},{"floor":2.0,"key":"Block Potion"},{"floor":7.0,"key":"Weak Potion"},{"floor":31.0,"key":"SteroidPotion"}],"is_trial":false,"path_per_floor":["M","M","?","$","?","R","E","$","T","R","?","M","M","?","R","B",null,"M","M","$","?","M","E","?","R","T","E","?","M","$","E","R","B"],"character_chosen":"DEFECT","items_purchased":["Go for the Eyes","Lee\u0027s Waffle","Go for the Eyes","Blood Vial","Nunchaku"],"campfire_rested":0,"item_purchase_floors":[4,4,8,20,30],"current_hp_per_floor":[53,53,42,82,82,82,61,61,61,61,61,61,61,56,56,13,82,76,76,76,76,65,43,43,43,43,27,27,19,19,21,21,0,0],"gold":59,"neow_bonus":"THREE_RARE_CARDS","is_daily":false,"chose_seed":false,"campfire_upgraded":4,"win_rate":0.0,"timestamp":1613066748,"path_taken":["M","M","?","$","?","R","E","$","T","R","?","M","?","?","R","BOSS","M","M","$","?","M","E","?","R","T","E","?","?","$","E","R","BOSS"],"items_purchased_type":["Card","Relic","Card","Relic","Relic"],"build_version":"2020-12-22","purchased_purges":1,"victory":false,"max_hp_per_floor":[75,75,75,82,82,82,82,82,82,82,82,82,82,82,82,82,82,82,82,82,82,82,82,82,82,82,82,82,82,82,82,82,82,82],"card_choices":[{"not_picked":["Rainbow","Core Surge"],"picked":"All For One","floor":0.0},{"not_picked":["Genetic Algorithm","Self Repair"],"picked":"Storm","floor":1.0},{"not_picked":["Chill","Barrage"],"picked":"Scrape","floor":2.0},{"not_picked":["Barrage","Sweeping Beam","Storm"],"picked":"SKIP","floor":7.0},{"not_picked":["Coolheaded","Defragment"],"picked":"Steam","floor":12.0},{"not_picked":["Rip and Tear","Turbo"],"picked":"Streamline","floor":13.0},{"not_picked":["Rainbow","Buffer"],"picked":"Reboot","floor":16.0},{"not_picked":["Barrage","Stack","Turbo"],"picked":"SKIP","floor":18.0},{"not_picked":["Streamline","Rip and Tear"],"picked":"Beam Cell","floor":19.0},{"not_picked":["Coolheaded","Compile Driver"],"picked":"BootSequence","floor":22.0},{"not_picked":["Melter","Recycle+1","Redo"],"picked":"SKIP","floor":23.0},{"not_picked":["Electrodynamics","Sweeping Beam","Barrage"],"picked":"SKIP","floor":27.0},{"not_picked":["Stack","Reinforced Body"],"picked":"Gash","floor":29.0},{"not_picked":["Rebound+1","Aggregate+1","Compile Driver"],"picked":"SKIP","floor":31.0}],"player_experience":932964,"relics_obtained":[{"floor":7.0,"key":"Oddly Smooth Stone"},{"floor":14.0,"key":"Odd Mushroom"},{"floor":23.0,"key":"Akabeko"},{"floor":26.0,"key":"Ornamental Fan"},{"floor":27.0,"key":"Ancient Tea Set"},{"floor":31.0,"key":"Dream Catcher"}],"event_choices":[{"damage_healed":0.0,"max_hp_gain":0.0,"max_hp_loss":0.0,"gold_gain":75.0,"event_name":"World of Goop","player_choice":"Gather Gold","floor":3.0,"gold_loss":0.0,"damage_taken":11.0},{"damage_healed":0.0,"max_hp_gain":0.0,"max_hp_loss":0.0,"gold_gain":0.0,"event_name":"Liars Game","player_choice":"Ignored","floor":5.0,"gold_loss":0.0,"damage_taken":0.0},{"damage_healed":0.0,"max_hp_gain":0.0,"max_hp_loss":0.0,"gold_gain":0.0,"event_name":"Match and Keep!","player_choice":"2 cards matched","floor":11.0,"gold_loss":0.0,"damage_taken":0.0,"cards_obtained":["Seek","Swift Strike"]},{"damage_healed":0.0,"max_hp_gain":0.0,"max_hp_loss":0.0,"gold_gain":0.0,"event_name":"Mushrooms","player_choice":"Fought Mushrooms","floor":14.0,"gold_loss":0.0,"damage_taken":0.0},{"damage_healed":0.0,"max_hp_gain":0.0,"max_hp_loss":0.0,"gold_gain":99.0,"event_name":"Nest","player_choice":"Stole From Cult","floor":21.0,"gold_loss":0.0,"damage_taken":0.0},{"damage_healed":0.0,"max_hp_gain":0.0,"max_hp_loss":0.0,"gold_gain":0.0,"event_name":"The Mausoleum","player_choice":"Ignored","floor":24.0,"gold_loss":0.0,"damage_taken":0.0},{"damage_healed":0.0,"max_hp_gain":0.0,"max_hp_loss":0.0,"gold_gain":0.0,"event_name":"Addict","player_choice":"Obtained Relic","floor":28.0,"gold_loss":85.0,"damage_taken":0.0,"relics_obtained":["Incense Burner"]}],"is_beta":false,"boss_relics":[{"not_picked":["Pandora\u0027s Box","Nuclear Battery"],"picked":"Philosopher\u0027s Stone"}],"items_purged_floors":[20],"is_endless":false,"potions_floor_spawned":[1,2,7,19,23,31],"killed_by":"Champ","ascension_level":1}}