{"host":"djoj10dqzzvtkauc","time":1613044692,"event":{"mods":["2.2 Compatiblity","BaseMod","Colored Map","DeckTracker","Highlight Path","Keyboard Shortcuts","Marisa£¨Ùöéë¡¡Øª×âÞÞ£©","Minty Spire (QoL Compilation)","Permanent Neow","Quick Restart","Random Character Button","StSLib","SuperFastMode","everything is the same but u backflip on backflip"],"gold_per_floor":[112,130,130,153,171,171,185,185,185,185,229,229,243,276,276,372,372,392,392,163,163,178,178,216,216,243,256,171,14,27,40,40,133,133,152,152,152,0,0,0,0,0,24,45,45,69,90,90,90,90],"floor_reached":51,"language":"KOR","playtime":1017,"items_purged":["Strike_G+1"],"score":1255,"play_id":"6784f743-e3fb-4d9a-9a12-e9ced234a1af","local_time":"20210211205812","is_ascension_mode":true,"campfire_choices":[{"data":"Storm of Steel","floor":6,"key":"SMITH"},{"data":"Accuracy","floor":10,"key":"SMITH"},{"data":"Blade Dance","floor":15,"key":"SMITH"},{"data":"Terror","floor":23,"key":"SMITH"},{"floor":32,"key":"REST"},{"data":"Accuracy","floor":40,"key":"SMITH"},{"data":"Footwork","floor":42,"key":"SMITH"},{"floor":49,"key":"REST"}],"circlet_count":0,"master_deck":["AscendersBane","Strike_G+1","Strike_G+1","Strike_G+1","Defend_G+1","Defend_G+1","Defend_G+1","Defend_G+1","Defend_G+1","Survivor","Neutralize","Storm of Steel+1","Terror+1","Blade Dance+1","PiercingWail","Accuracy+1","Escape Plan","Die Die Die","Deflect+1","Night Terror+1","Deflect+1","Blade Dance+1","PiercingWail+1","Infinite Blades+1","Cloak And Dagger+1","Cloak And Dagger+1","Dodge and Roll+1","Dodge and Roll+1","Cloak And Dagger+1","Footwork+1","Distraction+1","Cloak And Dagger+1","Corpse Explosion+1","Accuracy+1","Crippling Poison+1","Metamorphosis+1"],"relics":["Ring of the Snake","Golden Idol","Ancient Tea Set","Omamori","Vajra","Toxic Egg 2","WristBlade","Paper Crane","MutagenicStrength","Strawberry","MawBank","Busted Crown","Art of War"],"acts_visited":["Exordium","TheCity","TheBeyond"],"potions_floor_usage":[11,11,14,16,27,33,35,50],"damage_taken":[{"damage":1,"enemies":"2 Louse","floor":1,"turns":3},{"damage":0,"enemies":"Jaw Worm","floor":2,"turns":4},{"damage":0,"enemies":"Small Slimes","floor":4,"turns":3},{"damage":0,"enemies":"2 Fungi Beasts","floor":5,"turns":4},{"damage":22,"enemies":"Large Slime","floor":7,"turns":5},{"damage":0,"enemies":"3 Sentries","floor":11,"turns":3},{"damage":0,"enemies":"Blue Slaver","floor":13,"turns":1},{"damage":0,"enemies":"Gremlin Nob","floor":14,"turns":2},{"damage":9,"enemies":"Hexaghost","floor":16,"turns":7},{"damage":7,"enemies":"3 Byrds","floor":18,"turns":5},{"damage":0,"enemies":"Spheric Guardian","floor":22,"turns":1},{"damage":0,"enemies":"Book of Stabbing","floor":24,"turns":4},{"damage":11,"enemies":"Shelled Parasite and Fungi","floor":27,"turns":2},{"damage":0,"enemies":"Snake Plant","floor":30,"turns":1},{"damage":15,"enemies":"Snecko","floor":31,"turns":5},{"damage":45,"enemies":"Collector","floor":33,"turns":6},{"damage":7,"enemies":"3 Darklings","floor":35,"turns":6},{"damage":0,"enemies":"Orb Walker","floor":44,"turns":1},{"damage":5,"enemies":"4 Shapes","floor":46,"turns":3},{"damage":15,"enemies":"Spire Growth","floor":47,"turns":3},{"damage":48,"enemies":"Awakened One","floor":50,"turns":10}],"seed_played":"-5589813423938756235","potions_obtained":[{"floor":2,"key":"SteroidPotion"},{"floor":7,"key":"AttackPotion"},{"floor":11,"key":"FearPotion"},{"floor":13,"key":"ColorlessPotion"},{"floor":14,"key":"BlessingOfTheForge"},{"floor":22,"key":"LiquidBronze"},{"floor":27,"key":"Fruit Juice"},{"floor":33,"key":"SkillPotion"},{"floor":44,"key":"Poison Potion"},{"floor":46,"key":"Energy Potion"},{"floor":47,"key":"Fire Potion"}],"is_trial":false,"path_per_floor":["M","M","?","M","M","R","M","?","T","R","E","T","M","E","R","B",null,"M","?","$","?","M","R","E","?","T","M","?","$","M","M","R","B",null,"M","?","?","$","?","R","?","R","T","M","?","M","M","?","R","B",null],"character_chosen":"THE_SILENT","items_purchased":["Blade Dance+1","PiercingWail+1","Infinite Blades","Cloak And Dagger+1","Footwork","Distraction+1","Accuracy","Crippling Poison+1"],"campfire_rested":2,"item_purchase_floors":[20,20,20,29,29,29,38,38],"current_hp_per_floor":[62,62,62,62,62,62,40,33,33,33,33,33,33,33,33,24,55,48,48,48,48,48,48,48,48,55,49,49,49,49,34,57,12,61,54,54,54,54,54,54,54,54,54,54,54,49,34,34,55,7],"gold":90,"neow_bonus":"ONE_RANDOM_RARE_CARD","is_daily":false,"chose_seed":false,"campfire_upgraded":6,"win_rate":0.0,"timestamp":1613044692,"path_taken":["M","M","?","M","M","R","M","?","T","R","E","?","M","E","R","BOSS","M","?","$","?","M","R","E","?","T","M","?","$","M","M","R","BOSS","M","?","?","$","?","R","?","R","T","M","?","M","?","?","R","BOSS"],"items_purchased_type":["Card","Card","Card","Card","Card","Card","Card","Card"],"build_version":"2020-12-22","purchased_purges":1,"victory":true,"max_hp_per_floor":[70,70,65,65,65,65,65,65,65,65,65,65,65,65,65,65,65,65,65,65,65,65,65,65,65,72,77,77,77,77,77,77,77,77,77,73,73,73,73,73,73,73,73,73,73,73,73,73,73,73],"card_choices":[{"not_picked":["Outmaneuver","Blade Dance"],"picked":"Terror","floor":1},{"not_picked":["Dodge and Roll","Noxious Fumes"],"picked":"Slice","floor":2},{"not_picked":["Quick Slash","Heel Hook"],"picked":"Blade Dance","floor":4},{"not_picked":["Flying Knee","Underhanded Strike"],"picked":"PiercingWail","floor":5},{"not_picked":["Bane","Blur"],"picked":"Accuracy","floor":7},{"not_picked":["Dagger Throw","Prepared"],"picked":"Escape Plan","floor":11},{"not_picked":["Outmaneuver","Caltrops"],"picked":"Die Die Die","floor":13},{"not_picked":["Flying Knee","Caltrops"],"picked":"Deflect+1","floor":14},{"not_picked":["Wraith Form v2","Burst+1"],"picked":"Night Terror+1","floor":16},{"not_picked":["Flechettes","Slice"],"picked":"Deflect+1","floor":18},{"not_picked":["Prepared+1","Backstab"],"picked":"Cloak And Dagger+1","floor":22},{"not_picked":["Blur+1","Distraction+1"],"picked":"Dodge and Roll+1","floor":24},{"not_picked":["Reflex+1","Dagger Throw"],"picked":"Dodge and Roll+1","floor":27},{"not_picked":["Setup+1","Deadly Poison+1","Reflex+1"],"picked":"SKIP","floor":30},{"not_picked":["Dagger Throw","Dodge and Roll+1"],"picked":"Cloak And Dagger+1","floor":31},{"not_picked":["Envenom","Glass Knife"],"picked":"Corpse Explosion+1","floor":33},{"not_picked":["Dagger Throw+1"],"picked":"SKIP","floor":35},{"not_picked":[],"picked":"Metamorphosis+1","floor":41},{"not_picked":["Setup+1"],"picked":"SKIP","floor":44},{"not_picked":["Deflect+1"],"picked":"SKIP","floor":46},{"not_picked":["Poisoned Stab"],"picked":"SKIP","floor":47}],"player_experience":222769,"relics_obtained":[{"floor":9,"key":"Ancient Tea Set"},{"floor":11,"key":"Omamori"},{"floor":12,"key":"Vajra"},{"floor":14,"key":"Toxic Egg 2"},{"floor":24,"key":"Paper Crane"},{"floor":26,"key":"Strawberry"},{"floor":43,"key":"Art of War"}],"event_choices":[{"damage_healed":0,"gold_gain":0,"player_choice":"Lose Max HP","damage_taken":0,"relics_obtained":["Golden Idol"],"max_hp_gain":0,"max_hp_loss":5,"event_name":"Golden Idol","floor":3,"gold_loss":0},{"cards_removed":["Strike_G"],"damage_healed":0,"gold_gain":0,"player_choice":"Card Removal","damage_taken":7,"max_hp_gain":0,"max_hp_loss":0,"event_name":"Golden Wing","floor":8,"gold_loss":0},{"damage_healed":0,"gold_gain":0,"player_choice":"Simplicity","damage_taken":0,"max_hp_gain":0,"max_hp_loss":0,"event_name":"Back to Basics","floor":19,"gold_loss":0,"cards_upgraded":["Strike_G","Strike_G","Strike_G","Strike_G","Defend_G","Defend_G","Defend_G","Defend_G","Defend_G"]},{"damage_healed":0,"gold_gain":0,"player_choice":"Read","damage_taken":0,"max_hp_gain":0,"max_hp_loss":0,"event_name":"The Library","floor":21,"gold_loss":0,"cards_obtained":["Cloak And Dagger"]},{"damage_healed":0,"gold_gain":0,"player_choice":"Inject Mutagens","damage_taken":0,"relics_obtained":["MutagenicStrength"],"max_hp_gain":0,"max_hp_loss":0,"event_name":"Drug Dealer","floor":25,"gold_loss":0},{"damage_healed":0,"gold_gain":0,"player_choice":"Obtained Relic","damage_taken":0,"relics_obtained":["MawBank"],"max_hp_gain":0,"max_hp_loss":0,"event_name":"Addict","floor":28,"gold_loss":85},{"damage_healed":0,"gold_gain":0,"player_choice":"Max HP","damage_taken":0,"max_hp_gain":0,"max_hp_loss":4,"event_name":"Winding Halls","floor":36,"gold_loss":0},{"damage_healed":0,"gold_gain":0,"player_choice":"Ignored","damage_taken":0,"max_hp_gain":0,"max_hp_loss":0,"event_name":"OrinTheCat","floor":37,"gold_loss":0},{"damage_healed":0,"gold_gain":0,"player_choice":"Ignored","damage_taken":0,"max_hp_gain":0,"max_hp_loss":0,"event_name":"Mysterious Sphere","floor":39,"gold_loss":0},{"damage_healed":0,"gold_gain":0,"player_choice":"Memory 1","damage_taken":0,"max_hp_gain":0,"max_hp_loss":0,"event_name":"SensoryStone","floor":41,"gold_loss":0},{"cards_removed":["Slice"],"damage_healed":0,"gold_gain":0,"player_choice":"Removed Attack","damage_taken":0,"max_hp_gain":0,"max_hp_loss":0,"event_name":"Falling","floor":45,"gold_loss":0},{"damage_healed":0,"gold_gain":0,"player_choice":"Forge","damage_taken":0,"max_hp_gain":0,"max_hp_loss":0,"event_name":"Accursed Blacksmith","floor":48,"gold_loss":0,"cards_upgraded":["Infinite Blades"]}],"is_beta":false,"boss_relics":[{"not_picked":["Ectoplasm","Sozu"],"picked":"WristBlade"},{"not_picked":["Black Star","SacredBark"],"picked":"Busted Crown"}],"items_purged_floors":[20],"is_endless":false,"potions_floor_spawned":[2,7,11,13,14,22,24,27,33,44,46,47],"ascension_level":13}}