{"host":"kjehzzhcyp0nyrrl","time":1613054259,"event":{"mods":["100% Spire Juice","AchievementEnabler","BaseMod","Hermit","Keyboard Shortcuts","Koishi","Minty Spire (QoL Compilation)","StSLib","SuperFastMode","The Dragon Tamer","everything is the same but u backflip on backflip"],"gold_per_floor":[113,129,54,54,67,102,102,115,115,133,133,168,168,193,193,314,314,335,349,372,99,99,137,137,158,158,158,176,275,107,120,120,120,120],"floor_reached":33,"language":"KOR","playtime":796,"items_purged":["Strike_R","Rupture+1"],"score":391,"play_id":"248d6061-eeee-4fbe-9eb0-60262dc5a441","local_time":"20210211233739","is_ascension_mode":true,"campfire_choices":[{"data":"Carnage","floor":7.0,"key":"SMITH"},{"data":"Sword Boomerang","floor":13.0,"key":"SMITH"},{"data":"Burning Pact","floor":15.0,"key":"SMITH"},{"data":"Heavy Blade","floor":24.0,"key":"SMITH"},{"data":"Pommel Strike","floor":32,"key":"SMITH"}],"circlet_count":0,"master_deck":["Strike_R","Strike_R","Defend_R","Defend_R","Defend_R","Defend_R","Bash","Demon Form+1","Shrug It Off","Shockwave","Carnage+1","Sword Boomerang+1","Burning Pact+1","Clothesline","Headbutt","Impervious","Heavy Blade+1","Rage+1","Pommel Strike+1","Shrug It Off","Rampage+1","Combust+1","Feel No Pain+1","Feel No Pain+1"],"relics":["Burning Blood","HornCleat","Golden Idol","Mummified Hand","Coffee Dripper","Sundial","Bird Faced Urn","Ginger","Frozen Egg 2"],"acts_visited":["Exordium","TheCity"],"potions_floor_usage":[28],"damage_taken":[{"damage":12.0,"enemies":"Jaw Worm","floor":1.0,"turns":4.0},{"damage":15.0,"enemies":"Cultist","floor":2.0,"turns":5.0},{"damage":0.0,"enemies":"2 Louse","floor":5.0,"turns":3.0},{"damage":19.0,"enemies":"Lagavulin","floor":6.0,"turns":6.0},{"damage":3.0,"enemies":"Large Slime","floor":8.0,"turns":7.0},{"damage":6.0,"enemies":"2 Fungi Beasts","floor":10.0,"turns":3.0},{"damage":2.0,"enemies":"Gremlin Nob","floor":12.0,"turns":3.0},{"damage":0.0,"enemies":"Looter","floor":14.0,"turns":3.0},{"damage":22.0,"enemies":"The Guardian","floor":16.0,"turns":8.0},{"damage":22.0,"enemies":"Spheric Guardian","floor":18.0,"turns":4.0},{"damage":2.0,"enemies":"3 Byrds","floor":19.0,"turns":3.0},{"damage":13.0,"enemies":"Shelled Parasite and Fungi","floor":20.0,"turns":4.0},{"damage":38.0,"enemies":"Gremlin Leader","floor":23.0,"turns":7.0},{"damage":4.0,"enemies":"Centurion and Healer","floor":25.0,"turns":5.0},{"damage":0,"enemies":"Sentry and Sphere","floor":28,"turns":4},{"damage":0,"enemies":"Cultist and Chosen","floor":31,"turns":5},{"damage":64,"enemies":"Collector","floor":33,"turns":6}],"seed_played":"-2751597550512349377","potions_obtained":[{"floor":2.0,"key":"SneckoOil"},{"floor":10.0,"key":"Explosive Potion"},{"floor":12.0,"key":"BlessingOfTheForge"},{"floor":14.0,"key":"LiquidBronze"},{"floor":18.0,"key":"Ancient Potion"},{"floor":19.0,"key":"BlessingOfTheForge"},{"floor":25.0,"key":"Swift Potion"},{"floor":31,"key":"BloodPotion"}],"is_trial":false,"path_per_floor":["M","M","$","?","M","E","R","M","T","M","?","E","R","M","R","B",null,"M","M","M","$","?","E","R","M","T","?","M","?","$","M","R","B"],"character_chosen":"IRONCLAD","items_purchased":["Sundial","Shrug It Off","Feel No Pain+1"],"campfire_rested":0,"item_purchase_floors":[21,21,30],"current_hp_per_floor":[66,57,57,57,63,50,50,53,53,53,53,57,57,63,63,47,62,46,50,43,43,43,13,13,17,17,17,27,27,27,37,37,0,0],"gold":120,"neow_bonus":"THREE_RARE_CARDS","is_daily":false,"chose_seed":false,"campfire_upgraded":5,"win_rate":0.0,"timestamp":1613054259,"path_taken":["M","M","$","?","M","E","R","M","T","?","?","E","R","M","R","BOSS","M","M","M","$","?","E","R","M","T","?","M","?","$","M","R","BOSS"],"items_purchased_type":["Relic","Card","Card"],"build_version":"2020-12-22","purchased_purges":2,"victory":false,"max_hp_per_floor":[72,72,72,72,72,72,72,72,72,72,67,67,67,67,67,67,67,67,67,67,67,67,67,67,67,67,67,67,67,67,67,67,67,67],"card_choices":[{"not_picked":["Brutality","Impervious"],"picked":"Demon Form","floor":0.0},{"not_picked":["Thunderclap","Clash"],"picked":"Shrug It Off","floor":1.0},{"not_picked":["Flex","Anger","Body Slam"],"picked":"SKIP","floor":2.0},{"not_picked":["Entrench","Seeing Red"],"picked":"Shockwave","floor":5.0},{"not_picked":["Body Slam","Flex"],"picked":"Carnage","floor":6.0},{"not_picked":["Flame Barrier","Body Slam"],"picked":"Sword Boomerang","floor":8.0},{"not_picked":["Perfected Strike","Flex"],"picked":"Burning Pact","floor":10.0},{"not_picked":["Iron Wave","Hemokinesis"],"picked":"Clothesline","floor":12.0},{"not_picked":["True Grit","Clothesline"],"picked":"Headbutt","floor":14.0},{"not_picked":["Juggernaut","Fiend Fire"],"picked":"Impervious","floor":16.0},{"not_picked":["Clothesline","Headbutt"],"picked":"Heavy Blade","floor":18.0},{"not_picked":["Clash","Burning Pact+1"],"picked":"Rage+1","floor":19.0},{"not_picked":["Body Slam","Berserk"],"picked":"Pommel Strike","floor":20.0},{"not_picked":["Clothesline+1","True Grit+1","Dark Embrace"],"picked":"SKIP","floor":23.0},{"not_picked":["True Grit+1","Shrug It Off"],"picked":"Rampage+1","floor":25.0},{"not_picked":["Havoc","Rage","Warcry+1"],"picked":"SKIP","floor":28},{"not_picked":["Clothesline","Cleave"],"picked":"Feel No Pain+1","floor":31}],"player_experience":396858,"relics_obtained":[{"floor":6.0,"key":"HornCleat"},{"floor":12.0,"key":"Mummified Hand"},{"floor":23.0,"key":"Ginger"},{"floor":26.0,"key":"Frozen Egg 2"}],"event_choices":[{"damage_healed":0.0,"max_hp_gain":0.0,"max_hp_loss":0.0,"gold_gain":0.0,"event_name":"Upgrade Shrine","player_choice":"Upgraded","floor":4.0,"gold_loss":0.0,"damage_taken":0.0,"cards_upgraded":["Demon Form"]},{"damage_healed":0.0,"max_hp_gain":0.0,"max_hp_loss":5.0,"gold_gain":0.0,"event_name":"Golden Idol","player_choice":"Lose Max HP","floor":11.0,"gold_loss":0.0,"damage_taken":0.0,"relics_obtained":["Golden Idol"]},{"damage_healed":0.0,"max_hp_gain":0.0,"max_hp_loss":0.0,"gold_gain":0.0,"event_name":"The Mausoleum","player_choice":"Opened","floor":22.0,"gold_loss":0.0,"damage_taken":0.0,"relics_obtained":["Bird Faced Urn"]},{"damage_healed":0.0,"max_hp_gain":0.0,"max_hp_loss":0.0,"gold_gain":0.0,"cards_transformed":["Strike_R","Strike_R"],"event_name":"Drug Dealer","player_choice":"Became Test Subject","floor":27.0,"gold_loss":0.0,"damage_taken":0.0,"cards_obtained":["Rupture","Combust"]},{"damage_healed":0,"gold_gain":99,"player_choice":"Stole From Cult","damage_taken":0,"max_hp_gain":0,"max_hp_loss":0,"event_name":"Nest","floor":29,"gold_loss":0}],"is_beta":false,"boss_relics":[{"not_picked":["Runic Cube","Runic Dome"],"picked":"Coffee Dripper"}],"items_purged_floors":[3,30],"is_endless":false,"potions_floor_spawned":[2,10,12,14,18,19,25,31],"killed_by":"Collector","ascension_level":8}}