{"host":"cjhtzh7tp54jdfyv","time":1613073899,"event":{"mods":["AchievementEnabler","BaseMod","Colored Map","Colored Powertips","Curses Come First","DeckTracker","Minty Spire (QoL Compilation)","RNG Fix","Relic Sorter","Relic Stats","StSLib","UnlockEverythingMod","ojb\u0027s Better Paths Mod","ojb\u0027s Info Mod"],"gold_per_floor":[119,138,213,226,246,246,260,23,23,43,78,21,56,76,76,155,155,175,187,187,187,202,227,227,127,127,160,188,188,215,231,231,309,309,323,95,1094,1094,1094,1094,1094],"floor_reached":40,"language":"ENG","playtime":18222,"items_purged":["Strike_G","Caltrops"],"score":1033,"play_id":"de3cb4fe-09cc-4409-a7fe-6839857da39f","local_time":"20210211150459","is_ascension_mode":true,"campfire_choices":[{"data":"Blade Dance","floor":6,"key":"SMITH"},{"floor":15,"key":"REST"},{"data":"Ghostly","floor":24,"key":"SMITH"},{"data":"Accuracy","floor":29,"key":"SMITH"},{"data":"Accuracy","floor":32,"key":"SMITH"}],"circlet_count":0,"master_deck":["AscendersBane","Survivor","Neutralize","Deflect","Blade Dance+1","Dagger Spray","Accuracy+1","Predator","Glass Knife","Slice","Backflip","Blade Dance","Bullet Time","Terror","Dagger Throw","Backstab","Accuracy+1","Finisher","Riddle With Holes","Tactician","PiercingWail","Leg Sweep","Ghostly+1","Ghostly","Ghostly","Backflip","Infinite Blades+1","Tools of the Trade","Blade Dance","Normality","Normality","PanicButton","Secret Technique","Finesse"],"relics":["Ring of the Snake","Orrery","Ornamental Fan","Paper Crane","Gremlin Horn","Pandora\u0027s Box","Darkstone Periapt","Red Mask","Art of War","Mercury Hourglass","HoveringKite","OrangePellets","Dead Branch"],"acts_visited":["Exordium","TheCity","TheBeyond"],"potions_floor_usage":[7,11,13,13,16,23,28,33],"damage_taken":[{"damage":13,"enemies":"2 Louse","floor":1,"turns":4},{"damage":0,"enemies":"Small Slimes","floor":2,"turns":4},{"damage":1,"enemies":"Jaw Worm","floor":4,"turns":3},{"damage":10,"enemies":"Large Slime","floor":5,"turns":6},{"damage":16,"enemies":"Exordium Thugs","floor":7,"turns":5},{"damage":0,"enemies":"Looter","floor":10,"turns":2},{"damage":6,"enemies":"3 Sentries","floor":11,"turns":6},{"damage":0,"enemies":"Lagavulin","floor":13,"turns":3},{"damage":0,"enemies":"Exordium Wildlife","floor":14,"turns":2},{"damage":18,"enemies":"The Guardian","floor":16,"turns":13},{"damage":8,"enemies":"Shell Parasite","floor":18,"turns":3},{"damage":10,"enemies":"2 Thieves","floor":19,"turns":2},{"damage":0,"enemies":"3 Cultists","floor":22,"turns":5},{"damage":4,"enemies":"Book of Stabbing","floor":23,"turns":5},{"damage":2,"enemies":"Masked Bandits","floor":27,"turns":3},{"damage":5,"enemies":"Slavers","floor":28,"turns":5},{"damage":0,"enemies":"Gremlin Leader","floor":30,"turns":4},{"damage":0,"enemies":"Cultist and Chosen","floor":31,"turns":3},{"damage":3,"enemies":"Champ","floor":33,"turns":7},{"damage":2,"enemies":"Orb Walker","floor":35,"turns":2},{"damage":41,"enemies":"Giant Head","floor":40,"turns":5}],"seed_played":"-4129896428561924548","potions_obtained":[{"floor":2,"key":"LiquidBronze"},{"floor":5,"key":"DuplicationPotion"},{"floor":7,"key":"EssenceOfSteel"},{"floor":11,"key":"Ancient Potion"},{"floor":13,"key":"CunningPotion"},{"floor":18,"key":"Block Potion"},{"floor":22,"key":"Block Potion"},{"floor":23,"key":"Block Potion"},{"floor":28,"key":"SteroidPotion"},{"floor":30,"key":"SteroidPotion"}],"is_trial":false,"path_per_floor":["M","M","?","M","M","R","M","$","T","M","E","$","E","M","R","B",null,"M","M","$","?","M","E","R","$","T","?","E","R","E","M","R","B",null,"M","$","?","?","T","E"],"character_chosen":"THE_SILENT","items_purchased":["Orrery","SteroidPotion","OrangePellets","Blade Dance"],"campfire_rested":1,"item_purchase_floors":[8,12,36,36],"current_hp_per_floor":[46,46,35,34,24,24,8,8,8,8,2,2,2,2,20,2,46,38,28,28,28,28,24,24,24,24,22,17,17,17,17,17,14,26,24,24,36,26,26,0,0],"gold":1094,"neow_bonus":"TRANSFORM_TWO_CARDS","is_daily":false,"chose_seed":false,"campfire_upgraded":4,"win_rate":0.0,"timestamp":1613073899,"path_taken":["M","M","?","M","M","R","M","$","T","?","E","?","E","M","R","BOSS","M","M","?","?","M","E","R","$","T","?","E","R","E","M","R","BOSS","M","$","?","?","?","E"],"items_purchased_type":["Relic","Potion","Relic","Card"],"build_version":"2020-12-22","purchased_purges":2,"victory":false,"max_hp_per_floor":[60,60,60,60,60,60,60,60,60,60,60,60,60,60,60,60,60,60,60,60,30,30,30,30,30,30,30,30,30,30,30,30,30,30,30,30,42,42,42,42,42],"relic_stats":{"Darkstone Periapt":12,"OrangePellets":[1],"Gremlin Horn":[11,12],"counters":[21,92],"Ornamental Fan":[236],"Dead Branch":[14],"HoveringKite":[5],"Pandora\u0027s Box":["Terror","Dagger Throw","Backstab","Accuracy","Finisher","Riddle With Holes","Tactician"],"Art of War":[2],"obtain_stats":[{"Darkstone Periapt":23,"Gremlin Horn":13,"Dead Branch":39,"HoveringKite":34,"Paper Crane":11,"Mercury Hourglass":30,"OrangePellets":36,"Ornamental Fan":9,"Orrery":8,"Pandora\u0027s Box":17,"Red Mask":27,"Art of War":28,"Ring of the Snake":0},{"Darkstone Periapt":14,"Gremlin Horn":8,"Dead Branch":20,"HoveringKite":19,"Paper Crane":7,"Mercury Hourglass":17,"OrangePellets":20,"Ornamental Fan":5,"Orrery":5,"Pandora\u0027s Box":10,"Red Mask":15,"Art of War":16,"Ring of the Snake":0},{"Darkstone Periapt":63,"Gremlin Horn":33,"Dead Branch":87,"HoveringKite":85,"Paper Crane":30,"Mercury Hourglass":75,"OrangePellets":87,"Ornamental Fan":22,"Orrery":22,"Pandora\u0027s Box":48,"Red Mask":66,"Art of War":71,"Ring of the Snake":0}],"Ring of the Snake":[42],"Mercury Hourglass":[36]},"card_choices":[{"not_picked":["Outmaneuver","Dodge and Roll"],"picked":"Blade Dance","floor":1},{"not_picked":["Acrobatics","Well Laid Plans","Outmaneuver"],"picked":"SKIP","floor":2},{"not_picked":["Backflip","Catalyst"],"picked":"Dagger Spray","floor":4},{"not_picked":["Quick Slash","Dodge and Roll"],"picked":"Accuracy","floor":5},{"not_picked":["Dagger Throw","Storm of Steel"],"picked":"Predator","floor":7},{"not_picked":["Footwork","Quick Slash"],"picked":"Glass Knife","floor":8},{"not_picked":["Reflex","Quick Slash"],"picked":"Slice","floor":8},{"not_picked":["Slice","Bouncing Flask"],"picked":"Backflip","floor":8},{"not_picked":["Backflip","Underhanded Strike","Expertise"],"picked":"SKIP","floor":10},{"not_picked":["Backflip","Flying Knee","Acrobatics"],"picked":"SKIP","floor":11},{"not_picked":["Tools of the Trade","Backflip"],"picked":"Blade Dance","floor":13},{"not_picked":["Dagger Throw","Deflect","Expertise"],"picked":"SKIP","floor":14},{"not_picked":["Corpse Explosion","Glass Knife"],"picked":"Bullet Time","floor":16},{"not_picked":["Blur","Crippling Poison"],"picked":"PiercingWail","floor":18},{"not_picked":["Crippling Poison","Infinite Blades"],"picked":"Leg Sweep","floor":19},{"not_picked":["Bouncing Flask","Masterful Stab","Slice"],"picked":"SKIP","floor":22},{"not_picked":["Underhanded Strike","Flying Knee+1"],"picked":"Backflip","floor":23},{"not_picked":["Catalyst","Deadly Poison","Eviscerate+1"],"picked":"SKIP","floor":28},{"not_picked":["Bouncing Flask","Slice","Prepared"],"picked":"SKIP","floor":30},{"not_picked":["Quick Slash+1","Crippling Poison"],"picked":"Infinite Blades+1","floor":31},{"not_picked":["Glass Knife","Malaise"],"picked":"Tools of the Trade","floor":33},{"not_picked":["Bouncing Flask","Underhanded Strike","Skewer"],"picked":"SKIP","floor":35},{"not_picked":["Enlightenment","Purity"],"picked":"PanicButton","floor":38},{"not_picked":["Trip","Mayhem"],"picked":"Secret Technique","floor":38},{"not_picked":["Discovery","Good Instincts"],"picked":"Finesse","floor":38}],"player_experience":4806842,"relics_obtained":[{"floor":9,"key":"Ornamental Fan"},{"floor":11,"key":"Paper Crane"},{"floor":13,"key":"Gremlin Horn"},{"floor":23,"key":"Darkstone Periapt"},{"floor":27,"key":"Red Mask"},{"floor":28,"key":"Art of War"},{"floor":30,"key":"Mercury Hourglass"},{"floor":39,"key":"Dead Branch"}],"event_choices":[{"damage_healed":0,"gold_gain":75,"player_choice":"Gather Gold","damage_taken":11,"max_hp_gain":0,"max_hp_loss":0,"event_name":"World of Goop","floor":3,"gold_loss":0},{"damage_healed":0,"gold_gain":0,"player_choice":"Became a Ghost","damage_taken":0,"max_hp_gain":0,"max_hp_loss":30,"event_name":"Ghosts","floor":21,"gold_loss":0,"cards_obtained":["Ghostly","Ghostly","Ghostly"]},{"damage_healed":0,"gold_gain":0,"player_choice":"Fought Bandits","damage_taken":0,"max_hp_gain":0,"max_hp_loss":0,"event_name":"Masked Bandits","floor":27,"gold_loss":0},{"damage_healed":0,"gold_gain":999,"player_choice":"Gold","damage_taken":0,"max_hp_gain":0,"max_hp_loss":0,"event_name":"MindBloom","floor":37,"gold_loss":0,"cards_obtained":["Normality","Normality"]},{"damage_healed":0,"gold_gain":0,"player_choice":"Memory 3","damage_taken":10,"max_hp_gain":0,"max_hp_loss":0,"event_name":"SensoryStone","floor":38,"gold_loss":0}],"is_beta":false,"boss_relics":[{"not_picked":["Empty Cage","Velvet Choker"],"picked":"Pandora\u0027s Box"},{"not_picked":["Cursed Key","Ring of the Serpent"],"picked":"HoveringKite"}],"items_purged_floors":[8,25],"is_endless":false,"potions_floor_spawned":[2,5,7,11,13,18,22,23,28,30],"killed_by":"Giant Head","ascension_level":20}}