{"host":"7jxhn92mkgyil7o5","time":1613060074,"event":{"mods":["BaseMod","Colored Map","Colored Powertips","Friendly Minions","Kiyohime????","Minty Spire (QoL Compilation)","Permanent Neow","StSLib"],"gold_per_floor":[118,134,209,209,51,51,77,77,102,102,120,120,153,303,303,396,396,415,415,415,431,445,471,471,471,471,504,504,531,60,335,335,409,409,429,11,11,26,0,0,29,54,54,54,85,104,121,150,150,150,150,150,150,22,48,48,48],"floor_reached":56,"language":"ENG","playtime":2494,"items_purged":["Strike_P+1"],"score":2640,"play_id":"7b48d62d-eccb-4a45-9cec-896a2fae8887","local_time":"20210211171434","is_ascension_mode":true,"campfire_choices":[{"floor":6.0,"key":"REST"},{"data":"Ragnarok","floor":8.0,"key":"SMITH"},{"floor":10.0,"key":"REST"},{"data":"CrushJoints","floor":15.0,"key":"SMITH"},{"data":"J.A.X.","floor":25.0,"key":"SMITH"},{"data":"ClearTheMind","floor":32.0,"key":"SMITH"},{"floor":40.0,"key":"RECALL"},{"data":"TalkToTheHand","floor":49.0,"key":"SMITH"},{"data":"Wallop","floor":53.0,"key":"SMITH"}],"circlet_count":0,"master_deck":["AscendersBane","Strike_P+1","Strike_P+1","Defend_P+1","Defend_P+1","Defend_P+1","Defend_P+1","Eruption","Vigilance","Ragnarok+1","CrushJoints+1","ClearTheMind+1","Omniscience+1","Wallop+1","Brilliance","LikeWater","LikeWater","Crescendo+1","J.A.X.+1","Prostrate","MentalFortress","Omniscience+1","SpiritShield","Prostrate","TalkToTheHand+1","Perseverance","Madness","Madness","Collect","SpiritShield","WaveOfTheHand"],"relics":["PureWater","Damaru","CloakClasp","Omamori","Bloody Idol","Vajra","Calling Bell","Akabeko","HornCleat","Calipers","Centennial Puzzle","Dream Catcher","Ancient Tea Set","FossilizedHelix","DollysMirror","SlaversCollar","Nunchaku","Sling","Red Mask","Art of War","CaptainsWheel","Unceasing Top","Oddly Smooth Stone","Pen Nib","Lizard Tail"],"acts_visited":["Exordium","TheCity","TheBeyond","TheEnding"],"potions_floor_usage":[56],"damage_taken":[{"damage":0.0,"enemies":"Cultist","floor":1.0,"turns":3.0},{"damage":0.0,"enemies":"2 Louse","floor":2.0,"turns":2.0},{"damage":36.0,"enemies":"Gremlin Nob","floor":7.0,"turns":4.0},{"damage":2.0,"enemies":"Small Slimes","floor":11.0,"turns":2.0},{"damage":0.0,"enemies":"Lagavulin","floor":13.0,"turns":4.0},{"damage":16.0,"enemies":"The Guardian","floor":16.0,"turns":10.0},{"damage":21.0,"enemies":"3 Byrds","floor":18.0,"turns":6.0},{"damage":0.0,"enemies":"Spheric Guardian","floor":21.0,"turns":1.0},{"damage":2.0,"enemies":"Snake Plant","floor":22.0,"turns":3.0},{"damage":0.0,"enemies":"Slavers","floor":23.0,"turns":2.0},{"damage":3.0,"enemies":"Gremlin Leader","floor":27.0,"turns":2.0},{"damage":17.0,"enemies":"Slavers","floor":29.0,"turns":4.0},{"damage":7.0,"enemies":"Automaton","floor":33.0,"turns":6.0},{"damage":0.0,"enemies":"3 Darklings","floor":35.0,"turns":1.0},{"damage":7.0,"enemies":"3 Shapes","floor":38.0,"turns":1.0},{"damage":3.0,"enemies":"Reptomancer","floor":41.0,"turns":1.0},{"damage":0.0,"enemies":"Mind Bloom Boss Battle","floor":42.0,"turns":2.0},{"damage":0.0,"enemies":"Giant Head","floor":45.0,"turns":7.0},{"damage":0.0,"enemies":"Jaw Worm Horde","floor":46.0,"turns":1.0},{"damage":18.0,"enemies":"Spire Growth","floor":47.0,"turns":3.0},{"damage":0.0,"enemies":"Reptomancer","floor":48.0,"turns":4.0},{"damage":3.0,"enemies":"Donu and Deca","floor":50.0,"turns":10.0},{"damage":33.0,"enemies":"Awakened One","floor":51.0,"turns":6.0},{"damage":6.0,"enemies":"Shield and Spear","floor":55.0,"turns":2.0},{"damage":92,"enemies":"The Heart","floor":56,"turns":12}],"seed_played":"5014625077100485741","potions_obtained":[{"floor":7.0,"key":"Weak Potion"},{"floor":11.0,"key":"Ancient Potion"},{"floor":13.0,"key":"AttackPotion"},{"floor":21.0,"key":"Ambrosia"},{"floor":23.0,"key":"Energy Potion"},{"floor":29.0,"key":"SkillPotion"},{"floor":46.0,"key":"BlessingOfTheForge"},{"floor":48.0,"key":"Block Potion"}],"is_trial":false,"path_per_floor":["M","M","?","?","$","R","E","R","T","R","M","?","E","?","R","B",null,"M","?","?","M","M","E","?","R","T","E","?","E","$","?","R","B",null,"M","$","?","M","?","R","E","?","T","?","E","M","M","E","R","B","B",null,"R","$","E","B"],"character_chosen":"WATCHER","items_purchased":["Damaru","FossilizedHelix","DollysMirror","TalkToTheHand","Nunchaku","Sling","PowerPotion"],"campfire_rested":2,"item_purchase_floors":[5,30,30,36,36,36,54],"current_hp_per_floor":[43,43,32,25,25,45,9,9,9,29,27,27,27,27,27,11,49,28,28,28,33,36,41,41,41,41,43,43,31,31,36,36,34,55,60,60,60,58,58,58,60,62,62,51,56,61,48,53,53,50,17,51,51,51,50,0,0],"gold":48,"neow_bonus":"THREE_RARE_CARDS","is_daily":false,"chose_seed":false,"campfire_upgraded":6,"win_rate":0.0,"timestamp":1613060074,"path_taken":["M","?","?","?","$","R","E","R","T","R","M","?","E","?","R","BOSS","M","?","?","M","?","E","?","R","T","E","?","E","$","?","R","BOSS","M","?","?","?","?","R","E","?","T","?","E","M","M","E","R","BOSS","BOSS","R","$","E","BOSS"],"items_purchased_type":["Relic","Relic","Relic","Card","Relic","Relic","Potion"],"build_version":"2020-12-22","purchased_purges":1,"victory":false,"max_hp_per_floor":[68,68,68,68,68,68,68,68,68,68,68,62,62,62,62,62,62,62,62,62,62,62,62,62,62,62,62,62,62,62,62,62,62,62,62,62,62,62,62,62,62,62,62,62,62,62,62,62,62,62,62,62,62,62,62,62,62],"card_choices":[{"not_picked":["DevaForm","SpiritShield"],"picked":"Ragnarok","floor":0.0},{"not_picked":["BowlingBash","Sanctity"],"picked":"CrushJoints","floor":1.0},{"not_picked":["Prostrate","CutThroughFate"],"picked":"ClearTheMind","floor":2.0},{"not_picked":["Nirvana","Alpha"],"picked":"Omniscience","floor":7.0},{"not_picked":["Consecrate","SashWhip"],"picked":"Wallop","floor":11.0},{"not_picked":["EmptyBody","Sanctity","JustLucky"],"picked":"SKIP","floor":13.0},{"not_picked":["Establishment","DeusExMachina"],"picked":"Brilliance","floor":16.0},{"not_picked":["ClearTheMind","PathToVictory"],"picked":"LikeWater","floor":18.0},{"not_picked":["EmptyMind","SashWhip","WindmillStrike"],"picked":"SKIP","floor":21.0},{"not_picked":["JustLucky","WheelKick"],"picked":"LikeWater","floor":22.0},{"not_picked":["SpiritShield","Wallop"],"picked":"Crescendo+1","floor":23.0},{"not_picked":["Prostrate","Fasting2","ForeignInfluence"],"picked":"SKIP","floor":27.0},{"not_picked":["Fasting2","ForeignInfluence"],"picked":"Prostrate","floor":27.0},{"not_picked":["SashWhip+1","FlurryOfBlows"],"picked":"MentalFortress","floor":29.0},{"not_picked":["Blasphemy","Brilliance"],"picked":"SpiritShield","floor":33.0},{"not_picked":["MentalFortress","BowlingBash+1"],"picked":"Prostrate","floor":35.0},{"not_picked":["EmptyFist","Fasting2","Crescendo"],"picked":"SKIP","floor":38.0},{"not_picked":["FollowUp+1","EmptyFist","SashWhip"],"picked":"SKIP","floor":41.0},{"not_picked":["FollowUp+1","FlyingSleeves"],"picked":"Perseverance","floor":42.0},{"not_picked":["BowlingBash","MentalFortress","LikeWater"],"picked":"SKIP","floor":45.0},{"not_picked":["Indignation","Crescendo"],"picked":"Collect","floor":46.0},{"not_picked":["Crescendo+1","ClearTheMind","SandsOfTime+1"],"picked":"SKIP","floor":47.0},{"not_picked":["SashWhip","SignatureMove"],"picked":"SpiritShield","floor":48.0},{"not_picked":["Meditate","FlurryOfBlows"],"picked":"WaveOfTheHand","floor":55.0}],"player_experience":1105319,"relics_obtained":[{"floor":7.0,"key":"CloakClasp"},{"floor":9.0,"key":"Omamori"},{"floor":13.0,"key":"Vajra"},{"floor":17.0,"key":"Akabeko"},{"floor":17.0,"key":"HornCleat"},{"floor":17.0,"key":"Calipers"},{"floor":23.0,"key":"Centennial Puzzle"},{"floor":27.0,"key":"Dream Catcher"},{"floor":29.0,"key":"Ancient Tea Set"},{"floor":41.0,"key":"Art of War"},{"floor":42.0,"key":"CaptainsWheel"},{"floor":43.0,"key":"Unceasing Top"},{"floor":45.0,"key":"Oddly Smooth Stone"},{"floor":48.0,"key":"Pen Nib"},{"floor":55.0,"key":"Lizard Tail"}],"event_choices":[{"damage_healed":0.0,"max_hp_gain":0.0,"max_hp_loss":0.0,"gold_gain":75.0,"event_name":"World of Goop","player_choice":"Gather Gold","floor":3.0,"gold_loss":0.0,"damage_taken":11.0},{"cards_removed":["Strike_P"],"damage_healed":0.0,"max_hp_gain":0.0,"max_hp_loss":0.0,"gold_gain":0.0,"event_name":"Golden Wing","player_choice":"Card Removal","floor":4.0,"gold_loss":0.0,"damage_taken":7.0},{"damage_healed":0.0,"max_hp_gain":0.0,"max_hp_loss":6.0,"gold_gain":0.0,"event_name":"Golden Idol","player_choice":"Lose Max HP","floor":12.0,"gold_loss":0.0,"damage_taken":0.0,"relics_obtained":["Golden Idol"]},{"damage_healed":0.0,"max_hp_gain":0.0,"max_hp_loss":0.0,"gold_gain":150.0,"event_name":"Liars Game","player_choice":"AGREE","floor":14.0,"gold_loss":0.0,"damage_taken":0.0,"cards_obtained":["Doubt"]},{"damage_healed":0.0,"max_hp_gain":0.0,"max_hp_loss":0.0,"gold_gain":0.0,"event_name":"Forgotten Altar","player_choice":"Gave Idol","floor":19.0,"relics_lost":["Golden Idol"],"gold_loss":0.0,"damage_taken":0.0,"relics_obtained":["Bloody Idol"]},{"damage_healed":0.0,"max_hp_gain":0.0,"max_hp_loss":0.0,"gold_gain":0.0,"event_name":"Upgrade Shrine","player_choice":"Upgraded","floor":20.0,"gold_loss":0.0,"damage_taken":0.0,"cards_upgraded":["Omniscience"]},{"damage_healed":0.0,"max_hp_gain":0.0,"max_hp_loss":0.0,"gold_gain":0.0,"event_name":"Drug Dealer","player_choice":"Obtain J.A.X.","floor":24.0,"gold_loss":0.0,"damage_taken":0.0,"cards_obtained":["J.A.X."]},{"damage_healed":0.0,"max_hp_gain":0.0,"max_hp_loss":0.0,"gold_gain":0.0,"event_name":"Back to Basics","player_choice":"Simplicity","floor":28.0,"gold_loss":0.0,"damage_taken":0.0,"cards_upgraded":["Strike_P","Strike_P","Strike_P","Defend_P","Defend_P","Defend_P","Defend_P"]},{"damage_healed":0.0,"max_hp_gain":0.0,"max_hp_loss":0.0,"gold_gain":275.0,"event_name":"Golden Shrine","player_choice":"Desecrate","floor":31.0,"gold_loss":0.0,"damage_taken":0.0,"cards_obtained":["Regret"]},{"cards_removed":["Regret"],"damage_healed":0.0,"max_hp_gain":0.0,"max_hp_loss":0.0,"gold_gain":0.0,"event_name":"Purifier","player_choice":"Purged","floor":37.0,"gold_loss":0.0,"damage_taken":0.0},{"damage_healed":0.0,"max_hp_gain":0.0,"max_hp_loss":0.0,"gold_gain":0.0,"event_name":"Tomb of Lord Red Mask","player_choice":"Paid","floor":39.0,"gold_loss":26.0,"damage_taken":0.0,"relics_obtained":["Red Mask"]},{"damage_healed":0.0,"max_hp_gain":0.0,"max_hp_loss":0.0,"gold_gain":0.0,"event_name":"MindBloom","player_choice":"Fight","floor":42.0,"gold_loss":0.0,"damage_taken":0.0},{"damage_healed":0.0,"max_hp_gain":0.0,"max_hp_loss":0.0,"gold_gain":0.0,"event_name":"Winding Halls","player_choice":"Embrace Madness","floor":44.0,"gold_loss":0.0,"damage_taken":11.0,"cards_obtained":["Madness","Madness"]}],"is_beta":false,"boss_relics":[{"not_picked":["Astrolabe","Velvet Choker"],"picked":"Calling Bell"},{"not_picked":["Snecko Eye","Busted Crown"],"picked":"SlaversCollar"}],"items_purged_floors":[54],"is_endless":false,"potions_floor_spawned":[7,11,13,21,23,29,38,46,48],"killed_by":"The Heart","ascension_level":20}}