{"host":"bplbr8uekuotory4","time":1613032867,"event":{"mods":["Act Like it!","BaseMod","GungeonMod","Hermit","KinomotoSakuraMod(木之本樱)","Marisa（F雨　魔理沙）","Minty Spire (QoL Compilation)","Prisma Mod","Quick Restart","Reimu（博丽灵梦）","SOS（斯巴达之子）","Spicy Shops","StSLib","TestMod","The Blackbeard","The Cursed","The Mystic","The Saiyan","The Senshi","The Servant 0.9.4","Yuri Mod","[IsaacMod]以撒尖塔"],"gold_per_floor":[110,60,80,95,149,168,203,214,268,268,302,322,322,722,722,826,826,841,724,724,735,288,306,306,323,323,323,323,323],"floor_reached":28,"language":"ZHS","playtime":595,"items_purged":["ClowCardTheSword","ClowCardTheSword","ClowCardTheShield"],"score":562,"play_id":"aa4dbe57-ff07-459d-82de-c15fa236b9ed","local_time":"20210211164107","is_ascension_mode":true,"campfire_choices":[{"data":"ClowCardTheGlow","floor":15,"key":"SMITH"},{"data":"ClowCardTheFight","floor":24,"key":"SMITH"},{"data":"ClowCardTheBubbles","floor":27,"key":"SMITH"}],"circlet_count":0,"master_deck":["SakuraCardTheSword+","AscendersBane","SpellCardSeal","SpellCardRelease","ClowCardTheShadow+1","ClowCardTheDream+1","ClowCardTheArrow","ClowCardTheGlow+1","ClowCardTheFight+1","ClowCardTheMaze+1","ClowCardTheWave+1","ClowCardTheWatery+1","ClowCardTheBubbles+1","ClowCardTheLittle"],"relics":["KSMOD_SealedBook","KSMOD_SealedWand","testmod-TestBox","HushsDoor","DeathBook","testmod-ObsoleteBoomerang","DemoMod:GlassGuonStoneRelic","The Courier","Happy Flower","testmod-Antiphasic","War Paint","Astrolabe","testmod-Register","Potion Belt","DemoMod:MeatBun","Mastiff:ReiMu","testmod-IndustrialRevolution"],"acts_visited":["Exordium","TheCity"],"potions_floor_usage":[6,28],"damage_taken":[{"damage":0,"enemies":"2 Louse","floor":1,"turns":1},{"damage":0,"enemies":"Cultist","floor":3,"turns":2},{"damage":11,"enemies":"Jaw Worm","floor":4,"turns":2},{"damage":0,"enemies":"Red Slaver","floor":6,"turns":2},{"damage":0,"enemies":"3 Sentries","floor":7,"turns":1},{"damage":0,"enemies":"2 Fungi Beasts","floor":8,"turns":1},{"damage":0,"enemies":"Lagavulin","floor":11,"turns":3},{"damage":0,"enemies":"Exordium Wildlife","floor":12,"turns":2},{"damage":0,"enemies":"The Guardian","floor":16,"turns":7},{"damage":0,"enemies":"Spheric Guardian","floor":18,"turns":2},{"damage":0,"enemies":"3 Byrds","floor":21,"turns":4},{"damage":0,"enemies":"Centurion and Healer","floor":23,"turns":2},{"damage":0,"enemies":"Snake Plant","floor":25,"turns":1},{"damage":0,"enemies":"Gremlin Leader","floor":28,"turns":1}],"seed_played":"-7285067508092074548","potions_obtained":[{"floor":3,"key":"SkillPotion"},{"floor":7,"key":"ZuzhouPotion:ReiMu"},{"floor":8,"key":"Energy Potion"}],"is_trial":false,"path_per_floor":["M","?","M","M","?","M","E","M","T","?","E","M","?","?","R","B",null,"M","$","?","M","$","M","R","M","T","R","E"],"character_chosen":"KINOMOTOSAKURA","items_purchased":["ClowCardTheBubbles","testmod-Register","Potion Belt","DemoMod:MeatBun","Mastiff:ReiMu"],"campfire_rested":0,"item_purchase_floors":[17,19,22,22,22],"current_hp_per_floor":[63,63,63,52,37,37,37,37,37,34,34,34,104,104,104,104,125,125,125,125,125,132,132,132,132,132,132,132,132],"gold":323,"neow_bonus":"THREE_ENEMY_KILL","is_daily":false,"chose_seed":false,"campfire_upgraded":3,"win_rate":0.0,"timestamp":1613032867,"path_taken":["M","?","?","M","?","M","E","M","T","?","E","?","?","?","R","BOSS","M","$","?","M","$","M","R","M","T","R","E"],"items_purchased_type":["Card","Relic","Relic","Relic","Relic"],"build_version":"2020-12-22","purchased_purges":3,"victory":false,"max_hp_per_floor":[70,70,70,70,70,70,70,70,70,70,70,70,140,140,140,140,132,132,132,132,132,132,132,132,132,132,132,132,132],"card_choices":[{"not_picked":["ClowCardTheFirey","ClowCardTheIllusion","ClowCardTheShot"],"picked":"SKIP","floor":1},{"not_picked":["ClowCardTheVoice","ClowCardTheReturn","ClowCardTheMaze"],"picked":"SKIP","floor":3},{"not_picked":["ClowCardTheCloud","ClowCardTheArrow"],"picked":"Bomb","floor":4},{"not_picked":["ClowCardTheWave","ClowCardTheStorm"],"picked":"ClowCardTheShadow","floor":6},{"not_picked":["ClowCardTheTime","ClowCardThePower"],"picked":"ClowCardTheDream","floor":7},{"not_picked":["ClowCardTheErase","ClowCardTheVoice"],"picked":"ClowCardTheArrow","floor":8},{"not_picked":["ClowCardTheChange","ClowCardTheSweet"],"picked":"ClowCardTheGlow","floor":11},{"not_picked":["ClowCardTheSnow","ClowCardTheWave","ClowCardTheMirror"],"picked":"SKIP","floor":12},{"not_picked":["ClowCardTheTwin","ClowCardTheTime"],"picked":"ClowCardTheFight","floor":16},{"not_picked":["ClowCardTheWood","ClowCardTheChange","ClowCardTheArrow"],"picked":"SKIP","floor":18},{"not_picked":["ClowCardTheSweet+1","ClowCardTheFirey","ClowCardTheMirror"],"picked":"SKIP","floor":21},{"not_picked":["ClowCardTheWatery+1","ClowCardTheIllusion","ClowCardTheWave"],"picked":"SKIP","floor":23},{"not_picked":["ClowCardTheWood+1","ClowCardTheFlower+1","ClowCardTheStorm"],"picked":"SKIP","floor":25}],"player_experience":1137785,"relics_obtained":[{"floor":7,"key":"The Courier"},{"floor":9,"key":"Happy Flower"},{"floor":11,"key":"War Paint"},{"floor":26,"key":"testmod-IndustrialRevolution"}],"event_choices":[{"cards_removed":["ClowCardTheShield"],"damage_healed":0,"gold_gain":0,"player_choice":"Card Removal","damage_taken":0,"max_hp_gain":0,"max_hp_loss":0,"event_name":"The Cleric","floor":2,"gold_loss":50},{"damage_healed":0,"gold_gain":0,"player_choice":"Success","damage_taken":3,"relics_obtained":["testmod-Antiphasic"],"max_hp_gain":0,"max_hp_loss":0,"event_name":"Scrap Ooze","floor":10,"gold_loss":0},{"damage_healed":0,"gold_gain":0,"player_choice":"Swap Relic","damage_taken":0,"relics_obtained":["testmod-HarvestTotem"],"max_hp_gain":0,"max_hp_loss":0,"event_name":"给自己的盒子","floor":13,"relics_lost":["testmod-HarvestTotem"],"gold_loss":0},{"damage_healed":0,"gold_gain":400,"player_choice":"Sell","damage_taken":0,"max_hp_gain":0,"max_hp_loss":0,"event_name":"恩洛斯的盘子","floor":14,"relics_lost":["NeowsBlessing"],"gold_loss":0},{"damage_healed":0,"gold_gain":0,"player_choice":"Read","damage_taken":0,"max_hp_gain":0,"max_hp_loss":0,"event_name":"The Library","floor":20,"gold_loss":0,"cards_obtained":["ClowCardTheLittle"]}],"is_beta":false,"boss_relics":[{"not_picked":["Black Star","testmod-IncinerationGenerator"],"picked":"Astrolabe"},{"not_picked":[]}],"items_purged_floors":[17,19,22],"is_endless":false,"potions_floor_spawned":[3,7,8,12,18,21],"killed_by":"Gremlin Leader","ascension_level":11}}