{"host":"qheym18ww6mhskxf","time":1613060266,"event":{"mods":["100% Spire Juice","BaseMod","CapriCore","Friendly Minions","GungeonMod","KOR Keyword Fix","Kiyohime£¨?ýï£©","Minty Spire (QoL Compilation)","Prisma Mod","Quick Restart","Rare Cards Sparkle","Shop Mod","Spicy Shops","StSLib","Td1madao Mod","The Dragon Tamer","Username Fix"],"gold_per_floor":[118,9,9,9,9,9,37,53,53,86,86,113,131,150,150,252,252,269,16,16,34,45,45,45],"floor_reached":23,"language":"KOR","playtime":559,"items_purged":["Strike_B","Defend_B","Defend_B"],"score":448,"play_id":"4072e9c1-ce13-4dcd-b737-8f57d7494726","local_time":"20210212011746","daily_mods":["Time Dilation","DeadlyEvents","Elite Swarm"],"is_ascension_mode":true,"campfire_choices":[{"data":"PrismaMod:ChloeCheapAttack","floor":6.0,"key":"SMITH"},{"floor":11.0,"key":"REST"},{"floor":15.0,"key":"REST"}],"circlet_count":0,"master_deck":["Strike_B","Strike_B","Strike_B","Defend_B+1","Defend_B+1","Zap+1","Dualcast+1","PrismaMod:ChloeCheapAttack+1","PrismaMod:ChloeCarnivalAttack","Leap+1","Leap+1","Conserve Battery+1"],"relics":["Cracked Core","Symbiotic Virus","Toxic Egg 2","Torii","Philosopher\u0027s Stone","MerchantsRug","MutagenicStrength"],"acts_visited":["Exordium","TheCity"],"potions_floor_usage":[23],"damage_taken":[{"damage":1.0,"enemies":"Cultist","floor":1.0,"turns":3.0},{"damage":16.0,"enemies":"Lagavulin","floor":7.0,"turns":6.0},{"damage":1.0,"enemies":"2 Louse","floor":8.0,"turns":3.0},{"damage":18.0,"enemies":"3 Sentries","floor":10.0,"turns":4.0},{"damage":31.0,"enemies":"Lagavulin","floor":12.0,"turns":6.0},{"damage":0.0,"enemies":"Small Slimes","floor":13.0,"turns":2.0},{"damage":1.0,"enemies":"2 Fungi Beasts","floor":14.0,"turns":2.0},{"damage":6.0,"enemies":"The Guardian","floor":16.0,"turns":8.0},{"damage":7.0,"enemies":"Shell Parasite","floor":18.0,"turns":3.0},{"damage":6.0,"enemies":"3 Byrds","floor":21.0,"turns":4.0},{"damage":12.0,"enemies":"3 Cultists","floor":22.0,"turns":5.0},{"damage":41,"enemies":"Slavers","floor":23,"turns":4}],"seed_played":"5517307661387630233","potions_obtained":[{"floor":7.0,"key":"BlessingOfTheForge"},{"floor":8.0,"key":"LiquidBronze"},{"floor":10.0,"key":"LiquidBronze"},{"floor":12.0,"key":"AttackPotion"},{"floor":21.0,"key":"SpeedPotion"}],"is_trial":true,"path_per_floor":["M","$","?","?","?","R","E","M","T","E","R","E","M","M","R","B",null,"M","$","?","M","M","E"],"character_chosen":"DEFECT","items_purchased":["PrismaMod:ChloeCheapAttack","MerchantsRug"],"campfire_rested":2,"item_purchase_floors":[2,19],"current_hp_per_floor":[67,67,72,65,49,49,33,32,32,14,38,7,7,6,30,24,66,59,59,59,53,41,0,0],"gold":45,"neow_bonus":"","is_daily":false,"chose_seed":false,"campfire_upgraded":1,"win_rate":0.0,"timestamp":1613060266,"path_taken":["M","$","?","?","?","R","E","?","T","E","R","E","?","M","R","BOSS","M","$","?","M","M","E"],"items_purchased_type":["Card","Relic"],"build_version":"2020-12-22","purchased_purges":3,"victory":false,"max_hp_per_floor":[75,75,80,80,80,80,80,80,80,80,80,80,80,80,80,80,80,80,80,80,80,80,80,80],"card_choices":[{"not_picked":["Streamline","Capacitor","PrismaMod:ChloeUncommonAttack"],"picked":"SKIP","floor":1.0},{"not_picked":["PrismaMod:ChloeGreatTracePools","PrismaMod:ChloeHalloween+1","All For One"],"picked":"SKIP","floor":7.0},{"not_picked":["Redo+1","Go for the Eyes","Hologram+1"],"picked":"SKIP","floor":8.0},{"not_picked":["All For One","PrismaMod:ChloeAnyRareTrace+1","PrismaMod:ChloeUnlimitedBladeWorks+1"],"picked":"SKIP","floor":10.0},{"not_picked":["Multi-Cast+1","Buffer"],"picked":"PrismaMod:ChloeCarnivalAttack","floor":12.0},{"not_picked":["Streamline","Auto Shields+1","PrismaMod:ChloeCheapAttack"],"picked":"SKIP","floor":13.0},{"not_picked":["Conserve Battery+1","PrismaMod:ChloeUncommonDefend+1"],"picked":"Leap+1","floor":14.0},{"not_picked":["PrismaMod:ChloeBetterTracePools","Sweeping Beam"],"picked":"Leap+1","floor":18.0},{"not_picked":["Blizzard","PrismaMod:ChloeCheapAttackTwo"],"picked":"Conserve Battery+1","floor":21.0},{"not_picked":["Compile Driver","PrismaMod:ChloeExhaustOne+1","PrismaMod:ChloeCheapDefendTwo+1"],"picked":"SKIP","floor":22.0}],"player_experience":486892,"relics_obtained":[{"floor":7.0,"key":"Toxic Egg 2"},{"floor":9.0,"key":"Du-Vu Doll"},{"floor":10.0,"key":"Torii"},{"floor":12.0,"key":"War Paint"}],"event_choices":[{"damage_healed":0.0,"max_hp_gain":5.0,"max_hp_loss":0.0,"gold_gain":0.0,"event_name":"Big Fish","player_choice":"Donut","floor":3.0,"gold_loss":0.0,"damage_taken":0.0},{"damage_healed":0.0,"max_hp_gain":0.0,"max_hp_loss":0.0,"gold_gain":0.0,"event_name":"Scrap Ooze","player_choice":"Success","floor":4.0,"gold_loss":0.0,"damage_taken":7.0,"relics_obtained":["Symbiotic Virus"]},{"damage_healed":0.0,"max_hp_gain":0.0,"max_hp_loss":0.0,"gold_gain":0.0,"event_name":"Shining Light","player_choice":"Entered Light","floor":5.0,"gold_loss":0.0,"damage_taken":16.0,"cards_upgraded":["Defend_B","Defend_B"]},{"damage_healed":0.0,"max_hp_gain":0.0,"max_hp_loss":0.0,"gold_gain":0.0,"event_name":"Drug Dealer","player_choice":"Inject Mutagens","floor":20.0,"gold_loss":0.0,"damage_taken":0.0,"relics_obtained":["MutagenicStrength"]}],"is_beta":false,"boss_relics":[{"not_picked":["Astrolabe","Busted Crown"],"picked":"Philosopher\u0027s Stone"}],"items_purged_floors":[2,19,19],"is_endless":true,"potions_floor_spawned":[7,8,10,12,21],"killed_by":"Slavers","ascension_level":9}}