{"host":"ou23awlgcm0pi7o1","time":1613060831,"event":{"mods":["BaseMod","Colored Map","Downfall","Minty Spire (QoL Compilation)","StSLib","Unceasing Turn Reminder"],"gold_per_floor":[349,363,34,46,56,87,387,406,440,540,554,454,479,479,494,590,590,490,501,518,518,530,564,614,413,413,413,448,465,484,374,388,486,486,386,401,414,424,122,122,122,154,154,171,202,202,202,202,213,213,213,246,3,3,3,3],"floor_reached":57,"language":"ENG","playtime":3471,"items_purged":["bronze:Strike","bronze:Strike","bronze:Defend","Writhe"],"score":1474,"play_id":"2aca55e2-091d-41d4-9805-21f7dd67dc1c","local_time":"20210211162711","is_ascension_mode":true,"campfire_choices":[{"floor":1,"key":"RECALL"},{"data":"bronze:Optimize","floor":12,"key":"SMITH"},{"data":"bronze:Library","floor":18,"key":"SMITH"},{"data":"bronze:MaxOutput","floor":35,"key":"SMITH"},{"data":"bronze:Boost","floor":40,"key":"SMITH"},{"data":"bronze:ClassDefault","floor":43,"key":"SMITH"},{"data":"bronze:ForceShield","floor":46,"key":"SMITH"},{"floor":47,"key":"REST"},{"floor":54,"key":"REST"}],"circlet_count":0,"master_deck":["bronze:Defend","bronze:Defend","bronze:Defend","bronze:Replicate","bronze:Goto","bronze:Iterate","bronze:HardenedForm+1","bronze:DelayedSlice","bronze:DelayedGuard","bronze:Optimize+1","bronze:BronzeOrb","bronze:BronzeOrb+1","bronze:Repulsor","bronze:Deprecate","bronze:Verify","bronze:Boost+1","bronze:FineTuning","bronze:Iterate+1","bronze:Spike+1","bronze:DazingPulse+1","bronze:FineTuning","bronze:Repulsor","bronze:Library+1","bronze:BuggyMess","bronze:Deprecate","bronze:ChildClass","bronze:Flail+1","bronze:ForceShield+1","bronze:Shell","bronze:InfiniteLoop+1","bronze:ClassDefault+1","bronze:MaxOutput+1","bronze:FineTuning","bronze:Verify","bronze:Return","Purity","bronze:BuggyMess","bronze:BronzeArmor","bronze:BronzeOrb+1","bronze:ClassDefault+1","bronze:ForceShield+1","bronze:Repair","bronze:Flail+1","bronze:Flail+1"],"relics":["bronze:BronzeCore","Membership Card","Guardian:PocketSentry","Molten Egg 2","Old Coin","Torii","downfall:HeartBlessingRed","MealTicket","SlaversCollar","downfall:HeartBlessingGreen","bronze:BottledCode","WingedGreaves","Medical Kit","PreservedInsect","Orichalcum","bronze:CableSpool","Gremlin Horn","Cursed Key","downfall:HeartBlessingBlue","Omamori","HandDrill","Blood Vial","Frozen Egg 2","Mummified Hand","Bird Faced Urn","Nunchaku","Shuriken","Lantern"],"acts_visited":["Exordium","TheCity","TheBeyond","TheEnding"],"potions_floor_usage":[3,16,23,25,25,29,56,56,56],"damage_taken":[{"damage":0,"enemies":"Cultist","floor":2,"turns":4},{"damage":0,"enemies":"downfall:FleeingMerchant","floor":3,"turns":4},{"damage":0,"enemies":"2 Louse","floor":4,"turns":2},{"damage":4,"enemies":"Jaw Worm","floor":5,"turns":3},{"damage":5,"enemies":"Lagavulin","floor":6,"turns":5},{"damage":0,"enemies":"Gremlin Gang","floor":8,"turns":2},{"damage":8,"enemies":"3 Sentries","floor":9,"turns":5},{"damage":7,"enemies":"downfall:Heads","floor":10,"turns":6},{"damage":0,"enemies":"2 Fungi Beasts","floor":11,"turns":2},{"damage":7,"enemies":"Gremlin Nob","floor":13,"turns":4},{"damage":6,"enemies":"Gremlin Nob","floor":14,"turns":4},{"damage":0,"enemies":"Red Slaver","floor":15,"turns":1},{"damage":25,"enemies":"DF_ARCHETYPE_STREAMLINE","floor":16,"turns":6},{"damage":0,"enemies":"3 Byrds","floor":19,"turns":4},{"damage":1,"enemies":"Shell Parasite","floor":20,"turns":4},{"damage":17,"enemies":"Snake Plant","floor":22,"turns":4},{"damage":6,"enemies":"Gremlin Leader","floor":23,"turns":6},{"damage":5,"enemies":"downfall:FleeingMerchant","floor":25,"turns":4},{"damage":0,"enemies":"Book of Stabbing","floor":28,"turns":3},{"damage":1,"enemies":"Cultist and Chosen","floor":29,"turns":5},{"damage":0,"enemies":"Sentry and Sphere","floor":30,"turns":2},{"damage":3,"enemies":"downfall:FleeingMerchant","floor":31,"turns":3},{"damage":0,"enemies":"Snake Plant","floor":32,"turns":3},{"damage":2,"enemies":"WA_ARCHETYPE_CALM","floor":33,"turns":8},{"damage":0,"enemies":"Orb Walker","floor":36,"turns":3},{"damage":6,"enemies":"3 Shapes","floor":37,"turns":6},{"damage":0,"enemies":"Maw","floor":38,"turns":6},{"damage":0,"enemies":"Giant Head","floor":42,"turns":4},{"damage":22,"enemies":"Writhing Mass","floor":44,"turns":4},{"damage":16,"enemies":"Reptomancer","floor":45,"turns":3},{"damage":0,"enemies":"Jaw Worm Horde","floor":49,"turns":2},{"damage":45,"enemies":"IC_BLOCK_ARCHETYPE","floor":50,"turns":6},{"damage":73,"enemies":"downfall:CharBossMerchant","floor":52,"turns":7},{"damage":44,"enemies":"downfall:NeowBoss","floor":55,"turns":11},{"damage":8,"enemies":"downfall:NeowBossFinal","floor":56,"turns":5}],"seed_played":"2261648945007587711","potions_obtained":[{"floor":2,"key":"SteroidPotion"},{"floor":5,"key":"bronze:BuildAFunctionPotion"},{"floor":8,"key":"hexamod:SoulburnPotion"},{"floor":10,"key":"bronze:BurnAndBuffPotion"},{"floor":13,"key":"Energy Potion"},{"floor":19,"key":"bronze:BurnAndBuffPotion"},{"floor":22,"key":"bronze:FreeFunctionsPotion"},{"floor":23,"key":"Fruit Juice"},{"floor":28,"key":"SteroidPotion"},{"floor":29,"key":"Explosive Potion"},{"floor":32,"key":"Guardian:BlockOnCardUsePotion"},{"floor":37,"key":"bronze:CleanCodePotion"},{"floor":42,"key":"Guardian:BlockOnCardUsePotion"},{"floor":48,"key":"bronze:FreeFunctionsPotion"},{"floor":48,"key":"bronze:CleanCodePotion"}],"is_trial":false,"path_per_floor":["R","M","$","M","M","E","T","M","E","?","M","R","E","?","M","B",null,"R","M","M","?","M","E","T","$","?","?","E","M","M","$","M","B",null,"R","M","M","M","$","R","T","E","R","M","E","R","R","?","M","B",null,"E","$","R","B","B",null],"character_chosen":"THE_AUTOMATON","items_purchased":["Membership Card","bronze:DelayedSlice","bronze:DelayedGuard","Guardian:PocketSentry","bronze:Shell","Medical Kit","ColorlessPotion","bronze:CableSpool","bronze:Verify","bronze:Return","Gremlin Horn","Purity","Omamori","HandDrill","Blood Vial","Shuriken","Lantern","bronze:Flail+1"],"campfire_rested":2,"item_purchase_floors":[3,3,3,3,25,25,25,31,31,31,31,31,39,39,39,53,53,53],"current_hp_per_floor":[63,63,63,63,59,54,54,54,46,39,39,39,32,26,26,1,63,63,63,62,53,36,35,35,45,45,45,45,44,44,55,55,53,58,68,68,62,62,68,68,68,68,68,46,32,32,52,52,60,37,68,19,34,54,37,41],"gold":3,"neow_bonus":"TWO_FIFTY_GOLD","is_daily":false,"chose_seed":false,"campfire_upgraded":6,"win_rate":0.0,"timestamp":1613060831,"path_taken":["R","M","$","M","M","E","T","M","E","?","M","R","E","?","M","BOSS","R","M","M","?","M","E","T","$","?","?","E","?","?","$","M","BOSS","R","M","M","M","$","R","T","E","R","M","E","R","R","?","M","BOSS","E","$","R","BOSS","BOSS"],"items_purchased_type":["Relic","Card","Card","Relic","Card","Relic","Potion","Relic","Card","Card","Relic","Card","Relic","Relic","Relic","Relic","Relic","Card"],"build_version":"2020-12-22","purchased_purges":4,"victory":true,"max_hp_per_floor":[63,63,63,63,63,63,63,63,63,63,63,63,63,63,63,63,63,63,63,63,53,53,58,58,58,58,58,58,58,58,58,58,58,58,68,68,68,68,68,68,68,68,68,68,68,68,68,68,68,68,68,68,68,68,68,68],"card_choices":[{"not_picked":["bronze:NullPointer","bronze:FineTuning"],"picked":"bronze:Iterate","floor":2},{"not_picked":["bronze:BronzeArmor","bronze:BuggyMess"],"picked":"bronze:HardenedForm","floor":3},{"not_picked":["bronze:WildBeam","bronze:Safeguard"],"picked":"bronze:Optimize","floor":4},{"not_picked":["bronze:Frontload","bronze:DelayedGuard"],"picked":"bronze:BronzeOrb","floor":5},{"not_picked":["bronze:Frontload","bronze:DelayedSlice+1"],"picked":"bronze:BronzeOrb+1","floor":6},{"not_picked":["bronze:NullPointer+1","bronze:BuggyMess"],"picked":"bronze:Repulsor","floor":8},{"not_picked":["bronze:Break+1","bronze:ItsAFeature"],"picked":"bronze:Deprecate","floor":9},{"not_picked":["bronze:CloningBeam+1","bronze:WhirlingStrike+1"],"picked":"bronze:Verify","floor":10},{"not_picked":["bronze:BitShift","bronze:Separator+1"],"picked":"bronze:FineTuning","floor":11},{"not_picked":["bronze:Allocate","bronze:DelayedSlice+1"],"picked":"bronze:Iterate+1","floor":13},{"not_picked":[],"picked":"bronze:Spike","floor":14},{"not_picked":[],"picked":"bronze:DazingPulse","floor":14},{"not_picked":["bronze:Shield","bronze:Branch+1"],"picked":"bronze:FineTuning","floor":14},{"not_picked":["bronze:Overheat+1","bronze:Overload"],"picked":"bronze:Repulsor","floor":15},{"not_picked":["bronze:BurnOut+1","bronze:ShipIt+1"],"picked":"bronze:Library","floor":16},{"not_picked":["bronze:WhirlingStrike+1","bronze:DelayedGuard"],"picked":"bronze:BuggyMess","floor":19},{"not_picked":["bronze:NullPointer+1","bronze:Shield+1"],"picked":"bronze:Deprecate","floor":20},{"not_picked":["bronze:DelayedGuard","bronze:Frontload+1"],"picked":"bronze:ChildClass","floor":22},{"not_picked":["bronze:ForLoop","bronze:Shield"],"picked":"bronze:Flail+1","floor":23},{"not_picked":["bronze:FineTuning","bronze:Safeguard"],"picked":"bronze:ForceShield","floor":25},{"not_picked":["bronze:Branch+1","bronze:Virus+1"],"picked":"bronze:InfiniteLoop+1","floor":28},{"not_picked":["bronze:Branch+1","bronze:WhirlingStrike+1"],"picked":"bronze:ClassDefault","floor":29},{"not_picked":["bronze:Shield+1","bronze:DigitalCarnage+1"],"picked":"bronze:MaxOutput","floor":30},{"not_picked":["bronze:Safeguard+1","bronze:Separator+1"],"picked":"bronze:FineTuning","floor":31},{"not_picked":["bronze:CutThrough+1","bronze:WhirlingStrike+1"],"picked":"bronze:BuggyMess","floor":32},{"not_picked":["bronze:DarkDash+1","bronze:CutThrough+1"],"picked":"bronze:BronzeArmor","floor":36},{"not_picked":["bronze:Frontload","bronze:CutThrough+1"],"picked":"bronze:BronzeOrb+1","floor":37},{"not_picked":["bronze:BugBarrage+1","bronze:WildBeam+1","bronze:Frontload"],"picked":"SKIP","floor":38},{"not_picked":["bronze:Branch+1","bronze:Hardcode+1"],"picked":"bronze:ClassDefault+1","floor":42},{"not_picked":["bronze:CutThrough+1","bronze:Separator+1"],"picked":"bronze:ForceShield+1","floor":44},{"not_picked":["bronze:FineTuning+1","bronze:ClassDefault+1"],"picked":"bronze:Repair","floor":45},{"not_picked":["bronze:Backtrace+1","bronze:Frontload+1","bronze:ForceShield"],"picked":"SKIP","floor":49},{"not_picked":["bronze:Branch+1","bronze:Invalidate"],"picked":"bronze:Flail+1","floor":52}],"player_experience":368677,"relics_obtained":[{"floor":6,"key":"Molten Egg 2"},{"floor":7,"key":"Old Coin"},{"floor":9,"key":"Torii"},{"floor":13,"key":"MealTicket"},{"floor":23,"key":"WingedGreaves"},{"floor":28,"key":"Orichalcum"},{"floor":41,"key":"Frozen Egg 2"},{"floor":42,"key":"Mummified Hand"},{"floor":45,"key":"Bird Faced Urn"},{"floor":52,"key":"Nunchaku"}],"event_choices":[{"damage_healed":0,"gold_gain":0,"player_choice":"Ignored","damage_taken":0,"max_hp_gain":0,"max_hp_loss":0,"event_name":"Vampires","floor":26,"gold_loss":0},{"damage_healed":0,"gold_gain":0,"player_choice":"Got Potions","damage_taken":0,"max_hp_gain":0,"max_hp_loss":0,"event_name":"Lab","floor":48,"gold_loss":0}],"is_beta":false,"boss_relics":[{"not_picked":["Philosopher\u0027s Stone","Velvet Choker"],"picked":"SlaversCollar"},{"not_picked":["Runic Dome","Runic Pyramid"],"picked":"Cursed Key"}],"items_purged_floors":[3,25,31,39],"is_endless":false,"potions_floor_spawned":[2,5,8,10,13,14,15,19,22,23,28,29,32,37,38,42,52],"ascension_level":2}}