{"host":"0kk91h4bq4kgfj0u","time":1613087188,"event":{"mods":["BaseMod","Bestiary","Block Reminder","Colored Map","Colored Powertips","Curses Come First","Downfall","Highlight Path","Minty Spire (QoL Compilation)","Relic Stats","StSLib"],"gold_per_floor":[99,111,131,144,164,164,164,176,176,176,191,30,41,54,65,65,65,65],"floor_reached":16,"language":"ENG","playtime":918,"items_purged":[],"score":98,"play_id":"8f4fcd82-58c3-49ec-8712-e589c753d60f","local_time":"20210211184628","is_ascension_mode":false,"campfire_choices":[{"data":"champ:Taunt","floor":1.0,"key":"SMITH"},{"data":"champ:GutPunch","floor":6.0,"key":"SMITH"},{"floor":9.0,"key":"REST"}],"circlet_count":0,"master_deck":["champ:Strike","champ:Strike","champ:Strike","champ:Strike","champ:Defend","champ:Defend","champ:Defend","champ:Defend","champ:Execute","champ:Taunt+1","champ:GutPunch+1","champ:TornadoPunch","champ:ArenaPreparation","champ:CrownThrow","champ:DancingMaster","champ:BringItOn","champ:Circumvent","champ:FanOfKnives","champ:Encircle","champ:Haymaker"],"relics":["champ:ChampionCrown","Blue Candle","champ:BerserkersGuideToSlaughter"],"acts_visited":["Exordium"],"potions_floor_usage":[15,16],"damage_taken":[{"damage":0.0,"enemies":"2 Louse","floor":2.0,"turns":4.0},{"damage":33.0,"enemies":"Jaw Worm","floor":3.0,"turns":4.0},{"damage":15.0,"enemies":"Cultist","floor":4.0,"turns":4.0},{"damage":7.0,"enemies":"3 Louse","floor":5.0,"turns":2.0},{"damage":34.0,"enemies":"Blue Slaver","floor":8.0,"turns":3.0},{"damage":1.0,"enemies":"2 Fungi Beasts","floor":11.0,"turns":3.0},{"damage":5.0,"enemies":"downfall:FleeingMerchant","floor":12.0,"turns":4.0},{"damage":37,"enemies":"Exordium Wildlife","floor":13,"turns":5},{"damage":13,"enemies":"Blue Slaver","floor":14,"turns":4},{"damage":6,"enemies":"Red Slaver","floor":15,"turns":3},{"damage":71,"enemies":"WA_ARCHETYPE_RETAIN","floor":16,"turns":9}],"seed_played":"178797385640026833","potions_obtained":[{"floor":2.0,"key":"ColorlessPotion"},{"floor":5.0,"key":"ColorlessPotion"},{"floor":8.0,"key":"Dexterity Potion"},{"floor":15,"key":"Fruit Juice"}],"is_trial":false,"path_per_floor":["R","M","M","M","M","R","T","M","R","?","M","$","M","M","M","B"],"character_chosen":"THE_CHAMP","items_purchased":["champ:BerserkersGuideToSlaughter"],"campfire_rested":1,"item_purchase_floors":[12],"current_hp_per_floor":[99,99,86,81,74,74,74,55,84,84,83,78,61,58,62,0,0,0],"gold":65,"neow_bonus":"TEN_PERCENT_HP_BONUS","is_daily":false,"chose_seed":false,"campfire_upgraded":2,"win_rate":0.0,"timestamp":1613087188,"path_taken":["R","M","M","M","M","R","T","M","R","?","M","$","M","M","M","BOSS"],"items_purchased_type":["Relic"],"build_version":"2020-12-22","purchased_purges":0,"victory":false,"max_hp_per_floor":[99,99,99,99,99,99,99,99,99,99,99,99,99,99,104,104,104,104],"relic_stats":{"counters":[11,45],"Blue Candle":[0],"obtain_stats":[{"Blue Candle":7,"champ:ChampionCrown":0,"champ:BerserkersGuideToSlaughter":12},{"Blue Candle":4,"champ:ChampionCrown":0,"champ:BerserkersGuideToSlaughter":7},{"Blue Candle":14,"champ:ChampionCrown":0,"champ:BerserkersGuideToSlaughter":24}]},"card_choices":[{"not_picked":["champ:RecklessLeap","champ:BladeFlurry"],"picked":"champ:GutPunch","floor":2.0},{"not_picked":["champ:PreciseThrust","champ:EnGarde"],"picked":"champ:TornadoPunch","floor":3.0},{"not_picked":["champ:EndlessRage","champ:GutPunch"],"picked":"champ:ArenaPreparation","floor":4.0},{"not_picked":["champ:BringItOn","champ:PreemptiveStrike"],"picked":"champ:CrownThrow","floor":5.0},{"not_picked":["champ:Backstep","champ:EnGarde"],"picked":"champ:DancingMaster","floor":8.0},{"not_picked":["champ:Circumvent","champ:CrownThrow"],"picked":"champ:BringItOn","floor":11.0},{"not_picked":["champ:EnGarde","champ:TornadoPunch"],"picked":"champ:Circumvent","floor":12},{"not_picked":["champ:Improvising","champ:EndlessRage"],"picked":"champ:FanOfKnives","floor":13},{"not_picked":["champ:EnGarde","champ:HeartStrike"],"picked":"champ:Encircle","floor":14},{"not_picked":["champ:FalseCounter","champ:GutPunch"],"picked":"champ:Haymaker","floor":15}],"player_experience":919794,"relics_obtained":[{"floor":7.0,"key":"Blue Candle"}],"event_choices":[],"is_beta":false,"boss_relics":[],"items_purged_floors":[],"is_endless":false,"potions_floor_spawned":[2,5,8,13,14,15],"killed_by":"WA_ARCHETYPE_RETAIN","ascension_level":0}}