{"host":"b4oqa93y40rb9616","time":1613075172,"event":{"mods":["BaseMod","Colored Map","Custom Start","DeckTracker","Keyboard Shortcuts","Minty Spire (QoL Compilation)","Permanent Neow","Quick Restart","StSLib","SuperFastMode","everything is the same but u backflip on backflip"],"gold_per_floor":[111,36,47,65,76,76,76,76,76],"floor_reached":8,"language":"KOR","playtime":218,"items_purged":["Strike_R"],"score":91,"play_id":"93820885-bde1-4d8b-9676-d6f7ee5643f5","local_time":"20210212052612","is_ascension_mode":true,"campfire_choices":[{"data":"Flex","floor":6,"key":"SMITH"}],"circlet_count":0,"master_deck":["AscendersBane","Strike_R","Strike_R","Strike_R","Defend_R","Defend_R","Defend_R","Defend_R","Bash","Flex+1","Pommel Strike","Flame Barrier","Intimidate"],"relics":["Burning Blood","Champion Belt"],"acts_visited":["Exordium"],"potions_floor_usage":[5,8],"damage_taken":[{"damage":7,"enemies":"Jaw Worm","floor":1,"turns":3},{"damage":4,"enemies":"Cultist","floor":3,"turns":4},{"damage":5,"enemies":"Small Slimes","floor":4,"turns":3},{"damage":6,"enemies":"Blue Slaver","floor":5,"turns":5},{"damage":54,"enemies":"3 Sentries","floor":8,"turns":11}],"seed_played":"6480153082408951176","potions_obtained":[{"floor":3,"key":"SpeedPotion"},{"floor":4,"key":"EntropicBrew"}],"is_trial":false,"path_per_floor":["M","$","M","M","M","R","?","E"],"character_chosen":"IRONCLAD","items_purchased":[],"campfire_rested":0,"item_purchase_floors":[],"current_hp_per_floor":[49,49,51,52,52,52,52,0,0],"gold":76,"neow_bonus":"ONE_RARE_RELIC","is_daily":false,"chose_seed":false,"campfire_upgraded":1,"win_rate":0.0,"timestamp":1613075172,"path_taken":["M","$","M","M","M","R","?","E"],"items_purchased_type":[],"build_version":"2020-12-22","purchased_purges":1,"victory":false,"max_hp_per_floor":[75,75,75,75,75,75,75,75,75],"card_choices":[{"not_picked":["Clash","Cleave"],"picked":"Flex","floor":1},{"not_picked":["Warcry","Iron Wave"],"picked":"Pommel Strike","floor":3},{"not_picked":["Dark Embrace","True Grit"],"picked":"Flame Barrier","floor":4},{"not_picked":["Feel No Pain","Thunderclap"],"picked":"Intimidate","floor":5}],"player_experience":432015,"relics_obtained":[],"event_choices":[{"cards_removed":["Strike_R"],"damage_healed":0,"gold_gain":0,"player_choice":"Purged","damage_taken":0,"max_hp_gain":0,"max_hp_loss":0,"event_name":"Purifier","floor":7,"gold_loss":0}],"is_beta":false,"boss_relics":[],"items_purged_floors":[2],"is_endless":false,"potions_floor_spawned":[3,4,5],"killed_by":"3 Sentries","ascension_level":18}}