{"host":"gh97pv908ci4ql26","time":1613012972,"event":{"mods":["AchievementEnabler","BaseMod","Colored Powertips","Minty Spire (QoL Compilation)","StSLib","Together in Spire"],"gold_per_floor":[15,15,39,54,54,88,88,102,178,178,178],"floor_reached":10,"language":"ENG","playtime":920,"items_purged":[],"score":68,"play_id":"8ef3cfcd-0563-4e3a-8c2b-b290f4fac38d","local_time":"20210210190932","is_ascension_mode":false,"campfire_choices":[{"floor":7,"key":"REST"}],"circlet_count":0,"master_deck":["Strike_G","Strike_G","Strike_G","Strike_G","Strike_G","Defend_G","Defend_G","Defend_G","Defend_G","Defend_G","Survivor","Neutralize","Acrobatics","Prepared","Distraction","Slice","Catalyst"],"relics":["Ring of the Snake","Bird Faced Urn","Golden Idol","Ginger","Pen Nib","Pantograph"],"acts_visited":["Exordium"],"potions_floor_usage":[6,10],"damage_taken":[{"damage":0,"enemies":"Jaw Worm","floor":1,"turns":5},{"damage":0,"enemies":"2 Louse","floor":3,"turns":3},{"damage":1,"enemies":"Cultist","floor":4,"turns":6},{"damage":41,"enemies":"3 Sentries","floor":6,"turns":19},{"damage":8,"enemies":"3 Louse","floor":8,"turns":4},{"damage":50,"enemies":"Gremlin Nob","floor":10,"turns":5}],"seed_played":"7551617736797887976","potions_obtained":[{"floor":3,"key":"Regen Potion"},{"floor":8,"key":"Explosive Potion"}],"is_trial":false,"path_per_floor":["M","?","M","M","?","E","R","M","T","E"],"character_chosen":"THE_SILENT","items_purchased":[],"campfire_rested":1,"item_purchase_floors":[],"current_hp_per_floor":[70,53,53,52,45,19,40,32,32,0,0],"gold":178,"neow_bonus":"ONE_RARE_RELIC","is_daily":false,"chose_seed":false,"campfire_upgraded":0,"win_rate":0.0,"timestamp":1613012972,"path_taken":["M","?","M","M","?","E","R","?","T","E"],"items_purchased_type":[],"build_version":"2020-12-22","purchased_purges":0,"victory":false,"max_hp_per_floor":[70,70,70,70,70,70,70,70,70,70,70],"card_choices":[{"not_picked":["Backflip","Expertise"],"picked":"Acrobatics","floor":1},{"not_picked":["Blade Dance","Quick Slash"],"picked":"Prepared","floor":3},{"not_picked":["Dagger Spray","Flechettes"],"picked":"Distraction","floor":4},{"not_picked":["Dodge and Roll","Expertise"],"picked":"Slice","floor":6},{"not_picked":["Masterful Stab","Deadly Poison"],"picked":"Catalyst","floor":8}],"player_experience":95053,"relics_obtained":[{"floor":6,"key":"Pen Nib"},{"floor":9,"key":"Pantograph"}],"event_choices":[{"damage_healed":0,"gold_gain":0,"player_choice":"Take Damage","damage_taken":17,"relics_obtained":["Golden Idol"],"max_hp_gain":0,"max_hp_loss":0,"event_name":"Golden Idol","floor":2,"gold_loss":0},{"damage_healed":0,"gold_gain":0,"player_choice":"Success","damage_taken":7,"relics_obtained":["Ginger"],"max_hp_gain":0,"max_hp_loss":0,"event_name":"Scrap Ooze","floor":5,"gold_loss":0}],"is_beta":false,"boss_relics":[],"items_purged_floors":[],"is_endless":false,"potions_floor_spawned":[3,8],"killed_by":"Gremlin Nob","ascension_level":0}}