{"host":"lxu17chzujqn8whl","time":1613083690,"event":{"mods":["BaseMod","Minty Spire (QoL Compilation)","Relic Stats","StSLib"],"gold_per_floor":[13,288,300,300,300,315,344,344,344,357,375,392,392,69,69,167,167,187,187,201,201,201],"floor_reached":21,"language":"ENG","playtime":514,"items_purged":["Regret"],"score":181,"play_id":"1ae04cae-88b6-4dfa-a0d9-d24a5f5e603c","local_time":"20210211144810","is_ascension_mode":false,"campfire_choices":[{"data":"Echo Form","floor":8,"key":"SMITH"},{"floor":13,"key":"REST"},{"data":"White Noise","floor":15,"key":"SMITH"}],"circlet_count":0,"master_deck":["Strike_B","Strike_B","Strike_B","Defend_B","Defend_B","Defend_B","Defend_B","Zap","Dualcast","Echo Form+1","Conserve Battery","White Noise+1","Hologram","Glacier","White Noise","Doom and Gloom","Coolheaded","Beam Cell","Hyperbeam","Sweeping Beam"],"relics":["Cracked Core","Centennial Puzzle","Pantograph","Cables","Lee\u0027s Waffle","Nuclear Battery"],"acts_visited":["Exordium","TheCity"],"potions_floor_usage":[7,12,16,21],"damage_taken":[{"damage":10.0,"enemies":"Small Slimes","floor":1.0,"turns":3.0},{"damage":5.0,"enemies":"Cultist","floor":3.0,"turns":4.0},{"damage":0,"enemies":"2 Louse","floor":6,"turns":3},{"damage":7,"enemies":"Gremlin Nob","floor":7,"turns":3},{"damage":19,"enemies":"Exordium Thugs","floor":10,"turns":6},{"damage":0,"enemies":"2 Fungi Beasts","floor":11,"turns":3},{"damage":4,"enemies":"Exordium Wildlife","floor":12,"turns":2},{"damage":44,"enemies":"Hexaghost","floor":16,"turns":9},{"damage":8,"enemies":"3 Byrds","floor":18,"turns":2},{"damage":0,"enemies":"Spheric Guardian","floor":20,"turns":4},{"damage":13,"enemies":"Centurion and Healer","floor":21,"turns":4}],"seed_played":"-162379094829271111","potions_obtained":[{"floor":3.0,"key":"ColorlessPotion"},{"floor":7,"key":"BlessingOfTheForge"},{"floor":10,"key":"LiquidBronze"},{"floor":11,"key":"Explosive Potion"},{"floor":16,"key":"SteroidPotion"}],"is_trial":false,"path_per_floor":["M","?","M","?","?","M","E","R","T","M","M","M","R","$","R","B",null,"M","?","M","M"],"character_chosen":"DEFECT","items_purchased":["Lee\u0027s Waffle","EntropicBrew"],"campfire_rested":1,"item_purchase_floors":[14,14],"current_hp_per_floor":[65,65,60,57,57,57,50,50,50,31,31,27,49,82,82,38,82,74,74,74,61,61],"gold":201,"neow_bonus":"THREE_RARE_CARDS","is_daily":false,"chose_seed":false,"campfire_upgraded":2,"win_rate":0.0,"timestamp":1613083690,"path_taken":["M","?","?","?","?","M","E","R","T","?","M","M","R","$","R","BOSS","M","?","M","M"],"items_purchased_type":["Relic","Potion"],"build_version":"2020-12-22","purchased_purges":1,"victory":false,"max_hp_per_floor":[75,75,75,75,75,75,75,75,75,75,75,75,75,82,82,82,82,82,82,82,82,82],"relic_stats":{"Centennial Puzzle":[18],"Lee\u0027s Waffle":33,"counters":[11,43],"Pantograph":0,"obtain_stats":[{"Centennial Puzzle":4,"Lee\u0027s Waffle":14,"Pantograph":7,"Cracked Core":0,"Cables":9,"Nuclear Battery":17},{"Centennial Puzzle":2,"Lee\u0027s Waffle":7,"Pantograph":4,"Cracked Core":0,"Cables":4,"Nuclear Battery":8},{"Centennial Puzzle":7,"Lee\u0027s Waffle":24,"Pantograph":13,"Cracked Core":0,"Cables":13,"Nuclear Battery":33}],"Cables":[26,12,12,2,0]},"card_choices":[{"not_picked":["Buffer","Seek"],"picked":"Echo Form","floor":0.0},{"not_picked":["Gash","BootSequence"],"picked":"Conserve Battery","floor":1.0},{"not_picked":["Blizzard","Leap"],"picked":"White Noise","floor":3.0},{"not_picked":["Go for the Eyes","Heatsinks"],"picked":"Glacier","floor":6},{"not_picked":["Steam","Skim"],"picked":"White Noise","floor":7},{"not_picked":["Cold Snap","Go for the Eyes"],"picked":"Doom and Gloom","floor":10},{"not_picked":["Steam","Sweeping Beam"],"picked":"Coolheaded","floor":11},{"not_picked":["Fusion","Storm"],"picked":"Beam Cell","floor":12},{"not_picked":["Seek","Reboot"],"picked":"Hyperbeam","floor":16},{"not_picked":["Rebound+1","Heatsinks"],"picked":"Sweeping Beam","floor":18},{"not_picked":["Conserve Battery","Hologram","Barrage"],"picked":"SKIP","floor":20}],"player_experience":667198,"relics_obtained":[{"floor":7,"key":"Pantograph"},{"floor":9,"key":"Cables"}],"event_choices":[{"damage_healed":0.0,"max_hp_gain":0.0,"max_hp_loss":0.0,"gold_gain":275.0,"event_name":"Golden Shrine","player_choice":"Desecrate","floor":2.0,"gold_loss":0.0,"damage_taken":0.0,"cards_obtained":["Regret"]},{"damage_healed":0.0,"max_hp_gain":0.0,"max_hp_loss":0.0,"gold_gain":0.0,"event_name":"Scrap Ooze","player_choice":"Success","floor":4.0,"gold_loss":0.0,"damage_taken":3.0,"relics_obtained":["Centennial Puzzle"]},{"damage_healed":0.0,"max_hp_gain":0.0,"max_hp_loss":0.0,"gold_gain":0.0,"cards_transformed":["Strike_B"],"event_name":"Transmorgrifier","player_choice":"Transformed","floor":5.0,"gold_loss":0.0,"damage_taken":0.0,"cards_obtained":["Hologram"]},{"damage_healed":0,"gold_gain":0,"player_choice":"Ignored","damage_taken":0,"max_hp_gain":0,"max_hp_loss":0,"event_name":"Ghosts","floor":19,"gold_loss":0}],"is_beta":false,"boss_relics":[{"not_picked":["Velvet Choker","Runic Pyramid"],"picked":"Nuclear Battery"}],"items_purged_floors":[14],"is_endless":false,"potions_floor_spawned":[3,7,10,11,16,20],"killed_by":"Centurion and Healer","ascension_level":0}}