{"host":"zf1gvustpgbojd4t","time":1613031688,"event":{"mods":["Act Like it!","BaseMod","Downfall","Hallownest","Map Debug Mod","Minty Spire (QoL Compilation)","MostiFishMod","Replay The Spire","StSLib"],"gold_per_floor":[99,99,99,99,119,119,146,56,76,104,117,267,267,285,301,403,403,103,114,124,139,151,39,39,53,78,88,88,98,111,211,225,321,321,321,421,151,162,162,189,214,214,234,247,247,97,97,132,145,145,145,175,0,0,0,0],"floor_reached":57,"language":"ZHS","playtime":2607,"items_purged":["bronze:Strike","bronze:Strike","bronze:Strike","downfall:Icky","bronze:Defend"],"score":1486,"play_id":"03d97ed2-e0b8-458d-a85c-fca1ca319924","local_time":"20210211162128","is_ascension_mode":false,"campfire_choices":[{"floor":1,"key":"RECALL"},{"floor":18,"key":"DIG"},{"data":"bronze:Strike","floor":35,"key":"PURGE"},{"data":"Mayhem","floor":47,"key":"SMITH"},{"data":"bronze:HardenedForm","floor":47,"key":"SMITH"},{"data":"bronze:Spike","floor":54,"key":"SMITH"},{"data":"bronze:Goto","floor":54,"key":"SMITH"}],"circlet_count":0,"master_deck":["bronze:Defend","bronze:Defend","bronze:Replicate","bronze:Goto+1","bronze:ForceShield+1","bronze:Spike+1","bronze:Iterate","bronze:HardenedForm+1","bronze:ChildClass","bronze:Optimize","Mayhem+1","bronze:FineTuning","bronze:Virus","bronze:Iterate+1","bronze:FineTuning"],"relics":["bronze:BronzeCore","DaveBox","PatriotShield","downfall:HeartsMalice","Potion Belt","BloodWine","downfall:HeartBlessingRed","downfall:HeartBlessingGreen","downfall:HeartBlessingBlue","Darkstone Periapt","Replay:Baseball","Calipers","Mango","Replay:Arrowhead","Bottled Tornado","Replay:Bronze Core","SynthV","Pantograph","ReplayFunnel","Dream Catcher","Unceasing Top","Torii"],"acts_visited":["Exordium","TheCity","TheBeyond","TheEnding"],"potions_floor_usage":[56,56,56,56],"damage_taken":[{"damage":0,"enemies":"2 Louse","floor":2,"turns":1},{"damage":0,"enemies":"Jaw Worm","floor":3,"turns":1},{"damage":0,"enemies":"Jaw Worm","floor":4,"turns":1},{"damage":0,"enemies":"Small Slimes","floor":5,"turns":2},{"damage":0,"enemies":"downfall:FleeingMerchant","floor":8,"turns":4},{"damage":0,"enemies":"Gremlin Gang","floor":9,"turns":2},{"damage":11,"enemies":"Lagavulin","floor":10,"turns":4},{"damage":9,"enemies":"Exordium Wildlife","floor":11,"turns":3},{"damage":3,"enemies":"2 Fungi Beasts","floor":14,"turns":3},{"damage":0,"enemies":"Gremlin Gang","floor":15,"turns":3},{"damage":16,"enemies":"DF_ARCHETYPE_STREAMLINE","floor":16,"turns":5},{"damage":0,"enemies":"Spheric Guardian","floor":19,"turns":1},{"damage":0,"enemies":"3 Byrds","floor":20,"turns":2},{"damage":0,"enemies":"Snake Plant","floor":21,"turns":2},{"damage":0,"enemies":"Chosen and Byrds","floor":22,"turns":3},{"damage":0,"enemies":"downfall:FleeingMerchant","floor":23,"turns":1},{"damage":4,"enemies":"Centurion and Healer","floor":25,"turns":3},{"damage":5,"enemies":"Replay:Snechameleon","floor":26,"turns":2},{"damage":10,"enemies":"Snake Plant","floor":27,"turns":3},{"damage":0,"enemies":"Sentry and Sphere","floor":29,"turns":2},{"damage":0,"enemies":"Shelled Parasite and Fungi","floor":30,"turns":3},{"damage":0,"enemies":"Colosseum Nobs","floor":31,"turns":2},{"damage":0,"enemies":"3 Cultists","floor":32,"turns":4},{"damage":0,"enemies":"WA_ARCHETYPE_CALM","floor":33,"turns":3},{"damage":0,"enemies":"3 Darklings","floor":38,"turns":4},{"damage":0,"enemies":"R_Hoarder","floor":40,"turns":3},{"damage":0,"enemies":"Orb Walker","floor":43,"turns":1},{"damage":5,"enemies":"Writhing Mass","floor":44,"turns":3},{"damage":0,"enemies":"Giant Head","floor":48,"turns":2},{"damage":0,"enemies":"Maw","floor":49,"turns":2},{"damage":0,"enemies":"IC_BLOCK_ARCHETYPE","floor":50,"turns":2},{"damage":0,"enemies":"downfall:CharBossMerchant","floor":52,"turns":3},{"damage":0,"enemies":"downfall:NeowBoss","floor":55,"turns":5},{"damage":47,"enemies":"downfall:NeowBossFinal","floor":56,"turns":7}],"seed_played":"8197650105231040145","potions_obtained":[{"floor":4,"key":"PowerPotion"},{"floor":5,"key":"BlessingOfTheForge"},{"floor":9,"key":"Fire Potion"},{"floor":10,"key":"GamblersBrew"},{"floor":16,"key":"SkillPotion"},{"floor":20,"key":"bronze:CleanCodePotion"}],"is_trial":false,"path_per_floor":["R","M","M","?","M","?","T","$","M","E","M","?","?","M","M","B",null,"R","M","M","M","M","$","T","M","E","M","$","M","M","?","M","B",null,"R","?","$","M","?","E","T","?","M","M","?","$","R","E","M","B",null,"E","$","R","B","B",null],"character_chosen":"THE_AUTOMATON","items_purchased":["Mayhem","Replay:Baseball","SynthV"],"campfire_rested":0,"item_purchase_floors":[23,23,37],"current_hp_per_floor":[70,70,70,70,70,70,70,70,70,59,50,50,50,47,47,31,70,80,80,80,80,80,80,80,76,85,84,84,89,94,94,94,94,94,94,94,94,94,94,94,94,94,94,94,104,104,104,104,104,104,104,104,104,104,104,57],"gold":0,"neow_bonus":"THREE_ENEMY_KILL","is_daily":false,"chose_seed":false,"campfire_upgraded":4,"win_rate":0.0,"timestamp":1613031688,"path_taken":["R","M","M","?","M","?","T","$","M","E","M","?","?","?","M","BOSS","R","M","M","M","M","$","T","M","E","M","$","M","M","?","M","BOSS","R","?","$","?","?","E","T","?","M","M","?","?","R","E","M","BOSS","E","$","R","BOSS","BOSS"],"items_purchased_type":["Card","Relic","Relic"],"build_version":"2020-12-22","purchased_purges":5,"victory":true,"max_hp_per_floor":[70,70,70,70,70,70,70,70,70,70,70,70,70,70,70,70,70,80,80,80,80,80,80,80,80,94,94,94,94,94,94,94,94,94,94,94,94,94,94,94,94,94,94,94,104,104,104,104,104,104,104,104,104,104,104,104],"card_choices":[{"not_picked":["bronze:FineTuning","bronze:WildBeam"],"picked":"bronze:ForceShield","floor":2},{"not_picked":["bronze:BuggyMess","bronze:Invalidate","bronze:Shield"],"picked":"SKIP","floor":3},{"not_picked":[],"picked":"bronze:Spike","floor":4},{"not_picked":["bronze:Separator","bronze:Invalidate"],"picked":"bronze:Iterate","floor":4},{"not_picked":["bronze:OilSpill","bronze:Branch","bronze:Shell"],"picked":"SKIP","floor":5},{"not_picked":["bronze:Frontload","bronze:Overheat"],"picked":"bronze:HardenedForm","floor":8},{"not_picked":["bronze:BugBarrage","bronze:BronzeArmor","bronze:BuggyMess"],"picked":"SKIP","floor":9},{"not_picked":["bronze:SpaghettiCode","bronze:Iterate","bronze:Branch"],"picked":"SKIP","floor":10},{"not_picked":["bronze:ChosenStrike","bronze:Backtrace","bronze:Flail"],"picked":"SKIP","floor":11},{"not_picked":["bronze:Separator","bronze:DelayedGuard","bronze:Philosophize"],"picked":"SKIP","floor":14},{"not_picked":["bronze:WhirlingStrike","bronze:Separator","bronze:Boost"],"picked":"SKIP","floor":15},{"not_picked":["bronze:CleanCode","bronze:BurnOut"],"picked":"bronze:Assembly","floor":16},{"not_picked":["bronze:WildBeam","bronze:Iterate","bronze:BugBarrage"],"picked":"SKIP","floor":19},{"not_picked":["bronze:BitShift","bronze:Philosophize","bronze:BugBarrage"],"picked":"SKIP","floor":20},{"not_picked":["bronze:ItsAFeature","bronze:BitShift"],"picked":"bronze:ChildClass","floor":21},{"not_picked":["bronze:Philosophize","bronze:Separator"],"picked":"bronze:Optimize","floor":22},{"not_picked":["bronze:Deprecate+1","bronze:Overheat","bronze:Constructor"],"picked":"SKIP","floor":23},{"not_picked":["bronze:ChildClass","bronze:DelayedGuard+1"],"picked":"bronze:FineTuning","floor":25},{"not_picked":["bronze:DelayedGuard","bronze:Virus","bronze:Frontload"],"picked":"SKIP","floor":26},{"not_picked":["bronze:Shield","bronze:FineTuning","bronze:WildBeam+1"],"picked":"SKIP","floor":27},{"not_picked":["bronze:Constructor","bronze:ChildClass","bronze:Overheat"],"picked":"SKIP","floor":29},{"not_picked":["bronze:Deprecate","bronze:Invalidate","bronze:Separator"],"picked":"SKIP","floor":30},{"not_picked":["bronze:OilSpill+1","bronze:Terminator","bronze:ChosenStrike+1"],"picked":"SKIP","floor":32},{"not_picked":["bronze:SpaghettiCode","bronze:Break"],"picked":"bronze:Virus","floor":33},{"not_picked":["bronze:BronzeOrb+1","bronze:DelayedGuard","bronze:Repulsor"],"picked":"SKIP","floor":38},{"not_picked":["bronze:Iterate","bronze:FineTuning","bronze:OilSpill"],"picked":"SKIP","floor":40},{"not_picked":["bronze:Philosophize+1","bronze:Return","bronze:FineTuning"],"picked":"SKIP","floor":43},{"not_picked":["bronze:GetLatest","bronze:Flail+1","bronze:Overheat+1"],"picked":"SKIP","floor":44},{"not_picked":["bronze:Boost","bronze:Turbo"],"picked":"bronze:Iterate+1","floor":48},{"not_picked":["bronze:DelayedGuard","bronze:FineTuning","bronze:ThunderWave"],"picked":"SKIP","floor":49},{"not_picked":["bronze:ForceShield+1","bronze:WhirlingStrike+1"],"picked":"bronze:FineTuning","floor":52}],"player_experience":108793,"relics_obtained":[{"floor":10,"key":"Potion Belt"},{"floor":18,"key":"Darkstone Periapt"},{"floor":24,"key":"Calipers"},{"floor":26,"key":"Mango"},{"floor":31,"key":"Replay:Arrowhead"},{"floor":31,"key":"Bottled Tornado"},{"floor":39,"key":"Pantograph"},{"floor":40,"key":"ReplayFunnel"},{"floor":41,"key":"Dream Catcher"},{"floor":48,"key":"Unceasing Top"},{"floor":52,"key":"Torii"}],"event_choices":[{"damage_healed":0,"gold_gain":0,"player_choice":"Ignored","damage_taken":0,"max_hp_gain":0,"max_hp_loss":0,"event_name":"NoteForYourself","floor":13,"gold_loss":0},{"cards_removed":["bronze:Defend"],"damage_healed":0,"gold_gain":0,"player_choice":"Removed Skill","damage_taken":0,"max_hp_gain":0,"max_hp_loss":0,"event_name":"Falling","floor":42,"gold_loss":0}],"is_beta":false,"boss_relics":[{"not_picked":["TimeKeys","Kintsugi"],"picked":"BloodWine"},{"not_picked":["SacredBark","ChiXiaoBlade"],"picked":"Replay:Bronze Core"}],"items_purged_floors":[8,23,37,46,53],"is_endless":false,"potions_floor_spawned":[4,5,9,10,16,20,21,26,29,30,31,32,49,52],"ascension_level":0}}