{"host":"p4v0hquynnreu717","time":1613037637,"event":{"mods":["BaseMod","Better Vampires","DeckTracker","Googly Eyes","Minty Spire (QoL Compilation)","Quick Restart","StSLib","SuperFastMode"],"gold_per_floor":[112,37,51,71,82,82,108,108,108,119,119,149,149,169,169,244,244,256,256,256,273,23,23,40,75,75,75,106,106,206,221,221,295,295,311,328,345,27,27,27,39,56,56,81,130,161,173,204,204,204,204,204,0,35,35],"floor_reached":56,"language":"ZHS","playtime":2350,"items_purged":["Strike_P","Defend_P","LikeWater+1"],"score":2377,"play_id":"1bce4bee-389b-4ed7-b998-8b05a9704d93","local_time":"20210211180037","is_ascension_mode":true,"campfire_choices":[{"data":"Eruption","floor":6.0,"key":"SMITH"},{"floor":11.0,"key":"REST"},{"data":"Wallop","floor":15.0,"key":"SMITH"},{"data":"Tantrum","floor":23.0,"key":"SMITH"},{"floor":27.0,"key":"REST"},{"data":"Ghostly","floor":29.0,"key":"SMITH"},{"data":"Ghostly","floor":32.0,"key":"SMITH"},{"floor":40.0,"key":"RECALL"},{"data":"DevaForm","floor":49.0,"key":"SMITH"},{"floor":52.0,"key":"REST"}],"circlet_count":0,"master_deck":["AscendersBane","Eruption+1","Vigilance+1","CarveReality+1","DevaForm+1","Tantrum+1","DeusExMachina+1","Evaluate+1","Wallop+1","LessonLearned+1","Ghostly+1","Ghostly+1","Ghostly+1","ThirdEye+1","EmptyMind+1","Establishment+1","Fasting2+1","Vault+1","Master of Strategy+1","EmptyBody+1","DeceiveReality+1","Fasting2+1","DevaForm+1","Fasting2+1","InnerPeace+1"],"relics":["HolyWater","StoneCalendar","Turnip","Centennial Puzzle","Shuriken","Bronze Scales","Akabeko","Torii","Toxic Egg 2","Pandora\u0027s Box","Membership Card","Omamori","Eternal Feather","Mummified Hand","Prayer Wheel","Pocketwatch","Molten Egg 2","Happy Flower","Lantern"],"acts_visited":["Exordium","TheCity","TheBeyond","TheEnding"],"potions_floor_usage":[55,55],"damage_taken":[{"damage":0.0,"enemies":"Jaw Worm","floor":1.0,"turns":2.0},{"damage":8.0,"enemies":"2 Louse","floor":3.0,"turns":3.0},{"damage":0.0,"enemies":"Cultist","floor":4.0,"turns":2.0},{"damage":0.0,"enemies":"2 Fungi Beasts","floor":5.0,"turns":2.0},{"damage":0.0,"enemies":"Lagavulin","floor":7.0,"turns":4.0},{"damage":2.0,"enemies":"3 Louse","floor":10.0,"turns":2.0},{"damage":12.0,"enemies":"3 Sentries","floor":12.0,"turns":6.0},{"damage":30.0,"enemies":"Gremlin Gang","floor":14.0,"turns":6.0},{"damage":0.0,"enemies":"Slime Boss","floor":16.0,"turns":5.0},{"damage":22.0,"enemies":"Chosen","floor":18.0,"turns":6.0},{"damage":7.0,"enemies":"3 Byrds","floor":21.0,"turns":4.0},{"damage":19.0,"enemies":"Snake Plant","floor":24.0,"turns":5.0},{"damage":2.0,"enemies":"Book of Stabbing","floor":25.0,"turns":4.0},{"damage":1.0,"enemies":"Slavers","floor":28.0,"turns":4.0},{"damage":1.0,"enemies":"Colosseum Slavers","floor":30.0,"turns":3.0},{"damage":2.0,"enemies":"Colosseum Nobs","floor":30.0,"turns":4.0},{"damage":0.0,"enemies":"Cultist and Chosen","floor":31.0,"turns":5.0},{"damage":1.0,"enemies":"Automaton","floor":33.0,"turns":8.0},{"damage":3.0,"enemies":"3 Darklings","floor":35.0,"turns":7.0},{"damage":0.0,"enemies":"Orb Walker","floor":36.0,"turns":4.0},{"damage":3.0,"enemies":"Writhing Mass","floor":37.0,"turns":8.0},{"damage":0.0,"enemies":"Spire Growth","floor":41.0,"turns":5.0},{"damage":0.0,"enemies":"3 Darklings","floor":42.0,"turns":6.0},{"damage":0.0,"enemies":"Nemesis","floor":44.0,"turns":5.0},{"damage":6.0,"enemies":"2 Orb Walkers","floor":45.0,"turns":6.0},{"damage":0.0,"enemies":"Reptomancer","floor":46.0,"turns":6.0},{"damage":1.0,"enemies":"Transient","floor":47.0,"turns":5.0},{"damage":0.0,"enemies":"Nemesis","floor":48.0,"turns":8.0},{"damage":0.0,"enemies":"Awakened One","floor":50.0,"turns":7.0},{"damage":0.0,"enemies":"Shield and Spear","floor":54.0,"turns":7.0},{"damage":30,"enemies":"The Heart","floor":55,"turns":10}],"seed_played":"-7325471054503176324","potions_obtained":[{"floor":5.0,"key":"Dexterity Potion"},{"floor":10.0,"key":"Fire Potion"},{"floor":14.0,"key":"BottledMiracle"},{"floor":16.0,"key":"Explosive Potion"},{"floor":18.0,"key":"Swift Potion"},{"floor":21.0,"key":"BlessingOfTheForge"},{"floor":28.0,"key":"LiquidMemories"},{"floor":41.0,"key":"Fruit Juice"},{"floor":42.0,"key":"Fire Potion"},{"floor":45.0,"key":"BlessingOfTheForge"},{"floor":48.0,"key":"DistilledChaos"},{"floor":54.0,"key":"Explosive Potion"}],"is_trial":false,"path_per_floor":["M","$","M","M","M","R","E","?","T","M","R","E","?","M","R","B",null,"M","?","?","M","$","R","M","E","T","R","E","R","?","M","R","B",null,"M","M","M","$","?","R","M","M","T","E","?","E","M","E","R","B",null,"R","$","E","B",null],"character_chosen":"WATCHER","items_purchased":["Centennial Puzzle","Membership Card","Omamori","Master of Strategy+1","Fasting2","Happy Flower","ColorlessPotion"],"campfire_rested":3,"item_purchase_floors":[22,38,38,38,53,53,53],"current_hp_per_floor":[43,43,35,35,35,35,35,15,15,13,33,21,43,13,13,13,54,32,32,32,25,25,25,6,4,4,14,13,13,10,10,10,9,28,25,25,22,22,22,22,27,27,27,27,21,21,20,20,32,32,37,39,39,39,9],"gold":35,"neow_bonus":"TRANSFORM_TWO_CARDS","is_daily":false,"chose_seed":false,"campfire_upgraded":6,"win_rate":0.0,"timestamp":1613037637,"path_taken":["M","$","M","M","M","R","E","?","T","M","R","E","?","M","R","BOSS","M","?","?","M","$","R","M","E","T","R","E","R","?","M","R","BOSS","M","M","M","$","?","R","M","?","T","E","?","E","M","E","R","BOSS","R","$","E","BOSS"],"items_purchased_type":["Relic","Relic","Relic","Card","Card","Relic","Potion"],"build_version":"2020-12-22","purchased_purges":3,"victory":true,"max_hp_per_floor":[68,68,68,68,68,68,68,68,68,68,68,68,68,68,68,68,68,68,68,34,34,34,34,34,34,34,34,34,34,34,34,34,34,34,34,34,34,34,34,34,39,39,39,39,39,39,39,39,39,39,39,39,39,39,39],"card_choices":[{"not_picked":["EmptyFist","BattleHymn","Consecrate"],"picked":"SKIP","floor":1.0},{"not_picked":["Prostrate","WreathOfFlame"],"picked":"Tantrum","floor":3.0},{"not_picked":["Wireheading","WaveOfTheHand","WindmillStrike"],"picked":"SKIP","floor":4.0},{"not_picked":["Nirvana","Pray"],"picked":"DeusExMachina","floor":5.0},{"not_picked":["JustLucky","SignatureMove","Perseverance"],"picked":"SKIP","floor":7.0},{"not_picked":["CrushJoints","FlurryOfBlows","ThirdEye"],"picked":"SKIP","floor":10.0},{"not_picked":["JustLucky","Protect"],"picked":"Evaluate","floor":12.0},{"not_picked":["CutThroughFate","EmptyFist"],"picked":"Wallop","floor":14.0},{"not_picked":["DeusExMachina","Vault"],"picked":"LessonLearned","floor":16.0},{"not_picked":["Prostrate","SignatureMove","Consecrate"],"picked":"SKIP","floor":18.0},{"not_picked":["EmptyFist","JustLucky+1","Prostrate"],"picked":"SKIP","floor":21.0},{"not_picked":["FollowUp+1","DeceiveReality"],"picked":"ThirdEye","floor":24.0},{"not_picked":["Protect","BowlingBash","CutThroughFate"],"picked":"SKIP","floor":25.0},{"not_picked":["SpiritShield","Weave","Alpha"],"picked":"SKIP","floor":28.0},{"not_picked":["Crescendo+1","Wireheading"],"picked":"EmptyMind+1","floor":31.0},{"not_picked":["DevaForm","LessonLearned"],"picked":"Establishment","floor":33.0},{"not_picked":["Indignation+1","Prostrate+1","Protect+1"],"picked":"SKIP","floor":35.0},{"not_picked":["BowlingBash+1","EmptyBody+1","Protect+1"],"picked":"SKIP","floor":36.0},{"not_picked":["PathToVictory+1","FlyingSleeves","EmptyBody+1"],"picked":"SKIP","floor":37.0},{"not_picked":["Fasting2","Swivel+1","WheelKick+1"],"picked":"SKIP","floor":41.0},{"not_picked":["FlyingSleeves+1","PathToVictory+1","Indignation+1"],"picked":"SKIP","floor":42.0},{"not_picked":["CutThroughFate","Prostrate+1","Meditate+1"],"picked":"SKIP","floor":44.0},{"not_picked":["Indignation+1","FlurryOfBlows"],"picked":"DeceiveReality+1","floor":45.0},{"not_picked":["Wireheading","JustLucky"],"picked":"Fasting2","floor":46.0},{"not_picked":["EmptyMind+1","Indignation+1"],"picked":"DevaForm","floor":47.0},{"not_picked":["FollowUp","Wallop+1","EmptyFist"],"picked":"SKIP","floor":47.0},{"not_picked":["ForeignInfluence+1","Conclude+1","Halt+1"],"picked":"SKIP","floor":48.0},{"not_picked":["Crescendo+1","FollowUp+1"],"picked":"InnerPeace+1","floor":54.0}],"player_experience":833879,"relics_obtained":[{"floor":7.0,"key":"StoneCalendar"},{"floor":12.0,"key":"Turnip"},{"floor":25.0,"key":"Shuriken"},{"floor":26.0,"key":"Bronze Scales"},{"floor":28.0,"key":"Akabeko"},{"floor":30.0,"key":"Torii"},{"floor":30.0,"key":"Toxic Egg 2"},{"floor":43.0,"key":"Eternal Feather"},{"floor":44.0,"key":"Mummified Hand"},{"floor":45.0,"key":"Prayer Wheel"},{"floor":46.0,"key":"Pocketwatch"},{"floor":48.0,"key":"Molten Egg 2"},{"floor":54.0,"key":"Lantern"}],"event_choices":[{"damage_healed":0.0,"max_hp_gain":0.0,"max_hp_loss":0.0,"gold_gain":0.0,"event_name":"Shining Light","player_choice":"Entered Light","floor":8.0,"gold_loss":0.0,"damage_taken":20.0,"cards_upgraded":["Strike_P","DeusExMachina"]},{"damage_healed":22.0,"max_hp_gain":0.0,"max_hp_loss":0.0,"gold_gain":0.0,"event_name":"Big Fish","player_choice":"Banana","floor":13.0,"gold_loss":0.0,"damage_taken":0.0},{"damage_healed":0.0,"max_hp_gain":0.0,"max_hp_loss":0.0,"gold_gain":0.0,"event_name":"Cursed Tome","player_choice":"Ignored","floor":19.0,"gold_loss":0.0,"damage_taken":0.0},{"damage_healed":0.0,"max_hp_gain":0.0,"max_hp_loss":34.0,"gold_gain":0.0,"event_name":"Ghosts","player_choice":"Became a Ghost","floor":20.0,"gold_loss":0.0,"damage_taken":0.0,"cards_obtained":["Ghostly","Ghostly","Ghostly"]},{"damage_healed":0.0,"max_hp_gain":0.0,"max_hp_loss":0.0,"gold_gain":0.0,"event_name":"Colosseum","player_choice":"Fight","floor":30.0,"gold_loss":0.0,"damage_taken":0.0},{"damage_healed":0.0,"max_hp_gain":0.0,"max_hp_loss":0.0,"gold_gain":0.0,"event_name":"Colosseum","player_choice":"Fought Nobs","floor":30.0,"gold_loss":0.0,"damage_taken":0.0},{"damage_healed":0.0,"max_hp_gain":0.0,"max_hp_loss":0.0,"gold_gain":0.0,"cards_transformed":["Vengeance"],"event_name":"Transmorgrifier","player_choice":"Transformed","floor":39.0,"gold_loss":0.0,"damage_taken":0.0,"cards_obtained":["EmptyBody"]},{"damage_healed":0.0,"max_hp_gain":0.0,"max_hp_loss":0.0,"gold_gain":0.0,"event_name":"Mysterious Sphere","player_choice":"Fight","floor":45.0,"gold_loss":0.0,"damage_taken":0.0}],"is_beta":false,"boss_relics":[{"not_picked":["Snecko Eye","SacredBark"],"picked":"HolyWater"},{"not_picked":["Busted Crown","Runic Pyramid"],"picked":"Pandora\u0027s Box"}],"items_purged_floors":[2,22,53],"is_endless":false,"potions_floor_spawned":[5,10,14,16,18,21,28,30,41,42,45,48,54],"ascension_level":15}}