{"host":"ji2m2homzj81ljx9","time":1613060920,"event":{"mods":["BaseMod","Bossed Relics","Colored Map","Colored Powertips","Downfall","Infinite Spire","Minty Spire (QoL Compilation)","Quick Restart","Relic Stats","Remove Card Discount Mod","Replay The Spire","Shop Mod","StSLib"],"gold_per_floor":[363,363,379,66,166,166,179,189,189,217,236,236,246,246,272,272,272,382,382,412,448,448,363,386,386,434,434,58,58,58,83,83,133,166,198,198,216,216],"floor_reached":37,"language":"ENG","playtime":1143,"items_purged":["Pain","Spreading Infection","Injury"],"score":293,"play_id":"30db9cdf-b282-486c-aba7-2f4e651445a9","local_time":"20210211182840","is_ascension_mode":false,"campfire_choices":[{"data":"Bash","floor":6,"key":"SMITH"},{"floor":12,"key":"REST"},{"data":"Limit Break","floor":16,"key":"SMITH"},{"floor":17,"key":"REST"},{"data":"Barricade","floor":25,"key":"SMITH"},{"floor":27,"key":"REST"},{"floor":32,"key":"RECALL"},{"data":"Entrench","floor":36,"key":"SMITH"}],"circlet_count":0,"master_deck":["Strike_R","Strike_R","Strike_R","Strike_R","Strike_R","Defend_R","Defend_R","Defend_R","Defend_R","Bash+1","Cleave+1","Limit Break+1","Thunderclap+1","Barricade+1","infinitespire:Gouge+1","Whirlwind+1","Entrench+1"],"relics":["Burning Blood","WarpedTongs","Ginger","Molten Egg 2","Meat on the Bone","Replay:Bandana","Calling Bell","Art of War","Darkstone Periapt","infinitespire:Lychee Nut","Oddly Smooth Stone","ReplayFunnel","Replay:Baseball","Juzu Bracelet","Question Card","Matryoshka"],"acts_visited":["Exordium","TheCity"],"potions_floor_usage":[10,20,26,33,37],"damage_taken":[{"damage":0,"enemies":"Small Slimes","floor":1,"turns":3},{"damage":8,"enemies":"Cultist","floor":3,"turns":3},{"damage":8,"enemies":"Jaw Worm","floor":7,"turns":3},{"damage":8,"enemies":"Large Slime","floor":8,"turns":5},{"damage":12,"enemies":"Replay:BlueRogue","floor":10,"turns":5},{"damage":20,"enemies":"Exordium Thugs","floor":11,"turns":5},{"damage":19,"enemies":"Exordium Wildlife","floor":13,"turns":4},{"damage":12,"enemies":"3 Louse","floor":15,"turns":3},{"damage":35,"enemies":"Slime Boss","floor":18,"turns":10},{"damage":22,"enemies":"Spheric Guardian","floor":20,"turns":4},{"damage":35,"enemies":"3 Byrds","floor":21,"turns":6},{"damage":14,"enemies":"Snecko","floor":24,"turns":5},{"damage":27,"enemies":"Gremlin Leader","floor":26,"turns":7},{"damage":11,"enemies":"Snake Plant","floor":31,"turns":4},{"damage":18,"enemies":"3 Cultists","floor":33,"turns":3},{"damage":41,"enemies":"Centurion and Healer","floor":34,"turns":5},{"damage":26,"enemies":"Snake Plant","floor":35,"turns":4},{"damage":66,"enemies":"Collector","floor":37,"turns":10}],"seed_played":"-2947262414895719300","potions_obtained":[{"floor":3,"key":"Swift Potion"},{"floor":7,"key":"Dexterity Potion"},{"floor":8,"key":"SpeedPotion"},{"floor":10,"key":"Regen Potion"},{"floor":24,"key":"FairyPotion"},{"floor":26,"key":"SkillPotion"},{"floor":33,"key":"Block Potion"}],"is_trial":false,"path_per_floor":["M","?","M","$","?","R","M","M","T","E","M","R","M","?","M","R","R","B",null,"M","M","?","?","M","R","E","R","$","T","T","M","R","M","M","M","R_BF","B"],"character_chosen":"IRONCLAD","items_purchased":["Ginger","Replay:Baseball","Juzu Bracelet","Whirlwind+1"],"campfire_rested":3,"item_purchase_floors":[4,28,28,28],"current_hp_per_floor":[72,72,70,70,70,70,68,66,66,60,46,67,54,54,48,48,69,52,54,40,29,41,41,51,51,48,66,66,66,66,62,62,54,37,35,35,0,0],"gold":216,"neow_bonus":"TWO_FIFTY_GOLD","is_daily":false,"chose_seed":false,"campfire_upgraded":4,"win_rate":0.0,"timestamp":1613060920,"path_taken":["M","?","?","$","?","R","M","M","T","E","?","R","M","?","M","R","R","BOSS","M","M","?","?","M","R","E","R","?","T","T","M","R","M","M","M","R_BF","BOSS"],"items_purchased_type":["Relic","Relic","Relic","Card"],"build_version":"2020-12-22","purchased_purges":3,"victory":false,"max_hp_per_floor":[72,72,72,72,72,72,72,72,72,72,72,72,72,72,72,72,72,72,54,54,54,66,66,66,66,66,66,66,66,66,66,66,66,66,66,66,66,66],"relic_stats":{"Darkstone Periapt":12,"counters":[18,89],"Art of War":[2],"Juzu Bracelet":0,"Ginger":[15],"Question Card":4,"obtain_stats":[{"Darkstone Periapt":19,"ReplayFunnel":26,"Oddly Smooth Stone":23,"Juzu Bracelet":28,"Ginger":4,"Question Card":29,"Burning Blood":0,"WarpedTongs":2,"Calling Bell":19,"Replay:Bandana":14,"Replay:Baseball":28,"Matryoshka":30,"infinitespire:Lychee Nut":19,"Molten Egg 2":9,"Art of War":19,"Meat on the Bone":10},{"Darkstone Periapt":9,"ReplayFunnel":13,"Oddly Smooth Stone":11,"Juzu Bracelet":13,"Ginger":2,"Question Card":13,"Burning Blood":0,"WarpedTongs":1,"Calling Bell":9,"Replay:Bandana":7,"Replay:Baseball":13,"Matryoshka":13,"infinitespire:Lychee Nut":9,"Molten Egg 2":4,"Art of War":9,"Meat on the Bone":5},{"Darkstone Periapt":41,"ReplayFunnel":63,"Oddly Smooth Stone":51,"Juzu Bracelet":63,"Ginger":6,"Question Card":63,"Burning Blood":0,"WarpedTongs":3,"Calling Bell":41,"Replay:Bandana":28,"Replay:Baseball":63,"Matryoshka":63,"infinitespire:Lychee Nut":41,"Molten Egg 2":14,"Art of War":41,"Meat on the Bone":19}],"Burning Blood":96,"WarpedTongs":[81],"Meat on the Bone":72},"card_choices":[{"not_picked":["Twin Strike","Anger","Perfected Strike"],"picked":"SKIP","floor":1},{"not_picked":["Iron Wave","Bludgeon","Second Wind"],"picked":"SKIP","floor":3},{"not_picked":["Combust","Clothesline","Dark Embrace"],"picked":"SKIP","floor":7},{"not_picked":["Iron Wave","Run Through","Clash"],"picked":"SKIP","floor":8},{"not_picked":["Hemokinesis+1","Replay:Undeath\u0027s Touch+1","Shrug It Off"],"picked":"SKIP","floor":10},{"not_picked":["ReplayTheSpireMod:Stacked","Sword Boomerang+1"],"picked":"Cleave+1","floor":11},{"not_picked":["Iron Wave+1","Heavy Blade+1"],"picked":"Limit Break","floor":13},{"not_picked":["Headbutt+1","Flex"],"picked":"Thunderclap+1","floor":15},{"not_picked":["Offering","Bludgeon+1"],"picked":"Barricade","floor":18},{"not_picked":["Perfected Strike+1","Life Link","Anger+1"],"picked":"SKIP","floor":20},{"not_picked":["Dark Embrace+1","Massacre+1","Body Slam+1"],"picked":"SKIP","floor":21},{"not_picked":["Replay:Fractal Strike","ReplayTheSpireMod:Black Plague"],"picked":"infinitespire:Gouge","floor":22},{"not_picked":["ReplayTheSpireMod:Limb From Limb+1","Dropkick+1","ReplayTheSpireMod:Stacked"],"picked":"SKIP","floor":24},{"not_picked":["Metallicize","Shockwave+1","Headbutt+1"],"picked":"SKIP","floor":26},{"not_picked":["Flex+1","Bloodletting","Run Through+1","Havoc"],"picked":"SKIP","floor":31},{"not_picked":["Exhume","Uppercut+1","Clothesline+1"],"picked":"Entrench","floor":33},{"not_picked":["Warcry+1","Clash+1","Flex","Replay:Undeath\u0027s Touch+1"],"picked":"SKIP","floor":34},{"not_picked":["Headbutt+1","ReplayTheSpireMod:Corrosion Curse","Infernal Blade+1","Flex+1"],"picked":"SKIP","floor":35}],"player_experience":1134093,"relics_obtained":[{"floor":9,"key":"Molten Egg 2"},{"floor":10,"key":"Meat on the Bone"},{"floor":14,"key":"Replay:Bandana"},{"floor":19,"key":"Art of War"},{"floor":19,"key":"Darkstone Periapt"},{"floor":19,"key":"infinitespire:Lychee Nut"},{"floor":26,"key":"ReplayFunnel"},{"floor":29,"key":"Question Card"},{"floor":30,"key":"Matryoshka"}],"event_choices":[{"damage_healed":0,"gold_gain":0,"player_choice":"Rummage","damage_taken":0,"relics_obtained":["WarpedTongs"],"max_hp_gain":0,"max_hp_loss":0,"event_name":"Accursed Blacksmith","floor":2,"gold_loss":0,"cards_obtained":["Pain"]},{"damage_healed":0,"gold_gain":100,"player_choice":"Gold","damage_taken":0,"max_hp_gain":0,"max_hp_loss":0,"event_name":"Wheel of Change","floor":5,"gold_loss":0},{"damage_healed":0,"gold_gain":0,"player_choice":"Obtained Relic","damage_taken":0,"relics_obtained":["Oddly Smooth Stone"],"max_hp_gain":0,"max_hp_loss":0,"event_name":"Addict","floor":23,"gold_loss":85}],"is_beta":false,"boss_relics":[{"not_picked":["Replay:Wanted Poster","Painkiller Herb"],"picked":"Calling Bell"}],"items_purged_floors":[4,28,28],"is_endless":false,"potions_floor_spawned":[3,7,8,10,24,26,31,33,35],"killed_by":"Collector","ascension_level":0}}