{"host":"0rn20prxkpuv2e47","time":1613053069,"event":{"mods":["100% Spire Juice","ATMod(阿瑾Mod)","Act Like it!","Arknights","Aspiration","BaseMod","Challenge The Spire","Downfall","Friendly Minions","Gensokyo","Hermit","Koishi","KomeijiMod","Marisa（F雨　魔理沙）","Minty Spire (QoL Compilation)","Prisma Mod","Quick Restart","Reimu（博丽灵梦）","Relic Filter Mod","Remilia（蕾米莉亚）","Robot Space Explorer","StSLib","The Alterego","The Animator","The Construct","The Cursed","The Jungle","The Mystic","The Runesmith","The Senshi","The Servant 0.9.4","Wide Potions","Youmu（魂魄妖梦）","Yuyuko","[GremlinLeader]The Maniac","[功能]功能增强和修复MOD","noobMod","【功能Mod】聪明的最终Boss","【遗物卡牌】REMEMod"],"gold_per_floor":[110,130,130,130,90,116,216,216,216,250,250,250,250,235,235,331,331,346,346,52,52,64,64,54,54,77,72,112,171,171,48,48,193,193,297,297,287,287,287,287,320,320,320,320,413,413,36,106,106,285],"floor_reached":51,"language":"ZHS","playtime":1950,"items_purged":["hermit:Strike_Hermit","hermit:Strike_Hermit","hermit:Defend_Hermit","hermit:Defend_Hermit","hermit:Defend_Hermit","hermit:Strike_Hermit","hermit:Strike_Hermit","hermit:Defend_Hermit","downfall:Haunted","Pain","Shame","hermit:ShadowCloak+1","hermit:BigShot","hermit:EternalForm+1","hermit:TakeAim","hermit:FinalCanter+1","hermit:TrackingShot","hermit:NoHoldsBarred","hermit:HoleUp","hermit:Scavenge","hermit:HighNoon+1","Mind Blast"],"score":886,"play_id":"8a592f0d-a747-4449-824b-0e9a404baac1","local_time":"20210211221749","is_ascension_mode":false,"campfire_choices":[{"data":"1","floor":8.0,"key":"LIFT"},{"data":"2","floor":11.0,"key":"LIFT"},{"data":"3","floor":13.0,"key":"LIFT"},{"data":"hermit:EternalForm","floor":15.0,"key":"SMITH"},{"data":"hermit:Combo","floor":23.0,"key":"SMITH"},{"data":"REME_MagicPocketWatch","floor":32,"key":"SMITH"},{"data":"hermit:Reprieve","floor":44,"key":"SMITH"},{"data":"AT_ShrugMaster","floor":46,"key":"SMITH"},{"data":"hermit:BigShot","floor":49,"key":"SMITH"}],"circlet_count":0,"master_deck":["hermit:Snapshot+1","hermit:Covet","AT_ShrugMaster+1","hermit:Quickdraw","hermit:BigShot+1","hermit:ItchyTrigger","hermit:CursedWeapon","hermit:Enervate","CurseOfTheBell","CurseOfTheBell","hermit:Combo+1","hermit:BigShot","hermit:DeadOrAlive","hermit:ShadowCloak+1","Dramatic Entrance","hermit:Roulette+1","hermit:FatalDesire+1","hermit:SprayPray","hermit:Deadeye","hermit:OverwhelmingPower+1","REME_MagicPocketWatch+1","REME_AllRoundStrike+1","hermit:GoldenBullet","hermit:Reprieve+1","Magnetism+1","hermit:TakeAim+1","Flash of Steel","Mayhem+1","hermit:TakeAim+1","Gensokyo:BlemishedSteel","Gensokyo:Shovel"],"relics":["hermit:Momento","ice","AT_ATBox","REME_ComplimentaryCards","Girya","Gensokyo:PortableGap","Bag of Marbles","Akabeko","TheAbacus","REME_IWantAll","Eternal Feather","OrangePellets","RuthlessExorcism:ReiMu","downfall:ExtraCursedBell","Bag of Preparation","aspiration:StickyExplosives","AT_Manta","Mercury Hourglass","Gensokyo:LunaticRedEyes","PreservedInsect","aspiration:FrozenJewel","DollysMirror","Coffee Dripper","Chemical X","Strange Spoon","REME_CardOfGreed","Whetstone","Frozen Egg 2","AT_ChloranthyRing","hermit:CharredGlove","hermit:PetGhost","Orrery","Pantograph","theSenshi:FeatherClipsRelic","Oddly Smooth Stone","HandDrill","AT_MibuBalloonWealth","Sundial","Nunchaku","HoshigumaDish","GoodDreamPillow","REME_DemonsWealth","REME_HourglassOfDeath","ClockworkSouvenir","aspiration:ArtOfWarUpgrade","Sling","AT_RedTearstoneRing","REME_ArchaeologicalTools","CeramicFish","Lee\u0027s Waffle","AntiCross","AT_ForceNature"],"acts_visited":["Gensokyo:Gensokyo","Gensokyo:Gensokyoer","Gensokyo:Gensokyoest"],"potions_floor_usage":[],"damage_taken":[{"damage":0.0,"enemies":"Gensokyo:2_Kodama","floor":1.0,"turns":3.0},{"damage":0.0,"enemies":"Gensokyo:3_Fairies","floor":2.0,"turns":4.0},{"damage":2.0,"enemies":"Gensokyo:Mamizou","floor":6.0,"turns":6.0},{"damage":6.0,"enemies":"Gensokyo:Aya","floor":10.0,"turns":3.0},{"damage":8.0,"enemies":"Gensokyo:Yukari","floor":16.0,"turns":3.0},{"damage":4.0,"enemies":"Gensokyo:Chomper","floor":18.0,"turns":1.0},{"damage":0.0,"enemies":"Gensokyo:CosmicMonolith","floor":22.0,"turns":1.0},{"damage":0.0,"enemies":"Gensokyo:Wraith","floor":28.0,"turns":2.0},{"damage":0.0,"enemies":"Gensokyo:Reisen","floor":29.0,"turns":1.0},{"damage":11,"enemies":"Gensokyo:Eiki","floor":33,"turns":3},{"damage":0,"enemies":"Gensokyo:3_Boulders","floor":35,"turns":2},{"damage":4,"enemies":"Gensokyo:AncientGuardian","floor":45,"turns":1},{"damage":0,"enemies":"Gensokyo:SeedOfUnknown","floor":48,"turns":1},{"damage":8,"enemies":"Gensokyo:Shinki","floor":50,"turns":4}],"seed_played":"7987076201126314179","potions_obtained":[{"floor":2.0,"key":"Fire Potion"},{"floor":6.0,"key":"DistilledChaos"},{"floor":16.0,"key":"GrandPatriotsElixir:ReiMu"}],"is_trial":false,"path_per_floor":["M","M","?","$","$","E","?","R","T","E","R","?","R","$","R","B",null,"M","?","COS","$","M","R","$","$","T","$","M","E","?","?","R","B",null,"M","?","$","$","?","R","$","R","T","R","M","R","COS","M","R","B",null],"character_chosen":"HERMIT","items_purchased":["Bag of Marbles","Akabeko","TheAbacus","hermit:ItchyTrigger","hermit:TakeAim","REME_IWantAll","Eternal Feather","OrangePellets","hermit:CursedWeapon","PreservedInsect","aspiration:FrozenJewel","DollysMirror","hermit:BigShot","REME_CardOfGreed","Whetstone","Frozen Egg 2","hermit:ShadowCloak+1","Dramatic Entrance","AT_ChloranthyRing","hermit:CharredGlove","hermit:PetGhost","hermit:ShadowCloak+1","Orrery","Pantograph","theSenshi:FeatherClipsRelic","hermit:OverwhelmingPower+1","REME_MagicPocketWatch","HandDrill","AT_MibuBalloonWealth","Sundial","REME_AllRoundStrike","REME_HourglassOfDeath","ClockworkSouvenir","Art of War","Magnetism+1","Sling","AT_RedTearstoneRing","hermit:TakeAim+1","Flash of Steel","REME_ArchaeologicalTools","CeramicFish","Lee\u0027s Waffle","Mayhem+1","Mind Blast","hermit:HighNoon+1","hermit:Scavenge","hermit:HoleUp","hermit:NoHoldsBarred","hermit:TrackingShot"],"campfire_rested":0,"item_purchase_floors":[4,4,4,4,4,5,5,5,5,14,14,14,14,21,21,21,21,21,24,24,24,24,25,25,25,25,25,27,27,27,27,37,37,37,37,38,38,38,38,41,41,41,41,41,41,41,41,41,41],"current_hp_per_floor":[54,54,54,54,54,52,52,61,61,55,64,64,65,65,65,57,65,61,61,61,61,61,59,56,56,56,56,56,56,52,52,52,47,52,52,52,49,49,49,49,56,56,56,56,56,56,56,56,56,55],"gold":285,"neow_bonus":"ONE_RARE_RELIC","is_daily":false,"chose_seed":false,"campfire_upgraded":6,"win_rate":0.0,"timestamp":1613053069,"path_taken":["M","M","?","$","$","E","?","R","T","E","R","?","R","$","R","BOSS","M","?","COS","$","M","R","$","$","T","?","?","E","?","?","R","BOSS","M","?","$","$","?","R","$","R","T","R","?","R","COS","M","R","BOSS"],"items_purchased_type":["Relic","Relic","Relic","Card","Card","Relic","Relic","Relic","Card","Relic","Relic","Relic","Card","Relic","Relic","Relic","Card","Card","Relic","Relic","Relic","Card","Relic","Relic","Relic","Card","Card","Relic","Relic","Relic","Card","Relic","Relic","Relic","Card","Relic","Relic","Card","Card","Relic","Relic","Relic","Card","Card","Card","Card","Card","Card","Card"],"build_version":"2020-12-22","purchased_purges":22,"victory":true,"max_hp_per_floor":[75,75,68,65,65,65,65,65,65,65,65,65,65,65,65,65,65,65,65,62,62,62,59,56,56,56,56,56,56,52,52,52,52,52,52,52,49,49,49,49,56,56,56,56,56,56,56,56,56,56],"card_choices":[{"not_picked":["hermit:Brawl","hermit:Gestalt"],"picked":"hermit:Quickdraw","floor":1.0},{"not_picked":["hermit:Shortfuse","hermit:Headshot"],"picked":"hermit:BigShot","floor":2.0},{"not_picked":["hermit:DeadOrAlive","hermit:Cheat"],"picked":"hermit:Enervate","floor":6.0},{"not_picked":["hermit:Desperado","hermit:Coalescence"],"picked":"hermit:Combo","floor":10.0},{"not_picked":["hermit:BlackWind","hermit:Adapt"],"picked":"hermit:DeadOrAlive","floor":16.0},{"not_picked":["hermit:HighCaliber","hermit:ItchyTrigger","hermit:Showdown"],"picked":"SKIP","floor":18.0},{"not_picked":["hermit:ItchyTrigger","hermit:Quickdraw"],"picked":"hermit:Roulette+1","floor":22.0},{"not_picked":["hermit:FinalCanter","hermit:SprayPray"],"picked":"hermit:FatalDesire+1","floor":25.0},{"not_picked":["hermit:Glare","hermit:LoneWolf"],"picked":"hermit:SprayPray","floor":25.0},{"not_picked":["hermit:Headshot","hermit:FlashPowder"],"picked":"hermit:Deadeye","floor":25.0},{"not_picked":["hermit:HoleUp","hermit:Glare"],"picked":"hermit:GoldenBullet","floor":28.0},{"not_picked":["hermit:Roulette+1","hermit:Feint+1","hermit:RoundhouseKick"],"picked":"SKIP","floor":29.0},{"not_picked":["hermit:Gambit","hermit:FinalCanter"],"picked":"hermit:Reprieve","floor":33},{"not_picked":["hermit:Cheat","hermit:Headshot","hermit:Glare","Injury"],"picked":"SKIP","floor":35},{"not_picked":["hermit:CursedWeapon+1","hermit:Deadeye+1","Pain"],"picked":"hermit:TakeAim+1","floor":45},{"not_picked":["hermit:Desperado+1","hermit:Cheat","hermit:TrackingShot","downfall:Icky"],"picked":"SKIP","floor":48}],"player_experience":178545,"relics_obtained":[{"floor":6.0,"key":"RuthlessExorcism:ReiMu"},{"floor":7.0,"key":"Bag of Preparation"},{"floor":7.0,"key":"aspiration:StickyExplosives"},{"floor":7.0,"key":"AT_Manta"},{"floor":10.0,"key":"Mercury Hourglass"},{"floor":26.0,"key":"Oddly Smooth Stone"},{"floor":29.0,"key":"Nunchaku"},{"floor":43,"key":"AntiCross"}],"event_choices":[],"is_beta":false,"boss_relics":[{"not_picked":["REME_LowDesire","Pandora\u0027s Box"],"picked":"Coffee Dripper"},{"not_picked":["aspiration:SecretTechniqueScroll","aspiration:RunicSpoon"],"picked":"REME_DemonsWealth"}],"items_purged_floors":[5,5,5,5,5,5,5,5,14,14,14,24,24,27,37,37,41,41,41,41,41,41],"is_endless":false,"potions_floor_spawned":[1,2,6,6,10,10,10,16,18,22,22,28,33,33,35,45],"ascension_level":0}}