{"host":"rykcscnxwcosqdkz","time":1613041121,"event":{"mods":["BaseMod","Downfall","GifTheSpireLib","Minty Spire (QoL Compilation)","StSLib"],"gold_per_floor":[149,168,168,52,52,52,52,65,78,103,103,103,103,123,135,237,237,237,256,275,290,290,290,337,237,248,280,280,280,280,291,305,305,305,305],"floor_reached":33,"language":"ENG","playtime":1454,"items_purged":["sneckomod:Strike"],"score":305,"play_id":"65537f6c-14fe-4229-9613-34267a5ce907","local_time":"20210211115841","is_ascension_mode":true,"campfire_choices":[{"data":"sneckomod:DiceBoulder","floor":1,"key":"SMITH"},{"data":"sneckomod:DiceBoulder+1","floor":6,"key":"SMITH"},{"data":"sneckomod:DiceBoulder+2","floor":11,"key":"SMITH"},{"data":"sneckomod:DiceBoulder+3","floor":13,"key":"SMITH"},{"data":"sneckomod:DiceBoulder+4","floor":18,"key":"SMITH"},{"data":"sneckomod:DiceBoulder+5","floor":23,"key":"SMITH"},{"data":"sneckomod:DiceBoulder+6","floor":25,"key":"SMITH"},{"floor":30,"key":"REST"}],"circlet_count":0,"master_deck":["sneckomod:Strike+1","sneckomod:Defend","sneckomod:TailWhip","sneckomod:SnekBite","sneckomod:Unknown","sneckomod:Unknown","sneckomod:DiceBoulder+8","sneckomod:UnknownDraw","sneckomod:UnknownUncommonPower","sneckomod:SoulDraw","sneckomod:QuickBite","sneckomod:Nope","sneckomod:SerpentIdol","sneckomod:Cheat","sneckomod:Unknown0Cost+1","downfall:Bewildered","sneckomod:UnknownClassPURPLE","sneckomod:UnknownUncommonPower+1","sneckomod:UnendingSupply+1"],"relics":["Tiny House","Pocketwatch","Bottled Flame","Happy Flower","Empty Cage","sneckomod:BabySnecko","downfall:HeartBlessingBlue","sneckomod:SneckoCommon","Nilry\u0027s Codex"],"acts_visited":["Exordium","TheCity"],"potions_floor_usage":[32],"damage_taken":[{"damage":6,"enemies":"Jaw Worm","floor":2,"turns":4},{"damage":0,"enemies":"downfall:FleeingMerchant","floor":4,"turns":4},{"damage":0,"enemies":"2 Louse","floor":8,"turns":2},{"damage":0,"enemies":"Cultist","floor":9,"turns":2},{"damage":21,"enemies":"Gremlin Nob","floor":10,"turns":4},{"damage":0,"enemies":"Exordium Wildlife","floor":14,"turns":2},{"damage":4,"enemies":"Blue Slaver","floor":15,"turns":2},{"damage":31,"enemies":"DF_ARCHETYPE_STREAMLINE","floor":16,"turns":6},{"damage":15,"enemies":"Shell Parasite","floor":19,"turns":8},{"damage":28,"enemies":"Centurion and Healer","floor":20,"turns":4},{"damage":14,"enemies":"Chosen and Byrds","floor":21,"turns":6},{"damage":0,"enemies":"Snake Plant","floor":26,"turns":2},{"damage":38,"enemies":"Book of Stabbing","floor":27,"turns":4},{"damage":7,"enemies":"Centurion and Healer","floor":31,"turns":4},{"damage":8,"enemies":"Chosen and Byrds","floor":32,"turns":3},{"damage":51,"enemies":"WA_ARCHETYPE_CALM","floor":33,"turns":5}],"seed_played":"-2196219330892435610","potions_obtained":[{"floor":0,"key":"Regen Potion"},{"floor":2,"key":"Regen Potion"},{"floor":9,"key":"SneckoOil"},{"floor":31,"key":"Fruit Juice"},{"floor":32,"key":"Fire Potion"}],"is_trial":false,"path_per_floor":["R","M","?","$","?","R","T","M","M","E","R","?","R","M","M","B",null,"R","M","M","M","?","R","T","R","M","E","?","?","R","M","M","B"],"character_chosen":"THE_SNECKO","items_purchased":["sneckomod:SoulDraw"],"campfire_rested":1,"item_purchase_floors":[4],"current_hp_per_floor":[95,89,77,77,77,77,77,77,77,56,56,87,87,87,83,52,95,95,80,72,58,58,58,58,68,68,40,24,24,55,48,45,0,0,0],"gold":305,"neow_bonus":"BOSS_RELIC","is_daily":false,"chose_seed":false,"campfire_upgraded":7,"win_rate":0.0,"timestamp":1613041121,"path_taken":["R","M","?","$","?","R","T","M","M","E","R","?","R","?","M","BOSS","R","M","M","M","?","R","T","R","M","E","?","?","R","M","M","BOSS"],"items_purchased_type":["Card"],"build_version":"2020-12-22","purchased_purges":1,"victory":false,"max_hp_per_floor":[95,95,95,95,95,95,95,95,95,95,95,95,95,95,95,95,95,95,95,95,95,95,95,95,105,105,105,105,105,105,105,110,110,110,110],"card_choices":[{"not_picked":["sneckomod:UnknownUncommonPower","sneckomod:Nope"],"picked":"sneckomod:DiceBoulder","floor":0},{"not_picked":["sneckomod:WideSting","sneckomod:SoulCleanse"],"picked":"sneckomod:UnknownDraw","floor":2},{"not_picked":["sneckomod:UnendingSupply","sneckomod:WideSting"],"picked":"sneckomod:UnknownUncommonPower","floor":4},{"not_picked":["sneckomod:RainOfDice","sneckomod:ImprovisedGuard","sneckomod:DiceBoulder"],"picked":"SKIP","floor":8},{"not_picked":["sneckomod:RainOfDice","sneckomod:SnekBeam"],"picked":"sneckomod:QuickBite","floor":9},{"not_picked":["sneckomod:ImprovisedGuard","sneckomod:UnknownBlock"],"picked":"sneckomod:Nope","floor":10},{"not_picked":["sneckomod:UnknownStrike","sneckomod:UnknownCommonSkill"],"picked":"sneckomod:SerpentIdol","floor":14},{"not_picked":["sneckomod:RainOfDice","sneckomod:Nope","sneckomod:TrashToTreasure"],"picked":"SKIP","floor":15},{"not_picked":["sneckomod:UnknownRareSkill","sneckomod:Mudshield"],"picked":"sneckomod:Cheat","floor":16},{"not_picked":["sneckomod:DiceBlock","sneckomod:RainOfDice"],"picked":"sneckomod:Unknown0Cost+1","floor":19},{"not_picked":["sneckomod:UnknownDexterity","sneckomod:UnknownBlock+1","sneckomod:SoulRoll"],"picked":"SKIP","floor":20},{"not_picked":["sneckomod:UnknownCommonSkill","sneckomod:SoulRoll","sneckomod:Unknown1Cost"],"picked":"SKIP","floor":21},{"not_picked":["sneckomod:DiceBlock","sneckomod:Unknown2Cost","sneckomod:WideSting"],"picked":"SKIP","floor":26},{"not_picked":["sneckomod:UnknownUncommonSkill","sneckomod:UnknownRareSkill"],"picked":"sneckomod:UnknownUncommonPower+1","floor":27},{"not_picked":["sneckomod:UnknownBlock","sneckomod:UnknownCommonSkill"],"picked":"sneckomod:UnendingSupply+1","floor":31},{"not_picked":["sneckomod:UnknownWeak","sneckomod:UnknownClassPURPLE+1","sneckomod:DiceBlock"],"picked":"SKIP","floor":32}],"player_experience":103273,"relics_obtained":[{"floor":7,"key":"Bottled Flame"},{"floor":10,"key":"Happy Flower"},{"floor":27,"key":"sneckomod:SneckoCommon"},{"floor":28,"key":"Nilry\u0027s Codex"}],"event_choices":[{"damage_healed":0,"gold_gain":0,"player_choice":"Success","damage_taken":12,"relics_obtained":["Pocketwatch"],"max_hp_gain":0,"max_hp_loss":0,"event_name":"Scrap Ooze","floor":3,"gold_loss":0},{"damage_healed":31,"gold_gain":0,"player_choice":"Banana","damage_taken":0,"max_hp_gain":0,"max_hp_loss":0,"event_name":"Big Fish","floor":12,"gold_loss":0}],"is_beta":false,"boss_relics":[{"not_picked":["Cursed Key","Runic Pyramid"],"picked":"Empty Cage"}],"items_purged_floors":[4],"is_endless":false,"potions_floor_spawned":[2,9,14,16,19,31,32],"killed_by":"WA_ARCHETYPE_CALM","ascension_level":1}}