{"host":"1mv6gj0zv8k9e9tz","time":1613056694,"event":{"mods":["AchievementEnabler","BaseMod","Better Third Choice","Colored Map","DeckTracker","Highlight Path","KOR Keyword Fix","Keyboard Shortcuts","Minty Spire (QoL Compilation)","Permanent Neow","Quick Restart","Rare Cards Sparkle","StSLib","SuperFastMode","everything is the same but u backflip on backflip"],"gold_per_floor":[119,133,133,150,225,225,252,252,252,252,277,277,377,388,388,460,460,480,500,516,516,22,22,53,64,87,87,87],"floor_reached":27,"language":"KOR","playtime":575,"items_purged":["Ball Lightning"],"score":519,"play_id":"0615f7fb-e820-4a86-a01f-7a03b9ac5b54","local_time":"20210212001814","is_ascension_mode":true,"campfire_choices":[{"floor":6.0,"key":"REST"},{"floor":8.0,"key":"REST"},{"data":"Zap","floor":10.0,"key":"SMITH"},{"floor":12.0,"key":"REST"},{"data":"Darkness","floor":15.0,"key":"SMITH"},{"data":"Redo","floor":23.0,"key":"SMITH"}],"circlet_count":0,"master_deck":["AscendersBane","Strike_B+1","Strike_B+1","Strike_B+1","Strike_B+1","Defend_B+1","Defend_B+1","Defend_B+1","Defend_B+1","Zap+1","Dualcast","Reboot","Beam Cell","BootSequence","Darkness+1","Redo+1","Loop+1","Go for the Eyes","Loop+1","Lockon","Redo","Defragment+1"],"relics":["Cracked Core","Calipers","Frozen Egg 2","Sozu","Lee\u0027s Waffle","DataDisk","Dream Catcher","Anchor"],"acts_visited":["Exordium","TheCity"],"potions_floor_usage":[],"damage_taken":[{"damage":7.0,"enemies":"Jaw Worm","floor":1.0,"turns":2.0},{"damage":7.0,"enemies":"Small Slimes","floor":2.0,"turns":3.0},{"damage":1.0,"enemies":"Cultist","floor":4.0,"turns":3.0},{"damage":37.0,"enemies":"3 Sentries","floor":7.0,"turns":8.0},{"damage":19.0,"enemies":"Gremlin Nob","floor":11.0,"turns":4.0},{"damage":0.0,"enemies":"Blue Slaver","floor":14.0,"turns":3.0},{"damage":6.0,"enemies":"Hexaghost","floor":16.0,"turns":7.0},{"damage":0.0,"enemies":"Chosen","floor":18.0,"turns":3.0},{"damage":23.0,"enemies":"3 Byrds","floor":19.0,"turns":4.0},{"damage":33.0,"enemies":"Cultist and Chosen","floor":20.0,"turns":4.0},{"damage":24.0,"enemies":"Gremlin Leader","floor":24.0,"turns":5.0},{"damage":18.0,"enemies":"Chosen and Byrds","floor":25.0,"turns":5.0},{"damage":44,"enemies":"Shelled Parasite and Fungi","floor":27,"turns":3}],"seed_played":"2520581577221375118","potions_obtained":[{"floor":4.0,"key":"SpeedPotion"},{"floor":11.0,"key":"EssenceOfSteel"},{"floor":14.0,"key":"Explosive Potion"}],"is_trial":false,"path_per_floor":["M","M","?","M","?","R","E","R","T","R","E","R","?","M","R","B",null,"M","M","M","?","$","R","E","M","T","M"],"character_chosen":"DEFECT","items_purchased":["Lee\u0027s Waffle","Lockon","Redo","DataDisk"],"campfire_rested":3,"item_purchase_floors":[22,22,22,22],"current_hp_per_floor":[57,50,29,28,17,38,1,22,22,22,3,24,24,24,24,18,58,58,35,2,2,78,78,54,36,36,0,0],"gold":87,"neow_bonus":"ONE_RANDOM_RARE_CARD","is_daily":false,"chose_seed":false,"campfire_upgraded":3,"win_rate":0.0,"timestamp":1613056694,"path_taken":["M","M","?","M","?","R","E","R","T","R","E","R","?","M","R","BOSS","M","?","M","?","$","R","E","M","T","M"],"items_purchased_type":["Relic","Card","Card","Relic"],"build_version":"2020-12-22","purchased_purges":1,"victory":false,"max_hp_per_floor":[71,71,71,71,71,71,71,71,71,71,71,71,71,71,71,71,71,71,71,71,71,78,78,78,78,78,78,78],"card_choices":[{"not_picked":["Stack","Static Discharge","Steam"],"picked":"SKIP","floor":1.0},{"not_picked":["Barrage","Reinforced Body"],"picked":"Beam Cell","floor":2.0},{"not_picked":["Coolheaded","Double Energy"],"picked":"BootSequence","floor":4.0},{"not_picked":["Barrage","Hello World"],"picked":"Ball Lightning","floor":7.0},{"not_picked":["Sweeping Beam","Darkness","Leap"],"picked":"SKIP","floor":11.0},{"not_picked":["Sweeping Beam","Leap"],"picked":"Darkness","floor":11.0},{"not_picked":["Fusion","Hologram"],"picked":"Redo","floor":14.0},{"not_picked":["Reprogram","Beam Cell"],"picked":"Loop+1","floor":18.0},{"not_picked":["Coolheaded","Heatsinks+1"],"picked":"Go for the Eyes","floor":19.0},{"not_picked":["FTL","Cold Snap"],"picked":"Loop+1","floor":20.0},{"not_picked":["Chaos","Force Field","Beam Cell"],"picked":"SKIP","floor":24.0},{"not_picked":["Sweeping Beam","Stack"],"picked":"Defragment+1","floor":25.0}],"player_experience":643852,"relics_obtained":[{"floor":7.0,"key":"Calipers"},{"floor":11.0,"key":"Frozen Egg 2"},{"floor":24.0,"key":"Dream Catcher"},{"floor":26.0,"key":"Anchor"}],"event_choices":[{"damage_healed":50.0,"max_hp_gain":0.0,"max_hp_loss":71.0,"gold_gain":0.0,"event_name":"betterThird:BetterShining","player_choice":"Upgrade","floor":3.0,"gold_loss":0.0,"damage_taken":21.0,"cards_upgraded":["Strike_B","Defend_B"]},{"damage_healed":0.0,"max_hp_gain":0.0,"max_hp_loss":0.0,"gold_gain":75.0,"event_name":"betterThird:BetterGoop","player_choice":"Gold","floor":5.0,"gold_loss":0.0,"damage_taken":11.0},{"damage_healed":0.0,"max_hp_gain":0.0,"max_hp_loss":0.0,"gold_gain":100.0,"event_name":"Wheel of Change","player_choice":"Gold","floor":13.0,"gold_loss":0.0,"damage_taken":0.0},{"damage_healed":0.0,"max_hp_gain":0.0,"max_hp_loss":6.0,"gold_gain":0.0,"event_name":"betterThird:BetterWriting","player_choice":"Simplicity","floor":21.0,"gold_loss":0.0,"damage_taken":0.0}],"is_beta":false,"boss_relics":[{"not_picked":["Runic Pyramid","Cursed Key"],"picked":"Sozu"}],"items_purged_floors":[22],"is_endless":false,"potions_floor_spawned":[4,11,14,19,25],"killed_by":"Shelled Parasite and Fungi","ascension_level":19}}