{"host":"rolltorest","time":1613027203,"event":{"mods":["BaseMod","Minty Spire (QoL Compilation)","Relic Stats","Slay the Relics Exporter","StSLib"],"gold_per_floor":[119,194,344,112,132,132,166,166,218,218,244,244,244,262,262,339,339,350,385,385,385,385,416,429,429,479,479,404,422,422,422],"floor_reached":30,"language":"ENG","playtime":727,"items_purged":["Doubt"],"score":504,"play_id":"821017e3-eed7-43dd-b104-e3902aad2241","local_time":"20210210230643","is_ascension_mode":true,"campfire_choices":[{"data":"Rupture","floor":6,"key":"SMITH"},{"data":"Corruption","floor":8,"key":"SMITH"},{"data":"Fiend Fire","floor":10,"key":"SMITH"},{"floor":12,"key":"REST"},{"floor":15,"key":"REST"},{"data":"Armaments","floor":25,"key":"SMITH"},{"data":"Brutality","floor":27,"key":"SMITH"}],"circlet_count":0,"master_deck":["AscendersBane","Bash","Whirlwind","Dropkick","Brutality+1","Limit Break","Battle Trance","Headbutt","Corruption+1","Rupture+1","Fiend Fire+1","Disarm+1","Impervious","Heavy Blade+1","Metallicize+1","Reaper+1","Shrug It Off","J.A.X.","Armaments+1"],"relics":["Pandora\u0027s Box","MealTicket","Red Skull","Question Card","Astrolabe","Red Mask","Bronze Scales","StrikeDummy","Orichalcum"],"acts_visited":["Exordium","TheCity"],"potions_floor_usage":[16,23,30],"damage_taken":[{"damage":12,"enemies":"Jaw Worm","floor":1,"turns":2},{"damage":8,"enemies":"2 Louse","floor":5,"turns":2},{"damage":26,"enemies":"Lagavulin","floor":7,"turns":4},{"damage":12,"enemies":"3 Sentries","floor":11,"turns":3},{"damage":7,"enemies":"Small Slimes","floor":14,"turns":3},{"damage":55,"enemies":"The Guardian","floor":16,"turns":5},{"damage":49,"enemies":"2 Thieves","floor":18,"turns":4},{"damage":44,"enemies":"Masked Bandits","floor":19,"turns":4},{"damage":38,"enemies":"Book of Stabbing","floor":23,"turns":5},{"damage":1,"enemies":"Chosen","floor":24,"turns":4},{"damage":5,"enemies":"Sentry and Sphere","floor":29,"turns":3},{"damage":18,"enemies":"Slavers","floor":30,"turns":2}],"seed_played":"-2648851354804336155","potions_obtained":[{"floor":7,"key":"BlessingOfTheForge"},{"floor":14,"key":"BloodPotion"},{"floor":18,"key":"BlessingOfTheForge"},{"floor":19,"key":"BloodPotion"},{"floor":29,"key":"SteroidPotion"}],"is_trial":false,"path_per_floor":["M","?","?","$","M","R","E","R","T","R","E","R","?","M","R","B",null,"M","?","T","?","?","E","M","R","T","R","?","M","E"],"character_chosen":"IRONCLAD","items_purchased":["Corruption"],"campfire_rested":2,"item_purchase_floors":[4],"current_hp_per_floor":[56,56,56,56,48,48,22,22,22,22,10,32,32,25,47,7,58,55,11,11,26,26,22,21,21,21,21,21,16,0,0],"gold":422,"neow_bonus":"BOSS_RELIC","is_daily":false,"chose_seed":false,"campfire_upgraded":5,"win_rate":0.0,"timestamp":1613027203,"path_taken":["M","?","?","$","M","R","E","R","T","R","E","R","?","M","R","BOSS","M","?","?","?","?","E","M","R","T","R","?","?","E"],"items_purchased_type":["Card"],"build_version":"2020-12-18","purchased_purges":1,"victory":false,"max_hp_per_floor":[75,75,75,75,75,75,75,75,75,75,75,75,75,75,75,75,75,75,75,75,75,75,75,75,75,75,75,75,75,75,75],"relic_stats":{"counters":[12,41],"Astrolabe":["Heavy Blade","Metallicize","Reaper"],"Bronze Scales":[42],"Pandora\u0027s Box":["Sever Soul","Whirlwind","Dropkick","Brutality","Sever Soul","Limit Break","Battle Trance","Brutality","Combust"],"MealTicket":0,"Orichalcum":[12],"Question Card":7,"obtain_stats":[{"Astrolabe":17,"Bronze Scales":20,"Pandora\u0027s Box":0,"MealTicket":7,"Red Mask":19,"Orichalcum":26,"Question Card":11,"StrikeDummy":23,"Burning Blood":0,"Red Skull":9},{"Astrolabe":6,"Bronze Scales":8,"Pandora\u0027s Box":0,"MealTicket":3,"Red Mask":8,"Orichalcum":10,"Question Card":4,"StrikeDummy":9,"Burning Blood":0,"Red Skull":3},{"Astrolabe":19,"Bronze Scales":27,"Pandora\u0027s Box":0,"MealTicket":8,"Red Mask":27,"Orichalcum":36,"Question Card":11,"StrikeDummy":32,"Burning Blood":0,"Red Skull":8}]},"card_choices":[{"not_picked":["Clothesline","Dropkick"],"picked":"Headbutt","floor":1},{"not_picked":["Reckless Charge","Pummel"],"picked":"Rupture","floor":5},{"not_picked":["Clothesline","Perfected Strike"],"picked":"Fiend Fire","floor":7},{"not_picked":["Infernal Blade","Anger"],"picked":"Disarm","floor":11},{"not_picked":["Body Slam","Blood for Blood","Anger","Wild Strike"],"picked":"SKIP","floor":14},{"not_picked":["Barricade","Fiend Fire","Demon Form"],"picked":"Impervious","floor":16},{"not_picked":["Pommel Strike","Power Through","Evolve"],"picked":"Shrug It Off","floor":18},{"not_picked":["Wild Strike","Iron Wave","Dropkick","Sever Soul"],"picked":"SKIP","floor":23},{"not_picked":["Pummel","Clash","Cleave"],"picked":"Armaments","floor":24},{"not_picked":["Headbutt","Clash","Heavy Blade","Carnage"],"picked":"SKIP","floor":29}],"player_experience":1947410,"relics_obtained":[{"floor":7,"key":"MealTicket"},{"floor":9,"key":"Red Skull"},{"floor":11,"key":"Question Card"},{"floor":19,"key":"Red Mask"},{"floor":20,"key":"Bronze Scales"},{"floor":23,"key":"StrikeDummy"},{"floor":26,"key":"Orichalcum"}],"event_choices":[{"damage_healed":0,"gold_gain":75,"player_choice":"Gained Gold","damage_taken":0,"max_hp_gain":0,"max_hp_loss":0,"event_name":"Golden Wing","floor":2,"gold_loss":0},{"damage_healed":0,"gold_gain":150,"player_choice":"AGREE","damage_taken":0,"max_hp_gain":0,"max_hp_loss":0,"event_name":"Liars Game","floor":3,"gold_loss":0,"cards_obtained":["Doubt"]},{"damage_healed":0,"gold_gain":0,"player_choice":"Upgraded","damage_taken":0,"max_hp_gain":0,"max_hp_loss":0,"event_name":"Upgrade Shrine","floor":13,"gold_loss":0,"cards_upgraded":["Disarm"]},{"damage_healed":0,"gold_gain":0,"player_choice":"Fought Bandits","damage_taken":0,"max_hp_gain":0,"max_hp_loss":0,"event_name":"Masked Bandits","floor":19,"gold_loss":0},{"damage_healed":15,"gold_gain":0,"player_choice":"Heal","damage_taken":0,"max_hp_gain":0,"max_hp_loss":0,"event_name":"The Library","floor":21,"gold_loss":0},{"damage_healed":0,"gold_gain":0,"player_choice":"Obtain J.A.X.","damage_taken":0,"max_hp_gain":0,"max_hp_loss":0,"event_name":"Drug Dealer","floor":22,"gold_loss":0,"cards_obtained":["J.A.X."]},{"cards_removed":["Sever Soul"],"damage_healed":0,"gold_gain":0,"player_choice":"Gave Gold","damage_taken":0,"max_hp_gain":0,"max_hp_loss":0,"event_name":"Beggar","floor":28,"gold_loss":75}],"is_beta":true,"boss_relics":[{"not_picked":["Mark of Pain","Runic Cube"],"picked":"Astrolabe"}],"items_purged_floors":[4],"is_endless":false,"potions_floor_spawned":[7,14,18,19,29],"killed_by":"Slavers","ascension_level":20}}