{"host":"lehbxtjrpalkmwwj","time":1613053402,"event":{"mods":["ATMod(°¢èªMod)","Aspiration","BaseMod","Challenge The Spire","Colored Map","Colored Powertips","Conspire","Dota2Spire","Energized Spire","Hunter ÁÔÈË","Minty Spire (QoL Compilation)","Quick Restart","Relic Stats","Reliquary","Replay The Spire","Spicy Shops","StSLib","TestMod","The Cursed","The IronCluck","The Poker Player","Waifu the Spire","Wide Potions","[IsaacMod]ÒÔÈö¼âËþ","¡¾ÒÅÎï¿¨ÅÆ¡¿REMEMod","É³µñ²ÄÖÊ°ümod","óô»ðÖ¸ÄÏ"],"gold_per_floor":[111,11,31,43,58,58,90,90,90,125,125,149,164,207,93,217,217,242,257,257,276,295,295,295],"floor_reached":23,"language":"ZHS","playtime":858,"items_purged":[],"score":300,"play_id":"85a46644-6194-4fd2-b4f5-76e351efb98e","local_time":"20210211222322","is_ascension_mode":true,"campfire_choices":[{"floor":6.0,"key":"RECALL"}],"circlet_count":0,"master_deck":["Strike_B","Strike_B","Strike_B","Strike_B","Defend_B","Defend_B","Defend_B","Defend_B","Zap","Dualcast","EpicFetus+1","EpicFetus+1","AT_FamilyPortrait","Reboot","Ghostly","Sweeping Beam","ReplayTheSpireMod:Dual Polarity","Hello World","ReplayTheSpireMod:Dual Polarity","Steam","REME_Shoggoth","AT_ThreeBodyProblem","AT_ThreeBodyProblem","AT_ThreeBodyProblem","Electrodynamics","Redo+1","Deflect+1","Time Bomb","Redo+1"],"relics":["Cracked Core","HushsDoor","AT_ATBox","testmod-TestBox","REME_ComplimentaryCards","NeowsBlessing","testmod-IncinerationGenerator","Chaos","CaptainsWheel","Golden Idol","Happy Flower","GnawedLeaf","Incense Burner","aspiration:SilentSkillbook","Tough Bandages"],"acts_visited":["Exordium","TheCity"],"potions_floor_usage":[21,23],"damage_taken":[{"damage":0.0,"enemies":"Cultist","floor":1.0,"turns":1.0},{"damage":0.0,"enemies":"2 Louse","floor":3.0,"turns":1.0},{"damage":0.0,"enemies":"Small Slimes","floor":4.0,"turns":1.0},{"damage":7.0,"enemies":"Looter","floor":5.0,"turns":3.0},{"damage":14.0,"enemies":"Gremlin Nob","floor":7.0,"turns":4.0},{"damage":12.0,"enemies":"Lagavulin","floor":10.0,"turns":5.0},{"damage":0.0,"enemies":"3 Louse","floor":12.0,"turns":1.0},{"damage":1.0,"enemies":"Blue Slaver","floor":13.0,"turns":3.0},{"damage":0.0,"enemies":"3 Sentries","floor":14.0,"turns":2.0},{"damage":13.0,"enemies":"Hexaghost","floor":16.0,"turns":5.0},{"damage":0,"enemies":"conspire:FuzzyDice","floor":18,"turns":4},{"damage":0,"enemies":"Spheric Guardian","floor":19,"turns":2},{"damage":5,"enemies":"3 Cultists","floor":21,"turns":3},{"damage":13,"enemies":"Snecko","floor":22,"turns":3},{"damage":42,"enemies":"conspire:SneckoGhost","floor":23,"turns":5}],"seed_played":"8029243380015767653","potions_obtained":[{"floor":3.0,"key":"LiquidBronze"},{"floor":7.0,"key":"SpeedPotion"},{"floor":16,"key":"Toxic Potion"},{"floor":18,"key":"Dota2Spire:HealingSalve"},{"floor":21,"key":"Fire Potion"}],"is_trial":false,"path_per_floor":["M","?","M","M","M","R","E","?","T","E","?","M","M","E","R_BF","B",null,"M","M","?","M","M","E"],"character_chosen":"DEFECT","items_purchased":["Incense Burner","AT_ThreeBodyProblem"],"campfire_rested":0,"item_purchase_floors":[15,15],"current_hp_per_floor":[75,75,75,75,68,68,54,36,36,24,24,24,23,23,23,10,59,59,59,44,45,32,0,0],"gold":295,"neow_bonus":"THREE_ENEMY_KILL","is_daily":false,"chose_seed":false,"campfire_upgraded":0,"win_rate":0.0,"timestamp":1613053402,"path_taken":["M","?","M","M","?","R","E","?","T","E","?","M","M","E","R_BF","BOSS","BOSS","M","M","?","M","M","E"],"items_purchased_type":["Relic","Card"],"build_version":"2020-12-22","purchased_purges":0,"victory":false,"max_hp_per_floor":[75,75,75,75,75,75,75,75,75,75,75,75,75,75,75,75,75,75,75,75,75,75,75,75],"relic_stats":{"Tough Bandages":[27],"Happy Flower":[9],"counters":[15,43],"Golden Idol":90,"obtain_stats":[{"KeepersGift":0,"Chaos":0,"AT_ATBox":0,"testmod-TestBox":0,"NeowsBlessing":0,"Happy Flower":10,"Golden Idol":8,"GnawedLeaf":14,"testmod-IncinerationGenerator":0,"Incense Burner":15,"CaptainsWheel":7,"Tough Bandages":20,"aspiration:SilentSkillbook":17,"Cracked Core":0,"HushsDoor":0,"REME_ComplimentaryCards":0},{"KeepersGift":0,"Chaos":0,"AT_ATBox":0,"testmod-TestBox":0,"NeowsBlessing":0,"Happy Flower":6,"Golden Idol":5,"GnawedLeaf":9,"testmod-IncinerationGenerator":0,"Incense Burner":9,"CaptainsWheel":5,"Tough Bandages":12,"aspiration:SilentSkillbook":10,"Cracked Core":0,"HushsDoor":0,"REME_ComplimentaryCards":0},{"KeepersGift":0,"Chaos":0,"AT_ATBox":0,"testmod-TestBox":0,"NeowsBlessing":0,"Happy Flower":15,"Golden Idol":10,"GnawedLeaf":21,"testmod-IncinerationGenerator":0,"Incense Burner":21,"CaptainsWheel":10,"Tough Bandages":32,"aspiration:SilentSkillbook":26,"Cracked Core":0,"HushsDoor":0,"REME_ComplimentaryCards":0}]},"card_choices":[{"not_picked":[],"picked":"EpicFetus","floor":0.0},{"not_picked":[],"picked":"EpicFetus","floor":0.0},{"not_picked":["Bomb","Streamline"],"picked":"Reboot","floor":1.0},{"not_picked":["Barrage","Leap"],"picked":"Bomb","floor":3.0},{"not_picked":["Conserve Battery","Turbo"],"picked":"Sweeping Beam","floor":4.0},{"not_picked":["Bomb","Stack"],"picked":"ReplayTheSpireMod:Dual Polarity","floor":5.0},{"not_picked":["Redo","Storm"],"picked":"Hello World","floor":7.0},{"not_picked":["Cancel","Barrage"],"picked":"Steam","floor":10.0},{"not_picked":["ReplaySolidLightProjector","Beam Cell"],"picked":"REME_Shoggoth","floor":12.0},{"not_picked":["AT_DarkMatter","Aggregate"],"picked":"AT_ThreeBodyProblem","floor":13.0},{"not_picked":["Undo","Melter"],"picked":"AT_ThreeBodyProblem","floor":14.0},{"not_picked":["Echo Form","Multi-Cast"],"picked":"Electrodynamics","floor":16},{"not_picked":["Panic Button","Steam","ReplayTheSpireMod:Scrap Shanks"],"picked":"Redo+1","floor":18},{"not_picked":["Dodge and Roll","Hyperbeam","AT_DarkMatter+1"],"picked":"Deflect+1","floor":19},{"not_picked":["Go for the Eyes","Deadly Poison","BasicCrystalCard"],"picked":"Time Bomb","floor":21},{"not_picked":["Pulse+1","Stack","Terror"],"picked":"Redo+1","floor":22}],"player_experience":164588,"relics_obtained":[{"floor":7.0,"key":"CaptainsWheel"},{"floor":10.0,"key":"Happy Flower"},{"floor":14.0,"key":"GnawedLeaf"}],"event_choices":[{"damage_healed":0.0,"max_hp_gain":0.0,"max_hp_loss":0.0,"gold_gain":0.0,"event_name":"conspire:LoneGhost","player_choice":"Argue","floor":2.0,"gold_loss":0.0,"damage_taken":0.0},{"damage_healed":0.0,"max_hp_gain":0.0,"max_hp_loss":0.0,"gold_gain":0.0,"event_name":"Golden Idol","player_choice":"Take Damage","floor":8.0,"gold_loss":0.0,"damage_taken":18.0,"relics_obtained":["Golden Idol"]},{"damage_healed":0.0,"max_hp_gain":0.0,"max_hp_loss":0.0,"gold_gain":0.0,"event_name":"Living Wall","player_choice":"Grow","floor":11.0,"gold_loss":0.0,"damage_taken":0.0,"cards_upgraded":["EpicFetus"]}],"is_beta":false,"boss_relics":[{"not_picked":["reliquary:Buckler","Replay:Kaleidoscope"],"picked":"aspiration:SilentSkillbook"},{"not_picked":[]}],"items_purged_floors":[],"is_endless":false,"potions_floor_spawned":[3,4,7,16,18,21],"killed_by":"conspire:SneckoGhost","ascension_level":5}}