{"host":"n2havra2dgtcizuw","time":1613057574,"event":{"mods":["100% Spire Juice","ATMod(°¢èªMod)","Bard","BaseMod","Downfall","Marisa£¨ìFÓê¡¡Ä§ÀíÉ³£©","Minty Spire (QoL Compilation)","Permanent Neow","Reliquary","Remilia£¨ÀÙÃ×ÀòÑÇ£©","Replay The Spire","RumiaBox-Â¶Ã×æ«µÄÉñÃØºÐ×Ó","StSLib","TestMod","The Alterego","The Animator","The Servant 0.9.4","[IsaacMod]ÒÔÈö¼âËþ"],"gold_per_floor":[418,437,437,437,39,79,79,118,142,174,249,265,282,320,320,420,420,431,285,301,58,69,94,122,122,201,222,232,232,265,280,280,391,391,405,467,482,497,313,344,344,551,630,655,565,565,646,674,674,679],"floor_reached":51,"language":"ZHS","playtime":2587,"items_purged":[],"score":964,"play_id":"9f19a1f0-0821-401c-a4a4-11463219860f","local_time":"20210211233254","is_ascension_mode":true,"campfire_choices":[{"data":"LessonLearned","floor":7,"key":"SMITH"},{"data":"Ragnarok","floor":15,"key":"SMITH"},{"data":"Eruption","floor":29,"key":"SMITH"},{"data":"AT_OneInchPunch","floor":32,"key":"SMITH"},{"data":"Blasphemy","floor":41,"key":"SMITH"},{"data":"Ragnarok","floor":46,"key":"SMITH"},{"data":"AT_IchimonjiDouble","floor":49,"key":"SMITH"}],"circlet_count":0,"master_deck":["Strike_P+1","Strike_P","Strike_P","Defend_P+1","Defend_P","Defend_P+1","Defend_P","Eruption+1","Vigilance+1","animator:Defend_TenSura+1","animator:Strike_Kancolle+1","AT_IchimonjiDouble+1","SashWhip+1","Halt","LessonLearned+1","testmod-Bloodthirsty","Replay:Vibes","AT_OneInchPunch+1","Ragnarok+1","CrushJoints+1","Adaptation","JustLucky","Judgement","JustLucky+1","AT_DivineConfetti+1","Ragnarok+1","Replay:BluntJabs+1","Ragnarok+1","Prostrate+1","Strike_P","CrushJoints","Crescendo","Blasphemy+1","AT_ChampionKick","AT_ChampionKick+1","FollowUp+1","Replay:BluntJabs","Replay:BluntJabs+1","Crescendo+1","Conclude","Tantrum+1","Replay:Vibes","Looming Evil","Perseverance+1","ReachHeaven"],"relics":["PureWater","testmod-TestBox","HushsDoor","AT_ATBox","testmod-ArcanaOfDestiny","BookOfRevelations","ZombieArmy","AT_TimeSand","reliquary:Aerogel","reliquary:Knoch","GuppysTail","BookofShadows","AT_RedTearstoneRing","Cursed Key","Whetstone","Baka2","Yang","NineVolt","Red Mask","AT_GuinsooRageblade","reliquary:JackalopeAntler","reliquary:MudwinsCradle","testmod-ArcanaOfDestiny","Empty Cage","SteamSale","reliquary:ExpiredCoupon","reliquary:QuartzCube","AT_LudenTempest","SharpPlug","testmod-Maize","reliquary:PorcupineQuills"],"acts_visited":["Exordium","TheCity","TheBeyond"],"potions_floor_usage":[16,23,40,48,50,50,50,50,50,50],"damage_taken":[{"damage":0,"enemies":"2 Louse","floor":1,"turns":3},{"damage":0,"enemies":"Cultist","floor":2,"turns":2},{"damage":14,"enemies":"Gremlin Nob","floor":6,"turns":3},{"damage":14,"enemies":"Lagavulin","floor":8,"turns":5},{"damage":1,"enemies":"3 Sentries","floor":10,"turns":4},{"damage":0,"enemies":"Jaw Worm","floor":12,"turns":1},{"damage":4,"enemies":"Blue Slaver","floor":13,"turns":2},{"damage":10,"enemies":"Gremlin Nob","floor":14,"turns":3},{"damage":12,"enemies":"Fading Forest","floor":16,"turns":11},{"damage":10,"enemies":"2 Thieves","floor":18,"turns":3},{"damage":0,"enemies":"Shell Parasite","floor":20,"turns":3},{"damage":10,"enemies":"Shelled Parasite and Fungi","floor":22,"turns":3},{"damage":5,"enemies":"Gremlin Leader","floor":23,"turns":3},{"damage":0,"enemies":"Masked Bandits","floor":24,"turns":2},{"damage":0,"enemies":"Cultist and Chosen","floor":27,"turns":3},{"damage":18,"enemies":"Centurion and Healer","floor":28,"turns":2},{"damage":36,"enemies":"Book of Stabbing","floor":30,"turns":5},{"damage":1,"enemies":"Chosen and Byrds","floor":31,"turns":2},{"damage":61,"enemies":"Collector","floor":33,"turns":8},{"damage":0,"enemies":"Orb Walker","floor":35,"turns":3},{"damage":23,"enemies":"3 Darklings","floor":36,"turns":3},{"damage":6,"enemies":"4 Shapes","floor":37,"turns":1},{"damage":2,"enemies":"Maw","floor":38,"turns":3},{"damage":22,"enemies":"R_Hoarder","floor":40,"turns":3},{"damage":0,"enemies":"Reptomancer","floor":44,"turns":3},{"damage":0,"enemies":"Nemesis","floor":48,"turns":1},{"damage":15,"enemies":"Replay:Hell Engine","floor":50,"turns":4}],"seed_played":"-501779272775666164","potions_obtained":[{"floor":2,"key":"Swift Potion"},{"floor":12,"key":"LiquidBronze"},{"floor":14,"key":"DistilledChaos"},{"floor":16,"key":"BottledMiracle"},{"floor":22,"key":"EntropicBrew"},{"floor":28,"key":"Milkshake"},{"floor":44,"key":"SteroidPotion"}],"is_trial":false,"path_per_floor":["M","M","?","?","$","E","R","E","T","E","T","M","M","E","R","B",null,"M","$","M","$","M","E","?","?","T","M","M","R","E","M","R","B",null,"M","M","M","M","$","E","R","?","T","E","?","R","T","E","R","B",null],"character_chosen":"WATCHER","items_purchased":["LessonLearned","ZombieArmy","testmod-Bloodthirsty","Whetstone","Yang","AT_ChampionKick","SteamSale","Conclude"],"campfire_rested":0,"item_purchase_floors":[5,5,5,19,21,34,39,39],"current_hp_per_floor":[172,172,172,138,138,124,124,110,110,109,109,109,105,95,95,83,172,162,162,162,162,152,149,149,149,149,149,150,150,114,113,113,52,168,168,145,139,152,152,130,130,130,130,130,130,130,130,130,130,146],"gold":679,"neow_bonus":"TWENTY_PERCENT_HP_BONUS","is_daily":false,"chose_seed":false,"campfire_upgraded":7,"win_rate":0.0,"timestamp":1613057574,"path_taken":["M","M","?","?","$","E","R","E","T","E","?","M","M","E","R","BOSS","M","$","M","$","M","E","?","?","T","M","M","R","E","M","R","BOSS","M","M","M","M","$","E","R","?","T","E","?","R","?","E","R","BOSS"],"items_purchased_type":["Card","Relic","Card","Relic","Relic","Card","Relic","Card"],"build_version":"2020-12-22","purchased_purges":0,"victory":true,"max_hp_per_floor":[172,172,172,172,172,172,172,172,172,172,172,172,172,172,172,172,172,172,172,172,172,172,172,172,172,172,172,172,172,172,172,172,172,168,168,168,168,168,168,168,168,168,168,168,168,168,168,168,168,168],"card_choices":[{"not_picked":[],"picked":"ChaosCard","floor":0},{"not_picked":["EmptyFist","JustLucky"],"picked":"SashWhip","floor":1},{"not_picked":["Replay:AtTheReady","InnerPeace"],"picked":"Halt","floor":2},{"not_picked":["Replay:BluntJabs","Replay:AtTheReady"],"picked":"Replay:Vibes","floor":6},{"not_picked":["MentalFortress","Replay:AtTheReady"],"picked":"AT_OneInchPunch","floor":8},{"not_picked":["CrushJoints","Replay:ManipulateFuture"],"picked":"Ragnarok","floor":10},{"not_picked":["Bomb","SashWhip"],"picked":"CrushJoints","floor":12},{"not_picked":["Bomb","ThirdEye"],"picked":"Adaptation","floor":13},{"not_picked":["CutThroughFate","FollowUp"],"picked":"JustLucky","floor":14},{"not_picked":["ConjureBlade","Replay:AllIn"],"picked":"Judgement","floor":16},{"not_picked":["Replay:AtTheReady+1","ClearTheMind"],"picked":"JustLucky+1","floor":18},{"not_picked":["DeceiveReality","Wallop"],"picked":"AT_DivineConfetti+1","floor":20},{"not_picked":["EmptyFist","PathToVictory"],"picked":"Ragnarok","floor":22},{"not_picked":["Conclude","SashWhip"],"picked":"BowlingBash+1","floor":23},{"not_picked":["Prostrate","JustLucky"],"picked":"Replay:BluntJabs+1","floor":24},{"not_picked":["AT_RealFormLess","ThirdEye"],"picked":"Prostrate","floor":27},{"not_picked":["Replay:DivineShield","Halt"],"picked":"BowlingBash+1","floor":28},{"not_picked":["Adaptation+1","ThirdEye+1"],"picked":"CrushJoints","floor":30},{"not_picked":["Perseverance+1","FollowUp"],"picked":"Crescendo","floor":31},{"not_picked":["Scrawl","Replay:LoomingThreat"],"picked":"Blasphemy","floor":33},{"not_picked":["AT_RealFormLess","ThirdEye"],"picked":"FollowUp+1","floor":35},{"not_picked":["Pray","Swivel"],"picked":"Replay:BluntJabs","floor":36},{"not_picked":["AT_DivineConfetti+1","Crescendo+1"],"picked":"Replay:BluntJabs","floor":37},{"not_picked":["EmptyBody+1","ForeignInfluence+1"],"picked":"Crescendo+1","floor":38},{"not_picked":["AT_RealFormLess+1","CutThroughFate+1"],"picked":"Tantrum+1","floor":40},{"not_picked":["EmptyMind+1","Collect+1"],"picked":"Replay:Vibes","floor":42},{"not_picked":["EmptyFist+1","Replay:AllIn"],"picked":"Perseverance","floor":44},{"not_picked":["Weave+1","EmptyBody+1"],"picked":"ReachHeaven","floor":48}],"player_experience":740756,"relics_obtained":[{"floor":1,"key":"Baka"},{"floor":6,"key":"AT_TimeSand"},{"floor":8,"key":"reliquary:Aerogel"},{"floor":9,"key":"reliquary:Knoch"},{"floor":10,"key":"GuppysTail"},{"floor":11,"key":"BookofShadows"},{"floor":14,"key":"AT_RedTearstoneRing"},{"floor":20,"key":"Baka2"},{"floor":23,"key":"NineVolt"},{"floor":24,"key":"Red Mask"},{"floor":26,"key":"AT_GuinsooRageblade"},{"floor":30,"key":"reliquary:JackalopeAntler"},{"floor":31,"key":"reliquary:MudwinsCradle"},{"floor":33,"key":"testmod-ArcanaOfDestiny"},{"floor":40,"key":"reliquary:ExpiredCoupon"},{"floor":43,"key":"reliquary:QuartzCube"},{"floor":44,"key":"AT_LudenTempest"},{"floor":47,"key":"SharpPlug"},{"floor":48,"key":"testmod-Maize"},{"floor":48,"key":"reliquary:PorcupineQuills"}],"event_choices":[{"damage_healed":0,"gold_gain":0,"player_choice":"Entered Light","damage_taken":34,"max_hp_gain":0,"max_hp_loss":0,"event_name":"Shining Light","floor":4,"gold_loss":0,"cards_upgraded":["Defend_P","Vigilance"]},{"damage_healed":0,"gold_gain":0,"player_choice":"Fought Bandits","damage_taken":0,"max_hp_gain":0,"max_hp_loss":0,"event_name":"Masked Bandits","floor":24,"gold_loss":0},{"cards_removed":["ReplayTheSpireMod:Doomed"],"damage_healed":0,"gold_gain":0,"player_choice":"Upgrade and Remove","damage_taken":0,"max_hp_gain":0,"max_hp_loss":0,"event_name":"Designer","floor":45,"gold_loss":90,"cards_upgraded":["Perseverance"]}],"is_beta":false,"boss_relics":[{"not_picked":["Snecko Eye","Runic Dome"],"picked":"Cursed Key"},{"not_picked":[]},{"not_picked":["testmod-EnergyCheck","Kintsugi"],"picked":"Empty Cage"},{"not_picked":[]}],"items_purged_floors":[],"is_endless":false,"potions_floor_spawned":[2,12,14,16,22,28,30,31,35,38,44],"ascension_level":1}}