{"host":"08yfhu6uhosdn245","time":1613083237,"event":{"mods":["2.2 Compatiblity","BaseMod","Bestiary","Colored Map","Colored Powertips","Curses Come First","Highlight Path","Minty Spire (QoL Compilation)","Quick Restart","Relic Stats","StSLib"],"gold_per_floor":[115,133,19,29,47,79,79,99,148,175,18,53,83,95,95,95,95],"floor_reached":16,"language":"ENG","playtime":3042,"items_purged":["Strike_R"],"score":159,"play_id":"2cec65c7-0696-42a4-a0a8-457f7369d003","local_time":"20210211174037","is_ascension_mode":true,"campfire_choices":[{"data":"Uppercut","floor":15,"key":"SMITH"}],"circlet_count":0,"master_deck":["Strike_R","Strike_R","Strike_R","Strike_R","Defend_R","Defend_R","Defend_R","Defend_R","Bash","Shrug It Off","Wild Strike","Disarm","Iron Wave","Power Through","Headbutt","Flex","Battle Trance","Uppercut+1"],"relics":["Burning Blood","Question Card","Lantern","Paper Frog","ClockworkSouvenir","Regal Pillow","Odd Mushroom"],"acts_visited":["Exordium"],"potions_floor_usage":[6,10,16,16],"damage_taken":[{"damage":0,"enemies":"Small Slimes","floor":1,"turns":3},{"damage":13,"enemies":"Jaw Worm","floor":2,"turns":5},{"damage":3,"enemies":"2 Louse","floor":4,"turns":3},{"damage":10,"enemies":"Large Slime","floor":5,"turns":6},{"damage":18,"enemies":"3 Sentries","floor":6,"turns":10},{"damage":1,"enemies":"2 Fungi Beasts","floor":8,"turns":4},{"damage":30,"enemies":"Lagavulin","floor":10,"turns":7},{"damage":18,"enemies":"3 Sentries","floor":12,"turns":9},{"damage":10,"enemies":"The Mushroom Lair","floor":13,"turns":4},{"damage":9,"enemies":"Exordium Thugs","floor":14,"turns":3},{"damage":58,"enemies":"Slime Boss","floor":16,"turns":8}],"seed_played":"2286548166722777451","potions_obtained":[{"floor":5,"key":"SteroidPotion"},{"floor":6,"key":"Ancient Potion"},{"floor":13,"key":"DistilledChaos"},{"floor":14,"key":"FearPotion"}],"is_trial":false,"path_per_floor":["M","M","$","M","M","E","?","M","T","E","$","E","?","M","R","B"],"character_chosen":"IRONCLAD","items_purchased":["Disarm","ClockworkSouvenir"],"campfire_rested":0,"item_purchase_floors":[3,11],"current_hp_per_floor":[78,71,71,74,70,58,90,95,95,71,71,59,55,52,52,0,0],"gold":95,"neow_bonus":"TWENTY_PERCENT_HP_BONUS","is_daily":false,"chose_seed":false,"campfire_upgraded":1,"win_rate":0.0,"timestamp":1613083237,"path_taken":["M","M","$","M","M","E","?","M","T","E","$","E","?","M","R","BOSS"],"items_purchased_type":["Card","Relic"],"build_version":"2020-12-22","purchased_purges":1,"victory":false,"max_hp_per_floor":[96,96,96,96,96,96,96,96,96,96,96,96,96,96,96,96,96],"relic_stats":{"Regal Pillow":0,"counters":[11,62],"Question Card":5,"obtain_stats":[{"Lantern":9,"Regal Pillow":12,"Odd Mushroom":13,"Question Card":6,"Burning Blood":0,"Paper Frog":10,"ClockworkSouvenir":11},{"Lantern":6,"Regal Pillow":8,"Odd Mushroom":9,"Question Card":5,"Burning Blood":0,"Paper Frog":7,"ClockworkSouvenir":7},{"Lantern":31,"Regal Pillow":47,"Odd Mushroom":51,"Question Card":27,"Burning Blood":0,"Paper Frog":38,"ClockworkSouvenir":38}],"Burning Blood":60},"card_choices":[{"not_picked":["True Grit","Clash"],"picked":"Shrug It Off","floor":1},{"not_picked":["Bloodletting","Havoc"],"picked":"Wild Strike","floor":2},{"not_picked":["Infernal Blade","Blood for Blood","Reckless Charge"],"picked":"SKIP","floor":4},{"not_picked":["Evolve","Flame Barrier"],"picked":"Iron Wave","floor":5},{"not_picked":["Entrench","Juggernaut"],"picked":"Power Through","floor":6},{"not_picked":["Blood for Blood","Warcry","Wild Strike"],"picked":"Headbutt","floor":8},{"not_picked":["Perfected Strike","Anger","Twin Strike","Rupture"],"picked":"SKIP","floor":10},{"not_picked":["Clash","Exhume","Cleave"],"picked":"Flex","floor":12},{"not_picked":["Wild Strike","Flex","Rage"],"picked":"Battle Trance","floor":13},{"not_picked":["Twin Strike","Pommel Strike","Body Slam"],"picked":"Uppercut","floor":14}],"player_experience":385541,"relics_obtained":[{"floor":6,"key":"Question Card"},{"floor":9,"key":"Lantern"},{"floor":10,"key":"Paper Frog"},{"floor":12,"key":"Regal Pillow"},{"floor":13,"key":"Odd Mushroom"}],"event_choices":[{"damage_healed":32,"gold_gain":0,"player_choice":"Banana","damage_taken":0,"max_hp_gain":0,"max_hp_loss":0,"event_name":"Big Fish","floor":7,"gold_loss":0},{"damage_healed":0,"gold_gain":0,"player_choice":"Fought Mushrooms","damage_taken":0,"max_hp_gain":0,"max_hp_loss":0,"event_name":"Mushrooms","floor":13,"gold_loss":0}],"is_beta":false,"boss_relics":[],"items_purged_floors":[3],"is_endless":false,"potions_floor_spawned":[5,6,13,14],"killed_by":"Slime Boss","ascension_level":2}}