{"host":"17u3w43rikeuspxs","time":1613013614,"event":{"mods":["BaseMod","BetterRewards","Curses Come First","Infinite Spire","Minty Spire (QoL Compilation)","StSLib"],"gold_per_floor":[117,17,17,33,44,44,44,44,44,44,44,44,113,141,141,243,243,253,264,19,30,50,50,84,84,84,84,8,8,22,39,39,138,138,157,175,50,400,400,434,434,434,434],"floor_reached":42,"language":"ENG","playtime":1481,"items_purged":["Strike_B","Strike_B","Defend_B"],"score":592,"play_id":"0ad117b7-20be-44e6-ba29-34de14fcc1b8","local_time":"20210210222014","is_ascension_mode":false,"campfire_choices":[{"floor":6.0,"key":"DIG"},{"floor":8.0,"key":"REST"},{"data":"Defragment","floor":8.0,"key":"SMITH"},{"floor":12.0,"key":"REST"},{"floor":12.0,"key":"DIG"},{"floor":15.0,"key":"REST"},{"floor":15.0,"key":"DIG"},{"floor":23.0,"key":"REST"},{"data":"Dualcast","floor":23.0,"key":"SMITH"},{"floor":25.0,"key":"REST"},{"data":"Zap","floor":25.0,"key":"SMITH"},{"floor":32.0,"key":"REST"}],"circlet_count":0,"master_deck":["Strike_B+1","Strike_B+1","Defend_B","Defend_B+1","Defend_B","Zap+1","Dualcast+1","Defragment+1","Leap","Biased Cognition+1","Machine Learning+1","Ball Lightning+1","Coolheaded","Doom and Gloom+1","Recycle+1","Biased Cognition+1","Capacitor+1","Mayhem+1","Lockon+1","infinitespire:UltimateForm+1"],"relics":["Cracked Core","Shovel","Chemical X","infinitespire:Magic Flask","Frozen Egg 2","infinitespire:Beetle Shell","Eternal Feather","Pen Nib","Darkstone Periapt","Nuclear Battery","infinitespire:WardingShard","Whetstone","infinitespire:CursedDice","Black Star","Old Coin","infinitespire:Bottled Soul","infinitespire:Lucky Rock"],"acts_visited":["Exordium","TheCity","TheBeyond"],"potions_floor_usage":[42,42],"damage_taken":[{"damage":4.0,"enemies":"2 Louse","floor":1.0,"turns":3.0},{"damage":1.0,"enemies":"Cultist","floor":4.0,"turns":3.0},{"damage":2.0,"enemies":"Jaw Worm","floor":5.0,"turns":4.0},{"damage":26.0,"enemies":"Gremlin Nob","floor":14.0,"turns":4.0},{"damage":49.0,"enemies":"Hexaghost","floor":16.0,"turns":11.0},{"damage":18.0,"enemies":"Shell Parasite","floor":18.0,"turns":7.0},{"damage":16.0,"enemies":"Spheric Guardian","floor":19.0,"turns":4.0},{"damage":3.0,"enemies":"Chosen and Byrds","floor":21.0,"turns":4.0},{"damage":32.0,"enemies":"Shelled Parasite and Fungi","floor":22.0,"turns":4.0},{"damage":17.0,"enemies":"Slavers","floor":24.0,"turns":4.0},{"damage":2.0,"enemies":"3 Cultists","floor":30.0,"turns":3.0},{"damage":10.0,"enemies":"Snake Plant","floor":31.0,"turns":3.0},{"damage":24.0,"enemies":"Collector","floor":33.0,"turns":6.0},{"damage":8.0,"enemies":"3 Darklings","floor":35.0,"turns":4.0},{"damage":31.0,"enemies":"3 Shapes","floor":36.0,"turns":5.0},{"damage":0.0,"enemies":"Mind Bloom Boss Battle","floor":38.0,"turns":7.0},{"damage":36.0,"enemies":"Giant Head","floor":40.0,"turns":9.0},{"damage":38,"enemies":"Jaw Worm Horde","floor":42,"turns":2}],"seed_played":"5497985492919781878","potions_obtained":[{"floor":1.0,"key":"SpeedPotion"},{"floor":5.0,"key":"DuplicationPotion"},{"floor":19.0,"key":"ColorlessPotion"},{"floor":21.0,"key":"DuplicationPotion"},{"floor":22.0,"key":"GamblersBrew"},{"floor":24.0,"key":"FocusPotion"},{"floor":40.0,"key":"Regen Potion"}],"is_trial":false,"path_per_floor":["M","$","?","M","M","R","$","R","T","?","$","R","T","E","R","B",null,"M","M","$","M","M","R","E","R","T","?","$","?","M","M","R","B",null,"M","M","$","?","?","E","?","M"],"character_chosen":"DEFECT","items_purchased":["Chemical X","Energy Potion","DuplicationPotion","infinitespire:WardingShard","Doom and Gloom"],"campfire_rested":6,"item_purchase_floors":[0,0,0,20,28],"current_hp_per_floor":[45,45,45,44,42,42,42,63,63,49,49,70,70,44,70,21,70,52,36,36,33,1,28,11,38,38,38,38,38,36,26,56,32,70,62,31,31,31,26,42,24,0,0],"gold":434,"neow_bonus":"","is_daily":false,"chose_seed":false,"campfire_upgraded":3,"win_rate":0.0,"timestamp":1613013614,"path_taken":["M","$","?","M","?","R","?","R","T","?","?","R","?","E","R","BOSS","M","M","?","?","M","R","E","R","T","?","$","?","?","M","R","BOSS","M","M","$","?","?","E","?","M"],"items_purchased_type":["Relic","Potion","Potion","Relic","Card"],"build_version":"2020-12-22","purchased_purges":3,"victory":false,"max_hp_per_floor":[70,70,70,70,70,70,70,70,70,70,70,70,70,70,70,70,70,70,70,70,70,70,70,70,70,70,70,70,70,70,70,70,70,70,70,70,70,70,70,70,70,70,70],"card_choices":[{"not_picked":["Darkness","Cold Snap"],"picked":"Defragment","floor":1.0},{"not_picked":["Hologram","Stack"],"picked":"Leap","floor":4.0},{"not_picked":["Gash","Stack","Scrape"],"picked":"SKIP","floor":5.0},{"not_picked":["Leap","Conserve Battery"],"picked":"Biased Cognition+1","floor":14.0},{"not_picked":["Hyperbeam","All For One"],"picked":"Machine Learning+1","floor":16.0},{"not_picked":["Compile Driver","Force Field","Go for the Eyes"],"picked":"SKIP","floor":18.0},{"not_picked":["Leap","Lockon"],"picked":"Ball Lightning+1","floor":19.0},{"not_picked":["Rebound+1","Stack","Gash"],"picked":"SKIP","floor":21.0},{"not_picked":["Redo","Hologram"],"picked":"Coolheaded","floor":22.0},{"not_picked":["Turbo","Rebound+1","Hello World+1"],"picked":"SKIP","floor":24.0},{"not_picked":["Hologram","Gash"],"picked":"Recycle+1","floor":30.0},{"not_picked":["Turbo","Beam Cell","Force Field"],"picked":"SKIP","floor":31.0},{"not_picked":["Thunder Strike","Seek"],"picked":"Biased Cognition+1","floor":33.0},{"not_picked":["Hologram","Leap+1"],"picked":"Capacitor+1","floor":35.0},{"not_picked":["Aggregate+1","Redo","Go for the Eyes"],"picked":"SKIP","floor":36.0},{"not_picked":["Secret Weapon","Finesse"],"picked":"Mayhem+1","floor":39.0},{"not_picked":["Ball Lightning","Compile Driver+1"],"picked":"Lockon+1","floor":40.0},{"not_picked":["infinitespire:Collect","infinitespire:Gouge"],"picked":"infinitespire:UltimateForm","floor":41.0}],"player_experience":102320,"relics_obtained":[{"floor":6.0,"key":"infinitespire:Magic Flask"},{"floor":9.0,"key":"Frozen Egg 2"},{"floor":12.0,"key":"infinitespire:Beetle Shell"},{"floor":13.0,"key":"Eternal Feather"},{"floor":14.0,"key":"Pen Nib"},{"floor":15.0,"key":"Darkstone Periapt"},{"floor":24.0,"key":"Whetstone"},{"floor":26.0,"key":"infinitespire:CursedDice"},{"floor":38.0,"key":"Old Coin"},{"floor":40.0,"key":"infinitespire:Bottled Soul"},{"floor":40.0,"key":"infinitespire:Lucky Rock"}],"event_choices":[{"damage_healed":0.0,"max_hp_gain":0.0,"max_hp_loss":0.0,"gold_gain":0.0,"event_name":"NoteForYourself","player_choice":"Ignored","floor":3.0,"gold_loss":0.0,"damage_taken":0.0},{"damage_healed":0.0,"max_hp_gain":0.0,"max_hp_loss":0.0,"gold_gain":0.0,"event_name":"Shining Light","player_choice":"Entered Light","floor":10.0,"gold_loss":0.0,"damage_taken":14.0,"cards_upgraded":["Defend_B","Strike_B"]},{"damage_healed":0.0,"max_hp_gain":0.0,"max_hp_loss":0.0,"gold_gain":0.0,"event_name":"Vampires","player_choice":"Ignored","floor":27.0,"gold_loss":0.0,"damage_taken":0.0},{"damage_healed":0.0,"max_hp_gain":0.0,"max_hp_loss":0.0,"gold_gain":0.0,"event_name":"Upgrade Shrine","player_choice":"Upgraded","floor":29.0,"gold_loss":0.0,"damage_taken":0.0,"cards_upgraded":["Doom and Gloom"]},{"damage_healed":0.0,"max_hp_gain":0.0,"max_hp_loss":0.0,"gold_gain":0.0,"event_name":"MindBloom","player_choice":"Fight","floor":38.0,"gold_loss":0.0,"damage_taken":0.0},{"damage_healed":0.0,"max_hp_gain":0.0,"max_hp_loss":0.0,"gold_gain":0.0,"event_name":"SensoryStone","player_choice":"Memory 2","floor":39.0,"gold_loss":0.0,"damage_taken":5.0}],"is_beta":false,"boss_relics":[{"not_picked":["Philosopher\u0027s Stone","SacredBark"],"picked":"Nuclear Battery"},{"not_picked":["Fusion Hammer","infinitespire:Cupcake"],"picked":"Black Star"}],"items_purged_floors":[0,2,37],"is_endless":false,"potions_floor_spawned":[1,5,19,21,22,24,40],"killed_by":"Jaw Worm Horde","ascension_level":0}}