{"host":"mo4d2vii2wc3uyp7","time":1613058438,"event":{"mods":["AchievementEnabler","BaseMod","Colored Map","Highlight Path","Keyboard Shortcuts","Minty Spire (QoL Compilation)","Permanent Neow","Quick Restart","Shop Mod","StSLib","SuperFastMode","everything is the same but u backflip on backflip"],"gold_per_floor":[115,128,147,158,176,176,201,219,219,219,239,270,270,283,283,383,383,403,413,413,413,413],"floor_reached":21,"language":"KOR","playtime":668,"items_purged":[],"score":205,"play_id":"303d6bf1-e0a4-42e3-b953-3d415adb001c","local_time":"20210212004718","is_ascension_mode":true,"campfire_choices":[{"data":"Calculated Gamble","floor":6.0,"key":"SMITH"},{"floor":10,"key":"REST"},{"data":"Terror","floor":13,"key":"SMITH"},{"floor":15,"key":"REST"}],"circlet_count":0,"master_deck":["Strike_G","Strike_G","Strike_G","Strike_G","Strike_G","Defend_G","Defend_G","Defend_G","Defend_G","Defend_G","Survivor","Neutralize","Calculated Gamble+1","Dagger Spray","Dagger Throw","Terror+1","Prepared","Backflip","Bane","Adrenaline","Caltrops","Escape Plan"],"relics":["Ring of the Snake","Blood Vial","Smiling Mask","Potion Belt","Bottled Lightning","Nilry\u0027s Codex"],"acts_visited":["Exordium","TheCity"],"potions_floor_usage":[7,11,12,16,16,19,19],"damage_taken":[{"damage":2.0,"enemies":"Small Slimes","floor":1.0,"turns":4.0},{"damage":0.0,"enemies":"Cultist","floor":2.0,"turns":4.0},{"damage":5.0,"enemies":"2 Louse","floor":3.0,"turns":3.0},{"damage":0.0,"enemies":"Blue Slaver","floor":4.0,"turns":5.0},{"damage":6.0,"enemies":"3 Louse","floor":5.0,"turns":4.0},{"damage":19,"enemies":"Gremlin Nob","floor":7,"turns":4},{"damage":26,"enemies":"Exordium Thugs","floor":8,"turns":5},{"damage":6,"enemies":"Lots of Slimes","floor":11,"turns":2},{"damage":14,"enemies":"3 Sentries","floor":12,"turns":9},{"damage":0,"enemies":"2 Fungi Beasts","floor":14,"turns":2},{"damage":35,"enemies":"Hexaghost","floor":16,"turns":10},{"damage":11,"enemies":"Chosen","floor":18,"turns":5},{"damage":14,"enemies":"2 Thieves","floor":19,"turns":3},{"damage":34,"enemies":"Centurion and Healer","floor":21,"turns":8}],"seed_played":"6937864997382816301","potions_obtained":[{"floor":1.0,"key":"LiquidBronze"},{"floor":4.0,"key":"CultistPotion"},{"floor":11,"key":"EssenceOfSteel"},{"floor":12,"key":"LiquidBronze"},{"floor":14,"key":"AttackPotion"},{"floor":16,"key":"Energy Potion"},{"floor":18,"key":"Strength Potion"}],"is_trial":false,"path_per_floor":["M","M","M","M","M","R","E","M","T","R","M","E","R","M","R","B",null,"M","M","?","M"],"character_chosen":"THE_SILENT","items_purchased":[],"campfire_rested":2,"item_purchase_floors":[],"current_hp_per_floor":[68,70,65,67,63,63,46,22,22,43,39,27,27,29,50,17,70,59,47,31,0,0],"gold":413,"neow_bonus":"RANDOM_COMMON_RELIC","is_daily":false,"chose_seed":false,"campfire_upgraded":2,"win_rate":0.0,"timestamp":1613058438,"path_taken":["M","M","M","M","M","R","E","M","T","R","M","E","R","M","R","BOSS","M","M","?","M"],"items_purchased_type":[],"build_version":"2020-12-22","purchased_purges":0,"victory":false,"max_hp_per_floor":[70,70,70,70,70,70,70,70,70,70,70,70,70,70,70,70,70,70,70,70,70,70],"card_choices":[{"not_picked":["Concentrate","Underhanded Strike"],"picked":"Calculated Gamble","floor":1.0},{"not_picked":["Deadly Poison","Deflect","Outmaneuver"],"picked":"SKIP","floor":2.0},{"not_picked":["Underhanded Strike","Slice","Cloak And Dagger"],"picked":"SKIP","floor":3.0},{"not_picked":["Skewer","Slice"],"picked":"Dagger Spray","floor":4.0},{"not_picked":["Setup","Masterful Stab"],"picked":"Dagger Throw","floor":5.0},{"not_picked":["Cloak And Dagger","Slice"],"picked":"Terror","floor":7},{"not_picked":["Dodge and Roll","Underhanded Strike"],"picked":"Prepared","floor":8},{"not_picked":["Masterful Stab","Unload"],"picked":"Backflip","floor":11},{"not_picked":["Storm of Steel","Dash"],"picked":"Bane","floor":12},{"not_picked":["PiercingWail","Deadly Poison","Well Laid Plans"],"picked":"SKIP","floor":14},{"not_picked":["Storm of Steel","A Thousand Cuts"],"picked":"Adrenaline","floor":16},{"not_picked":["Eviscerate","Expertise"],"picked":"Caltrops","floor":18},{"not_picked":["Blade Dance","Sucker Punch+1"],"picked":"Escape Plan","floor":19}],"player_experience":613933,"relics_obtained":[{"floor":7,"key":"Smiling Mask"},{"floor":9,"key":"Potion Belt"},{"floor":12,"key":"Bottled Lightning"},{"floor":20,"key":"Nilry\u0027s Codex"}],"event_choices":[{"damage_healed":0,"gold_gain":0,"player_choice":"Obtained Book","damage_taken":16,"max_hp_gain":0,"max_hp_loss":0,"event_name":"Cursed Tome","floor":20,"gold_loss":0}],"is_beta":false,"boss_relics":[{"not_picked":["Coffee Dripper","Runic Pyramid","Ectoplasm"]}],"items_purged_floors":[],"is_endless":false,"potions_floor_spawned":[1,4,11,12,14,16,18],"killed_by":"Centurion and Healer","ascension_level":1}}