{"host":"mqhvlr3kpxebko0t","time":1613042763,"event":{"mods":["AchievementEnabler","BaseMod","Colored Map","Colored Powertips","KOR Keyword Fix","Keyboard Shortcuts","Minty Spire (QoL Compilation)","StSLib","SuperFastMode"],"gold_per_floor":[113,188,199,209,220,220,240,252,279,279,279,288,306,164,164,164,164],"floor_reached":16,"language":"KOR","playtime":149,"items_purged":["Decay"],"score":188,"play_id":"edb0f9a8-a60f-4c07-a8b6-ae5809f76126","local_time":"20210211202603","is_ascension_mode":true,"campfire_choices":[{"data":"Pommel Strike","floor":6.0,"key":"SMITH"},{"data":"Bash","floor":10.0,"key":"SMITH"},{"data":"Shrug It Off","floor":15,"key":"SMITH"}],"circlet_count":0,"master_deck":["AscendersBane","Strike_R","Strike_R","Strike_R","Strike_R","Strike_R","Defend_R","Defend_R","Defend_R","Defend_R","Bash+1","Pommel Strike+1","Reaper","Shrug It Off+1","Second Wind"],"relics":["Burning Blood","Oddly Smooth Stone","CeramicFish","Mango"],"acts_visited":["Exordium"],"potions_floor_usage":[],"damage_taken":[{"damage":12.0,"enemies":"Jaw Worm","floor":1.0,"turns":3.0},{"damage":4.0,"enemies":"2 Louse","floor":3.0,"turns":4.0},{"damage":10.0,"enemies":"Small Slimes","floor":4.0,"turns":4.0},{"damage":16.0,"enemies":"Looter","floor":5.0,"turns":3.0},{"damage":22.0,"enemies":"Exordium Wildlife","floor":7.0,"turns":4.0},{"damage":15.0,"enemies":"2 Fungi Beasts","floor":8.0,"turns":4.0},{"damage":18,"enemies":"Large Slime","floor":13,"turns":6},{"damage":0,"enemies":"The Guardian","floor":16,"turns":1}],"seed_played":"3302580629390668502","potions_obtained":[{"floor":4.0,"key":"Block Potion"},{"floor":8.0,"key":"SteroidPotion"}],"is_trial":false,"path_per_floor":["M","?","M","M","M","R","M","M","T","R","?","?","M","$","R","B"],"character_chosen":"IRONCLAD","items_purchased":["Second Wind"],"campfire_rested":0,"item_purchase_floors":[14],"current_hp_per_floor":[62,51,53,49,39,39,23,18,18,18,21,21,17,17,17,17,17],"gold":164,"neow_bonus":"RANDOM_COMMON_RELIC","is_daily":false,"chose_seed":false,"campfire_upgraded":3,"win_rate":0.0,"timestamp":1613042763,"path_taken":["M","?","M","M","M","R","M","M","T","R","?","?","M","$","R","BOSS"],"items_purchased_type":["Card"],"build_version":"2020-12-22","purchased_purges":1,"victory":false,"max_hp_per_floor":[75,75,75,75,75,75,75,75,75,75,89,89,89,89,89,89,89],"card_choices":[{"not_picked":["Cleave","Clash","Heavy Blade"],"picked":"SKIP","floor":1.0},{"not_picked":["Cleave","Metallicize","Perfected Strike"],"picked":"SKIP","floor":3.0},{"not_picked":["Seeing Red","Flex"],"picked":"Pommel Strike","floor":4.0},{"not_picked":["Thunderclap","Body Slam","True Grit"],"picked":"SKIP","floor":5.0},{"not_picked":["True Grit","Sword Boomerang"],"picked":"Reaper","floor":7.0},{"not_picked":["Perfected Strike","Heavy Blade"],"picked":"Shrug It Off","floor":8.0},{"not_picked":["Hemokinesis","Sword Boomerang","Thunderclap"],"picked":"SKIP","floor":13}],"player_experience":711752,"relics_obtained":[{"floor":9.0,"key":"CeramicFish"}],"event_choices":[{"damage_healed":0.0,"max_hp_gain":0.0,"max_hp_loss":0.0,"gold_gain":75.0,"event_name":"World of Goop","player_choice":"Gather Gold","floor":2.0,"gold_loss":0.0,"damage_taken":11.0},{"damage_healed":0,"gold_gain":0,"player_choice":"Success","damage_taken":11,"relics_obtained":["Mango"],"max_hp_gain":0,"max_hp_loss":0,"event_name":"Scrap Ooze","floor":11,"gold_loss":0},{"damage_healed":0,"gold_gain":0,"player_choice":"Cursed","damage_taken":0,"max_hp_gain":0,"max_hp_loss":0,"event_name":"Wheel of Change","floor":12,"gold_loss":0,"cards_obtained":["Decay"]}],"is_beta":false,"boss_relics":[],"items_purged_floors":[14],"is_endless":false,"potions_floor_spawned":[4,8],"killed_by":"The Guardian","ascension_level":20}}