{"host":"lgow17wc5wawziz1","time":1613019646,"event":{"mods":["Act Like it!","Aspiration","BaseMod","Better Third Choice","Colored Map","Colored Powertips","Friendly Minions","Gensokyo","Hubris","Kiyohime£¨?ýï£©","Koishi","Minty Spire (QoL Compilation)","MostiFishMod","Quick Restart","Replay The Spire","StSLib","The Blue Laboratory","¡¼?Úª?ø«¡½REMEMod"],"gold_per_floor":[111,129,146,146,162,191,291,221,246,4,4,29,29,29,29,125,125,144,144,144,157,157,420,420,345,345,371,371,371,403,413,479,578,578,598,87,107,107,107,141,141,141,166,183,215,227,74,84,84,84],"floor_reached":51,"language":"KOR","playtime":2918,"items_purged":["Koishi:BasicDefend","Koishi:SprinkleStarAndHeart"],"score":1008,"play_id":"32b26378-9f14-4325-9659-e46a53c1f012","local_time":"20210211140046","is_ascension_mode":true,"campfire_choices":[{"data":"Venomology","floor":11,"key":"SMITH"},{"data":"Koishi:Whimsy","floor":15,"key":"SMITH"},{"data":"Koishi:MindStellarRelief","floor":24,"key":"SMITH"},{"data":"Koishi:Whimsy","floor":28,"key":"SMITH"},{"data":"Koishi:RuptureMind","floor":41,"key":"SMITH"},{"data":"Koishi:FleetingPhantom","floor":49,"key":"SMITH"}],"circlet_count":0,"master_deck":["Koishi:BasicStrike","Koishi:BasicStrike","Koishi:BasicDefend","Koishi:BasicDefend","Koishi:Provoke","Koishi:HauntingSlash","Gensokyo:LifeSpringInfinity","Koishi:Whimsy+1","Koishi:PhilosophyOfTheDespised","Koishi:CatchAndRose+1","aspiration:Lunge","Venomology+1","Koishi:RuptureMind+1","Gensokyo:Kunekune","Koishi:Whimsy+1","Koishi:MindStellarRelief+1","Koishi:SprinkleStarAndHeart+1","Koishi:CatchAndRose","Gensokyo:ShootingStar+1","Koishi:RuptureMind+1","Koishi:DreadfulBlow","Koishi:PhantomBarrier","Koishi:PerfectMindControl+1","Koishi:FleetingPhantom+1"],"relics":["Koishi:ImaginaryFriend","REME_ComplimentaryCards","DaveBox","Juzu Bracelet","SynthV:TestCard","Lantern","REME_HandOfSuture","RhineSuit","Gensokyo:RedStar","Replay:WaspNest","hubris:CuriousFeather","Torii","Oddly Smooth Stone","SlaversCollar","Replay:Accelerometer","MostiFishMod:AdaptiveDefenses","Iron Hammer","aspiration:Lifesprig","Toy Ornithopter","StoneCalendar","Technique"],"acts_visited":["Gensokyo:Gensokyo","Gensokyo:Gensokyoer","Gensokyo:Gensokyoest"],"potions_floor_usage":[5,16,18,23,23,27,31,33,40,44,45,50],"damage_taken":[{"damage":0,"enemies":"Gensokyo:Python","floor":1,"turns":3},{"damage":1,"enemies":"Gensokyo:Gryphon","floor":2,"turns":6},{"damage":0,"enemies":"Gensokyo:3_Fairies","floor":3,"turns":5},{"damage":3,"enemies":"Gensokyo:Python_and_Kodama","floor":5,"turns":4},{"damage":12,"enemies":"Gensokyo:Cirno","floor":6,"turns":9},{"damage":0,"enemies":"Gensokyo:Mamizou","floor":12,"turns":6},{"damage":0,"enemies":"Gensokyo:Reimu","floor":16,"turns":3},{"damage":4,"enemies":"Gensokyo:Chomper","floor":18,"turns":3},{"damage":0,"enemies":"Gensokyo:2_Gloops","floor":21,"turns":1},{"damage":14,"enemies":"Gensokyo:Reisen","floor":23,"turns":5},{"damage":16,"enemies":"Gensokyo:Tenshi","floor":27,"turns":4},{"damage":1,"enemies":"Gensokyo:Koishi","floor":30,"turns":6},{"damage":0,"enemies":"Gensokyo:Wraith","floor":31,"turns":4},{"damage":9,"enemies":"Gensokyo:Eternal_Rivals","floor":33,"turns":8},{"damage":10,"enemies":"Gensokyo:AncientGuardian","floor":35,"turns":4},{"damage":7,"enemies":"Gensokyo:3_Bats","floor":37,"turns":3},{"damage":0,"enemies":"Gensokyo:Marisa","floor":40,"turns":4},{"damage":0,"enemies":"Gensokyo:Sharpion","floor":44,"turns":4},{"damage":0,"enemies":"Gensokyo:Doremy","floor":45,"turns":4},{"damage":8,"enemies":"Gensokyo:3_Boulders","floor":46,"turns":5},{"damage":0,"enemies":"Gensokyo:AtlasGolem","floor":48,"turns":4},{"damage":0,"enemies":"Gensokyo:Yuyuko","floor":50,"turns":5}],"seed_played":"-3329294808992972671","potions_obtained":[{"floor":2,"key":"Strength Potion"},{"floor":6,"key":"LiquidBronze"},{"floor":12,"key":"FearPotion"},{"floor":27,"key":"blueLaboratory:ImpenetrablePotion"},{"floor":31,"key":"blueLaboratory:BubblePotion"},{"floor":33,"key":"LifebloodPotion"},{"floor":45,"key":"blueLaboratory:RememoryPotion"}],"is_trial":false,"path_per_floor":["M","M","M","?","M","E","?","?","T","COS","R","E","?","?","R","B",null,"M","?","?","M","?","E","R","$","T","E","R","?","E","M","R_BF","B",null,"M","$","M","?","T","E","R","?","T","M","E","M","$","M","R","B",null],"character_chosen":"KOISHI","items_purchased":["Replay:Accelerometer","MostiFishMod:AdaptiveDefenses","Technique"],"campfire_rested":0,"item_purchase_floors":[36,36,47],"current_hp_per_floor":[66,66,66,66,64,52,52,52,52,52,52,56,56,50,50,50,66,63,63,63,63,63,53,53,53,53,41,41,48,49,49,49,57,66,56,56,59,59,59,66,66,66,66,66,66,60,60,62,62,62],"gold":84,"neow_bonus":"TEN_PERCENT_HP_BONUS","is_daily":false,"chose_seed":false,"campfire_upgraded":6,"win_rate":0.0,"timestamp":1613019646,"path_taken":["M","M","M","?","M","E","?","?","T","COS","R","E","?","?","R","BOSS","M","?","?","M","?","E","R","?","T","E","R","?","E","M","R_BF","BOSS","M","$","M","?","?","E","R","?","T","M","E","M","$","M","R","BOSS"],"items_purchased_type":["Relic","Relic","Relic"],"build_version":"2020-12-22","purchased_purges":2,"victory":true,"max_hp_per_floor":[66,66,66,66,66,66,66,66,66,66,66,66,66,66,66,66,66,66,66,66,66,66,66,66,66,66,66,66,66,66,66,66,66,66,66,66,66,66,66,66,66,66,66,66,66,66,66,66,66,66],"card_choices":[{"not_picked":["Koishi:SubconsciousSweep","Koishi:SpiritedAway"],"picked":"Koishi:Whimsy","floor":1},{"not_picked":["Koishi:ParalyzingFear","Koishi:SubconsciousSweep","Koishi:FidgetySnatcher","Koishi:UnansweredLove"],"picked":"Koishi:PhilosophyOfTheDespised","floor":2},{"not_picked":["Koishi:SubterraneanRose","Koishi:UnansweredLove","Koishi:RacingHeart","Koishi:SpiritedAway"],"picked":"Koishi:CatchAndRose","floor":3},{"not_picked":["Koishi:ReleaseOfTheId","Koishi:BloodcurdlingScream","Koishi:Prune","Koishi:Jaunt"],"picked":"Koishi:SprinkleStarAndHeart","floor":5},{"not_picked":["Koishi:DreadfulBlow","Koishi:PhantomBarrier","Koishi:GeneticsOfTheUnconscious","Koishi:BloodcurdlingScream"],"picked":"Koishi:RuptureMind","floor":6},{"not_picked":["Koishi:Catatonia","Koishi:ConfinedInnocent","Koishi:FourthEye","Koishi:RorschachInDanmaku"],"picked":"Koishi:Whimsy","floor":12},{"not_picked":["Koishi:MentalBreakdown","Koishi:FadingMemory","Koishi:ImGoingToCallYouNow","Koishi:ConditionedTeleport"],"picked":"Koishi:MindStellarRelief","floor":16},{"not_picked":["Koishi:HeartAttack+1","Koishi:YoukaiPolygraph","Koishi:SpiritedAway","Koishi:FleetingPhantom","Koishi:UnconsciousUprising+1"],"picked":"SKIP","floor":18},{"not_picked":["Koishi:DNAsFlaw","Koishi:BloodcurdlingScream","Koishi:StingingMind","Koishi:SubconsciousSweep","Koishi:Prune+1"],"picked":"SKIP","floor":21},{"not_picked":["Koishi:StingingMind","Koishi:MassHysteria","Koishi:FleetingPhantom","Koishi:SubterraneanRose"],"picked":"Koishi:SprinkleStarAndHeart+1","floor":23},{"not_picked":["Koishi:SprinkleStarAndHeart+1","Koishi:Vanish+1","Koishi:DreadfulBlow+1","Koishi:ConfinedInnocent","Koishi:RacingHeart"],"picked":"SKIP","floor":27},{"not_picked":["Koishi:Bloodlust","Koishi:SubterraneanRose+1","Koishi:UnconsciousUrges","Koishi:FleetingPhantom+1"],"picked":"Koishi:CatchAndRose","floor":30},{"not_picked":["Koishi:Jaunt+1","Koishi:VengefulSpirit","Koishi:TremblingHands","Koishi:PhantomBarrier","Koishi:UnseenTerror+1"],"picked":"SKIP","floor":31},{"not_picked":[],"picked":"Gensokyo:ShootingStar","floor":33},{"not_picked":["Koishi:RollingInRichesHeart","Koishi:SuperEgo","Koishi:Heartbroken","Koishi:HeartStoppingHorror"],"picked":"Koishi:RuptureMind","floor":33},{"not_picked":["Koishi:PhantomStrike","Koishi:ParalyzingFear+1","Koishi:Prune+1","Koishi:Untouchable"],"picked":"Koishi:DreadfulBlow","floor":35},{"not_picked":["Koishi:DreadfulBlow+1","Koishi:RollingInRichesHeart","Koishi:HeartfeltFancy+1","Koishi:VengefulSpirit+1"],"picked":"Koishi:PhantomBarrier","floor":37},{"not_picked":["Koishi:StingingMind","Koishi:ConfinedInnocent","Koishi:DNAsFlaw","Koishi:SubconsciousSweep","Koishi:DreadfulBlow+1"],"picked":"SKIP","floor":40},{"not_picked":["Koishi:SprinkleStarAndHeart","Koishi:TremblingHands","Koishi:MassHysteria+1","Koishi:ReflexRadar+1","Koishi:BloodcurdlingScream+1"],"picked":"SKIP","floor":44},{"not_picked":["Koishi:StrangeCloudFist+1","Koishi:FleetingPhantom+1","Koishi:BramblyRoseGarden+1","Koishi:MindNumbingTerror+1"],"picked":"Koishi:PerfectMindControl","floor":45},{"not_picked":["Koishi:BloodcurdlingScream","Koishi:Whimsy+1","Koishi:BramblyRoseGarden","Koishi:DNAsFlaw+1","Koishi:TraumaticStroke+1"],"picked":"SKIP","floor":46},{"not_picked":["Koishi:SubconsciousSweep+1","Koishi:YoukaiPolygraph","Koishi:JumpScare","Koishi:StingingMind"],"picked":"Koishi:FleetingPhantom","floor":48}],"player_experience":350010,"relics_obtained":[{"floor":1,"key":"SynthV:TestCard"},{"floor":6,"key":"Lantern"},{"floor":9,"key":"Potion Belt"},{"floor":12,"key":"REME_HandOfSuture"},{"floor":23,"key":"Replay:WaspNest"},{"floor":26,"key":"hubris:CuriousFeather"},{"floor":27,"key":"Torii"},{"floor":30,"key":"Oddly Smooth Stone"},{"floor":39,"key":"Iron Hammer"},{"floor":40,"key":"aspiration:Lifesprig"},{"floor":43,"key":"Toy Ornithopter"},{"floor":45,"key":"StoneCalendar"}],"event_choices":[],"is_beta":false,"boss_relics":[{"not_picked":["TimeKeys","Replay:Bronze Core"],"picked":"RhineSuit"},{"not_picked":["MoonlightInvasionPlan","OneHitWonderSystem"],"picked":"SlaversCollar"}],"items_purged_floors":[25,36],"is_endless":false,"potions_floor_spawned":[2,6,12,27,31,33,45,48],"ascension_level":1}}