{"host":"mqhvlr3kpxebko0t","time":1613043758,"event":{"mods":["AchievementEnabler","BaseMod","Colored Map","Colored Powertips","KOR Keyword Fix","Keyboard Shortcuts","Minty Spire (QoL Compilation)","StSLib","SuperFastMode"],"gold_per_floor":[316,167,167,182,182,182,210,227,227,127,127,141,16,35,35,114,114,125,125,125,125,136,136,152,152,152,152,2,2,31,44,44,44,44],"floor_reached":33,"language":"KOR","playtime":452,"items_purged":["Strike_R","Strike_R","Decay","Brutality"],"score":576,"play_id":"4f640210-dcb2-4501-ae46-2af613fa7e3c","local_time":"20210211204238","is_ascension_mode":true,"campfire_choices":[{"data":"Immolate","floor":6.0,"key":"SMITH"},{"data":"Blood for Blood","floor":11.0,"key":"SMITH"},{"data":"Body Slam","floor":15.0,"key":"SMITH"},{"data":"Shockwave","floor":23.0,"key":"SMITH"},{"data":"Sentinel","floor":25.0,"key":"SMITH"},{"data":"Wild Strike","floor":29.0,"key":"SMITH"},{"data":"Evolve","floor":32,"key":"SMITH"}],"circlet_count":0,"master_deck":["AscendersBane","Defend_R","Defend_R","Defend_R","Defend_R","Bash","Second Wind","Blood for Blood+1","Immolate+1","Shockwave+1","Body Slam+1","Dropkick","Feed","Sentinel+1","Wild Strike+1","Double Tap","Evolve+1"],"relics":["Burning Blood","Old Coin","Torii","Question Card","Sozu","MealTicket","Blood Vial"],"acts_visited":["Exordium","TheCity"],"potions_floor_usage":[33],"damage_taken":[{"damage":11.0,"enemies":"Jaw Worm","floor":1.0,"turns":4.0},{"damage":11.0,"enemies":"Cultist","floor":4.0,"turns":4.0},{"damage":17.0,"enemies":"3 Sentries","floor":7.0,"turns":4.0},{"damage":0.0,"enemies":"2 Louse","floor":8.0,"turns":1.0},{"damage":0.0,"enemies":"Large Slime","floor":12.0,"turns":4.0},{"damage":10.0,"enemies":"Red Slaver","floor":14.0,"turns":3.0},{"damage":59.0,"enemies":"Slime Boss","floor":16.0,"turns":9.0},{"damage":9.0,"enemies":"Chosen","floor":18.0,"turns":3.0},{"damage":22.0,"enemies":"Shell Parasite","floor":22.0,"turns":4.0},{"damage":17.0,"enemies":"Cultist and Chosen","floor":24.0,"turns":5.0},{"damage":0.0,"enemies":"Gremlin Leader","floor":30.0,"turns":5.0},{"damage":22,"enemies":"Shelled Parasite and Fungi","floor":31,"turns":3},{"damage":59,"enemies":"Automaton","floor":33,"turns":6}],"seed_played":"885159254140157442","potions_obtained":[{"floor":1.0,"key":"PowerPotion"},{"floor":7.0,"key":"Fruit Juice"},{"floor":8.0,"key":"GamblersBrew"}],"is_trial":false,"path_per_floor":["M","$","?","M","?","R","E","M","T","$","R","M","$","M","R","B",null,"M","?","?","?","M","R","M","R","T","$","$","R","E","M","R","B"],"character_chosen":"IRONCLAD","items_purchased":["Blood for Blood"],"campfire_rested":0,"item_purchase_floors":[2],"current_hp_per_floor":[63,63,63,58,58,58,52,58,58,58,58,64,64,60,60,7,62,59,59,59,59,43,43,32,32,32,47,62,62,68,54,54,0,0],"gold":44,"neow_bonus":"ONE_RARE_RELIC","is_daily":false,"chose_seed":false,"campfire_upgraded":7,"win_rate":0.0,"timestamp":1613043758,"path_taken":["M","$","?","?","?","R","E","M","T","?","R","M","$","M","R","BOSS","M","?","?","?","?","R","M","R","T","?","$","R","E","M","R","BOSS"],"items_purchased_type":["Card"],"build_version":"2020-12-22","purchased_purges":4,"victory":false,"max_hp_per_floor":[75,75,75,75,75,75,80,80,80,80,80,80,80,80,80,80,80,80,80,80,80,80,80,80,80,80,80,80,80,80,80,80,80,80],"card_choices":[{"not_picked":["Blood for Blood","Metallicize"],"picked":"Second Wind","floor":1.0},{"not_picked":["Bloodletting","Headbutt","Flex"],"picked":"SKIP","floor":4.0},{"not_picked":["Body Slam","Blood for Blood"],"picked":"Shockwave","floor":7.0},{"not_picked":["Body Slam","Wild Strike","Sword Boomerang"],"picked":"SKIP","floor":8.0},{"not_picked":["Impervious","Thunderclap","Anger"],"picked":"Body Slam","floor":12.0},{"not_picked":["Wild Strike","Sword Boomerang","Fiend Fire"],"picked":"Dropkick","floor":14.0},{"not_picked":["Demon Form","Exhume","Reaper"],"picked":"Feed","floor":16.0},{"not_picked":["Burning Pact","Wild Strike","Entrench","True Grit"],"picked":"SKIP","floor":18.0},{"not_picked":["Pommel Strike","Combust","True Grit","Thunderclap"],"picked":"SKIP","floor":22.0},{"not_picked":["Warcry","Clothesline","Thunderclap","Headbutt"],"picked":"SKIP","floor":24.0},{"not_picked":["Rupture","Armaments","Second Wind"],"picked":"Double Tap","floor":30},{"not_picked":["Twin Strike","True Grit","Fire Breathing"],"picked":"Evolve","floor":31}],"player_experience":712349,"relics_obtained":[{"floor":7.0,"key":"Torii"},{"floor":9.0,"key":"Question Card"},{"floor":26.0,"key":"MealTicket"},{"floor":30,"key":"Blood Vial"}],"event_choices":[{"damage_healed":0.0,"max_hp_gain":0.0,"max_hp_loss":0.0,"gold_gain":0.0,"event_name":"Wheel of Change","player_choice":"Cursed","floor":3.0,"gold_loss":0.0,"damage_taken":0.0,"cards_obtained":["Decay"]},{"damage_healed":0.0,"max_hp_gain":0.0,"max_hp_loss":0.0,"gold_gain":0.0,"event_name":"Match and Keep!","player_choice":"1 cards matched","floor":5.0,"gold_loss":0.0,"damage_taken":0.0,"cards_obtained":["Immolate"]},{"damage_healed":0.0,"max_hp_gain":0.0,"max_hp_loss":0.0,"gold_gain":0.0,"cards_transformed":["Strike_R","Strike_R"],"event_name":"Drug Dealer","player_choice":"Became Test Subject","floor":19.0,"gold_loss":0.0,"damage_taken":0.0,"cards_obtained":["Sentinel","Wild Strike"]},{"damage_healed":0.0,"max_hp_gain":0.0,"max_hp_loss":0.0,"gold_gain":0.0,"event_name":"The Mausoleum","player_choice":"Ignored","floor":20.0,"gold_loss":0.0,"damage_taken":0.0},{"damage_healed":0.0,"max_hp_gain":0.0,"max_hp_loss":0.0,"gold_gain":0.0,"cards_transformed":["Strike_R"],"event_name":"Transmorgrifier","player_choice":"Transformed","floor":21.0,"gold_loss":0.0,"damage_taken":0.0,"cards_obtained":["Brutality"]}],"is_beta":false,"boss_relics":[{"not_picked":["Calling Bell","SlaversCollar"],"picked":"Sozu"}],"items_purged_floors":[2,10,13,28],"is_endless":false,"potions_floor_spawned":[1,7,8,14,24,30],"killed_by":"Automaton","ascension_level":20}}