{"host":"gk5m6v7zec9neb0j","time":1613087122,"event":{"mods":["AchievementEnabler","AlwaysNeverKeys","BaseMod","BetterRewards","Block Reminder","Minty Spire (QoL Compilation)","Rare Cards Sparkle","Relic Stats","StSLib"],"gold_per_floor":[112,127,19,37,52,52,63,63,140,160,84,102,102,120,120,224,224,234,109,208,226,244,244,271,271,271,271,305,319,329,355,355,459,459,479,479,382,399,414,439,439,211,238,270,125,145,145,157,157,157,157,157,4,37,37,37],"floor_reached":55,"language":"ENG","playtime":2315,"items_purged":["Strike_R","Strike_R","Strike_R"],"score":934,"play_id":"d5a0a716-c11c-4eaa-9b00-1d68c5aade80","local_time":"20210211184522","is_ascension_mode":false,"campfire_choices":[{"data":"Bash","floor":6,"key":"SMITH"},{"data":"Rampage","floor":8,"key":"SMITH"},{"data":"True Grit","floor":15,"key":"SMITH"},{"data":"Dual Wield","floor":23,"key":"SMITH"},{"data":"Metallicize","floor":25,"key":"SMITH"},{"data":"Double Tap","floor":27,"key":"SMITH"},{"floor":32,"key":"REST"},{"floor":41,"key":"REST"},{"floor":49,"key":"REST"},{"data":"Corruption","floor":52,"key":"SMITH"}],"circlet_count":0,"master_deck":["Strike_R","Defend_R","Defend_R","Defend_R","Defend_R","Bash+1","Rampage+1","Flash of Steel","True Grit+1","Headbutt","Shrug It Off","Shockwave","Dual Wield+1","Metallicize+1","Shrug It Off","Double Tap+1","Cleave","Battle Trance+1","Demon Form","Battle Trance","Corruption+1","Shrug It Off","Madness","Shrug It Off+1","Shrug It Off+1","Warcry","Battle Trance","Warcry+1","Jack Of All Trades+1","Dash+1","Metallicize+1","Reinforced Body"],"relics":["Black Blood","Mercury Hourglass","Self Forming Clay","Sundial","Odd Mushroom","Regal Pillow","Pantograph","Charon\u0027s Ashes","Bronze Scales","StrikeDummy","Strawberry","Ancient Tea Set","Boot","Singing Bowl","PrismaticShard","DollysMirror","Pen Nib"],"acts_visited":["Exordium","TheCity","TheBeyond","TheEnding"],"potions_floor_usage":[10,16,28,29,31,40],"damage_taken":[{"damage":0,"enemies":"Jaw Worm","floor":1,"turns":4},{"damage":0,"enemies":"2 Louse","floor":2,"turns":2},{"damage":0,"enemies":"Cultist","floor":4,"turns":3},{"damage":0,"enemies":"3 Louse","floor":5,"turns":3},{"damage":5,"enemies":"Looter","floor":7,"turns":3},{"damage":13,"enemies":"The Mushroom Lair","floor":10,"turns":4},{"damage":8,"enemies":"Exordium Wildlife","floor":12,"turns":4},{"damage":6,"enemies":"Red Slaver","floor":14,"turns":3},{"damage":41,"enemies":"The Guardian","floor":16,"turns":8},{"damage":6,"enemies":"Shell Parasite","floor":18,"turns":6},{"damage":11,"enemies":"2 Thieves","floor":21,"turns":4},{"damage":13,"enemies":"Cultist and Chosen","floor":22,"turns":6},{"damage":33,"enemies":"Slavers","floor":28,"turns":4},{"damage":7,"enemies":"Centurion and Healer","floor":29,"turns":8},{"damage":27,"enemies":"3 Cultists","floor":30,"turns":4},{"damage":50,"enemies":"Gremlin Leader","floor":31,"turns":7},{"damage":76,"enemies":"Automaton","floor":33,"turns":9},{"damage":17,"enemies":"3 Darklings","floor":35,"turns":5},{"damage":13,"enemies":"Orb Walker","floor":38,"turns":5},{"damage":29,"enemies":"Transient","floor":39,"turns":5},{"damage":54,"enemies":"Reptomancer","floor":40,"turns":7},{"damage":43,"enemies":"Nemesis","floor":44,"turns":9},{"damage":11,"enemies":"Writhing Mass","floor":46,"turns":6},{"damage":34,"enemies":"Spire Growth","floor":48,"turns":6},{"damage":59,"enemies":"Awakened One","floor":50,"turns":9},{"damage":63,"enemies":"Shield and Spear","floor":54,"turns":8},{"damage":68,"enemies":"The Heart","floor":55,"turns":5}],"seed_played":"-1038166704025221942","potions_obtained":[{"floor":2,"key":"Weak Potion"},{"floor":5,"key":"SkillPotion"},{"floor":7,"key":"EntropicBrew"},{"floor":21,"key":"PowerPotion"},{"floor":29,"key":"FairyPotion"},{"floor":33,"key":"AttackPotion"},{"floor":54,"key":"Swift Potion"}],"is_trial":false,"path_per_floor":["M","M","$","M","M","R","M","R","T","?","$","M","?","M","R","B",null,"M","$","?","M","M","R","T","R","T","R","E","M","M","E","R","B",null,"M","T","$","M","M","E","R","$","T","E","$","M","?","M","R","B",null,"R","$","E","B"],"character_chosen":"IRONCLAD","items_purchased":["Mercury Hourglass","Rampage","Self Forming Clay","Flash of Steel","Headbutt","Shrug It Off","Metallicize","Madness","Battle Trance","Ancient Tea Set","PrismaticShard","DollysMirror"],"campfire_rested":3,"item_purchase_floors":[0,0,0,0,3,3,11,37,42,42,45,53],"current_hp_per_floor":[51,57,57,63,69,69,70,70,70,63,63,61,61,61,61,26,80,80,80,80,80,79,79,79,79,79,79,58,78,63,25,64,16,80,75,75,75,74,57,22,63,63,63,32,32,33,33,36,75,36,83,83,83,32,0,0],"gold":37,"neow_bonus":"","is_daily":false,"chose_seed":false,"campfire_upgraded":7,"win_rate":0.0,"timestamp":1613087122,"path_taken":["M","M","$","M","M","R","M","R","T","?","$","M","?","M","R","BOSS","M","$","?","M","M","R","?","R","T","R","E","M","M","E","R","BOSS","M","?","$","M","M","E","R","$","T","E","$","M","?","M","R","BOSS","R","$","E","BOSS"],"items_purchased_type":["Relic","Card","Relic","Card","Card","Card","Card","Card","Card","Relic","Relic","Relic"],"build_version":"2020-12-22","purchased_purges":3,"victory":false,"max_hp_per_floor":[80,80,80,80,80,80,80,80,80,80,80,80,80,80,80,80,80,80,80,80,80,80,80,80,80,80,80,80,80,80,80,80,80,80,80,80,80,80,80,87,87,87,87,87,87,87,83,83,83,83,83,83,83,83,83,83],"relic_stats":{"Regal Pillow":45,"Singing Bowl":18,"counters":[234,1328],"Self Forming Clay":[276],"Black Blood":1570,"Charon\u0027s Ashes":[519],"Pen Nib":[0],"Boot":[24],"Mercury Hourglass":[587],"Sundial":[26],"Pantograph":49,"Bronze Scales":[260],"obtain_stats":[{"Calipers":24,"Gremlin Horn":13,"CeramicFish":6,"Vajra":0,"Whetstone":43,"Bottled Tornado":31,"Boot":43,"Blood Vial":20,"Lizard Tail":0,"Centennial Puzzle":4,"Sundial":11,"DollysMirror":0,"Strawberry":44,"MealTicket":9,"Prayer Wheel":0,"Kunai":10,"Toxic Egg 2":43,"Runic Cube":34,"Happy Flower":0,"Oddly Smooth Stone":0,"Velvet Choker":17,"Eternal Feather":26,"Pen Nib":9,"Charon\u0027s Ashes":28,"War Paint":6,"Question Card":26,"OrangePellets":12,"Shuriken":0,"Bronze Scales":9,"Bird Faced Urn":41,"Molten Egg 2":27,"CultistMask":27,"Black Star":17,"StrikeDummy":54,"Pocketwatch":17,"Meat on the Bone":13,"Darkstone Periapt":26,"Regal Pillow":41,"Singing Bowl":0,"SacredBark":34,"Black Blood":17,"Magic Flower":0,"StoneCalendar":22,"Juzu Bracelet":25,"Bag of Preparation":54,"PrismaticShard":19,"Empty Cage":34,"Ancient Tea Set":43,"Burning Blood":0,"ClockworkSouvenir":0,"Dream Catcher":17,"Nunchaku":23,"Shovel":0,"Matryoshka":23,"Mummified Hand":0,"Pantograph":9,"Toolbox":47,"Tiny Chest":24,"Red Mask":47,"Chemical X":4,"InkBottle":7,"Paper Frog":0,"Runic Pyramid":34,"Potion Belt":14,"Golden Idol":7,"Self Forming Clay":0,"PreservedInsect":28,"Frozen Egg 2":0,"Odd Mushroom":8,"Orichalcum":6,"MawBank":13,"Medical Kit":0,"White Beast Statue":22,"Mercury Hourglass":26,"Calling Bell":17,"Peace Pipe":7,"Anchor":31,"Busted Crown":17,"Ornamental Fan":17,"Orrery":0,"Turnip":14,"Bag of Marbles":12,"Champion Belt":0,"Bottled Lightning":26,"Membership Card":0,"Toy Ornithopter":30,"FossilizedHelix":0,"TungstenRod":23},{"Calipers":64,"Gremlin Horn":84,"CeramicFish":155,"Vajra":0,"Whetstone":20,"Bottled Tornado":15,"Boot":228,"Blood Vial":145,"Lizard Tail":135,"Centennial Puzzle":137,"Sundial":45,"DollysMirror":77,"Strawberry":74,"MealTicket":3,"Prayer Wheel":39,"Kunai":45,"Toxic Egg 2":74,"Runic Cube":121,"Happy Flower":77,"Oddly Smooth Stone":0,"Velvet Choker":143,"Eternal Feather":179,"Pen Nib":139,"Charon\u0027s Ashes":220,"War Paint":57,"Question Card":116,"OrangePellets":111,"Shuriken":128,"Bronze Scales":156,"Bird Faced Urn":202,"Molten Egg 2":179,"CultistMask":65,"Black Star":47,"StrikeDummy":206,"Pocketwatch":31,"Meat on the Bone":171,"Darkstone Periapt":65,"Regal Pillow":73,"Singing Bowl":0,"SacredBark":93,"Black Blood":7,"Magic Flower":77,"StoneCalendar":50,"Juzu Bracelet":35,"Bag of Preparation":104,"PrismaticShard":32,"Empty Cage":69,"Ancient Tea Set":125,"Burning Blood":0,"ClockworkSouvenir":0,"Dream Catcher":31,"Nunchaku":90,"Shovel":0,"Matryoshka":178,"Mummified Hand":105,"Pantograph":28,"Toolbox":126,"Tiny Chest":90,"Red Mask":101,"Chemical X":153,"InkBottle":184,"Paper Frog":0,"Runic Pyramid":198,"Potion Belt":142,"Golden Idol":134,"Self Forming Clay":207,"PreservedInsect":195,"Frozen Egg 2":0,"Odd Mushroom":45,"Orichalcum":82,"MawBank":111,"Medical Kit":165,"White Beast Statue":63,"Mercury Hourglass":13,"Calling Bell":31,"Peace Pipe":110,"Anchor":197,"Busted Crown":86,"Ornamental Fan":31,"Orrery":129,"Turnip":60,"Bag of Marbles":5,"Champion Belt":0,"Bottled Lightning":35,"Membership Card":128,"Toy Ornithopter":92,"FossilizedHelix":105,"TungstenRod":148},{"Calipers":355,"Gremlin Horn":481,"CeramicFish":837,"Vajra":0,"Whetstone":116,"Bottled Tornado":78,"Boot":1285,"Blood Vial":788,"Lizard Tail":745,"Centennial Puzzle":752,"Sundial":234,"DollysMirror":452,"Strawberry":424,"MealTicket":13,"Prayer Wheel":208,"Kunai":234,"Toxic Egg 2":424,"Runic Cube":681,"Happy Flower":452,"Oddly Smooth Stone":0,"Velvet Choker":779,"Eternal Feather":969,"Pen Nib":759,"Charon\u0027s Ashes":1235,"War Paint":318,"Question Card":651,"OrangePellets":617,"Shuriken":720,"Bronze Scales":842,"Bird Faced Urn":1138,"Molten Egg 2":969,"CultistMask":361,"Black Star":256,"StrikeDummy":1167,"Pocketwatch":170,"Meat on the Bone":923,"Darkstone Periapt":361,"Regal Pillow":419,"Singing Bowl":0,"SacredBark":524,"Black Blood":34,"Magic Flower":452,"StoneCalendar":278,"Juzu Bracelet":186,"Bag of Preparation":588,"PrismaticShard":173,"Empty Cage":387,"Ancient Tea Set":703,"Burning Blood":0,"ClockworkSouvenir":0,"Dream Catcher":170,"Nunchaku":508,"Shovel":0,"Matryoshka":962,"Mummified Hand":593,"Pantograph":155,"Toolbox":710,"Tiny Chest":508,"Red Mask":569,"Chemical X":823,"InkBottle":999,"Paper Frog":0,"Runic Pyramid":1104,"Potion Belt":771,"Golden Idol":744,"Self Forming Clay":1181,"PreservedInsect":1075,"Frozen Egg 2":0,"Odd Mushroom":234,"Orichalcum":472,"MawBank":617,"Medical Kit":895,"White Beast Statue":347,"Mercury Hourglass":64,"Calling Bell":170,"Peace Pipe":614,"Anchor":1090,"Busted Crown":491,"Ornamental Fan":170,"Orrery":721,"Turnip":328,"Bag of Marbles":23,"Champion Belt":0,"Bottled Lightning":186,"Membership Card":720,"Toy Ornithopter":516,"FossilizedHelix":593,"TungstenRod":799}]},"card_choices":[{"not_picked":["Carnage","Thunderclap","Clothesline"],"picked":"SKIP","floor":1},{"not_picked":["Reckless Charge","Spot Weakness"],"picked":"True Grit","floor":2},{"not_picked":["Clothesline","Body Slam"],"picked":"Shockwave","floor":4},{"not_picked":["Armaments","Heavy Blade","Searing Blow"],"picked":"SKIP","floor":5},{"not_picked":["Rupture","Flex"],"picked":"Dual Wield","floor":7},{"not_picked":["Uppercut","True Grit"],"picked":"Shrug It Off","floor":12},{"not_picked":["True Grit","Limit Break","Warcry"],"picked":"SKIP","floor":14},{"not_picked":["Feed","Bludgeon"],"picked":"Double Tap","floor":16},{"not_picked":["Anger","Pummel"],"picked":"Cleave","floor":18},{"not_picked":["Perfected Strike+1","Havoc"],"picked":"Battle Trance+1","floor":21},{"not_picked":["Anger","Heavy Blade","Perfected Strike"],"picked":"SKIP","floor":22},{"not_picked":["Cleave","Sentinel+1"],"picked":"Demon Form","floor":28},{"not_picked":["Armaments","Clothesline","Body Slam"],"picked":"SKIP","floor":29},{"not_picked":["True Grit","Armaments+1","Thunderclap"],"picked":"SKIP","floor":30},{"not_picked":["Twin Strike","Thunderclap"],"picked":"Battle Trance","floor":31},{"not_picked":["Bludgeon","Juggernaut"],"picked":"Corruption","floor":33},{"not_picked":["Headbutt+1","Thunderclap+1"],"picked":"Shrug It Off","floor":35},{"not_picked":["Heavy Blade+1","Body Slam+1"],"picked":"Shrug It Off+1","floor":38},{"not_picked":["Clothesline","Wild Strike+1"],"picked":"Shrug It Off+1","floor":39},{"not_picked":["Anger","Uppercut+1"],"picked":"Warcry","floor":40},{"not_picked":["Perfected Strike","Ghostly Armor"],"picked":"Warcry+1","floor":44},{"not_picked":["Outmaneuver+1","Thunderclap+1"],"picked":"Jack Of All Trades+1","floor":46},{"not_picked":["Crescendo+1","Undo+1"],"picked":"Dash+1","floor":48},{"not_picked":["Quick Slash+1","Blade Dance+1"],"picked":"Reinforced Body","floor":54}],"player_experience":818943,"relics_obtained":[{"floor":9,"key":"Sundial"},{"floor":10,"key":"Odd Mushroom"},{"floor":24,"key":"Regal Pillow"},{"floor":26,"key":"Pantograph"},{"floor":28,"key":"Charon\u0027s Ashes"},{"floor":31,"key":"Bronze Scales"},{"floor":36,"key":"StrikeDummy"},{"floor":40,"key":"Strawberry"},{"floor":43,"key":"Boot"},{"floor":44,"key":"Singing Bowl"},{"floor":54,"key":"Pen Nib"}],"event_choices":[{"damage_healed":0,"gold_gain":0,"player_choice":"Fought Mushrooms","damage_taken":0,"max_hp_gain":0,"max_hp_loss":0,"event_name":"Mushrooms","floor":10,"gold_loss":0},{"cards_removed":["Strike_R"],"damage_healed":0,"gold_gain":0,"player_choice":"Forget","damage_taken":0,"max_hp_gain":0,"max_hp_loss":0,"event_name":"Living Wall","floor":13,"gold_loss":0},{"damage_healed":0,"gold_gain":99,"player_choice":"Stole From Cult","damage_taken":0,"max_hp_gain":0,"max_hp_loss":0,"event_name":"Nest","floor":20,"gold_loss":0},{"damage_healed":0,"gold_gain":0,"player_choice":"Max HP","damage_taken":0,"max_hp_gain":0,"max_hp_loss":4,"event_name":"Winding Halls","floor":47,"gold_loss":0}],"is_beta":false,"boss_relics":[{"not_picked":["Astrolabe","Pandora\u0027s Box"],"picked":"Black Blood"},{"not_picked":["Runic Cube","Snecko Eye","Runic Dome"]}],"items_purged_floors":[0,0,19],"is_endless":false,"potions_floor_spawned":[2,5,7,10,14,21,29,30,31,33,38,40,44,54],"killed_by":"The Heart","ascension_level":0}}