{"host":"5ezk7t18wcb10u1o","time":1613010830,"event":{"mods":["BaseMod","Bestiary","Colored Powertips","Minty Spire (QoL Compilation)","Relic Sorter"],"gold_per_floor":[109,109,109,109,134,134,192,72,72,92,116,116,132,186,186,305,305,330,350,350,273,273,273,273,273],"floor_reached":24,"language":"ENG","playtime":1434,"items_purged":["Injury"],"score":301,"play_id":"545da27c-3088-47c6-902d-fe6c9df749b2","local_time":"20210211023350","is_ascension_mode":true,"campfire_choices":[{"floor":6.0,"key":"REST"},{"floor":12.0,"key":"REST"},{"floor":15.0,"key":"REST"},{"data":"Footwork","floor":23,"key":"SMITH"}],"circlet_count":0,"master_deck":["AscendersBane","Survivor","Neutralize+1","Envenom","Doppelganger+1","Escape Plan","Venomology+1","Noxious Fumes","Footwork+1","Blade Dance","Caltrops","Riddle With Holes","Dagger Spray","Dagger Throw","Cloak And Dagger","Cloak And Dagger","Dash","Die Die Die","Setup+1","Noxious Fumes+1","Masterful Stab+1","Dagger Spray","Bouncing Flask+1","Accuracy"],"relics":["Pandora\u0027s Box","Golden Idol","Oddly Smooth Stone","Meat on the Bone","Astrolabe","MutagenicStrength"],"acts_visited":["Exordium","TheCity"],"potions_floor_usage":[18,24,24],"damage_taken":[{"damage":21.0,"enemies":"Jaw Worm","floor":1.0,"turns":4.0},{"damage":7.0,"enemies":"Small Slimes","floor":5.0,"turns":3.0},{"damage":27.0,"enemies":"3 Sentries","floor":7.0,"turns":5.0},{"damage":4.0,"enemies":"Cultist","floor":10.0,"turns":3.0},{"damage":10.0,"enemies":"2 Fungi Beasts","floor":11.0,"turns":4.0},{"damage":6.0,"enemies":"3 Louse","floor":13.0,"turns":3.0},{"damage":20.0,"enemies":"Hexaghost","floor":16.0,"turns":7.0},{"damage":12,"enemies":"Chosen","floor":18,"turns":5},{"damage":8,"enemies":"3 Byrds","floor":19,"turns":3},{"damage":45,"enemies":"Slavers","floor":24,"turns":2}],"seed_played":"1198608826830828482","potions_obtained":[{"floor":13.0,"key":"FearPotion"}],"is_trial":false,"path_per_floor":["M","?","?","?","M","R","E","$","T","M","M","R","M","?","R","B",null,"M","M","?","$","?","R","E"],"character_chosen":"THE_SILENT","items_purchased":["Cloak And Dagger","Accuracy"],"campfire_rested":3,"item_purchase_floors":[8,21],"current_hp_per_floor":[42,28,28,28,21,42,15,15,15,23,25,46,40,40,61,41,63,51,43,43,43,43,43,0,0],"gold":273,"neow_bonus":"BOSS_RELIC","is_daily":false,"chose_seed":false,"campfire_upgraded":1,"win_rate":0.0,"timestamp":1613010830,"path_taken":["M","?","?","?","M","R","E","$","T","M","M","R","?","?","R","BOSS","M","M","?","$","?","R","E"],"items_purchased_type":["Card","Card"],"build_version":"2020-12-22","purchased_purges":1,"victory":false,"max_hp_per_floor":[70,70,70,70,70,70,70,70,70,70,70,70,70,70,70,70,70,70,70,70,70,70,70,70,70],"card_choices":[{"not_picked":["Flechettes","Quick Slash"],"picked":"Riddle With Holes","floor":1.0},{"not_picked":["Well Laid Plans","Deadly Poison"],"picked":"Dagger Spray","floor":5.0},{"not_picked":["Tactician","Expertise"],"picked":"Dagger Throw","floor":7.0},{"not_picked":["Noxious Fumes","Bane"],"picked":"Cloak And Dagger","floor":10.0},{"not_picked":["PiercingWail","Reflex"],"picked":"Dash","floor":11.0},{"not_picked":["Choke","Acrobatics"],"picked":"Blade Dance","floor":13.0},{"not_picked":["Adrenaline","Venomology"],"picked":"Die Die Die","floor":16.0},{"not_picked":["Predator","Outmaneuver+1"],"picked":"Dagger Spray","floor":18},{"not_picked":["Skewer","PiercingWail"],"picked":"Bouncing Flask+1","floor":19}],"player_experience":1206441,"relics_obtained":[{"floor":7.0,"key":"Oddly Smooth Stone"},{"floor":9.0,"key":"Meat on the Bone"}],"event_choices":[{"damage_healed":0.0,"max_hp_gain":0.0,"max_hp_loss":0.0,"gold_gain":0.0,"event_name":"Shining Light","player_choice":"Entered Light","floor":2.0,"gold_loss":0.0,"damage_taken":14.0,"cards_upgraded":["Venomology","Doppelganger"]},{"damage_healed":0.0,"max_hp_gain":0.0,"max_hp_loss":0.0,"gold_gain":0.0,"event_name":"Golden Idol","player_choice":"Take Wound","floor":3.0,"gold_loss":0.0,"damage_taken":0.0,"relics_obtained":["Golden Idol"],"cards_obtained":["Injury"]},{"damage_healed":0.0,"max_hp_gain":0.0,"max_hp_loss":0.0,"gold_gain":0.0,"event_name":"Upgrade Shrine","player_choice":"Upgraded","floor":4.0,"gold_loss":0.0,"damage_taken":0.0,"cards_upgraded":["Neutralize"]},{"damage_healed":0.0,"max_hp_gain":0.0,"max_hp_loss":0.0,"gold_gain":54.0,"event_name":"Golden Wing","player_choice":"Gained Gold","floor":14.0,"gold_loss":0.0,"damage_taken":0.0},{"damage_healed":0,"gold_gain":0,"player_choice":"Inject Mutagens","damage_taken":0,"relics_obtained":["MutagenicStrength"],"max_hp_gain":0,"max_hp_loss":0,"event_name":"Drug Dealer","floor":20,"gold_loss":0},{"damage_healed":0,"gold_gain":0,"player_choice":"Ignored","damage_taken":0,"max_hp_gain":0,"max_hp_loss":0,"event_name":"Vampires","floor":22,"gold_loss":0}],"is_beta":false,"boss_relics":[{"not_picked":["Sozu","Snecko Eye"],"picked":"Astrolabe"}],"items_purged_floors":[8],"is_endless":false,"potions_floor_spawned":[10,13],"killed_by":"Slavers","ascension_level":11}}