{"host":"8p8mq6wqs4l9r8vf","time":1613044536,"event":{"mods":["BaseMod","Colored Powertips","Minty Spire (QoL Compilation)","Replay The Spire","StSLib"],"gold_per_floor":[111,111,123,141,15,44,44,62,62,87,103,86,86,33,33,133,133,152,77,19,47,74,86,123,135,147,172,199,227,239,261,273,285,285],"floor_reached":33,"language":"RUS","playtime":3348,"items_purged":[],"score":331,"play_id":"125540e2-0115-4bb7-8dc6-06ab8b70da79","local_time":"20210211165536","is_ascension_mode":false,"campfire_choices":[{"data":"ReplayGash","floor":7,"key":"SMITH"},{"floor":15,"key":"REST"},{"floor":23,"key":"REST"},{"floor":25,"key":"REST"},{"floor":32,"key":"REST"}],"circlet_count":0,"master_deck":["Strike_B","Strike_B","Strike_B","Strike_B","Defend_B","Defend_B","Defend_B","Zap","Dualcast","Barrage","Coolheaded","Conserve Battery","Panic Button","Static Discharge","ReplayGash+1","Ball Lightning","Storm","Glacier","BootSequence","Redo","ReplayRNGCard","Sweeping Beam","Fusion","Coolheaded+1","Ball Lightning+1","Gash+1","Gash","Melter","Genetic Algorithm+1"],"relics":["Cracked Core","MealTicket","Replay:Ringing Soul","Gambling Chip","Darkstone Periapt","Runic Dome","MawBank","Solar Panel","ReplayTheSpireMod:Ninjato"],"acts_visited":["Exordium","TheCity"],"potions_floor_usage":[6,16,16,16,24,33,33,33],"damage_taken":[{"damage":7,"enemies":"Small Slimes","floor":1,"turns":3},{"damage":0,"enemies":"Cultist","floor":3,"turns":3},{"damage":4,"enemies":"Jaw Worm","floor":4,"turns":3},{"damage":22,"enemies":"Lagavulin","floor":6,"turns":8},{"damage":11,"enemies":"3 Louse","floor":8,"turns":2},{"damage":12,"enemies":"3 Sentries","floor":10,"turns":6},{"damage":2,"enemies":"Blue Slaver","floor":11,"turns":3},{"damage":0,"enemies":"Exordium Thugs","floor":12,"turns":4},{"damage":38,"enemies":"Fading Forest","floor":16,"turns":11},{"damage":15,"enemies":"Spheric Guardian","floor":18,"turns":5},{"damage":15,"enemies":"2 Thieves","floor":21,"turns":4},{"damage":20,"enemies":"Snake Plant","floor":22,"turns":5},{"damage":70,"enemies":"Slavers","floor":24,"turns":5},{"damage":19,"enemies":"Shelled Parasite and Fungi","floor":27,"turns":5},{"damage":15,"enemies":"Cultist and Chosen","floor":28,"turns":7},{"damage":11,"enemies":"Centurion and Healer","floor":29,"turns":9},{"damage":19,"enemies":"Sentry and Sphere","floor":31,"turns":5},{"damage":59,"enemies":"Collector","floor":33,"turns":8}],"seed_played":"-4888108103731252024","potions_obtained":[{"floor":1,"key":"Strength Potion"},{"floor":8,"key":"Block Potion"},{"floor":11,"key":"Reflective Coating"},{"floor":12,"key":"Toxic Potion"},{"floor":16,"key":"Toxic Potion"},{"floor":18,"key":"Strength Potion"},{"floor":21,"key":"Energy Potion"},{"floor":24,"key":"PotionOfCapacity"}],"is_trial":false,"path_per_floor":["M","?","M","M","$","E","R","M","T","E","M","M","?","$","R","B",null,"M","?","?","M","M","R","E","R","T","M","M","M","?","M","R","B"],"character_chosen":"DEFECT","items_purchased":["Panic Button","Static Discharge","Redo"],"campfire_rested":4,"item_purchase_floors":[5,5,14],"current_hp_per_floor":[75,82,82,78,78,56,56,45,45,36,37,40,28,46,74,49,97,85,85,85,73,56,87,20,52,52,38,32,24,33,19,58,0,0],"gold":285,"neow_bonus":"TEN_PERCENT_HP_BONUS","is_daily":false,"chose_seed":false,"campfire_upgraded":1,"win_rate":0.0,"timestamp":1613044536,"path_taken":["M","?","M","M","?","E","R","M","T","E","M","?","?","$","R","BOSS","M","?","?","M","?","R","E","R","T","M","M","M","?","?","R","BOSS"],"items_purchased_type":["Card","Card","Card"],"build_version":"2020-12-22","purchased_purges":0,"victory":false,"max_hp_per_floor":[82,82,82,82,82,82,82,82,82,85,88,91,91,94,94,97,97,100,100,100,103,106,106,109,109,109,112,115,118,127,130,130,130,130],"card_choices":[{"not_picked":["Consume","Steam"],"picked":"Barrage","floor":1},{"not_picked":["Time Bomb","Streamline"],"picked":"Coolheaded","floor":3},{"not_picked":["ReplayTheSpireMod:Calculation Training","Compile Driver"],"picked":"Conserve Battery","floor":4},{"not_picked":["Turbo","Stack"],"picked":"ReplayGash","floor":6},{"not_picked":["Heatsinks","Streamline"],"picked":"Ball Lightning","floor":8},{"not_picked":["Chill","FTL"],"picked":"Storm","floor":10},{"not_picked":["ReplaySort","Stack"],"picked":"Glacier","floor":11},{"not_picked":["ReplaySolidLightProjector","Beam Cell"],"picked":"BootSequence","floor":12},{"not_picked":["Seek","Meteor Strike"],"picked":"ReplayRNGCard","floor":16},{"not_picked":["Darkness","Coolheaded"],"picked":"Sweeping Beam","floor":18},{"not_picked":["Sunder+1","Streamline"],"picked":"Fusion","floor":21},{"not_picked":["Lockon","Barrage"],"picked":"Coolheaded+1","floor":22},{"not_picked":["Fission","Go for the Eyes"],"picked":"Ball Lightning+1","floor":24},{"not_picked":["Double Energy","Sweeping Beam"],"picked":"Gash+1","floor":27},{"not_picked":["BasicCrystalCard","Streamline+1"],"picked":"Gash","floor":28},{"not_picked":["Reprogram+1","Skim"],"picked":"Melter","floor":29},{"not_picked":["Panic Button","Force Field"],"picked":"Genetic Algorithm+1","floor":31}],"player_experience":48632,"relics_obtained":[{"floor":6,"key":"MealTicket"},{"floor":9,"key":"Replay:Ringing Soul"},{"floor":10,"key":"Gambling Chip"},{"floor":24,"key":"Solar Panel"},{"floor":26,"key":"ReplayTheSpireMod:Ninjato"}],"event_choices":[{"damage_healed":7,"gold_gain":0,"player_choice":"Full Heal","damage_taken":0,"max_hp_gain":0,"max_hp_loss":0,"event_name":"Wheel of Change","floor":2,"gold_loss":0},{"damage_healed":0,"gold_gain":0,"player_choice":"Success","damage_taken":12,"relics_obtained":["Darkstone Periapt"],"max_hp_gain":0,"max_hp_loss":0,"event_name":"Scrap Ooze","floor":13,"gold_loss":0},{"cards_removed":["Defend_B"],"damage_healed":0,"gold_gain":0,"player_choice":"Gave Gold","damage_taken":0,"max_hp_gain":0,"max_hp_loss":0,"event_name":"Beggar","floor":19,"gold_loss":75},{"damage_healed":0,"gold_gain":0,"player_choice":"Paid Gold","damage_taken":0,"relics_obtained":["MawBank"],"max_hp_gain":0,"max_hp_loss":0,"event_name":"WeMeetAgain","floor":20,"gold_loss":58},{"cards_removed":["Doubt"],"damage_healed":0,"gold_gain":0,"player_choice":"Took Card","damage_taken":0,"max_hp_gain":0,"max_hp_loss":0,"event_name":"NoteForYourself","floor":30,"gold_loss":0,"cards_obtained":["Doubt"]}],"is_beta":false,"boss_relics":[{"not_picked":["Kintsugi","SacredBark"],"picked":"Runic Dome"}],"items_purged_floors":[],"is_endless":false,"potions_floor_spawned":[1,8,11,12,16,18,21,24,31],"killed_by":"Collector","ascension_level":0}}