{"host":"xb2tau8pgi8aflss","time":1613047322,"event":{"mods":["AchievementEnabler","BaseMod","Hermit","Minty Spire (QoL Compilation)","StSLib","SuperFastMode"],"gold_per_floor":[114,114,189,204,0,12,45,59,86,51,102,113,113,124,124,124,124],"floor_reached":16,"language":"KOR","playtime":380,"items_purged":[],"score":122,"play_id":"846a9497-bf8b-46ab-b059-bd1cb77700a8","local_time":"20210211214202","is_ascension_mode":true,"campfire_choices":[{"data":"hermit:EyeOfTheStorm","floor":13,"key":"SMITH"},{"floor":15,"key":"REST"}],"circlet_count":0,"master_deck":["hermit:Strike_Hermit","hermit:Strike_Hermit","hermit:Strike_Hermit","hermit:Defend_Hermit","hermit:Defend_Hermit","hermit:Defend_Hermit","hermit:Snapshot","hermit:Covet","hermit:Showdown+1","hermit:GoldenBullet","hermit:Snipe","hermit:Horror","hermit:Gambit","hermit:ItchyTrigger","hermit:EyeOfTheStorm+1"],"relics":["hermit:Momento","Orichalcum","Toy Ornithopter","Tiny Chest"],"acts_visited":["Exordium"],"potions_floor_usage":[7,16,16],"damage_taken":[{"damage":2,"enemies":"Jaw Worm","floor":1,"turns":3},{"damage":0,"enemies":"2 Louse","floor":4,"turns":1},{"damage":0,"enemies":"Small Slimes","floor":6,"turns":2},{"damage":29,"enemies":"Lagavulin","floor":7,"turns":5},{"damage":8,"enemies":"Blue Slaver","floor":8,"turns":2},{"damage":0,"enemies":"2 Fungi Beasts","floor":12,"turns":2},{"damage":5,"enemies":"Looter","floor":14,"turns":2},{"damage":52,"enemies":"Hexaghost","floor":16,"turns":9}],"seed_played":"7442964384919218399","potions_obtained":[{"floor":4,"key":"FearPotion"},{"floor":7,"key":"Ancient Potion"},{"floor":12,"key":"SkillPotion"}],"is_trial":false,"path_per_floor":["M","?","?","M","$","M","E","M","T","?","?","M","R","M","R","B"],"character_chosen":"HERMIT","items_purchased":["hermit:Snipe","Orichalcum"],"campfire_rested":1,"item_purchase_floors":[5,5],"current_hp_per_floor":[52,52,41,41,41,41,12,4,4,22,22,22,22,17,39,0,0],"gold":124,"neow_bonus":"TRANSFORM_TWO_CARDS","is_daily":false,"chose_seed":false,"campfire_upgraded":1,"win_rate":0.0,"timestamp":1613047322,"path_taken":["M","?","?","M","$","M","E","M","T","?","?","M","R","?","R","BOSS"],"items_purchased_type":["Card","Relic"],"build_version":"2020-12-22","purchased_purges":0,"victory":false,"max_hp_per_floor":[75,75,75,75,75,75,75,75,75,75,75,75,75,75,75,75,75],"card_choices":[{"not_picked":["hermit:Desperado","hermit:SprayPray","hermit:Quickdraw"],"picked":"SKIP","floor":1},{"not_picked":["hermit:Ricochet","hermit:NoHoldsBarred","hermit:LowProfile"],"picked":"SKIP","floor":4},{"not_picked":["hermit:WideOpen","hermit:Manifest"],"picked":"hermit:Horror","floor":6},{"not_picked":["hermit:LuckOfTheDraw","hermit:Desperado"],"picked":"hermit:Gambit","floor":7},{"not_picked":["hermit:Snipe","hermit:Manifest"],"picked":"hermit:ItchyTrigger","floor":8},{"not_picked":["hermit:Quickdraw","hermit:Coalescence"],"picked":"hermit:EyeOfTheStorm","floor":12},{"not_picked":["hermit:Ricochet","hermit:Glare","hermit:BigShot"],"picked":"SKIP","floor":14}],"player_experience":824292,"relics_obtained":[{"floor":7,"key":"Toy Ornithopter"},{"floor":9,"key":"Tiny Chest"}],"event_choices":[{"damage_healed":0,"gold_gain":0,"player_choice":"Grow","damage_taken":0,"max_hp_gain":0,"max_hp_loss":0,"event_name":"Living Wall","floor":2,"gold_loss":0,"cards_upgraded":["hermit:Showdown"]},{"damage_healed":0,"gold_gain":75,"player_choice":"Gather Gold","damage_taken":11,"max_hp_gain":0,"max_hp_loss":0,"event_name":"World of Goop","floor":3,"gold_loss":0},{"damage_healed":18,"gold_gain":0,"player_choice":"Healed","damage_taken":0,"max_hp_gain":0,"max_hp_loss":0,"event_name":"The Cleric","floor":10,"gold_loss":35},{"damage_healed":0,"gold_gain":51,"player_choice":"Gained Gold","damage_taken":0,"max_hp_gain":0,"max_hp_loss":0,"event_name":"Golden Wing","floor":11,"gold_loss":0}],"is_beta":false,"boss_relics":[],"items_purged_floors":[],"is_endless":false,"potions_floor_spawned":[4,7,12],"killed_by":"Hexaghost","ascension_level":4}}