{"host":"uv5ws9rdk87e8i5k","time":1613071066,"event":{"mods":["AchievementEnabler","BaseMod","Colored Map","Minty Spire (QoL Compilation)","Permanent Neow","Quick Restart","StSLib","SuperFastMode","The Necromancer"],"gold_per_floor":[111,123,138,138,148,181,216,245,245,279,279,61,78,105,105,206,206,225,225,225,242,256,256,284,284,284,31,47,146,181,195,195,295,295,310,310,324,304,4,4,39,39,39,59,89,89,89,114,114,114],"floor_reached":51,"language":"ENG","playtime":1737,"items_purged":["Injury","Parasite"],"score":979,"play_id":"5dedda2e-9acc-43b6-b060-650ecc2edc75","local_time":"20210211131746","is_ascension_mode":true,"campfire_choices":[{"data":"Defragment","floor":15.0,"key":"SMITH"},{"data":"Loop","floor":23.0,"key":"SMITH"},{"data":"Seek","floor":25.0,"key":"SMITH"},{"data":"Double Energy","floor":32,"key":"SMITH"},{"data":"Rainbow","floor":40,"key":"SMITH"},{"data":"Creative AI","floor":42,"key":"SMITH"},{"data":"Enlightenment","floor":49,"key":"SMITH"}],"circlet_count":0,"master_deck":["Strike_B","Strike_B","Strike_B","Strike_B","Defend_B","Defend_B","Defend_B","Defend_B+1","Zap","Dualcast","Coolheaded","FTL","Cold Snap","Double Energy+1","Seek+1","FTL","Auto Shields","Tempest","Defragment+1","Loop+1","Chaos","Coolheaded","Hello World","Meteor Strike","Conserve Battery","Blizzard","Compile Driver+1","Reboot","Tempest","Hologram+1","Rainbow+1","Electrodynamics","Glacier","Skim","Creative AI+1","Madness","Madness","Enlightenment+1","Skim+1"],"relics":["Cracked Core","Prayer Wheel","WingedGreaves","Art of War","Blood Vial","Kunai","Unceasing Top","Anchor","Bottled Tornado","Coffee Dripper","MutagenicStrength","MealTicket","Pear","Omamori","War Paint","Nuclear Battery","Ice Cream","Juzu Bracelet","Nunchaku","Bottled Lightning","PreservedInsect"],"acts_visited":["Exordium","TheCity","TheBeyond"],"potions_floor_usage":[41,41,50,50,50],"damage_taken":[{"damage":4.0,"enemies":"2 Louse","floor":1.0,"turns":2.0},{"damage":4.0,"enemies":"Cultist","floor":2.0,"turns":3.0},{"damage":4.0,"enemies":"Jaw Worm","floor":3.0,"turns":2.0},{"damage":6.0,"enemies":"2 Fungi Beasts","floor":5.0,"turns":4.0},{"damage":0.0,"enemies":"Gremlin Nob","floor":6.0,"turns":2.0},{"damage":7.0,"enemies":"Lagavulin","floor":7.0,"turns":5.0},{"damage":3.0,"enemies":"3 Sentries","floor":8.0,"turns":8.0},{"damage":0.0,"enemies":"Gremlin Nob","floor":10.0,"turns":3.0},{"damage":0.0,"enemies":"Blue Slaver","floor":13.0,"turns":3.0},{"damage":3.0,"enemies":"Lagavulin","floor":14.0,"turns":6.0},{"damage":15.0,"enemies":"Hexaghost","floor":16.0,"turns":9.0},{"damage":0.0,"enemies":"Chosen","floor":18.0,"turns":3.0},{"damage":13.0,"enemies":"2 Thieves","floor":21.0,"turns":4.0},{"damage":10.0,"enemies":"Centurion and Healer","floor":22.0,"turns":5.0},{"damage":1.0,"enemies":"Book of Stabbing","floor":24.0,"turns":3.0},{"damage":2.0,"enemies":"Snake Plant","floor":28.0,"turns":3.0},{"damage":1.0,"enemies":"Gremlin Leader","floor":30.0,"turns":6.0},{"damage":0,"enemies":"3 Cultists","floor":31,"turns":4},{"damage":63,"enemies":"Automaton","floor":33,"turns":8},{"damage":1,"enemies":"Orb Walker","floor":35,"turns":2},{"damage":4,"enemies":"3 Darklings","floor":37,"turns":4},{"damage":0,"enemies":"Reptomancer","floor":41,"turns":5},{"damage":0,"enemies":"4 Shapes","floor":44,"turns":3},{"damage":0,"enemies":"Nemesis","floor":45,"turns":7},{"damage":14,"enemies":"Reptomancer","floor":48,"turns":4},{"damage":46,"enemies":"Awakened One","floor":50,"turns":11}],"seed_played":"-332246337802704179","potions_obtained":[{"floor":2.0,"key":"ColorlessPotion"},{"floor":4.0,"key":"Fire Potion"},{"floor":4.0,"key":"Fire Potion"},{"floor":6.0,"key":"BlessingOfTheForge"},{"floor":10.0,"key":"SteroidPotion"},{"floor":21.0,"key":"PotionOfCapacity"},{"floor":22.0,"key":"DistilledChaos"},{"floor":28.0,"key":"Weak Potion"},{"floor":31,"key":"SpeedPotion"},{"floor":37,"key":"SteroidPotion"},{"floor":38,"key":"CultistPotion"},{"floor":41,"key":"Dexterity Potion"},{"floor":48,"key":"PowerPotion"}],"is_trial":false,"path_per_floor":["M","M","M","?","M","E","E","E","T","E","?","$","M","E","R","B",null,"M","?","?","M","M","R","E","R","T","$","M","?","E","M","R","B",null,"M","?","M","?","$","R","E","R","T","M","E","?","?","E","R","B",null],"character_chosen":"DEFECT","items_purchased":["Anchor","Omamori","Ice Cream"],"campfire_rested":0,"item_purchase_floors":[12,27,39],"current_hp_per_floor":[71,67,63,63,57,57,50,47,47,49,67,67,69,68,68,55,75,75,75,75,62,54,54,55,55,65,80,80,80,81,82,82,19,82,81,81,78,78,82,82,82,82,82,82,82,72,72,60,60,16],"gold":114,"neow_bonus":"ONE_RARE_RELIC","is_daily":false,"chose_seed":false,"campfire_upgraded":7,"win_rate":0.0,"timestamp":1613071066,"path_taken":["M","M","M","?","?","E","E","E","T","E","?","$","M","E","R","BOSS","M","?","?","M","M","R","E","R","T","$","M","?","E","M","R","BOSS","M","?","M","?","$","R","E","R","T","M","E","?","?","E","R","BOSS"],"items_purchased_type":["Relic","Relic","Relic"],"build_version":"2020-12-22","purchased_purges":2,"victory":true,"max_hp_per_floor":[75,75,75,75,75,75,75,75,75,75,75,75,75,75,75,75,75,75,75,75,75,75,75,75,75,85,82,82,82,82,82,82,82,82,82,82,82,82,82,82,82,82,82,82,82,82,82,82,82,82],"card_choices":[{"not_picked":["Turbo","Hologram"],"picked":"Coolheaded","floor":1.0},{"not_picked":["Chill","Static Discharge"],"picked":"FTL","floor":1.0},{"not_picked":["Hello World","Barrage"],"picked":"Cold Snap","floor":2.0},{"not_picked":["Compile Driver","Storm"],"picked":"Double Energy","floor":2.0},{"not_picked":["Steam","Reinforced Body"],"picked":"Seek","floor":3.0},{"not_picked":["Beam Cell","Fusion","Go for the Eyes"],"picked":"SKIP","floor":3.0},{"not_picked":["Conserve Battery","Chill"],"picked":"FTL","floor":5.0},{"not_picked":["Gash","Scrape"],"picked":"Auto Shields","floor":5.0},{"not_picked":["Leap","Barrage"],"picked":"Tempest","floor":6.0},{"not_picked":["Force Field","Darkness"],"picked":"Defragment","floor":7.0},{"not_picked":["Ball Lightning","Streamline"],"picked":"Loop","floor":8.0},{"not_picked":["Redo","Barrage"],"picked":"Chaos","floor":10.0},{"not_picked":["Gash","Beam Cell"],"picked":"Coolheaded","floor":13.0},{"not_picked":["Auto Shields","Ball Lightning","Redo"],"picked":"SKIP","floor":13.0},{"not_picked":["Gash","Compile Driver"],"picked":"Hello World","floor":14.0},{"not_picked":["Multi-Cast","All For One"],"picked":"Meteor Strike","floor":16.0},{"not_picked":["Barrage","Fusion"],"picked":"Conserve Battery","floor":18.0},{"not_picked":["Redo","Rebound","Streamline"],"picked":"SKIP","floor":18.0},{"not_picked":["Steam","Ball Lightning"],"picked":"Blizzard","floor":21.0},{"not_picked":["Ball Lightning+1","Sunder"],"picked":"Compile Driver+1","floor":21.0},{"not_picked":["Genetic Algorithm+1","Cold Snap"],"picked":"Reboot","floor":22.0},{"not_picked":["Sunder+1","Coolheaded"],"picked":"Tempest","floor":22.0},{"not_picked":["Redo","Scrape"],"picked":"Hologram","floor":24.0},{"not_picked":["Rip and Tear","Conserve Battery","Reprogram+1"],"picked":"SKIP","floor":28.0},{"not_picked":["Ball Lightning","Coolheaded","Conserve Battery"],"picked":"SKIP","floor":28.0},{"not_picked":["Blizzard","Go for the Eyes+1","Darkness"],"picked":"SKIP","floor":30.0},{"not_picked":["Stack","Leap"],"picked":"Rainbow","floor":31},{"not_picked":["FTL","Ball Lightning","Hologram"],"picked":"SKIP","floor":31},{"not_picked":["Thunder Strike","All For One"],"picked":"Electrodynamics","floor":33},{"not_picked":["Steam","Cold Snap"],"picked":"Glacier","floor":35},{"not_picked":["Go for the Eyes+1","Ball Lightning","Steam Power"],"picked":"SKIP","floor":35},{"not_picked":["Hologram","Barrage+1"],"picked":"Skim","floor":37},{"not_picked":["Rebound+1","Hologram","Tempest"],"picked":"SKIP","floor":37},{"not_picked":["Tempest","Beam Cell"],"picked":"Creative AI","floor":41},{"not_picked":["Go for the Eyes","Scrape+1","Stack+1"],"picked":"SKIP","floor":44},{"not_picked":["Leap","Ball Lightning","Rebound"],"picked":"SKIP","floor":44},{"not_picked":["Rebound+1","Biased Cognition","Sweeping Beam"],"picked":"SKIP","floor":45},{"not_picked":["Rebound+1","Biased Cognition","Sweeping Beam"],"picked":"SKIP","floor":45},{"not_picked":["Jack Of All Trades","Discovery"],"picked":"Enlightenment","floor":47},{"not_picked":["Amplify","Compile Driver"],"picked":"Skim+1","floor":48}],"player_experience":147603,"relics_obtained":[{"floor":6.0,"key":"WingedGreaves"},{"floor":7.0,"key":"Art of War"},{"floor":8.0,"key":"Blood Vial"},{"floor":9.0,"key":"Kunai"},{"floor":10.0,"key":"Unceasing Top"},{"floor":14.0,"key":"Bottled Tornado"},{"floor":24.0,"key":"MealTicket"},{"floor":26.0,"key":"Pear"},{"floor":30.0,"key":"War Paint"},{"floor":41,"key":"Juzu Bracelet"},{"floor":43,"key":"Nunchaku"},{"floor":45,"key":"Bottled Lightning"},{"floor":48,"key":"PreservedInsect"}],"event_choices":[{"damage_healed":0.0,"max_hp_gain":0.0,"max_hp_loss":0.0,"gold_gain":0.0,"event_name":"Lab","player_choice":"Got Potions","floor":4.0,"gold_loss":0.0,"damage_taken":0.0},{"damage_healed":18.0,"max_hp_gain":0.0,"max_hp_loss":0.0,"gold_gain":0.0,"event_name":"Mushrooms","player_choice":"Healed and dodged fight","floor":11.0,"gold_loss":0.0,"damage_taken":0.0,"cards_obtained":["Parasite"]},{"damage_healed":0.0,"max_hp_gain":0.0,"max_hp_loss":0.0,"gold_gain":0.0,"event_name":"Vampires","player_choice":"Ignored","floor":19.0,"gold_loss":0.0,"damage_taken":0.0},{"damage_healed":0.0,"max_hp_gain":0.0,"max_hp_loss":0.0,"gold_gain":0.0,"event_name":"Drug Dealer","player_choice":"Inject Mutagens","floor":20.0,"gold_loss":0.0,"damage_taken":0.0,"relics_obtained":["MutagenicStrength"]},{"damage_healed":0.0,"max_hp_gain":0.0,"max_hp_loss":0.0,"gold_gain":99.0,"event_name":"Nest","player_choice":"Stole From Cult","floor":29.0,"gold_loss":0.0,"damage_taken":0.0},{"damage_healed":0,"gold_gain":0,"player_choice":"Ignored","damage_taken":0,"max_hp_gain":0,"max_hp_loss":0,"event_name":"Tomb of Lord Red Mask","floor":36,"gold_loss":0},{"damage_healed":0,"gold_gain":0,"player_choice":"Bought 1 Potion","damage_taken":0,"max_hp_gain":0,"max_hp_loss":0,"event_name":"The Woman in Blue","floor":38,"gold_loss":0},{"damage_healed":0,"gold_gain":0,"player_choice":"Embrace Madness","damage_taken":10,"max_hp_gain":0,"max_hp_loss":0,"event_name":"Winding Halls","floor":46,"gold_loss":0,"cards_obtained":["Madness","Madness"]},{"damage_healed":0,"gold_gain":0,"player_choice":"Memory 1","damage_taken":0,"max_hp_gain":0,"max_hp_loss":0,"event_name":"SensoryStone","floor":47,"gold_loss":0}],"is_beta":false,"boss_relics":[{"not_picked":["Empty Cage","SacredBark"],"picked":"Coffee Dripper"},{"not_picked":["Calling Bell","SlaversCollar"],"picked":"Nuclear Battery"}],"items_purged_floors":[12,27],"is_endless":false,"potions_floor_spawned":[2,5,6,10,21,22,28,31,37,41,48],"ascension_level":1}}