{"host":"8vqkh0x3c7vpgzzm","time":1613064274,"event":{"mods":["Act Like it!","AlwaysNeverKeys","BaseMod","Better Altar","Better Match","Better Note","Better Sensory Stone","Better Skull","Better Third Choice","BetterRewards","Card Forge","Colored Map","Colored Powertips","Curses Come First","DeckTracker","Downfall","Gensokyo","Halation","Highlight Path","Hubris","Minty Spire (QoL Compilation)","Permanent Neow","Quick Restart","Random Character Button","Random Character Mod","Rare Cards Sparkle","Reimu??????","Relic Filter","Relic Sorter","Relic Stats","Shop Mod","Spicy Shops","StSLib","SuperFastMode","Synergy Search","The Runesmith","The Sage","Unceasing Turn Reminder","egg","everything is the same but u backflip on backflip","slay the spire mod where everything is the same but ironclad has a cowboy hat"],"gold_per_floor":[111,122,9,26,26,26,59,59,59,103,3,3,3,19,19,138,138,162,162,183,183,183,183,223,223,223,136,156,174,174,187,187,312,312,336,352,25,44,44,65,65,65,65,78,112,137,137,157,157,157,157,157,4,48,48],"floor_reached":56,"language":"ENG","playtime":2854,"items_purged":["Strike_R","Defend_R","Defend_R","Strike_R"],"score":1447,"play_id":"2af12a1a-ea54-401d-94d2-bf6fa88e742b","local_time":"20210211182434","is_ascension_mode":false,"campfire_choices":[{"data":"Bash","floor":6,"key":"SMITH"},{"data":"Flex","floor":8,"key":"SMITH"},{"data":"Cleave","floor":13,"key":"SMITH"},{"data":"Shrug It Off","floor":15,"key":"SMITH"},{"data":"Panache","floor":23,"key":"SMITH"},{"data":"Battle Trance","floor":30,"key":"SMITH"},{"data":"Metallicize","floor":32,"key":"SMITH"},{"data":"Offering","floor":41,"key":"SMITH"},{"data":"Juggernaut","floor":47,"key":"SMITH"},{"floor":49,"key":"REST"},{"data":"Defend_R","floor":52,"key":"SMITH"}],"circlet_count":0,"master_deck":["Strike_R","Strike_R","Defend_R","Defend_R+1","Bash+1","Flex+1","Cleave+1","Flame Barrier+1","Battle Trance+1","Pommel Strike+1","Shrug It Off+1","Feed+1","Thunderclap+1","Flex+1","Swift Strike+1","Panache+1","Pommel Strike+1","Body Slam+1","Metallicize+1","Heavy Blade+1","Shrug It Off+1","Offering+1","Shrug It Off+1","Inflame+1","Pummel+1","Offering+1","Disarm+1","Juggernaut+1"],"relics":["Burning Blood","Hammer of Thor","Seething Fire","Anvil of the Gods","Cauldron","Golden Idol","Odd Mushroom","Magic Flower","Molten Egg 2","Cursed Key","Mastiff:ReiMu","bronze:MakeshiftBattery","Membership Card","Oddly Smooth Stone","Bronze Scales","Pantograph","TheAbacus","sagemod:Singing_Vial"],"acts_visited":["Exordium","TheCity","TheBeyond","TheEnding"],"potions_floor_usage":[7,24,33,50,54,55,55,55,55,55],"damage_taken":[{"damage":1.0,"enemies":"Jaw Worm","floor":1.0,"turns":3.0},{"damage":2.0,"enemies":"2 Louse","floor":2.0,"turns":3.0},{"damage":2.0,"enemies":"Small Slimes","floor":4.0,"turns":4.0},{"damage":15,"enemies":"The Mushroom Lair","floor":7,"turns":3},{"damage":25,"enemies":"Lagavulin","floor":10,"turns":7},{"damage":0,"enemies":"Red Slaver","floor":14,"turns":2},{"damage":30,"enemies":"Hexaghost","floor":16,"turns":8},{"damage":5,"enemies":"Spheric Guardian","floor":18,"turns":4},{"damage":10,"enemies":"2 Thieves","floor":20,"turns":3},{"damage":13,"enemies":"Slavers","floor":24,"turns":3},{"damage":5,"enemies":"Snecko","floor":28,"turns":5},{"damage":10,"enemies":"Cultist and Chosen","floor":29,"turns":4},{"damage":6,"enemies":"3 Cultists","floor":31,"turns":4},{"damage":18,"enemies":"Collector","floor":33,"turns":8},{"damage":7,"enemies":"3 Shapes","floor":35,"turns":3},{"damage":16,"enemies":"Orb Walker","floor":36,"turns":2},{"damage":0,"enemies":"Sphere and 2 Shapes","floor":38,"turns":2},{"damage":6,"enemies":"Maw","floor":40,"turns":6},{"damage":6,"enemies":"Spire Growth","floor":44,"turns":2},{"damage":13,"enemies":"Giant Head","floor":45,"turns":5},{"damage":36,"enemies":"Writhing Mass","floor":46,"turns":4},{"damage":6,"enemies":"3 Darklings","floor":48,"turns":2},{"damage":71,"enemies":"Awakened One","floor":50,"turns":7},{"damage":70,"enemies":"Shield and Spear","floor":54,"turns":4},{"damage":32,"enemies":"The Heart","floor":55,"turns":6}],"seed_played":"2875234043283317743","potions_obtained":[{"floor":1.0,"key":"sagemod:Wine"},{"floor":3.0,"key":"EntropicBrew"},{"floor":3.0,"key":"FearPotion"},{"floor":3.0,"key":"Slimebound:ThreeZeroPotion"},{"floor":10,"key":"Weak Potion"},{"floor":16,"key":"EssenceOfSteel"},{"floor":20,"key":"CultistPotion"},{"floor":28,"key":"EssenceOfSteel"},{"floor":33,"key":"CultistPotion"}],"is_trial":false,"path_per_floor":["M","M","$","M","?","R","?","R","T","E","$","?","R","M","R","B",null,"M","?","M","T","?","R","E","?","T","$","M","M","R","M","R","B",null,"M","M","$","M","?","M","R","?","T","M","E","M","R","M","R","B",null,"R","$","E","B",null],"character_chosen":"IRONCLAD","items_purchased":["Cauldron","Cleave","Body Slam+1","Metallicize","Membership Card","Oddly Smooth Stone","Bronze Scales","TheAbacus"],"campfire_rested":1,"item_purchase_floors":[3,3,27,27,37,37,37,53],"current_hp_per_floor":[80,80,80,80,60,60,51,51,51,35,35,35,35,44,44,23,80,84,84,87,87,87,87,88,88,88,88,92,91,91,96,96,87,96,100,93,93,100,100,104,104,104,104,108,104,77,77,80,108,52,112,112,112,51,72],"gold":48,"neow_bonus":"RANDOM_COLORLESS","is_daily":false,"chose_seed":false,"campfire_upgraded":10,"win_rate":0.0,"timestamp":1613064274,"path_taken":["M","M","$","M","?","R","?","R","T","E","$","?","R","M","R","BOSS","M","?","?","?","?","R","E","?","T","$","?","M","R","M","R","BOSS","M","M","$","M","?","M","R","?","T","?","E","M","R","M","R","BOSS","R","$","E","BOSS"],"items_purchased_type":["Relic","Card","Card","Card","Relic","Relic","Relic","Relic"],"build_version":"2020-12-22","purchased_purges":4,"victory":true,"max_hp_per_floor":[80,80,80,80,80,80,80,80,80,80,80,80,80,80,80,80,80,84,84,88,88,88,88,92,92,92,92,92,92,92,96,96,96,96,100,100,100,100,100,104,104,104,104,108,108,108,108,108,108,112,112,112,112,112,116],"relic_stats":{"TheAbacus":[12],"counters":[25,104],"Golden Idol":189,"Bronze Scales":[150],"Pantograph":38,"Magic Flower":[73],"Cursed Key":0,"obtain_stats":[{"Golden Idol":5,"Magic Flower":9,"Oddly Smooth Stone":37,"Hammer of Thor":0,"Seething Fire":0,"Odd Mushroom":7,"Cursed Key":17,"Burning Blood":0,"Cauldron":3,"TheAbacus":53,"Anvil of the Gods":0,"Mastiff:ReiMu":24,"Bronze Scales":37,"Pantograph":45,"Molten Egg 2":10,"sagemod:Singing_Vial":54,"Membership Card":37,"bronze:MakeshiftBattery":34},{"Golden Idol":3,"Magic Flower":4,"Oddly Smooth Stone":16,"Hammer of Thor":0,"Seething Fire":0,"Odd Mushroom":4,"Cursed Key":7,"Burning Blood":0,"Cauldron":2,"TheAbacus":23,"Anvil of the Gods":0,"Mastiff:ReiMu":10,"Bronze Scales":16,"Pantograph":20,"Molten Egg 2":5,"sagemod:Singing_Vial":24,"Membership Card":16,"bronze:MakeshiftBattery":14},{"Golden Idol":10,"Magic Flower":13,"Oddly Smooth Stone":66,"Hammer of Thor":0,"Seething Fire":0,"Odd Mushroom":13,"Cursed Key":30,"Burning Blood":0,"Cauldron":6,"TheAbacus":94,"Anvil of the Gods":0,"Mastiff:ReiMu":40,"Bronze Scales":66,"Pantograph":81,"Molten Egg 2":20,"sagemod:Singing_Vial":98,"Membership Card":66,"bronze:MakeshiftBattery":61}],"Burning Blood":175},"card_choices":[{"not_picked":["Madness","Finesse"],"picked":"Blind","floor":0.0},{"not_picked":["True Grit","Clothesline"],"picked":"Flex","floor":1.0},{"not_picked":["Perfected Strike","Armaments","Warcry"],"picked":"SKIP","floor":2.0},{"not_picked":["Feel No Pain","Thunderclap"],"picked":"Flame Barrier","floor":4.0},{"not_picked":["Iron Wave","Clothesline"],"picked":"Battle Trance","floor":7},{"not_picked":["Entrench","Shrug It Off"],"picked":"Pommel Strike+1","floor":10},{"not_picked":["hubris:ReadiedAction","Sever Soul+1"],"picked":"Shrug It Off","floor":14},{"not_picked":["Corruption","hubris:StunningStrike+1"],"picked":"Feed+1","floor":16},{"not_picked":["hubris:CleavingFinish+1","hubris:ReadiedAction"],"picked":"Thunderclap+1","floor":18},{"not_picked":["Bloodletting","Havoc"],"picked":"Flex+1","floor":20},{"not_picked":["Secret Technique","Jack Of All Trades"],"picked":"Swift Strike+1","floor":22},{"not_picked":["Flash of Steel+1","Forethought"],"picked":"Panache","floor":22},{"not_picked":["Wild Strike+1","Intimidate"],"picked":"Pommel Strike+1","floor":24},{"not_picked":["Warcry+1","Flex","Hemokinesis+1"],"picked":"SKIP","floor":28},{"not_picked":["Twin Strike+1","Cleave+1"],"picked":"Heavy Blade+1","floor":29},{"not_picked":["Inflame","Warcry+1"],"picked":"Shrug It Off+1","floor":31},{"not_picked":["Double Tap","Bludgeon+1"],"picked":"Offering","floor":33},{"not_picked":["Shockwave","True Grit+1"],"picked":"Shrug It Off+1","floor":35},{"not_picked":["Anger+1","Pommel Strike+1"],"picked":"Inflame+1","floor":36},{"not_picked":["Anger+1","Clash+1","Cleave+1"],"picked":"SKIP","floor":38},{"not_picked":["Rampage+1","Flex+1"],"picked":"Pummel+1","floor":40},{"not_picked":["Battle Trance+1","True Grit"],"picked":"Disarm+1","floor":44},{"not_picked":["Carnage+1","Metallicize+1"],"picked":"Juggernaut","floor":45},{"not_picked":["Cleave+1","Metallicize","Heavy Blade+1"],"picked":"SKIP","floor":46},{"not_picked":["Power Through","True Grit","Flex+1"],"picked":"SKIP","floor":48},{"not_picked":["Barricade","Heavy Blade+1","Seeing Red+1"],"picked":"Singing Bowl","floor":54}],"player_experience":505259,"relics_obtained":[{"floor":7,"key":"Odd Mushroom"},{"floor":9,"key":"Magic Flower"},{"floor":10,"key":"Molten Egg 2"},{"floor":24,"key":"Mastiff:ReiMu"},{"floor":45,"key":"Pantograph"},{"floor":54,"key":"sagemod:Singing_Vial"}],"event_choices":[{"damage_healed":0.0,"max_hp_gain":0.0,"max_hp_loss":0.0,"gold_gain":0.0,"event_name":"Golden Idol","player_choice":"Take Damage","floor":5.0,"gold_loss":0.0,"damage_taken":20.0,"relics_obtained":["Golden Idol"]},{"damage_healed":0,"gold_gain":0,"player_choice":"Fought Mushrooms","damage_taken":0,"max_hp_gain":0,"max_hp_loss":0,"event_name":"Mushrooms","floor":7,"gold_loss":0},{"damage_healed":0,"gold_gain":0,"player_choice":"Forge","damage_taken":0,"max_hp_gain":0,"max_hp_loss":0,"event_name":"Accursed Blacksmith","floor":12,"gold_loss":0,"cards_upgraded":["Flame Barrier"]},{"damage_healed":0,"gold_gain":0,"player_choice":"Ignored","damage_taken":0,"max_hp_gain":0,"max_hp_loss":0,"event_name":"betterNote:BetterNote","floor":19,"gold_loss":0,"cards_obtained":["A Thousand Cuts"]},{"damage_healed":0,"gold_gain":2,"player_choice":"1","damage_taken":0,"max_hp_gain":0,"max_hp_loss":0,"event_name":"betterStone:BetterStone","floor":22,"gold_loss":0},{"cards_removed":["Strike_R"],"damage_healed":0,"gold_gain":0,"player_choice":"Purged","damage_taken":0,"max_hp_gain":0,"max_hp_loss":0,"event_name":"Purifier","floor":25,"gold_loss":0},{"damage_healed":0,"gold_gain":0,"player_choice":"Copied","damage_taken":0,"max_hp_gain":0,"max_hp_loss":0,"event_name":"Duplicator","floor":42,"gold_loss":0,"cards_obtained":["Offering"]}],"is_beta":false,"boss_relics":[{"not_picked":["Runic Pyramid","Empty Cage"],"picked":"Cursed Key"},{"not_picked":["SacredBark","Runic Dome"],"picked":"bronze:MakeshiftBattery"}],"items_purged_floors":[3,11,37,53],"is_endless":false,"potions_floor_spawned":[1,10,16,20,28,29,33,40,46,54],"ascension_level":0}}