{"host":"bbjnqymry46jz0fa","time":1613046132,"event":{"mods":["BaseMod","DeckTracker","Minty Spire (QoL Compilation)","Quick Restart","StSLib","SuperFastMode"],"gold_per_floor":[109,109,34,54,67,67,97,97,97,125,137,151,76,89,89,160,160,195,245,245,145,187,214,214,23,23,67,127,169,294,322,322,423,423,462,503,523,533,105,161,161,217,243,300,350,350,230,263,263,263,263,263,50,78,78],"floor_reached":56,"language":"KOR","playtime":2504,"items_purged":["Strike_P","Defend_P","Strike_P","Wish","FlurryOfBlows"],"score":2414,"play_id":"13d9ba70-b515-4b68-83b1-96c34f28fd8f","local_time":"20210211212212","is_ascension_mode":true,"campfire_choices":[{"data":"Eruption","floor":6.0,"key":"SMITH"},{"data":"CrushJoints","floor":15.0,"key":"SMITH"},{"floor":24.0,"key":"REST"},{"data":"Madness","floor":32.0,"key":"SMITH"},{"data":"Ragnarok","floor":41.0,"key":"SMITH"},{"floor":49,"key":"RECALL"},{"data":"EmptyMind","floor":52,"key":"SMITH"}],"circlet_count":0,"master_deck":["AscendersBane","Eruption+1","Vigilance","CrushJoints+1","Meditate","TalkToTheHand","WheelKick","MentalFortress","Madness+1","InnerPeace","MentalFortress","Tantrum","EmptyMind+1","Ragnarok+1","Madness","Madness","Flash of Steel+1"],"relics":["PureWater","Meat on the Bone","Singing Bowl","Vajra","Runic Pyramid","CultistMask","Turnip","Anchor","The Courier","Unceasing Top","Matryoshka","Damaru","Empty Cage","Bag of Preparation","TheAbacus","Bag of Marbles","Torii","Nunchaku","Molten Egg 2","Du-Vu Doll"],"acts_visited":["TheCity","TheBeyond","TheEnding"],"potions_floor_usage":[42,54,55],"damage_taken":[{"damage":8.0,"enemies":"Small Slimes","floor":1.0,"turns":6.0},{"damage":2.0,"enemies":"Jaw Worm","floor":4.0,"turns":4.0},{"damage":2.0,"enemies":"Cultist","floor":5.0,"turns":3.0},{"damage":9.0,"enemies":"Lagavulin","floor":7.0,"turns":7.0},{"damage":0.0,"enemies":"3 Sentries","floor":10.0,"turns":1.0},{"damage":11.0,"enemies":"Exordium Thugs","floor":11.0,"turns":3.0},{"damage":10.0,"enemies":"Gremlin Gang","floor":12.0,"turns":3.0},{"damage":2.0,"enemies":"3 Louse","floor":14.0,"turns":2.0},{"damage":0.0,"enemies":"Slime Boss","floor":16.0,"turns":3.0},{"damage":7.0,"enemies":"Chosen","floor":18.0,"turns":3.0},{"damage":8.0,"enemies":"Shell Parasite","floor":22.0,"turns":3.0},{"damage":56.0,"enemies":"Slavers","floor":23.0,"turns":7.0},{"damage":0.0,"enemies":"Centurion and Healer","floor":27.0,"turns":5.0},{"damage":25.0,"enemies":"Gremlin Leader","floor":28.0,"turns":5.0},{"damage":23.0,"enemies":"Snake Plant","floor":29.0,"turns":4.0},{"damage":4.0,"enemies":"Colosseum Slavers","floor":30.0,"turns":5.0},{"damage":28.0,"enemies":"Colosseum Nobs","floor":30.0,"turns":9.0},{"damage":25.0,"enemies":"Book of Stabbing","floor":31.0,"turns":5.0},{"damage":2.0,"enemies":"Champ","floor":33.0,"turns":8.0},{"damage":26.0,"enemies":"3 Shapes","floor":35.0,"turns":5.0},{"damage":23.0,"enemies":"3 Darklings","floor":36.0,"turns":4.0},{"damage":7.0,"enemies":"Jaw Worm Horde","floor":37.0,"turns":4.0},{"damage":38.0,"enemies":"Writhing Mass","floor":38.0,"turns":4.0},{"damage":6.0,"enemies":"Reptomancer","floor":40.0,"turns":6.0},{"damage":16,"enemies":"Nemesis","floor":42,"turns":6},{"damage":1,"enemies":"Giant Head","floor":44,"turns":4},{"damage":0,"enemies":"Mind Bloom Boss Battle","floor":45,"turns":4},{"damage":0,"enemies":"Reptomancer","floor":48,"turns":2},{"damage":1,"enemies":"Donu and Deca","floor":50,"turns":5},{"damage":11,"enemies":"Shield and Spear","floor":54,"turns":4},{"damage":61,"enemies":"The Heart","floor":55,"turns":6}],"seed_played":"9183320274273143302","potions_obtained":[{"floor":1.0,"key":"Block Potion"},{"floor":4.0,"key":"LiquidMemories"},{"floor":14.0,"key":"LiquidBronze"},{"floor":18.0,"key":"ColorlessPotion"},{"floor":33.0,"key":"Explosive Potion"},{"floor":37.0,"key":"Strength Potion"},{"floor":38.0,"key":"Block Potion"},{"floor":42,"key":"AttackPotion"},{"floor":44,"key":"PowerPotion"},{"floor":54,"key":"LiquidMemories"}],"is_trial":false,"path_per_floor":["M","?","?","M","M","R","E","?","T","E","M","M","$","M","R","B",null,"M","?","?","$","M","E","R","$","T","M","E","M","?","E","R","B",null,"M","M","M","M","$","E","R","E","T","E","?","?","$","E","R","B",null,"R","$","E","B",null],"character_chosen":"WATCHER","items_purchased":["MentalFortress","Madness","Bag of Preparation","TheAbacus","EmptyMind","Flash of Steel+1"],"campfire_rested":1,"item_purchase_floors":[25,25,39,39,39,53],"current_hp_per_floor":[53,46,46,44,42,42,33,28,28,42,45,49,49,49,49,49,69,64,64,64,64,58,16,40,40,40,52,41,32,26,13,13,25,74,48,37,44,20,20,26,26,24,24,37,51,33,33,47,47,58,91,91,91,82,33],"gold":78,"neow_bonus":"REMOVE_CARD","is_daily":false,"chose_seed":false,"campfire_upgraded":5,"win_rate":0.0,"timestamp":1613046132,"path_taken":["M","?","?","M","M","R","E","?","T","E","M","M","?","M","R","BOSS","M","?","?","$","?","E","R","?","T","M","E","?","?","E","R","BOSS","M","M","M","M","$","E","R","E","T","E","?","?","$","E","R","BOSS","R","$","E","BOSS"],"items_purchased_type":["Card","Card","Relic","Relic","Card","Card"],"build_version":"2020-12-22","purchased_purges":5,"victory":true,"max_hp_per_floor":[68,68,68,68,68,68,68,68,68,70,72,74,74,76,76,76,76,78,78,78,78,80,82,82,82,82,82,84,86,88,88,88,90,90,90,90,92,94,94,94,94,96,96,98,100,100,100,102,102,102,102,102,102,104,104],"card_choices":[{"not_picked":["Sanctity","Collect"],"picked":"CrushJoints","floor":1.0},{"not_picked":["Crescendo","ForeignInfluence","Meditate"],"picked":"SKIP","floor":4.0},{"not_picked":["Crescendo","ForeignInfluence"],"picked":"Meditate","floor":4.0},{"not_picked":["Prostrate","Indignation"],"picked":"TalkToTheHand","floor":5.0},{"not_picked":["SignatureMove","Pray"],"picked":"WheelKick","floor":7.0},{"not_picked":["TalkToTheHand","SpiritShield","Vengeance"],"picked":"Singing Bowl","floor":10.0},{"not_picked":["FlyingSleeves","WheelKick","Crescendo"],"picked":"Singing Bowl","floor":11.0},{"not_picked":["Protect","FlyingSleeves","CarveReality"],"picked":"Singing Bowl","floor":12.0},{"not_picked":["FlyingSleeves","ThirdEye","WreathOfFlame"],"picked":"Singing Bowl","floor":14.0},{"not_picked":["Omniscience","LessonLearned"],"picked":"Wish","floor":16.0},{"not_picked":["Crescendo","ThirdEye","FlyingSleeves"],"picked":"Singing Bowl","floor":18.0},{"not_picked":["JustLucky","Perseverance","Brilliance"],"picked":"Singing Bowl","floor":22.0},{"not_picked":["Study","FlyingSleeves+1","PathToVictory+1"],"picked":"Singing Bowl","floor":23.0},{"not_picked":["BowlingBash","PathToVictory"],"picked":"InnerPeace","floor":27.0},{"not_picked":["ClearTheMind","WreathOfFlame","LikeWater"],"picked":"Singing Bowl","floor":28.0},{"not_picked":["Consecrate","JustLucky","ThirdEye"],"picked":"Singing Bowl","floor":29.0},{"not_picked":["Blasphemy","Study","FollowUp"],"picked":"Singing Bowl","floor":30.0},{"not_picked":["LessonLearned","Meditate"],"picked":"MentalFortress","floor":31.0},{"not_picked":["MasterReality","Establishment","DevaForm"],"picked":"Singing Bowl","floor":33.0},{"not_picked":["BowlingBash+1","ClearTheMind"],"picked":"Tantrum","floor":35.0},{"not_picked":["Halt","Crescendo"],"picked":"FlurryOfBlows","floor":36.0},{"not_picked":["Wallop","FlyingSleeves+1","PathToVictory"],"picked":"Singing Bowl","floor":37.0},{"not_picked":["SashWhip+1","CrushJoints","LikeWater"],"picked":"Singing Bowl","floor":38.0},{"not_picked":["CrushJoints","ThirdEye"],"picked":"Ragnarok","floor":40.0},{"not_picked":["CutThroughFate","FearNoEvil","Sanctity"],"picked":"Singing Bowl","floor":42},{"not_picked":["EmptyMind","Indignation","FlyingSleeves+1"],"picked":"Singing Bowl","floor":44},{"not_picked":["FlurryOfBlows+1","FlyingSleeves+1","Weave+1"],"picked":"Singing Bowl","floor":45},{"not_picked":["FlyingSleeves+1","DeceiveReality+1","ForeignInfluence"],"picked":"Singing Bowl","floor":48},{"not_picked":["Prostrate","Conclude+1","InnerPeace"],"picked":"Singing Bowl","floor":54}],"player_experience":741803,"relics_obtained":[{"floor":9.0,"key":"Singing Bowl"},{"floor":10.0,"key":"Vajra"},{"floor":23.0,"key":"Turnip"},{"floor":26.0,"key":"Anchor"},{"floor":28.0,"key":"The Courier"},{"floor":30.0,"key":"Unceasing Top"},{"floor":30.0,"key":"Matryoshka"},{"floor":31.0,"key":"Damaru"},{"floor":40.0,"key":"Bag of Marbles"},{"floor":42,"key":"Torii"},{"floor":43,"key":"Nunchaku"},{"floor":44,"key":"Molten Egg 2"},{"floor":45,"key":"Du-Vu Doll"}],"event_choices":[{"cards_removed":["Defend_P"],"damage_healed":0.0,"max_hp_gain":0.0,"max_hp_loss":0.0,"gold_gain":0.0,"event_name":"Golden Wing","player_choice":"Card Removal","floor":2.0,"gold_loss":0.0,"damage_taken":7.0},{"cards_removed":["Strike_P"],"damage_healed":0.0,"max_hp_gain":0.0,"max_hp_loss":0.0,"gold_gain":0.0,"event_name":"The Cleric","player_choice":"Card Removal","floor":3.0,"gold_loss":75.0,"damage_taken":0.0},{"damage_healed":0.0,"max_hp_gain":0.0,"max_hp_loss":0.0,"gold_gain":0.0,"event_name":"Scrap Ooze","player_choice":"Success","floor":8.0,"gold_loss":0.0,"damage_taken":5.0,"relics_obtained":["Meat on the Bone"]},{"damage_healed":0.0,"max_hp_gain":0.0,"max_hp_loss":0.0,"gold_gain":50.0,"event_name":"Nest","player_choice":"Stole From Cult","floor":19.0,"gold_loss":0.0,"damage_taken":0.0},{"damage_healed":0.0,"max_hp_gain":0.0,"max_hp_loss":0.0,"gold_gain":0.0,"event_name":"FaceTrader","player_choice":"Trade","floor":20.0,"gold_loss":0.0,"damage_taken":0.0,"relics_obtained":["CultistMask"]},{"damage_healed":0.0,"max_hp_gain":0.0,"max_hp_loss":0.0,"gold_gain":0.0,"event_name":"Colosseum","player_choice":"Fight","floor":30.0,"gold_loss":0.0,"damage_taken":0.0},{"damage_healed":0.0,"max_hp_gain":0.0,"max_hp_loss":0.0,"gold_gain":0.0,"event_name":"Colosseum","player_choice":"Fought Nobs","floor":30.0,"gold_loss":0.0,"damage_taken":0.0},{"damage_healed":0,"gold_gain":0,"player_choice":"Fight","damage_taken":0,"max_hp_gain":0,"max_hp_loss":0,"event_name":"MindBloom","floor":45,"gold_loss":0},{"damage_healed":0,"gold_gain":0,"player_choice":"Embrace Madness","damage_taken":18,"max_hp_gain":0,"max_hp_loss":0,"event_name":"Winding Halls","floor":46,"gold_loss":0,"cards_obtained":["Madness","Madness"]}],"is_beta":false,"boss_relics":[{"not_picked":["Snecko Eye","Tiny House"],"picked":"Runic Pyramid"},{"not_picked":["Runic Dome","Velvet Choker"],"picked":"Empty Cage"}],"items_purged_floors":[13,21,39,47,53],"is_endless":false,"potions_floor_spawned":[1,4,7,14,18,30,33,37,38,42,44,54],"ascension_level":16}}