{"host":"6p0attdrtjqaih7v","time":1613062852,"event":{"mods":["2.2 Compatiblity","AchievementEnabler","Bard","BaseMod","Better Skull","Better Third Choice","Colored Powertips","Hermit","Highlight Path","Key Reminder","Minty Spire (QoL Compilation)","Permanent Neow","Quick Restart","Random Character Button","Relic Stats","Reliquary","Replay The Spire","Robot Space Explorer","StSLib","The Hayseed","The Witch"],"gold_per_floor":[118,135,1,14,14,43,61,61,61,61,91,110,125,150,150,224,224,235,251,251,251,270,270,298,298,298,314,330,356,114,130,130,204,204,220,238,238,76,0,0,25,25,25,25,36,36,46,64,64,64,64],"floor_reached":52,"language":"ENG","playtime":2962,"items_purged":["RobotSpaceExplorer:Strike","RobotSpaceExplorer:Strike"],"score":1853,"play_id":"fdc6c04a-1c86-450d-9009-034754ef1eac","local_time":"20210211120052","is_ascension_mode":true,"campfire_choices":[{"data":"RobotSpaceExplorer:Blaster","floor":8,"key":"SMITH"},{"data":"RobotSpaceExplorer:PlasmaMissile","floor":10,"key":"SMITH"},{"data":"RobotSpaceExplorer:IronShell","floor":15,"key":"SMITH"},{"data":"RobotSpaceExplorer:Fix","floor":23,"key":"SMITH"},{"data":"RobotSpaceExplorer:StarDust","floor":25,"key":"SMITH"},{"floor":32,"key":"REST"},{"data":"Madness","floor":40,"key":"SMITH"},{"data":"Madness","floor":40,"key":"SMITH"},{"floor":42,"key":"REST"},{"data":"Finesse","floor":44,"key":"SMITH"},{"data":"Finesse","floor":44,"key":"SMITH"},{"floor":49,"key":"REST"}],"circlet_count":0,"master_deck":["AscendersBane","RobotSpaceExplorer:Strike","RobotSpaceExplorer:Defend","RobotSpaceExplorer:Defend","RobotSpaceExplorer:Defend","RobotSpaceExplorer:Defend","RobotSpaceExplorer:Scan","RobotSpaceExplorer:MiniLasers+1","RobotSpaceExplorer:SlimeMissile","RobotSpaceExplorer:PlasmaMissile+1","RobotSpaceExplorer:GearShield","RobotSpaceExplorer:PlasmaMissile+1","RobotSpaceExplorer:JunkDive","RobotSpaceExplorer:Blaster+1","RobotSpaceExplorer:Probe","RobotSpaceExplorer:IronShell+1","RobotSpaceExplorer:ScrapToss","RobotSpaceExplorer:StarDust+1","RobotSpaceExplorer:ScrapToss","RobotSpaceExplorer:Fix+1","RobotSpaceExplorer:Autoloader","RobotSpaceExplorer:ScrapShield","Finesse+1","Finesse+1","RobotSpaceExplorer:GearShield","RobotSpaceExplorer:DroneSwarm","RobotSpaceExplorer:MetalStrike+1","Madness+1","Madness+1","ReplayTheSpireMod:Private Reserves+1","RobotSpaceExplorer:ScrapShield","RobotSpaceExplorer:SwiftStep+1","RobotSpaceExplorer:ExhaustFan+1"],"relics":["RobotSpaceExplorer:RoboCore","Blue Doll","reliquary:ExpiredCoupon","Iron Hammer","keyreminder:keyreminder","Regal Pillow","reliquary:Ember","MutagenicStrength","reliquary:Buckler","Replay:Arrowhead","Incense Burner","RobotSpaceExplorer:Reprocessor","Red Mask","Bird Faced Urn","Anchor"],"acts_visited":["Exordium","TheCity","TheBeyond"],"potions_floor_usage":[6,11,14,14,16,28,29,47,48,50],"damage_taken":[{"damage":0,"enemies":"Jaw Worm","floor":1,"turns":3},{"damage":0,"enemies":"Cultist","floor":2,"turns":2},{"damage":0,"enemies":"Small Slimes","floor":4,"turns":3},{"damage":6,"enemies":"Gremlin Nob","floor":6,"turns":3},{"damage":2,"enemies":"Red Slaver","floor":7,"turns":3},{"damage":15,"enemies":"3 Sentries","floor":11,"turns":5},{"damage":0,"enemies":"2 Fungi Beasts","floor":12,"turns":2},{"damage":0,"enemies":"3 Louse","floor":13,"turns":2},{"damage":8,"enemies":"Gremlin Nob","floor":14,"turns":3},{"damage":23,"enemies":"Hexaghost","floor":16,"turns":10},{"damage":2,"enemies":"Chosen","floor":18,"turns":3},{"damage":14,"enemies":"Spheric Guardian","floor":19,"turns":4},{"damage":0,"enemies":"Snecko","floor":22,"turns":4},{"damage":24,"enemies":"Gremlin Leader","floor":24,"turns":6},{"damage":0,"enemies":"3 Cultists","floor":27,"turns":4},{"damage":20,"enemies":"Shelled Parasite and Fungi","floor":28,"turns":5},{"damage":43,"enemies":"Slavers","floor":29,"turns":5},{"damage":0,"enemies":"Centurion and Healer","floor":31,"turns":4},{"damage":0,"enemies":"Champ","floor":33,"turns":7},{"damage":2,"enemies":"3 Darklings","floor":35,"turns":4},{"damage":0,"enemies":"Orb Walker","floor":36,"turns":3},{"damage":37,"enemies":"Mind Bloom Boss Battle","floor":41,"turns":6},{"damage":11,"enemies":"Maw","floor":45,"turns":8},{"damage":52,"enemies":"Sphere and 2 Shapes","floor":47,"turns":4},{"damage":18,"enemies":"Spire Growth","floor":48,"turns":5},{"damage":24,"enemies":"Donu and Deca","floor":50,"turns":11},{"damage":31,"enemies":"Time Eater","floor":51,"turns":15}],"seed_played":"-4001692017449790238","potions_obtained":[{"floor":5,"key":"Fire Potion"},{"floor":6,"key":"Ancient Potion"},{"floor":12,"key":"ColorlessPotion"},{"floor":13,"key":"AttackPotion"},{"floor":14,"key":"RobotSpaceExplorer:RecyclePotion"},{"floor":19,"key":"Regen Potion"},{"floor":22,"key":"Flashbang"},{"floor":28,"key":"FearPotion"},{"floor":29,"key":"Ancient Potion"},{"floor":47,"key":"SneckoOil"}],"is_trial":false,"path_per_floor":["M","M","$","M","?","E","M","R","T","R","E","M","M","E","R","B",null,"M","M","?","?","M","R","E","R","T","M","M","E","$","M","R","B",null,"M","M","?","$","?","R","?","R","T","R","M","?","M","M","R","B","B",null],"character_chosen":"RobotSpaceExplorer","items_purchased":["RobotSpaceExplorer:PlasmaMissile","Strength Potion","Finesse","RobotSpaceExplorer:LiquidFusion","ReplayTheSpireMod:Private Reserves+1"],"campfire_rested":3,"item_purchase_floors":[3,3,30,30,38],"current_hp_per_floor":[64,64,64,64,64,58,56,56,56,56,41,41,41,33,33,10,56,54,40,40,81,81,81,59,59,59,65,65,28,28,34,73,79,81,79,79,64,64,64,64,33,72,72,72,70,70,30,12,51,39,20],"gold":64,"neow_bonus":"THREE_CARDS","is_daily":false,"chose_seed":false,"campfire_upgraded":9,"win_rate":0.0,"timestamp":1613062852,"path_taken":["M","M","$","M","?","E","M","R","T","R","E","M","?","E","R","BOSS","M","M","?","?","M","R","E","R","T","?","M","E","$","M","R","BOSS","M","M","?","$","?","R","?","R","T","R","M","?","M","M","R","BOSS","BOSS"],"items_purchased_type":["Card","Potion","Card","Potion","Card"],"build_version":"2020-12-22","purchased_purges":2,"victory":true,"max_hp_per_floor":[71,71,71,71,71,71,71,71,71,71,71,71,71,71,71,71,71,71,71,71,81,81,81,81,81,81,81,81,81,81,81,81,81,81,81,81,81,81,81,81,81,81,81,81,81,81,81,81,81,81,81],"relic_stats":{"Regal Pillow":45,"counters":[27,134],"Bird Faced Urn":[21],"obtain_stats":[{"Regal Pillow":14,"RobotSpaceExplorer:RoboCore":0,"Blue Doll":6,"Incense Burner":29,"RobotSpaceExplorer:Reprocessor":34,"Replay:Arrowhead":26,"keyreminder:keyreminder":11,"reliquary:ExpiredCoupon":9,"Anchor":43,"MutagenicStrength":20,"Bird Faced Urn":41,"reliquary:Buckler":24,"Iron Hammer":11,"reliquary:Ember":17,"Red Mask":39},{"Regal Pillow":9,"RobotSpaceExplorer:RoboCore":0,"Blue Doll":4,"Incense Burner":17,"RobotSpaceExplorer:Reprocessor":19,"Replay:Arrowhead":14,"keyreminder:keyreminder":6,"reliquary:ExpiredCoupon":5,"Anchor":22,"MutagenicStrength":12,"Bird Faced Urn":22,"reliquary:Buckler":14,"Iron Hammer":6,"reliquary:Ember":10,"Red Mask":21},{"Regal Pillow":26,"RobotSpaceExplorer:RoboCore":0,"Blue Doll":11,"Incense Burner":67,"RobotSpaceExplorer:Reprocessor":78,"Replay:Arrowhead":53,"keyreminder:keyreminder":19,"reliquary:ExpiredCoupon":14,"Anchor":91,"MutagenicStrength":43,"Bird Faced Urn":91,"reliquary:Buckler":53,"Iron Hammer":19,"reliquary:Ember":36,"Red Mask":85}]},"card_choices":[{"not_picked":["RobotSpaceExplorer:Ammunition","RobotSpaceExplorer:SurgingShield"],"picked":"RobotSpaceExplorer:SlimeMissile","floor":0},{"not_picked":["RobotSpaceExplorer:FranticSearch","RobotSpaceExplorer:ShockKick"],"picked":"RobotSpaceExplorer:PlasmaMissile","floor":1},{"not_picked":["RobotSpaceExplorer:Reload","RobotSpaceExplorer:Fix"],"picked":"RobotSpaceExplorer:GearShield","floor":2},{"not_picked":["RobotSpaceExplorer:MetalStrike","RobotSpaceExplorer:TurboDodge"],"picked":"RobotSpaceExplorer:JunkDive","floor":4},{"not_picked":["RobotSpaceExplorer:FranticSearch","RobotSpaceExplorer:ChargingLaser"],"picked":"RobotSpaceExplorer:Blaster","floor":6},{"not_picked":["RobotSpaceExplorer:Electroshield","RobotSpaceExplorer:Jetpack"],"picked":"RobotSpaceExplorer:Probe","floor":7},{"not_picked":["RobotSpaceExplorer:BlastShield","RobotSpaceExplorer:Arsenal"],"picked":"RobotSpaceExplorer:Wormhole","floor":11},{"not_picked":["RobotSpaceExplorer:FrostMissile","RobotSpaceExplorer:RigExplosive"],"picked":"RobotSpaceExplorer:IronShell","floor":12},{"not_picked":["RobotSpaceExplorer:SurgingStrike","RobotSpaceExplorer:StunGrenade"],"picked":"RobotSpaceExplorer:ScrapToss","floor":13},{"not_picked":["RobotSpaceExplorer:MiniBoosters","RobotSpaceExplorer:SurgingStrike","RobotSpaceExplorer:Pulsar"],"picked":"SKIP","floor":14},{"not_picked":["RobotSpaceExplorer:Wormhole","RobotSpaceExplorer:Scanner"],"picked":"RobotSpaceExplorer:ShockMissile","floor":16},{"not_picked":["RobotSpaceExplorer:ShockKick","RobotSpaceExplorer:ScrapMissile"],"picked":"RobotSpaceExplorer:StarDust","floor":18},{"not_picked":["RobotSpaceExplorer:Counterblock","RobotSpaceExplorer:FrostMissile"],"picked":"RobotSpaceExplorer:ScrapToss","floor":19},{"not_picked":["RobotSpaceExplorer:MiniDrones","RobotSpaceExplorer:JunkDive"],"picked":"RobotSpaceExplorer:Fix","floor":22},{"not_picked":["RobotSpaceExplorer:Probe","RobotSpaceExplorer:DualCore"],"picked":"RobotSpaceExplorer:Autoloader","floor":24},{"not_picked":["RobotSpaceExplorer:MiniBoosters","RobotSpaceExplorer:Reload"],"picked":"RobotSpaceExplorer:ScrapShield","floor":27},{"not_picked":["RobotSpaceExplorer:ShockKick","RobotSpaceExplorer:ImprovisedAttack","RobotSpaceExplorer:SurgingShield"],"picked":"SKIP","floor":28},{"not_picked":["RobotSpaceExplorer:Counterblock","RobotSpaceExplorer:Pulsar","RobotSpaceExplorer:Ammunition"],"picked":"SKIP","floor":29},{"not_picked":["RobotSpaceExplorer:MetalStrike","RobotSpaceExplorer:SurgingStrike"],"picked":"RobotSpaceExplorer:GearShield","floor":31},{"not_picked":["RobotSpaceExplorer:BlastShield","RobotSpaceExplorer:HighVoltage"],"picked":"RobotSpaceExplorer:DroneSwarm","floor":33},{"not_picked":["RobotSpaceExplorer:ShockKick","RobotSpaceExplorer:Counterblock"],"picked":"RobotSpaceExplorer:MetalStrike+1","floor":35},{"not_picked":["RobotSpaceExplorer:MakeshiftVolley","RobotSpaceExplorer:FreezingShield","RobotSpaceExplorer:Pulsar"],"picked":"SKIP","floor":36},{"not_picked":["RobotSpaceExplorer:Ammunition","RobotSpaceExplorer:Counterblock"],"picked":"RobotSpaceExplorer:ScrapShield","floor":45},{"not_picked":["RobotSpaceExplorer:Pulsar","RobotSpaceExplorer:SlimeMissile"],"picked":"RobotSpaceExplorer:SwiftStep+1","floor":47},{"not_picked":["RobotSpaceExplorer:MiniDrones","RobotSpaceExplorer:SurgingShield"],"picked":"RobotSpaceExplorer:ExhaustFan+1","floor":48}],"player_experience":1103024,"relics_obtained":[{"floor":6,"key":"Blue Doll"},{"floor":9,"key":"reliquary:ExpiredCoupon"},{"floor":11,"key":"Iron Hammer"},{"floor":14,"key":"Regal Pillow"},{"floor":24,"key":"reliquary:Buckler"},{"floor":26,"key":"Replay:Arrowhead"},{"floor":29,"key":"Incense Burner"},{"floor":41,"key":"Bird Faced Urn"},{"floor":43,"key":"Anchor"}],"event_choices":[{"damage_healed":0,"gold_gain":0,"player_choice":"Got Potions","damage_taken":0,"max_hp_gain":0,"max_hp_loss":0,"event_name":"Lab","floor":5,"gold_loss":0},{"damage_healed":0,"gold_gain":0,"player_choice":"Inject Mutagens","damage_taken":0,"relics_obtained":["MutagenicStrength"],"max_hp_gain":0,"max_hp_loss":0,"event_name":"Drug Dealer","floor":20,"gold_loss":0},{"cards_removed":["RobotSpaceExplorer:ShockMissile"],"damage_healed":31,"gold_gain":0,"player_choice":"Offered Rare","damage_taken":0,"max_hp_gain":10,"max_hp_loss":0,"event_name":"Bonfire Elementals","floor":21,"gold_loss":0},{"damage_healed":0,"gold_gain":0,"player_choice":"Embrace Madness","damage_taken":15,"max_hp_gain":0,"max_hp_loss":0,"event_name":"Winding Halls","floor":37,"gold_loss":0,"cards_obtained":["Madness","Madness"]},{"damage_healed":0,"gold_gain":0,"player_choice":"Paid","damage_taken":0,"relics_obtained":["Red Mask"],"max_hp_gain":0,"max_hp_loss":0,"event_name":"Tomb of Lord Red Mask","floor":39,"gold_loss":76},{"damage_healed":0,"gold_gain":0,"player_choice":"Fight","damage_taken":0,"max_hp_gain":0,"max_hp_loss":0,"event_name":"MindBloom","floor":41,"gold_loss":0}],"is_beta":false,"boss_relics":[{"not_picked":["Calling Bell","Painkiller Herb"],"picked":"reliquary:Ember"},{"not_picked":["Pandora\u0027s Box","Coffee Dripper"],"picked":"RobotSpaceExplorer:Reprocessor"}],"items_purged_floors":[30,38],"is_endless":false,"potions_floor_spawned":[6,12,13,14,19,22,27,28,29,33,35,36,47],"ascension_level":20}}