{"host":"5m2js577gj4e7pak","time":1613021096,"event":{"mods":["AchievementEnabler","BaseMod","Better Match","BetterRewards","Colored Map","Colored Powertips","Googly Eyes","Highlight Path","Lobotomy","LobotomyExtend","Minty Spire (QoL Compilation)","Quick Restart","Relic Filter","StSLib"],"gold_per_floor":[214,214,232,252,252,252,262,281,281,281,296,296,14,34,34,34,34,34],"floor_reached":7,"language":"ENG","playtime":339,"items_purged":[],"score":51,"play_id":"1e86068e-5fd4-4040-bc58-bc12328175d7","local_time":"20210211062456","is_ascension_mode":true,"campfire_choices":[],"circlet_count":0,"master_deck":["SpecialBullet","SpecialBullet","SpecialBullet","SpecialBullet","SpecialBullet","SpecialBullet","SecurityCode","InformationCode","ControlCode","RedEyes","SingingMachine","SomewhereSpear","Harvest","QueenOfHatred","Logging","SpecialBullet","OSAHOGD","ScreamingWedge","Diffraction","Pain","Beak+1","BloodyDesire"],"relics":["CogitoBucket","LaetitiaHeart","Incense Burner","SkinProphecy","LetterFromLob","WarpedTongs","Molten Egg 2"],"acts_visited":["Exordium"],"potions_floor_usage":[1],"damage_taken":[{"damage":6,"enemies":"2 Louse","floor":1,"turns":2},{"damage":4,"enemies":"Cultist","floor":3,"turns":2},{"damage":4,"enemies":"Jaw Worm","floor":4,"turns":1},{"damage":14,"enemies":"Jaw Worm","floor":5,"turns":2},{"damage":6,"enemies":"2 Fungi Beasts","floor":7,"turns":2},{"damage":6,"enemies":"Exordium Thugs","floor":8,"turns":3},{"damage":48,"enemies":"Cultist","floor":1,"turns":3},{"damage":11,"enemies":"Jaw Worm","floor":4,"turns":2},{"damage":35,"enemies":"Lagavulin","floor":7,"turns":2}],"seed_played":"1825265263604338157","potions_obtained":[{"floor":1,"key":"Energy Potion"},{"floor":8,"key":"Block Potion"},{"floor":4,"key":"ColorlessPotion"}],"is_trial":false,"path_per_floor":["M","?","M","M","?","R","M","M","T","R","E","M","?","$","M","$","R","E"],"character_chosen":"Angela","items_purchased":["Molten Egg 2","Beak+1"],"campfire_rested":0,"item_purchase_floors":[3,3],"current_hp_per_floor":[70,70,70,70,14,14,16,30,30,30,22,22,22,33,33,33,0,0],"gold":34,"neow_bonus":"HUNDRED_GOLD","is_daily":false,"chose_seed":false,"campfire_upgraded":0,"win_rate":0.0,"timestamp":1613021096,"path_taken":["M","?","?","?","?","R","M","M","T","R","E","M","?","?","M","$","R","E"],"items_purchased_type":["Relic","Card"],"build_version":"2020-12-22","purchased_purges":0,"victory":false,"max_hp_per_floor":[70,70,70,70,70,70,70,70,70,70,70,70,70,72,72,72,74,74],"card_choices":[{"not_picked":["Horn"],"picked":"RedEyes","floor":1},{"not_picked":["Regret_ego"],"picked":"SomewhereSpear","floor":3},{"not_picked":["Spore"],"picked":"Harvest","floor":4},{"not_picked":["Freischutz","OSAHOGD"],"picked":"QueenOfHatred","floor":7},{"not_picked":["Galaxy"],"picked":"Logging","floor":7},{"not_picked":["MHz","Wellcheers"],"picked":"OSAHOGD","floor":8},{"not_picked":["Soda"],"picked":"ScreamingWedge","floor":8},{"not_picked":["Lantern"],"picked":"Diffraction","floor":1},{"not_picked":["Discord"],"picked":"BloodyDesire","floor":4}],"player_experience":61730,"relics_obtained":[{"floor":1,"key":"LetterFromLob"},{"floor":9,"key":"Incense Burner"},{"floor":1,"key":"LetterFromLob"}],"event_choices":[{"cards_removed":["SpecialBullet"],"damage_healed":0,"gold_gain":0,"player_choice":"Took Card","damage_taken":0,"max_hp_gain":0,"max_hp_loss":0,"event_name":"NoteForYourself","floor":2,"gold_loss":0,"cards_obtained":["SingingMachine"]},{"damage_healed":0,"gold_gain":0,"player_choice":"Rummage","damage_taken":0,"relics_obtained":["WarpedTongs"],"max_hp_gain":0,"max_hp_loss":0,"event_name":"Accursed Blacksmith","floor":2,"gold_loss":0,"cards_obtained":["Pain"]}],"is_beta":false,"boss_relics":[],"items_purged_floors":[],"is_endless":false,"potions_floor_spawned":[1,8,4],"killed_by":"Lagavulin","ascension_level":1}}