{"host":"og6lam4kt3nibbw0","time":1613069110,"event":{"mods":["AchievementEnabler","BaseMod","Colored Map","DeckTracker","Highlight Path","Keyboard Shortcuts","Minty Spire (QoL Compilation)","Permanent Neow","Quick Restart","StSLib","SuperFastMode"],"gold_per_floor":[112,37,57,77,89,89,89,109,109,109,129,69,99,99,110,110,110,110],"floor_reached":17,"language":"KOR","playtime":562,"items_purged":["Regret"],"score":218,"play_id":"e17489c4-6c6e-47a8-a3fa-0572bf81b139","local_time":"20210212034510","is_ascension_mode":true,"campfire_choices":[{"data":"Glacier","floor":6,"key":"SMITH"},{"floor":10,"key":"REST"},{"data":"Cold Snap","floor":16,"key":"SMITH"}],"circlet_count":0,"master_deck":["AscendersBane","Strike_B","Strike_B","Defend_B","Defend_B","Defend_B","Zap","Dualcast","Turbo","Heatsinks","Cold Snap+1","Capacitor","Glacier+1","Chill","Undo","Self Repair","Reboot"],"relics":["Cracked Core","Mummified Hand","Frozen Egg 2"],"acts_visited":["Exordium"],"potions_floor_usage":[17],"damage_taken":[{"damage":8,"enemies":"2 Louse","floor":1,"turns":3},{"damage":0,"enemies":"Cultist","floor":3,"turns":4},{"damage":10,"enemies":"Jaw Worm","floor":4,"turns":3},{"damage":17,"enemies":"2 Fungi Beasts","floor":5,"turns":6},{"damage":8,"enemies":"3 Louse","floor":8,"turns":7},{"damage":5,"enemies":"Blue Slaver","floor":11,"turns":5},{"damage":1,"enemies":"Looter","floor":12,"turns":5},{"damage":16,"enemies":"3 Sentries","floor":13,"turns":18},{"damage":7,"enemies":"3 Louse","floor":15,"turns":3},{"damage":34,"enemies":"Slime Boss","floor":17,"turns":6}],"seed_played":"-5045313637993793782","potions_obtained":[{"floor":4,"key":"SpeedPotion"},{"floor":13,"key":"AttackPotion"}],"is_trial":false,"path_per_floor":["M","$","M","M","M","R","?","M","T","R","M","M","E","E","M","R","B"],"character_chosen":"DEFECT","items_purchased":[],"campfire_rested":1,"item_purchase_floors":[],"current_hp_per_floor":[56,56,56,46,29,29,29,21,21,42,37,43,34,34,34,34,0,0],"gold":110,"neow_bonus":"TRANSFORM_TWO_CARDS","is_daily":false,"chose_seed":true,"campfire_upgraded":2,"win_rate":0.0,"timestamp":1613069110,"path_taken":["M","$","M","M","M","R","?","M","T","R","?","M","E","E","M","R","BOSS"],"items_purchased_type":[],"build_version":"2020-12-22","purchased_purges":1,"victory":false,"max_hp_per_floor":[71,71,71,71,71,71,71,71,71,71,71,71,71,71,71,71,71,71],"card_choices":[{"not_picked":["Streamline","Turbo"],"picked":"Cold Snap","floor":1},{"not_picked":["Consume","Turbo"],"picked":"Capacitor","floor":3},{"not_picked":["Recycle","Steam"],"picked":"Glacier","floor":4},{"not_picked":["Conserve Battery","Hello World"],"picked":"Chill","floor":5},{"not_picked":["Hello World","Capacitor","Force Field"],"picked":"SKIP","floor":8},{"not_picked":["Turbo","Hologram"],"picked":"Self Repair","floor":11},{"not_picked":["Capacitor","Beam Cell"],"picked":"Reboot","floor":12},{"not_picked":["Aggregate","Redo","Steam"],"picked":"SKIP","floor":15}],"player_experience":955083,"relics_obtained":[{"floor":9,"key":"Mummified Hand"},{"floor":13,"key":"Frozen Egg 2"}],"event_choices":[{"damage_healed":0,"gold_gain":0,"cards_transformed":["Strike_B"],"player_choice":"Transformed","damage_taken":0,"max_hp_gain":0,"max_hp_loss":0,"event_name":"Transmorgrifier","floor":7,"gold_loss":0,"cards_obtained":["Undo"]}],"is_beta":false,"boss_relics":[],"items_purged_floors":[2],"is_endless":false,"potions_floor_spawned":[4,13,15],"killed_by":"Slime Boss","ascension_level":20}}