{"host":"c97twqu0op5dg8i4","time":1613029923,"event":{"mods":["AchievementEnabler","BaseMod","Colored Map","Minty Spire (QoL Compilation)","Permanent Neow"],"gold_per_floor":[119,119,119,119,119,119,37,2,52,52,62,90,15,28,28,128,128,147,172,186,186,205,205,205,205],"floor_reached":24,"language":"ENG","playtime":798,"items_purged":["Strike_P"],"score":387,"play_id":"58b26485-e9e8-4156-b4d6-ce925b982452","local_time":"20210211025203","is_ascension_mode":true,"campfire_choices":[{"data":"Vigilance","floor":6,"key":"SMITH"},{"data":"Eruption","floor":10,"key":"SMITH"},{"data":"LikeWater","floor":15,"key":"SMITH"},{"floor":23,"key":"REST"}],"circlet_count":0,"master_deck":["Strike_P","Strike_P","Strike_P","Defend_P","Defend_P","Defend_P","Defend_P","Eruption+1","Vigilance+1","ConjureBlade+1","JustLucky","LikeWater+1","LikeWater","FearNoEvil","MasterReality","Necronomicurse"],"relics":["PureWater","Toy Ornithopter","Toxic Egg 2","Ancient Tea Set","Busted Crown","Red Mask","Necronomicon"],"acts_visited":["Exordium","TheCity"],"potions_floor_usage":[19,19,22,22],"damage_taken":[{"damage":0,"enemies":"Small Slimes","floor":1,"turns":3},{"damage":0,"enemies":"Jaw Worm","floor":11,"turns":3},{"damage":20,"enemies":"3 Sentries","floor":12,"turns":10},{"damage":0,"enemies":"2 Louse","floor":14,"turns":5},{"damage":0,"enemies":"Slime Boss","floor":16,"turns":3},{"damage":4,"enemies":"2 Thieves","floor":18,"turns":5},{"damage":27,"enemies":"Masked Bandits","floor":19,"turns":6},{"damage":0,"enemies":"3 Byrds","floor":20,"turns":1},{"damage":42,"enemies":"Cultist and Chosen","floor":22,"turns":10},{"damage":29,"enemies":"3 Cultists","floor":24,"turns":5}],"seed_played":"2855571860843892551","potions_obtained":[{"floor":12,"key":"Swift Potion"},{"floor":16,"key":"Strength Potion"},{"floor":19,"key":"AttackPotion"},{"floor":20,"key":"AttackPotion"}],"is_trial":false,"path_per_floor":["M","?","?","?","T","R","$","?","T","R","M","E","$","M","R","B",null,"M","?","M","?","M","R","M"],"character_chosen":"WATCHER","items_purchased":["LikeWater"],"campfire_rested":1,"item_purchase_floors":[7],"current_hp_per_floor":[65,70,58,58,58,58,58,77,77,77,77,57,57,57,57,57,72,68,51,51,35,3,26,0,0],"gold":205,"neow_bonus":"ONE_RANDOM_RARE_CARD","is_daily":false,"chose_seed":false,"campfire_upgraded":3,"win_rate":0.0,"timestamp":1613029923,"path_taken":["M","?","?","?","?","R","$","?","T","R","M","E","$","M","R","BOSS","M","?","M","?","M","R","M"],"items_purchased_type":["Card"],"build_version":"2020-12-22","purchased_purges":1,"victory":false,"max_hp_per_floor":[72,77,77,77,77,77,77,77,77,77,77,77,77,77,77,77,77,77,77,77,77,77,77,77,77],"card_choices":[{"not_picked":["EmptyBody","Adaptation"],"picked":"JustLucky","floor":1},{"not_picked":["Crescendo+1","FlyingSleeves","Swivel+1"],"picked":"SKIP","floor":11},{"not_picked":["Sanctity+1","Weave"],"picked":"LikeWater","floor":12},{"not_picked":["FollowUp","Study"],"picked":"FearNoEvil","floor":14},{"not_picked":["Judgement+1","LessonLearned"],"picked":"MasterReality","floor":16},{"not_picked":["Pray+1"],"picked":"SKIP","floor":18},{"not_picked":["FollowUp+1"],"picked":"SKIP","floor":20},{"not_picked":["PathToVictory+1"],"picked":"SKIP","floor":22}],"player_experience":380815,"relics_obtained":[{"floor":5,"key":"Toxic Egg 2"},{"floor":9,"key":"Ancient Tea Set"},{"floor":12,"key":"Dead Branch"},{"floor":19,"key":"Red Mask"},{"floor":21,"key":"Necronomicon"}],"event_choices":[{"damage_healed":0,"gold_gain":0,"player_choice":"Donut","damage_taken":0,"max_hp_gain":5,"max_hp_loss":0,"event_name":"Big Fish","floor":2,"gold_loss":0},{"damage_healed":0,"gold_gain":0,"player_choice":"Success","damage_taken":12,"relics_obtained":["Toy Ornithopter"],"max_hp_gain":0,"max_hp_loss":0,"event_name":"Scrap Ooze","floor":3,"gold_loss":0},{"damage_healed":0,"gold_gain":0,"player_choice":"Grow","damage_taken":0,"max_hp_gain":0,"max_hp_loss":0,"event_name":"Living Wall","floor":4,"gold_loss":0,"cards_upgraded":["ConjureBlade"]},{"damage_healed":19,"gold_gain":0,"player_choice":"Healed","damage_taken":0,"max_hp_gain":0,"max_hp_loss":0,"event_name":"The Cleric","floor":8,"gold_loss":35},{"damage_healed":0,"gold_gain":0,"player_choice":"Fought Bandits","damage_taken":0,"max_hp_gain":0,"max_hp_loss":0,"event_name":"Masked Bandits","floor":19,"gold_loss":0},{"damage_healed":0,"gold_gain":0,"player_choice":"Obtained Book","damage_taken":16,"max_hp_gain":0,"max_hp_loss":0,"event_name":"Cursed Tome","floor":21,"gold_loss":0}],"is_beta":false,"boss_relics":[{"not_picked":["Ectoplasm","Pandora\u0027s Box"],"picked":"Busted Crown"}],"items_purged_floors":[13],"is_endless":false,"potions_floor_spawned":[12,16,19,20],"killed_by":"3 Cultists","ascension_level":9}}