{"host":"h0xw20cia6ppa69g","time":1613037219,"event":{"mods":["AchievementEnabler","BaseMod","Colored Map","Filter the Spire","Googly Eyes","Minty Spire (QoL Compilation)","Relic Stats","StSLib","The Awakened One except there are too many feathers","everything is the same but u backflip on backflip"],"gold_per_floor":[111,111,122,141,91,116,37,58,58,68,101,4,29,45,45,146,146,163,163,109,127,146,181,181,215,215,1,34,46,46,65,65,164,164,176,189,189,208,208,240,240,158,212,212,246,258,290,190,190,190,190,190,14,44,44],"floor_reached":56,"language":"ENG","playtime":3331,"items_purged":["Strike_P","Clumsy"],"score":1519,"play_id":"5395458e-ae91-4b8c-a6af-dac3dbb01664","local_time":"20210211035339","is_ascension_mode":true,"campfire_choices":[{"data":"Devotion","floor":15.0,"key":"SMITH"},{"data":"WaveOfTheHand","floor":24.0,"key":"SMITH"},{"data":"WindmillStrike","floor":30.0,"key":"SMITH"},{"data":"Worship","floor":32.0,"key":"SMITH"},{"floor":41,"key":"RECALL"},{"data":"Panacea","floor":44,"key":"SMITH"},{"data":"Judgement","floor":49,"key":"SMITH"},{"data":"ThirdEye","floor":52,"key":"SMITH"}],"circlet_count":0,"master_deck":["Strike_P","Defend_P","Defend_P+1","Defend_P+1","Eruption+1","Vigilance+1","Devotion+1","Worship+1","EmptyFist+1","Conclude","Perseverance+1","Wireheading+1","DeusExMachina","Pray+1","ThirdEye+1","WaveOfTheHand+1","CarveReality","Judgement+1","ReachHeaven+1","FearNoEvil+1","WindmillStrike+1","Wallop","DeceiveReality+1","ThirdEye+1","EmptyMind+1","LessonLearned+1","ThirdEye+1","Fasting2+1","Prostrate+1","Devotion+1","Prostrate+1","Weave+1","ForeignInfluence+1","Panacea+1","FlurryOfBlows+1","FlurryOfBlows","Halt","ThirdEye+1"],"relics":["PureWater","Matryoshka","Odd Mushroom","Whetstone","Bottled Tornado","Darkstone Periapt","Bag of Preparation","Cursed Key","Boot","HornCleat","Prayer Wheel","Pocketwatch","PreservedInsect","Yang","Lantern","Strawberry","Empty Cage","Pen Nib","Question Card","Gambling Chip","Vajra","Bronze Scales"],"acts_visited":["Exordium","TheCity","TheBeyond","TheEnding"],"potions_floor_usage":[47,55],"damage_taken":[{"damage":0.0,"enemies":"2 Louse","floor":1.0,"turns":4.0},{"damage":3.0,"enemies":"Cultist","floor":3.0,"turns":6.0},{"damage":0.0,"enemies":"Small Slimes","floor":4.0,"turns":3.0},{"damage":28.0,"enemies":"Gremlin Nob","floor":6.0,"turns":3.0},{"damage":10.0,"enemies":"The Mushroom Lair","floor":8.0,"turns":4.0},{"damage":10.0,"enemies":"Looter","floor":10.0,"turns":3.0},{"damage":18.0,"enemies":"3 Sentries","floor":11.0,"turns":8.0},{"damage":1.0,"enemies":"Lagavulin","floor":13.0,"turns":5.0},{"damage":0.0,"enemies":"3 Louse","floor":14.0,"turns":2.0},{"damage":0.0,"enemies":"The Guardian","floor":16.0,"turns":9.0},{"damage":0.0,"enemies":"Chosen","floor":18.0,"turns":3.0},{"damage":0.0,"enemies":"3 Byrds","floor":21.0,"turns":4.0},{"damage":0.0,"enemies":"Snake Plant","floor":22.0,"turns":3.0},{"damage":7.0,"enemies":"Book of Stabbing","floor":23.0,"turns":4.0},{"damage":26.0,"enemies":"Slavers","floor":25.0,"turns":4.0},{"damage":11.0,"enemies":"Book of Stabbing","floor":28.0,"turns":3.0},{"damage":0.0,"enemies":"Chosen and Byrds","floor":29.0,"turns":3.0},{"damage":0.0,"enemies":"Cultist and Chosen","floor":31.0,"turns":4.0},{"damage":1.0,"enemies":"Champ","floor":33.0,"turns":12.0},{"damage":13.0,"enemies":"Orb Walker","floor":35.0,"turns":7.0},{"damage":0.0,"enemies":"3 Shapes","floor":36.0,"turns":9.0},{"damage":0,"enemies":"Jaw Worm Horde","floor":38,"turns":8},{"damage":0,"enemies":"Giant Head","floor":40,"turns":6},{"damage":1,"enemies":"Reptomancer","floor":45,"turns":7},{"damage":0,"enemies":"4 Shapes","floor":46,"turns":4},{"damage":0,"enemies":"Giant Head","floor":47,"turns":6},{"damage":36,"enemies":"Awakened One","floor":50,"turns":11},{"damage":2,"enemies":"Shield and Spear","floor":54,"turns":3},{"damage":28,"enemies":"The Heart","floor":55,"turns":8}],"seed_played":"3386931242359546699","potions_obtained":[{"floor":4.0,"key":"SkillPotion"},{"floor":8.0,"key":"Ambrosia"},{"floor":10.0,"key":"Regen Potion"},{"floor":13.0,"key":"AttackPotion"},{"floor":23.0,"key":"SneckoOil"},{"floor":29.0,"key":"Ancient Potion"},{"floor":33.0,"key":"DistilledChaos"}],"is_trial":false,"path_per_floor":["M","?","M","M","?","E","$","?","T","M","E","$","E","M","R","B",null,"M","?","?","M","M","E","R","E","T","$","E","M","R","M","R","B",null,"M","M","?","M","?","E","R","$","T","R","E","M","E","$","R","B",null,"R","$","E","B",null],"character_chosen":"WATCHER","items_purchased":["Wireheading","ThirdEye","Lantern","DeceiveReality","Panacea","Vajra","Halt"],"campfire_rested":0,"item_purchase_floors":[7,12,27,27,42,53,53],"current_hp_per_floor":[65,65,62,62,62,34,34,24,24,14,11,11,10,10,10,10,65,65,71,71,71,71,64,64,38,44,44,40,40,40,40,40,39,84,71,71,71,71,71,71,71,71,77,77,76,76,76,76,76,40,90,90,90,88,60],"gold":44,"neow_bonus":"THREE_RARE_CARDS","is_daily":false,"chose_seed":false,"campfire_upgraded":7,"win_rate":0.0,"timestamp":1613037219,"path_taken":["M","?","M","?","?","E","$","?","T","M","E","$","E","M","R","BOSS","M","?","?","M","M","E","R","E","T","$","E","M","R","M","R","BOSS","M","?","?","?","?","E","R","$","T","R","E","M","E","?","R","BOSS","R","$","E","BOSS"],"items_purchased_type":["Card","Card","Relic","Card","Card","Relic","Card"],"build_version":"2020-12-22","purchased_purges":2,"victory":true,"max_hp_per_floor":[65,65,65,65,65,65,65,65,65,65,65,65,65,65,65,65,65,65,71,71,71,71,71,71,71,77,77,84,84,84,84,84,84,84,84,84,84,84,84,84,84,84,90,90,90,90,90,90,90,90,90,90,90,90,90],"relic_stats":{"Darkstone Periapt":18,"counters":[29,156],"Yang":[157],"PreservedInsect":416,"Pen Nib":[9],"Bag of Preparation":[45],"Whetstone":["Eruption","EmptyFist"],"Cursed Key":2,"Boot":[9],"Question Card":4,"Gambling Chip":[9],"Bronze Scales":[78],"Prayer Wheel":7,"obtain_stats":[{"Darkstone Periapt":11,"Lantern":27,"Vajra":53,"Yang":26,"PreservedInsect":26,"Pen Nib":40,"Bag of Preparation":13,"Whetstone":9,"Odd Mushroom":8,"Bottled Tornado":9,"Cursed Key":17,"Boot":19,"Empty Cage":34,"Question Card":45,"Matryoshka":6,"HornCleat":20,"Strawberry":28,"Gambling Chip":47,"Bronze Scales":54,"Prayer Wheel":23,"PureWater":0,"Pocketwatch":25},{"Darkstone Periapt":7,"Lantern":15,"Vajra":27,"Yang":15,"PreservedInsect":15,"Pen Nib":23,"Bag of Preparation":8,"Whetstone":5,"Odd Mushroom":5,"Bottled Tornado":5,"Cursed Key":10,"Boot":11,"Empty Cage":19,"Question Card":24,"Matryoshka":4,"HornCleat":11,"Strawberry":16,"Gambling Chip":26,"Bronze Scales":28,"Prayer Wheel":14,"PureWater":0,"Pocketwatch":15},{"Darkstone Periapt":31,"Lantern":65,"Vajra":145,"Yang":65,"PreservedInsect":65,"Pen Nib":117,"Bag of Preparation":36,"Whetstone":20,"Odd Mushroom":20,"Bottled Tornado":20,"Cursed Key":47,"Boot":50,"Empty Cage":87,"Question Card":124,"Matryoshka":16,"HornCleat":50,"Strawberry":68,"Gambling Chip":134,"Bronze Scales":148,"Prayer Wheel":61,"PureWater":0,"Pocketwatch":65}],"Pocketwatch":[19]},"card_choices":[{"not_picked":["SpiritShield","DevaForm"],"picked":"Devotion","floor":0.0},{"not_picked":["Crescendo","BowlingBash"],"picked":"Worship","floor":1.0},{"not_picked":["EmptyMind","Weave"],"picked":"EmptyFist","floor":3.0},{"not_picked":["Protect","Prostrate"],"picked":"Conclude","floor":4.0},{"not_picked":["EmptyFist","SashWhip"],"picked":"Perseverance","floor":6.0},{"not_picked":["EmptyFist","Halt"],"picked":"DeusExMachina","floor":8.0},{"not_picked":["WreathOfFlame","Collect","SashWhip"],"picked":"SKIP","floor":10.0},{"not_picked":["ClearTheMind","Consecrate"],"picked":"Pray","floor":11.0},{"not_picked":["InnerPeace","CrushJoints"],"picked":"WaveOfTheHand","floor":13.0},{"not_picked":["ThirdEye","CrushJoints"],"picked":"CarveReality","floor":14.0},{"not_picked":["Alpha","Scrawl"],"picked":"Judgement","floor":16.0},{"not_picked":["ThirdEye+1","Protect"],"picked":"ReachHeaven+1","floor":18.0},{"not_picked":["FlyingSleeves+1","Perseverance"],"picked":"FearNoEvil+1","floor":21.0},{"not_picked":["PathToVictory","SashWhip","CutThroughFate"],"picked":"SKIP","floor":22.0},{"not_picked":["BattleHymn","CutThroughFate+1"],"picked":"WindmillStrike","floor":23.0},{"not_picked":["WheelKick","Evaluate"],"picked":"Wallop","floor":25.0},{"not_picked":["Evaluate+1","PathToVictory"],"picked":"ThirdEye+1","floor":28.0},{"not_picked":["ClearTheMind+1","Protect"],"picked":"EmptyMind+1","floor":29.0},{"not_picked":["Consecrate","Judgement","Halt"],"picked":"SKIP","floor":29.0},{"not_picked":["FollowUp","ThirdEye","CutThroughFate"],"picked":"SKIP","floor":31.0},{"not_picked":["WaveOfTheHand","Evaluate","EmptyFist"],"picked":"SKIP","floor":31.0},{"not_picked":["Vault","Blasphemy"],"picked":"LessonLearned","floor":33.0},{"not_picked":["Prostrate","Evaluate"],"picked":"ThirdEye+1","floor":35.0},{"not_picked":["ClearTheMind+1","EmptyMind+1"],"picked":"Fasting2","floor":35.0},{"not_picked":["JustLucky+1","ForeignInfluence"],"picked":"Prostrate+1","floor":36},{"not_picked":["Halt+1","CutThroughFate+1","Crescendo"],"picked":"SKIP","floor":36},{"not_picked":["FlyingSleeves+1","Consecrate+1"],"picked":"Prostrate+1","floor":38},{"not_picked":["ClearTheMind","BowlingBash+1"],"picked":"Weave+1","floor":38},{"not_picked":["Protect+1","Alpha"],"picked":"ForeignInfluence+1","floor":40},{"not_picked":["SashWhip","Swivel+1","Pray+1"],"picked":"SKIP","floor":45},{"not_picked":["MentalFortress","BowlingBash+1","Evaluate+1"],"picked":"FlurryOfBlows+1","floor":46},{"not_picked":["Collect","ForeignInfluence+1","BowlingBash","Sanctity+1"],"picked":"SKIP","floor":46},{"not_picked":["CrushJoints+1","EmptyFist","BowlingBash"],"picked":"FlurryOfBlows","floor":47},{"not_picked":["SignatureMove","Protect+1","WheelKick"],"picked":"ThirdEye+1","floor":54}],"player_experience":3854064,"relics_obtained":[{"floor":6.0,"key":"Matryoshka"},{"floor":8.0,"key":"Odd Mushroom"},{"floor":9.0,"key":"Whetstone"},{"floor":9.0,"key":"Bottled Tornado"},{"floor":11.0,"key":"Darkstone Periapt"},{"floor":13.0,"key":"Bag of Preparation"},{"floor":23.0,"key":"Prayer Wheel"},{"floor":25.0,"key":"Pocketwatch"},{"floor":26.0,"key":"PreservedInsect"},{"floor":26.0,"key":"Yang"},{"floor":28.0,"key":"Strawberry"},{"floor":40,"key":"Pen Nib"},{"floor":45,"key":"Question Card"},{"floor":47,"key":"Gambling Chip"},{"floor":54,"key":"Bronze Scales"}],"event_choices":[{"cards_removed":["Strike_P"],"damage_healed":0.0,"max_hp_gain":0.0,"max_hp_loss":0.0,"gold_gain":0.0,"event_name":"Bonfire Elementals","player_choice":"Offered Basic","floor":2.0,"gold_loss":0.0,"damage_taken":0.0},{"cards_removed":["Strike_P"],"damage_healed":0.0,"max_hp_gain":0.0,"max_hp_loss":0.0,"gold_gain":0.0,"event_name":"The Cleric","player_choice":"Card Removal","floor":5.0,"gold_loss":50.0,"damage_taken":0.0},{"damage_healed":0.0,"max_hp_gain":0.0,"max_hp_loss":0.0,"gold_gain":0.0,"event_name":"Mushrooms","player_choice":"Fought Mushrooms","floor":8.0,"gold_loss":0.0,"damage_taken":0.0},{"damage_healed":0.0,"max_hp_gain":0.0,"max_hp_loss":0.0,"gold_gain":0.0,"event_name":"The Mausoleum","player_choice":"Opened","floor":19.0,"gold_loss":0.0,"damage_taken":0.0,"relics_obtained":["Boot"],"cards_obtained":["Writhe"]},{"damage_healed":0.0,"max_hp_gain":0.0,"max_hp_loss":0.0,"gold_gain":0.0,"event_name":"WeMeetAgain","player_choice":"Paid Gold","floor":20.0,"gold_loss":54.0,"damage_taken":0.0,"relics_obtained":["HornCleat"]},{"damage_healed":0,"gold_gain":0,"player_choice":"Copied","damage_taken":0,"max_hp_gain":0,"max_hp_loss":0,"event_name":"Duplicator","floor":37,"gold_loss":0,"cards_obtained":["Devotion"]},{"cards_removed":["Defend_P"],"damage_healed":0,"gold_gain":0,"player_choice":"Purged","damage_taken":0,"max_hp_gain":0,"max_hp_loss":0,"event_name":"Purifier","floor":39,"gold_loss":0}],"is_beta":false,"boss_relics":[{"not_picked":["Pandora\u0027s Box","Sozu"],"picked":"Cursed Key"},{"not_picked":["Astrolabe","Snecko Eye"],"picked":"Empty Cage"}],"items_purged_floors":[12,48],"is_endless":false,"potions_floor_spawned":[4,8,10,13,18,23,29,33,35,40,45,46],"ascension_level":1}}