{"host":"2pmmafybkq7zb6na","time":1613046222,"event":{"mods":["AchievementEnabler","BaseMod","Colored Map","Highlight Path","Keyboard Shortcuts","Minty Spire (QoL Compilation)","Quick Restart","StSLib","SuperFastMode"],"gold_per_floor":[114,39,50,50,66,66,84,109,109,126,152,168,168,198,198,302,302,315,330,72,89,102,102,133,133,133,158,158,158],"floor_reached":28,"language":"KOR","playtime":1206,"items_purged":["Decay"],"score":349,"play_id":"87bddfb2-d8a6-4e7d-ade1-7b417ad92989","local_time":"20210211212342","is_ascension_mode":true,"campfire_choices":[{"floor":6,"key":"RECALL"},{"floor":15,"key":"REST"},{"floor":23,"key":"REST"}],"circlet_count":0,"master_deck":["Strike_B","Strike_B","Strike_B","Strike_B","Defend_B","Defend_B","Defend_B","Defend_B","Zap","Dualcast","Apotheosis+1","Sweeping Beam","Doom and Gloom","Coolheaded","Turbo","Beam Cell","Steam","BootSequence","Electrodynamics","Biased Cognition","Ghostly","Ghostly","Ghostly","Ghostly","Ghostly","Loop+1"],"relics":["Cracked Core","Regal Pillow","Strawberry","Molten Egg 2","Odd Mushroom","Snecko Eye","Symbiotic Virus","Potion Belt","NlothsMask"],"acts_visited":["Exordium","TheCity"],"potions_floor_usage":[11,12,24,27],"damage_taken":[{"damage":8,"enemies":"2 Louse","floor":1,"turns":3},{"damage":0,"enemies":"Cultist","floor":3,"turns":3},{"damage":0,"enemies":"Jaw Worm","floor":5,"turns":3},{"damage":16,"enemies":"2 Fungi Beasts","floor":7,"turns":3},{"damage":20,"enemies":"Gremlin Nob","floor":8,"turns":4},{"damage":18,"enemies":"Large Slime","floor":10,"turns":4},{"damage":12,"enemies":"Lagavulin","floor":11,"turns":6},{"damage":0,"enemies":"Gremlin Gang","floor":12,"turns":2},{"damage":3,"enemies":"The Mushroom Lair","floor":14,"turns":3},{"damage":8,"enemies":"Slime Boss","floor":16,"turns":7},{"damage":11,"enemies":"Spheric Guardian","floor":18,"turns":4},{"damage":12,"enemies":"Chosen","floor":19,"turns":4},{"damage":10,"enemies":"Snecko","floor":21,"turns":3},{"damage":19,"enemies":"Centurion and Healer","floor":22,"turns":5},{"damage":25,"enemies":"Gremlin Leader","floor":24,"turns":6},{"damage":16,"enemies":"Slavers","floor":27,"turns":3}],"seed_played":"3225404717225832978","potions_obtained":[{"floor":1,"key":"Explosive Potion"},{"floor":7,"key":"SpeedPotion"},{"floor":8,"key":"GamblersBrew"},{"floor":14,"key":"GamblersBrew"},{"floor":24,"key":"Explosive Potion"},{"floor":27,"key":"EssenceOfSteel"}],"is_trial":false,"path_per_floor":["M","$","M","?","M","R","M","E","T","M","E","M","?","?","R","B",null,"M","M","$","M","M","R","E","?","T","E","?"],"character_chosen":"DEFECT","items_purchased":["Symbiotic Virus"],"campfire_rested":2,"item_purchase_floors":[20],"current_hp_per_floor":[67,67,67,67,67,67,51,31,38,20,8,8,13,10,51,43,87,76,64,64,54,35,76,51,43,43,27,27,27],"gold":158,"neow_bonus":"RANDOM_COLORLESS_2","is_daily":false,"chose_seed":false,"campfire_upgraded":0,"win_rate":0.0,"timestamp":1613046222,"path_taken":["M","$","M","?","M","R","?","E","T","M","E","M","?","?","R","BOSS","M","M","$","M","M","R","E","?","T","E","?"],"items_purchased_type":["Relic"],"build_version":"2020-12-22","purchased_purges":1,"victory":false,"max_hp_per_floor":[75,75,75,75,75,75,75,75,82,82,82,82,87,87,87,87,87,87,87,87,87,87,87,87,43,43,43,43,43],"card_choices":[{"not_picked":["Metamorphosis","Panache"],"picked":"Apotheosis","floor":0},{"not_picked":["Blizzard","Rebound","Stack"],"picked":"SKIP","floor":1},{"not_picked":["Blizzard","Amplify"],"picked":"Sweeping Beam","floor":3},{"not_picked":["Tempest","Turbo"],"picked":"Doom and Gloom","floor":5},{"not_picked":["Gash","Tempest"],"picked":"Coolheaded","floor":7},{"not_picked":["FTL","Tempest"],"picked":"Turbo","floor":8},{"not_picked":["Hologram","Ball Lightning"],"picked":"Beam Cell","floor":10},{"not_picked":["Static Discharge","Conserve Battery"],"picked":"Steam","floor":11},{"not_picked":["Steam","Double Energy"],"picked":"BootSequence","floor":12},{"not_picked":["Tempest","Leap"],"picked":"Electrodynamics","floor":14},{"not_picked":["Hyperbeam+1","Reboot"],"picked":"Biased Cognition","floor":16},{"not_picked":["Rebound+1","Ball Lightning+1","Chill"],"picked":"SKIP","floor":18},{"not_picked":["Fusion+1","Steam Power","Turbo"],"picked":"SKIP","floor":19},{"not_picked":["Double Energy","Gash+1","Leap"],"picked":"SKIP","floor":21},{"not_picked":["Redo+1","Steam","Skim"],"picked":"SKIP","floor":22},{"not_picked":["BootSequence","Rip and Tear+1","Darkness"],"picked":"SKIP","floor":24},{"not_picked":["Compile Driver+1","Barrage+1"],"picked":"Loop+1","floor":27}],"player_experience":141812,"relics_obtained":[{"floor":8,"key":"Regal Pillow"},{"floor":9,"key":"Strawberry"},{"floor":11,"key":"Molten Egg 2"},{"floor":14,"key":"Odd Mushroom"},{"floor":24,"key":"Potion Belt"}],"event_choices":[{"damage_healed":0,"gold_gain":0,"player_choice":"Forge","damage_taken":0,"max_hp_gain":0,"max_hp_loss":0,"event_name":"Accursed Blacksmith","floor":4,"gold_loss":0,"cards_upgraded":["Apotheosis"]},{"damage_healed":0,"gold_gain":0,"player_choice":"Donut","damage_taken":0,"max_hp_gain":5,"max_hp_loss":0,"event_name":"Big Fish","floor":13,"gold_loss":0},{"damage_healed":0,"gold_gain":0,"player_choice":"Fought Mushrooms","damage_taken":0,"max_hp_gain":0,"max_hp_loss":0,"event_name":"Mushrooms","floor":14,"gold_loss":0},{"damage_healed":0,"gold_gain":0,"player_choice":"Became a Ghost","damage_taken":0,"max_hp_gain":0,"max_hp_loss":44,"event_name":"Ghosts","floor":25,"gold_loss":0,"cards_obtained":["Ghostly","Ghostly","Ghostly","Ghostly","Ghostly"]},{"damage_healed":0,"gold_gain":0,"player_choice":"Trade","damage_taken":0,"relics_obtained":["NlothsMask"],"max_hp_gain":0,"max_hp_loss":0,"event_name":"FaceTrader","floor":28,"gold_loss":0}],"is_beta":false,"boss_relics":[{"not_picked":["Inserter","Astrolabe"],"picked":"Snecko Eye"}],"items_purged_floors":[2],"is_endless":false,"potions_floor_spawned":[1,7,8,14,24,27],"ascension_level":4}}