{"host":"yans4pr1zf0lm9bx","time":1613052185,"event":{"mods":["AchievementEnabler","BaseMod","Minty Spire (QoL Compilation)","Replay The Spire","StSLib","SuperFastMode","slay the spire mod where everything is the same but ironclad has a cowboy hat"],"gold_per_floor":[112,131,131,202,202,237,250,250,276,306,326,339,339,362,362,490,553,574,664,682,682,706,706,727,727,753,780,780,780],"floor_reached":28,"language":"ENG","playtime":1024,"items_purged":[],"score":291,"play_id":"280230b3-de1a-4c21-9628-ec03e8ec8884","local_time":"20210211090305","is_ascension_mode":true,"campfire_choices":[{"floor":8,"key":"REST"},{"floor":15,"key":"REST"},{"data":"Glacier","floor":23,"key":"SMITH"},{"floor":25,"key":"REST"}],"circlet_count":0,"master_deck":["Strike_B+1","Strike_B","Defend_B+1","Defend_B","Defend_B","Defend_B","Zap","Dualcast","Loop","Loop","Coolheaded","Coolheaded","FIFO Queue","Ball Lightning+1","Heatsinks","Glacier+1","Reboot","Compile Driver","Storm","Compile Driver","BasicCrystalCard+1","Self Repair+1"],"relics":["Painkiller Herb","Golden Idol","Pear","Replay:Wax Seal","Whetstone","Tiny House","CeramicFish"],"acts_visited":["Exordium","TheCity"],"potions_floor_usage":[6,16,18,20,21],"damage_taken":[{"damage":4,"enemies":"Small Slimes","floor":1,"turns":4},{"damage":2,"enemies":"Jaw Worm","floor":2,"turns":4},{"damage":53,"enemies":"Gremlin Nob","floor":6,"turns":6},{"damage":1,"enemies":"Cultist","floor":7,"turns":4},{"damage":13,"enemies":"2 Fungi Beasts","floor":11,"turns":4},{"damage":10,"enemies":"3 Louse","floor":12,"turns":5},{"damage":19,"enemies":"The Guardian","floor":16,"turns":13},{"damage":8,"enemies":"Spheric Guardian","floor":18,"turns":6},{"damage":8,"enemies":"Chosen","floor":20,"turns":8},{"damage":0,"enemies":"Centurion and Healer","floor":21,"turns":1},{"damage":23,"enemies":"Sentry and Sphere","floor":22,"turns":9},{"damage":30,"enemies":"Snake Plant","floor":24,"turns":6},{"damage":5,"enemies":"Snecko","floor":27,"turns":5},{"damage":31,"enemies":"Book of Stabbing","floor":28,"turns":4}],"seed_played":"2149802494910261976","potions_obtained":[{"floor":2,"key":"FocusPotion"},{"floor":7,"key":"Dexterity Potion"},{"floor":16,"key":"SmokeBomb"},{"floor":17,"key":"PowerPotion"},{"floor":18,"key":"ColorlessPotion"},{"floor":20,"key":"Elixir"},{"floor":27,"key":"Fire Potion"}],"is_trial":false,"path_per_floor":["?","?","?","?","?","E","?","T","T","?","?","?","?","T","T","B",null,"?","?","?","?","?","T","?","T","T","?","E"],"character_chosen":"DEFECT","items_purchased":[],"campfire_rested":3,"item_purchase_floors":[],"current_hp_per_floor":[71,69,51,61,61,8,7,32,32,32,19,9,2,2,27,8,90,82,70,62,62,39,39,9,36,36,31,0,0],"gold":780,"neow_bonus":"BOSS_RELIC","is_daily":false,"chose_seed":false,"campfire_upgraded":1,"win_rate":0.0,"timestamp":1613052185,"path_taken":["?","?","?","?","?","E","?","T","T","?","?","?","?","?","T","BOSS","?","?","?","?","?","T","?","T","T","?","E"],"items_purchased_type":[],"build_version":"2020-12-22","purchased_purges":0,"victory":false,"max_hp_per_floor":[75,75,75,85,85,85,85,85,85,85,85,85,85,85,85,85,90,90,90,90,90,90,90,90,90,90,90,90,90],"card_choices":[{"not_picked":["Leap","ReplayGash"],"picked":"Loop","floor":1},{"not_picked":["Turbo","Reinforced Body"],"picked":"Loop","floor":2},{"not_picked":["BootSequence","ReplayTheSpireMod:GoodbyeWorld"],"picked":"Coolheaded","floor":4},{"not_picked":["Gash","Mirror Shield"],"picked":"Coolheaded","floor":4},{"not_picked":["Conserve Battery","Aggregate"],"picked":"FIFO Queue","floor":6},{"not_picked":["ReplayGash","Beam Cell"],"picked":"Ball Lightning","floor":7},{"not_picked":["Hologram","FIFO Queue"],"picked":"Heatsinks","floor":11},{"not_picked":["Turbo","Hello World"],"picked":"Glacier","floor":12},{"not_picked":["All For One","Biased Cognition"],"picked":"Reboot","floor":16},{"not_picked":["Go for the Eyes","Auto Shields"],"picked":"Compile Driver","floor":17},{"not_picked":["Stack","Steam"],"picked":"Storm","floor":18},{"not_picked":["Sweeping Beam+1","Beam Cell"],"picked":"Compile Driver","floor":20},{"not_picked":["Capacitor","Hologram"],"picked":"BasicCrystalCard+1","floor":22},{"not_picked":["Hyperbeam","Redo","Static Discharge"],"picked":"SKIP","floor":24},{"not_picked":["Panic Button","Rip and Tear+1"],"picked":"Self Repair+1","floor":27}],"player_experience":277585,"relics_obtained":[{"floor":4,"key":"Pear"},{"floor":6,"key":"Replay:Wax Seal"},{"floor":14,"key":"Whetstone"},{"floor":26,"key":"CeramicFish"}],"event_choices":[{"damage_healed":0,"gold_gain":0,"player_choice":"Take Damage","damage_taken":18,"relics_obtained":["Golden Idol"],"max_hp_gain":0,"max_hp_loss":0,"event_name":"Golden Idol","floor":3,"gold_loss":0},{"cards_removed":["Strike_B"],"damage_healed":0,"gold_gain":0,"player_choice":"Purged","damage_taken":0,"max_hp_gain":0,"max_hp_loss":0,"event_name":"Purifier","floor":5,"gold_loss":0},{"damage_healed":0,"gold_gain":30,"player_choice":"Searched \u00272\u0027 times","damage_taken":0,"max_hp_gain":0,"max_hp_loss":0,"event_name":"Dead Adventurer","floor":10,"gold_loss":0},{"cards_removed":["Strike_B"],"damage_healed":0,"gold_gain":0,"player_choice":"Card Removal","damage_taken":7,"max_hp_gain":0,"max_hp_loss":0,"event_name":"Golden Wing","floor":13,"gold_loss":0},{"damage_healed":0,"gold_gain":90,"player_choice":"GOLD ","damage_taken":12,"max_hp_gain":0,"max_hp_loss":0,"event_name":"Knowing Skull","floor":19,"potions_obtained":[],"gold_loss":0,"cards_obtained":[]}],"is_beta":false,"boss_relics":[{"not_picked":["Coffee Dripper","Honey Jar"],"picked":"Tiny House"}],"items_purged_floors":[],"is_endless":false,"potions_floor_spawned":[2,7,16,18,20,27],"killed_by":"Book of Stabbing","ascension_level":4}}