{"host":"3n5xmnb54n2y5mb4","time":1613059540,"event":{"mods":["BaseMod","Colored Map","Colored Powertips","Downfall","Minty Spire (QoL Compilation)","Permanent Neow","StSLib","Unceasing Turn Reminder","everything is the same but u backflip on backflip"],"gold_per_floor":[99,113,113,12,27,39,64,74,99,99,30,47,47,147,157,258,258,258,274,292,304,68,68,68,68,68,106,132,86,115,115,115,115],"floor_reached":31,"language":"ENG","playtime":1551,"items_purged":[],"score":259,"play_id":"5ca5e155-9cb9-4d85-b02c-af46f0840ed9","local_time":"20210211110540","is_ascension_mode":true,"campfire_choices":[{"data":"Guardian:Orbwalk","floor":1,"key":"SMITH"},{"floor":13,"key":"REST"},{"data":"Guardian:Repulse","floor":18,"key":"SMITH"},{"floor":23,"key":"REST"},{"floor":26,"key":"REST"}],"circlet_count":0,"master_deck":["Guardian:Strike_Guardian","Guardian:Strike_Guardian","Guardian:Defend_Guardian","Guardian:Defend_Guardian","Guardian:Defend_Guardian","Guardian:CurlUp","Guardian:TwinSlam","Guardian:Orbwalk+1","Guardian:Repulse+1","Guardian:Recover","Guardian:Orbwalk+1","Guardian:PrismaticBeam","Guardian:ChargeUp","Guardian:Recover","Guardian:TemporalStrike","Guardian:WalkerClaw","Guardian:TimeSifter","Guardian:Suspension","Guardian:BronzeArmor","Guardian:Suspension","Guardian:FierceBash","Guardian:Repulse+1","Guardian:MultiBeam","Guardian:Emergency","Guardian:BronzeOrb","Guardian:RevengeProtocol","Guardian:ShieldCharger+1","Guardian:Gem_Fragmented","Guardian:TemporalStrike"],"relics":["Guardian:ModeShifter","Potion Belt","Oddly Smooth Stone","bronze:MakeshiftBattery","Centennial Puzzle","Shuriken","CeramicFish"],"acts_visited":["Exordium","TheCity"],"potions_floor_usage":[12,31],"damage_taken":[{"damage":7,"enemies":"2 Louse","floor":2,"turns":4},{"damage":0,"enemies":"downfall:FleeingMerchant","floor":4,"turns":4},{"damage":0,"enemies":"Cultist","floor":5,"turns":5},{"damage":13,"enemies":"Jaw Worm","floor":6,"turns":4},{"damage":7,"enemies":"Blue Slaver","floor":8,"turns":4},{"damage":9,"enemies":"downfall:FleeingMerchant","floor":11,"turns":4},{"damage":10,"enemies":"Exordium Thugs","floor":12,"turns":4},{"damage":11,"enemies":"Large Slime","floor":15,"turns":6},{"damage":20,"enemies":"IC_STATUS_ARCHETYPE","floor":16,"turns":10},{"damage":11,"enemies":"3 Byrds","floor":19,"turns":5},{"damage":12,"enemies":"Shell Parasite","floor":20,"turns":5},{"damage":22,"enemies":"Centurion and Healer","floor":21,"turns":7},{"damage":20,"enemies":"downfall:FleeingMerchant","floor":22,"turns":4},{"damage":15,"enemies":"Book of Stabbing","floor":27,"turns":4},{"damage":12,"enemies":"Snecko","floor":28,"turns":6},{"damage":25,"enemies":"downfall:FleeingMerchant","floor":29,"turns":4},{"damage":10,"enemies":"Snake Plant","floor":30,"turns":4},{"damage":4,"enemies":"Centurion and Healer","floor":31,"turns":1}],"seed_played":"931878187661731719","potions_obtained":[{"floor":2,"key":"DuplicationPotion"},{"floor":5,"key":"Fire Potion"},{"floor":12,"key":"Energy Potion"},{"floor":27,"key":"Dexterity Potion"},{"floor":30,"key":"PowerPotion"}],"is_trial":false,"path_per_floor":["R","M","?","$","M","M","T","M","T","?","$","M","R","?","M","B",null,"R","M","M","M","$","R","T","?","R","E","M","$","M","M"],"character_chosen":"GUARDIAN","items_purchased":["Guardian:ChargeUp","Guardian:Recover","Guardian:Suspension","Guardian:BronzeOrb","Centennial Puzzle","Guardian:Gem_Fragmented"],"campfire_rested":3,"item_purchase_floors":[4,4,11,22,22,29],"current_hp_per_floor":[80,73,73,73,73,60,60,53,53,53,44,34,58,58,47,27,80,80,69,57,35,15,39,39,39,63,48,36,11,1,0,0,0],"gold":115,"neow_bonus":"TRANSFORM_TWO_CARDS","is_daily":false,"chose_seed":false,"campfire_upgraded":2,"win_rate":0.0,"timestamp":1613059540,"path_taken":["R","M","?","$","?","M","T","M","?","?","?","M","R","?","M","BOSS","R","M","M","M","$","R","T","?","R","E","M","?","?","M"],"items_purchased_type":["Card","Card","Card","Card","Relic","Card"],"build_version":"2020-12-22","purchased_purges":0,"victory":false,"max_hp_per_floor":[80,80,80,80,80,80,80,80,80,80,80,80,80,80,80,80,80,80,80,80,80,80,80,80,80,80,80,80,80,80,80,80,80],"card_choices":[{"not_picked":["Guardian:VentSteam","Guardian:ArmoredProtocol"],"picked":"Guardian:Recover","floor":2},{"not_picked":["Guardian:RollAttack","Guardian:ShieldSpikes"],"picked":"Guardian:PrismaticBeam","floor":4},{"not_picked":["Guardian:PiercingHide","Guardian:Gem_Blue"],"picked":"Guardian:Gem_Fragmented","floor":5},{"not_picked":["Guardian:PiercingHide","Guardian:MultiBeam"],"picked":"Guardian:TemporalStrike","floor":6},{"not_picked":["Guardian:ShieldCharger","Guardian:GuardianWhirl"],"picked":"Guardian:WalkerClaw","floor":8},{"not_picked":["Guardian:Gem_Blue","Guardian:PrimingBeam"],"picked":"Guardian:TimeSifter","floor":11},{"not_picked":["Guardian:ArmoredProtocol","Guardian:Gem_Crimson"],"picked":"Guardian:BronzeArmor","floor":12},{"not_picked":["Guardian:TimeCapacitor","Guardian:RollAttack"],"picked":"Guardian:Suspension","floor":15},{"not_picked":["Guardian:RevengeProtocol","Guardian:SphericShield"],"picked":"Guardian:FierceBash","floor":16},{"not_picked":["Guardian:Emergency+1","Guardian:ShieldCharger"],"picked":"Guardian:Gem_Red","floor":19},{"not_picked":["Guardian:Planning","Guardian:TemporalShield"],"picked":"Guardian:Repulse+1","floor":20},{"not_picked":["Guardian:VentSteam","Guardian:ShieldCharger"],"picked":"Guardian:MultiBeam","floor":21},{"not_picked":["Guardian:ArmoredProtocol+1","Guardian:VentSteam"],"picked":"Guardian:Emergency","floor":22},{"not_picked":["Guardian:MultiBeam","Guardian:RollAttack+1"],"picked":"Guardian:RevengeProtocol","floor":27},{"not_picked":["Guardian:Gem_Fragmented","Guardian:FloatingOrbs"],"picked":"Guardian:ShieldCharger+1","floor":28},{"not_picked":["Guardian:HyperBeam_Guardian","Guardian:Reroute+1","Guardian:PiercingHide"],"picked":"SKIP","floor":29},{"not_picked":["Guardian:TemporalShield","Guardian:Incinerate"],"picked":"Guardian:TemporalStrike","floor":30}],"player_experience":1046578,"relics_obtained":[{"floor":7,"key":"Potion Belt"},{"floor":9,"key":"Oddly Smooth Stone"},{"floor":24,"key":"Shuriken"},{"floor":27,"key":"CeramicFish"}],"event_choices":[{"cards_removed":["Clumsy"],"damage_healed":0,"gold_gain":0,"player_choice":"Forget","damage_taken":0,"max_hp_gain":0,"max_hp_loss":0,"event_name":"Living Wall","floor":10,"gold_loss":0}],"is_beta":false,"boss_relics":[{"not_picked":["Astrolabe","Coffee Dripper"],"picked":"bronze:MakeshiftBattery"}],"items_purged_floors":[],"is_endless":false,"potions_floor_spawned":[2,5,12,27,30],"killed_by":"Centurion and Healer","ascension_level":1}}