{"host":"3qkmyeoym75lj4wn","time":1613002898,"event":{"mods":["2.2 Compatiblity","Act Like it!","BaseMod","Bestiary","Block Reminder","Colored Powertips","Highlight Path","Minty Spire (QoL Compilation)","Permanent Neow","Rare Cards Sparkle","Relic Stats","StSLib"],"gold_per_floor":[362,362,374,387,8,41,56,68,91,109,121,121,152,169,169,169,169],"floor_reached":16,"language":"ENG","playtime":466,"items_purged":[],"score":232,"play_id":"d9ac9d6b-a4ae-4536-ad0a-97db6d2d0a99","local_time":"20210211002137","is_ascension_mode":true,"campfire_choices":[{"floor":12,"key":"REST"},{"data":"Defragment","floor":15,"key":"SMITH"}],"circlet_count":0,"master_deck":["AscendersBane","Strike_B","Strike_B","Strike_B","Strike_B","Defend_B","Defend_B","Defend_B","Defend_B","Zap","Dualcast","Compile Driver","Ball Lightning","Steam","Go for the Eyes","Chill","Chill","Defragment+1"],"relics":["Cracked Core","CultistMask","Medical Kit","Blood Vial","Mango","Potion Belt","Anchor"],"acts_visited":["Exordium"],"potions_floor_usage":[4,6,6,16],"damage_taken":[{"damage":6,"enemies":"2 Louse","floor":1,"turns":2},{"damage":0,"enemies":"Cultist","floor":3,"turns":3},{"damage":7,"enemies":"Jaw Worm","floor":4,"turns":2},{"damage":23,"enemies":"Lagavulin","floor":6,"turns":6},{"damage":15,"enemies":"Gremlin Gang","floor":7,"turns":4},{"damage":10,"enemies":"2 Fungi Beasts","floor":8,"turns":3},{"damage":13,"enemies":"3 Louse","floor":10,"turns":3},{"damage":18,"enemies":"Exordium Thugs","floor":11,"turns":5},{"damage":11,"enemies":"3 Sentries","floor":13,"turns":9},{"damage":0,"enemies":"Blue Slaver","floor":14,"turns":4},{"damage":26,"enemies":"The Guardian","floor":16,"turns":2}],"seed_played":"255237131279748618","potions_obtained":[{"floor":1,"key":"Regen Potion"},{"floor":3,"key":"SneckoOil"},{"floor":14,"key":"PotionOfCapacity"}],"is_trial":false,"path_per_floor":["M","?","M","M","$","E","M","M","T","M","M","R","E","M","R","B"],"character_chosen":"DEFECT","items_purchased":["Medical Kit","Blood Vial","Strength Potion"],"campfire_rested":1,"item_purchase_floors":[5,5,5],"current_hp_per_floor":[58,58,58,51,51,53,40,32,32,21,5,28,19,21,21,0,0],"gold":169,"neow_bonus":"TWO_FIFTY_GOLD","is_daily":false,"chose_seed":false,"campfire_upgraded":1,"win_rate":0.0,"timestamp":1613002897,"path_taken":["M","?","?","M","?","E","M","M","T","?","M","R","E","M","R","BOSS"],"items_purchased_type":["Relic","Relic","Potion"],"build_version":"2020-12-22","purchased_purges":0,"victory":false,"max_hp_per_floor":[64,64,64,64,64,78,78,78,78,78,78,78,78,78,78,78,78],"relic_stats":{"Blood Vial":16,"counters":[11,43],"Medical Kit":[6],"obtain_stats":[{"Blood Vial":5,"Potion Belt":9,"Anchor":13,"Mango":6,"CultistMask":2,"Cracked Core":0,"Medical Kit":5},{"Blood Vial":3,"Potion Belt":6,"Anchor":9,"Mango":4,"CultistMask":1,"Cracked Core":0,"Medical Kit":3},{"Blood Vial":7,"Potion Belt":20,"Anchor":37,"Mango":13,"CultistMask":2,"Cracked Core":0,"Medical Kit":7}]},"card_choices":[{"not_picked":["Skim","Steam Power"],"picked":"Compile Driver","floor":1},{"not_picked":["Turbo","Lockon"],"picked":"Ball Lightning","floor":3},{"not_picked":["Consume","Rebound"],"picked":"Steam","floor":4},{"not_picked":["Barrage","Static Discharge"],"picked":"Go for the Eyes","floor":6},{"not_picked":["Reprogram","Turbo","Aggregate"],"picked":"SKIP","floor":7},{"not_picked":["Melter","Thunder Strike","Barrage"],"picked":"SKIP","floor":8},{"not_picked":["Go for the Eyes","Steam"],"picked":"Chill","floor":10},{"not_picked":["Rebound","Static Discharge"],"picked":"Chill","floor":11},{"not_picked":["Static Discharge","Sunder"],"picked":"Defragment","floor":13},{"not_picked":["Consume","Double Energy","Barrage"],"picked":"SKIP","floor":14}],"player_experience":1750313,"relics_obtained":[{"floor":6,"key":"Mango"},{"floor":9,"key":"Potion Belt"},{"floor":13,"key":"Anchor"}],"event_choices":[{"damage_healed":0,"gold_gain":0,"player_choice":"Trade","damage_taken":0,"relics_obtained":["CultistMask"],"max_hp_gain":0,"max_hp_loss":0,"event_name":"FaceTrader","floor":2,"gold_loss":0}],"is_beta":false,"boss_relics":[],"items_purged_floors":[],"is_endless":false,"potions_floor_spawned":[1,3,14],"killed_by":"The Guardian","ascension_level":20}}