{"host":"c3lc60y5x60jlt1y","time":1613063209,"event":{"mods":["AchievementEnabler","BaseMod","Bestiary","Colored Map","Minty Spire (QoL Compilation)","Quick Restart","StSLib","ojb\u0027s Info Mod"],"gold_per_floor":[119,119,89,107,120,156,156,181,205,249,249,249,272,293,293,293,293],"floor_reached":16,"language":"ENG","playtime":1371,"items_purged":[],"score":274,"play_id":"1619356a-a5b5-4d3e-ae23-d29f145dab70","local_time":"20210211190649","is_ascension_mode":true,"campfire_choices":[{"floor":7.0,"key":"REST"},{"data":"Vault","floor":15,"key":"SMITH"}],"circlet_count":0,"master_deck":["AscendersBane","Strike_P","Strike_P","Strike_P+1","Strike_P","Defend_P","Defend_P","Defend_P","Eruption+1","Vigilance","WheelKick","FlurryOfBlows","FlyingSleeves","LessonLearned","SashWhip","Vault+1","CutThroughFate","MentalFortress","CrushJoints"],"relics":["PureWater","NeowsBlessing","Golden Idol","Bag of Preparation","PreservedInsect","Ancient Tea Set"],"acts_visited":["Exordium"],"potions_floor_usage":[16,16],"damage_taken":[{"damage":0.0,"enemies":"2 Louse","floor":1.0,"turns":1.0},{"damage":0.0,"enemies":"Cultist","floor":4.0,"turns":1.0},{"damage":0.0,"enemies":"Small Slimes","floor":5.0,"turns":1.0},{"damage":50.0,"enemies":"Lagavulin","floor":6.0,"turns":5.0},{"damage":13.0,"enemies":"Blue Slaver","floor":8.0,"turns":4.0},{"damage":0.0,"enemies":"Gremlin Nob","floor":10.0,"turns":1.0},{"damage":11,"enemies":"3 Louse","floor":13,"turns":3},{"damage":0,"enemies":"2 Fungi Beasts","floor":14,"turns":1},{"damage":38,"enemies":"Hexaghost","floor":16,"turns":7}],"seed_played":"-8545104308390457647","potions_obtained":[{"floor":3.0,"key":"Dexterity Potion"},{"floor":3.0,"key":"FearPotion"},{"floor":10.0,"key":"BlessingOfTheForge"}],"is_trial":false,"path_per_floor":["M","?","?","M","M","E","R","M","T","E","?","?","M","M","R","B"],"character_chosen":"WATCHER","items_purchased":[],"campfire_rested":1,"item_purchase_floors":[],"current_hp_per_floor":[61,61,61,61,61,11,29,16,16,16,36,36,25,25,25,0,0],"gold":293,"neow_bonus":"THREE_ENEMY_KILL","is_daily":false,"chose_seed":false,"campfire_upgraded":1,"win_rate":0.0,"timestamp":1613063209,"path_taken":["M","?","?","M","?","E","R","M","T","E","?","?","M","M","R","BOSS"],"items_purchased_type":[],"build_version":"2020-12-22","purchased_purges":0,"victory":false,"max_hp_per_floor":[68,62,62,62,62,62,62,62,62,62,62,62,62,62,62,62,62],"card_choices":[{"not_picked":["Prostrate","Evaluate"],"picked":"WheelKick","floor":1.0},{"not_picked":["Study","Prostrate"],"picked":"FlurryOfBlows","floor":4.0},{"not_picked":["BowlingBash","Crescendo"],"picked":"FlyingSleeves","floor":5.0},{"not_picked":["BowlingBash","CrushJoints"],"picked":"LessonLearned","floor":6.0},{"not_picked":["Vengeance","FollowUp"],"picked":"SashWhip","floor":8.0},{"not_picked":["Protect","WreathOfFlame"],"picked":"Vault","floor":10.0},{"not_picked":["CutThroughFate","WheelKick"],"picked":"MentalFortress","floor":13},{"not_picked":["CutThroughFate","FlurryOfBlows"],"picked":"CrushJoints","floor":14}],"player_experience":9201295,"relics_obtained":[{"floor":6.0,"key":"Bag of Preparation"},{"floor":9.0,"key":"PreservedInsect"},{"floor":10.0,"key":"Ancient Tea Set"}],"event_choices":[{"damage_healed":0.0,"max_hp_gain":0.0,"max_hp_loss":6.0,"gold_gain":0.0,"event_name":"Golden Idol","player_choice":"Lose Max HP","floor":2.0,"gold_loss":0.0,"damage_taken":0.0,"relics_obtained":["Golden Idol"]},{"damage_healed":0.0,"max_hp_gain":0.0,"max_hp_loss":0.0,"gold_gain":0.0,"event_name":"The Woman in Blue","player_choice":"Bought 2 Potions","floor":3.0,"gold_loss":0.0,"damage_taken":0.0},{"damage_healed":20.0,"max_hp_gain":0.0,"max_hp_loss":0.0,"gold_gain":0.0,"event_name":"Big Fish","player_choice":"Banana","floor":11.0,"gold_loss":0.0,"damage_taken":0.0},{"damage_healed":0.0,"max_hp_gain":0.0,"max_hp_loss":0.0,"gold_gain":0.0,"cards_transformed":["Defend_P"],"event_name":"Transmorgrifier","player_choice":"Transformed","floor":12.0,"gold_loss":0.0,"damage_taken":0.0,"cards_obtained":["CutThroughFate"]}],"is_beta":false,"boss_relics":[],"items_purged_floors":[],"is_endless":false,"potions_floor_spawned":[5,10,14],"killed_by":"Hexaghost","ascension_level":20}}