{"host":"d02vqrhhew441p6s","time":1613062256,"event":{"mods":["BaseMod","Downfall","Halation","Hubris","Infinite Spire","Minty Spire (QoL Compilation)","StSLib","The Animator","The Death Knight","The Necromancer"],"gold_per_floor":[99,99,99,274,2,122,122,22,41,68,22,37,37,57,71,83,83,83],"floor_reached":16,"language":"ENG","playtime":761,"items_purged":["Regret"],"score":90,"play_id":"d19b788e-2e50-4e76-945a-a0ab2095f113","local_time":"20210211175056","is_ascension_mode":false,"campfire_choices":[{"floor":1,"key":"RECALL"},{"data":"champ:Taunt","floor":8,"key":"SMITH"},{"data":"champ:EndlessRage","floor":13,"key":"SMITH"}],"circlet_count":0,"master_deck":["champ:Strike","champ:Strike","champ:Strike","champ:Strike","champ:Defend","champ:Defend","champ:Defend","champ:Defend","champ:Execute","champ:Taunt+1","Doubt","champ:IronFortress","champ:Encircle","champ:HoldFirm","champ:FanOfKnives","hubris:NaturalOne","champ:ShieldSlam","champ:Encircle","champ:RisingSlash","champ:EndlessRage+1","champ:BerserkersShout","champ:GladiatorForm"],"relics":["champ:ChampionCrown","hubris:Icosahedron","halation:IllGainedPizza","hubris:SphereOfDissonance","downfall:HeartBlessingRed","Lantern"],"acts_visited":["Exordium"],"potions_floor_usage":[15,16,16],"damage_taken":[{"damage":30,"enemies":"downfall:FleeingMerchant","floor":5,"turns":4},{"damage":10,"enemies":"2 Louse","floor":6,"turns":2},{"damage":3,"enemies":"Jaw Worm","floor":9,"turns":2},{"damage":30,"enemies":"downfall:FleeingMerchant","floor":11,"turns":4},{"damage":10,"enemies":"Small Slimes","floor":12,"turns":1},{"damage":7,"enemies":"Blue Slaver","floor":14,"turns":3},{"damage":7,"enemies":"2 Fungi Beasts","floor":15,"turns":3},{"damage":79,"enemies":"DF_ARCHETYPE_STREAMLINE","floor":16,"turns":7}],"seed_played":"6844226560787248033","potions_obtained":[{"floor":6,"key":"PowerPotion"},{"floor":9,"key":"champ:OpenerPotion"},{"floor":15,"key":"Fire Potion"}],"is_trial":false,"path_per_floor":["R","?","?","?","$","M","T","R","M","T","$","M","R","M","M","B"],"character_chosen":"THE_CHAMP","items_purchased":["champ:Encircle","champ:HoldFirm","champ:RisingSlash"],"campfire_rested":0,"item_purchase_floors":[5,5,11],"current_hp_per_floor":[99,99,99,99,94,94,94,94,91,91,81,81,81,74,72,0,0,0],"gold":83,"neow_bonus":"TEN_PERCENT_HP_BONUS","is_daily":false,"chose_seed":false,"campfire_upgraded":2,"win_rate":0.0,"timestamp":1613062256,"path_taken":["R","?","?","?","?","M","T","R","M","?","$","M","R","M","M","BOSS"],"items_purchased_type":["Card","Card","Card"],"build_version":"2020-12-22","purchased_purges":1,"victory":false,"max_hp_per_floor":[99,99,99,99,99,99,99,99,99,99,99,99,99,99,99,99,99,99],"card_choices":[{"not_picked":["champ:ShieldSlam","champ:DeathBlow"],"picked":"champ:IronFortress","floor":5},{"not_picked":["champ:TornadoPunch","champ:PerfectedStrike"],"picked":"champ:FanOfKnives","floor":6},{"not_picked":["champ:PreemptiveStrike","champ:SetATrap"],"picked":"champ:ShieldSlam","floor":9},{"not_picked":["champ:PerfectedStrike","champ:ShieldSlam"],"picked":"champ:Encircle","floor":11},{"not_picked":["champ:CrownThrow","champ:BladeFlurry"],"picked":"champ:EndlessRage","floor":12},{"not_picked":["champ:IronFortress","champ:AdrenalArmor"],"picked":"champ:BerserkersShout","floor":14},{"not_picked":["champ:FalseCounter","champ:ShieldSlam"],"picked":"champ:GladiatorForm","floor":15}],"player_experience":544994,"relics_obtained":[{"floor":7,"key":"hubris:SphereOfDissonance"},{"floor":10,"key":"Lantern"}],"event_choices":[{"damage_healed":0,"gold_gain":0,"player_choice":"Box","damage_taken":0,"relics_obtained":["halation:IllGainedPizza"],"max_hp_gain":0,"max_hp_loss":0,"event_name":"Big Fish","floor":3,"gold_loss":0,"cards_obtained":["Regret"]}],"is_beta":false,"boss_relics":[],"items_purged_floors":[5],"is_endless":false,"potions_floor_spawned":[6,9,15],"killed_by":"DF_ARCHETYPE_STREAMLINE","ascension_level":0}}