{"host":"ff3231evo43kn7q6","time":1613016784,"event":{"mods":["BaseMod","Downfall","Duelist Mod","Hermit","Minty Spire (QoL Compilation)","StSLib"],"gold_per_floor":[199,211,486,134,150,167,167,230,230,230,230,230,230,240,259,363,363,363,378,71,82,98,98,98,133,144,144,144,163,163,163,163],"floor_reached":30,"language":"ENG","playtime":1666,"items_purged":[],"score":267,"play_id":"71e3ccbc-89f7-4c91-acfa-7aaf3337bd00","local_time":"20210210231304","is_ascension_mode":false,"campfire_choices":[{"data":"hexamod:Sear","floor":1,"key":"SMITH"},{"data":"hexamod:ForkedFlame","floor":11,"key":"SMITH"},{"data":"hexamod:RadiantFlame","floor":13,"key":"SMITH"},{"data":"hexamod:EtherealExpedition","floor":18,"key":"SMITH"},{"data":"hexamod:TimeOfNeed","floor":23,"key":"SMITH"}],"circlet_count":0,"master_deck":["hexamod:Strike","hexamod:Strike","hexamod:Strike","hexamod:Defend","hexamod:Defend","hexamod:Defend+1","hexamod:Sear+1","hexamod:Float","hexamod:FastForward","hexamod:ChargedBarrage","hexamod:RadiantFlame+1","hexamod:ForkedFlame+1","hexamod:Rewind","hexamod:SoulSteal+1","hexamod:EtherealExpedition+1","hexamod:RadiantFlame","hexamod:WildfireWeapon","hexamod:TimeOfNeed+1","hexamod:CatchUp","hexamod:TimeOfNeed","Pain","hexamod:PhantomFireball"],"relics":["hexamod:SpiritBrand","Tiny Chest","War Paint","Pear","Empty Cage","Juzu Bracelet","Art of War","Gremlin Horn","WarpedTongs"],"acts_visited":["Exordium","TheCity"],"potions_floor_usage":[8,22,22,27,29,30],"damage_taken":[{"damage":1,"enemies":"Jaw Worm","floor":2,"turns":3},{"damage":4,"enemies":"downfall:FleeingMerchant","floor":4,"turns":4},{"damage":1,"enemies":"Cultist","floor":5,"turns":3},{"damage":2,"enemies":"2 Louse","floor":6,"turns":2},{"damage":25,"enemies":"Lagavulin Event","floor":8,"turns":6},{"damage":8,"enemies":"2 Fungi Beasts","floor":14,"turns":3},{"damage":3,"enemies":"Blue Slaver","floor":15,"turns":3},{"damage":10,"enemies":"SI_SHIV_ARCHETYPE","floor":16,"turns":6},{"damage":3,"enemies":"3 Byrds","floor":19,"turns":3},{"damage":1,"enemies":"downfall:FleeingMerchant","floor":20,"turns":4},{"damage":15,"enemies":"Spheric Guardian","floor":21,"turns":4},{"damage":16,"enemies":"Centurion and Healer","floor":22,"turns":5},{"damage":3,"enemies":"theDuelist:KaibaA2","floor":25,"turns":6},{"damage":26,"enemies":"Snake Plant","floor":26,"turns":4},{"damage":0,"enemies":"Snecko","floor":27,"turns":2},{"damage":27,"enemies":"Centurion and Healer","floor":29,"turns":5},{"damage":3,"enemies":"downfall:FleeingMerchant","floor":30,"turns":2}],"seed_played":"1431084280641736676","potions_obtained":[{"floor":6,"key":"bronze:BurnAndBuffPotion"},{"floor":8,"key":"Dexterity Potion"},{"floor":14,"key":"SpeedPotion"},{"floor":15,"key":"Regen Potion"},{"floor":21,"key":"Explosive Potion"},{"floor":22,"key":"LiquidMemories"},{"floor":26,"key":"SmokeBomb"}],"is_trial":false,"path_per_floor":["R","M","?","$","M","M","T","?","?","?","R","T","R","M","M","B",null,"R","M","$","M","M","R","T","E","M","M","?","M","$"],"character_chosen":"THE_SPIRIT","items_purchased":["hexamod:RadiantFlame","hexamod:ForkedFlame","hexamod:Rewind","PowerPotion","hexamod:TimeOfNeed","Juzu Bracelet"],"campfire_rested":0,"item_purchase_floors":[4,4,4,4,20,20],"current_hp_per_floor":[70,69,69,65,64,62,62,37,37,60,60,70,70,62,59,49,80,80,77,76,61,59,59,59,56,30,30,30,3,0,0,0],"gold":163,"neow_bonus":"HUNDRED_GOLD","is_daily":false,"chose_seed":false,"campfire_upgraded":5,"win_rate":0.0,"timestamp":1613016784,"path_taken":["R","M","?","$","M","?","T","?","?","?","R","?","R","?","M","BOSS","R","M","$","M","M","R","T","E","M","M","?","M","?"],"items_purchased_type":["Card","Card","Card","Potion","Card","Relic"],"build_version":"2020-12-22","purchased_purges":0,"victory":false,"max_hp_per_floor":[70,70,70,70,70,70,70,70,70,70,70,80,80,80,80,80,80,80,80,80,80,80,80,80,80,80,80,80,80,80,80,80],"card_choices":[{"not_picked":["hexamod:ThermalTransfer","hexamod:Firestarter"],"picked":"hexamod:FastForward","floor":2},{"not_picked":["hexamod:FastForward","hexamod:NightmareStrike"],"picked":"hexamod:ChargedBarrage","floor":4},{"not_picked":["hexamod:SecondSeal","hexamod:ThermalTransfer"],"picked":"hexamod:SoulSteal","floor":5},{"not_picked":["hexamod:HeatMetal","hexamod:FourthSeal","hexamod:AdvancingGuard"],"picked":"SKIP","floor":6},{"not_picked":["hexamod:Incineration","hexamod:InspiringFlames"],"picked":"hexamod:EtherealExpedition","floor":14},{"not_picked":["hexamod:SpectersWail","hexamod:SoulSteal","hexamod:GhostLash"],"picked":"SKIP","floor":15},{"not_picked":["hexamod:HeatCrush","hexamod:HeatMetal"],"picked":"hexamod:RadiantFlame","floor":19},{"not_picked":["hexamod:GhostLash+1","hexamod:BacktrackSmack"],"picked":"hexamod:WildfireWeapon","floor":20},{"not_picked":["hexamod:FirstSeal","hexamod:HeatMetal"],"picked":"hexamod:CatchUp","floor":21},{"not_picked":["hexamod:HeatMetal","hexamod:InspiringFlames","hexamod:SpectersWail"],"picked":"SKIP","floor":22},{"not_picked":["hexamod:FastForward","hexamod:ChargedBarrage"],"picked":"hexamod:TimeOfNeed","floor":25},{"not_picked":["hexamod:EtherealExpedition","hexamod:RetreatToShadows+1","hexamod:BurningTouch"],"picked":"SKIP","floor":26},{"not_picked":["hexamod:FirstSeal","hexamod:Hexaguard"],"picked":"hexamod:PhantomFireball","floor":29}],"player_experience":387599,"relics_obtained":[{"floor":7,"key":"Tiny Chest"},{"floor":12,"key":"Pear"},{"floor":24,"key":"Art of War"},{"floor":25,"key":"Gremlin Horn"}],"event_choices":[{"damage_healed":23,"gold_gain":0,"player_choice":"Banana","damage_taken":0,"max_hp_gain":0,"max_hp_loss":0,"event_name":"Big Fish","floor":10,"gold_loss":0},{"damage_healed":0,"gold_gain":0,"player_choice":"Rummage","damage_taken":0,"relics_obtained":["WarpedTongs"],"max_hp_gain":0,"max_hp_loss":0,"event_name":"Accursed Blacksmith","floor":28,"gold_loss":0,"cards_obtained":["Pain"]}],"is_beta":false,"boss_relics":[{"not_picked":["bronze:MakeshiftBattery","Coffee Dripper"],"picked":"Empty Cage"}],"items_purged_floors":[],"is_endless":false,"potions_floor_spawned":[6,8,14,15,21,22,26],"killed_by":"downfall:FleeingMerchant","ascension_level":0}}