{"host":"kdt6w7ix8lwe69i9","time":1613017105,"event":{"mods":["100% Spire Juice","BaseMod","ChefMod","Evolution","Koishi","Minty Spire (QoL Compilation)","Poor People Problems","Reimu（博丽灵梦）","Robot Space Explorer","Shade Mod","StSLib","The Druid","The Gatherer","The Poker Player","The Servant 0.9.4","TheSurvivalist"],"gold_per_floor":[113,186,261,261,277,308,318,353,400,411,427,427,427,440,440,537,537,557,472,672,686,704,732,156,167,167,167,167,196,229,243,243,338,338,351,573,573,533,548,582,582,597,597,597,609,609,659,678,678,678,678,678,22,56,56],"floor_reached":56,"language":"ENG","playtime":6006,"items_purged":["Shame"],"score":1252,"play_id":"b01fb4cd-f60c-44ae-b388-2cd7a1f5f191","local_time":"20210210231825","is_ascension_mode":false,"campfire_choices":[{"floor":12.0,"key":"REST"},{"floor":15.0,"key":"REST"},{"floor":27,"key":"REST"},{"floor":32,"key":"REST"},{"floor":41,"key":"RECALL"},{"floor":46,"key":"REST"},{"data":"Koishi:HauntingSlash","floor":49,"key":"SMITH"},{"data":"Koishi:SubconsciousSweep","floor":52,"key":"SMITH"}],"circlet_count":0,"master_deck":["Koishi:DreadfulBlow","Koishi:BasicStrike","Koishi:BasicStrike+1","Koishi:BasicStrike","Koishi:BasicDefend","Koishi:BasicDefend+1","Koishi:BasicDefend","Koishi:BasicDefend","Koishi:Provoke","Koishi:HauntingSlash+1","Koishi:SubconsciousSweep","Koishi:DanmakuParanoia","Koishi:UnconsciousUrges","Koishi:GhostParty+1","Koishi:RoseHell+1","Koishi:SubterraneanRose+1","Koishi:PhantomBarrier+1","Koishi:EmbryosDream+1","Koishi:RoseHell+1","Koishi:UnconsciousUprising+1","Koishi:FidgetySnatcher","Koishi:SubconsciousSweep+1","Koishi:EmbryosDream+1","Koishi:BramblyRoseGarden","Koishi:UnconsciousUprising+1","Koishi:FreudianInstinct","Koishi:PerfectMindControl+1","Koishi:SubterraneanRose+1","Koishi:PhantomStrike","Koishi:ImGoingToCallYouNow+1","Koishi:CatchAndRose+1","Madness+1","Madness+1","Koishi:UnconsciousUrges+1","Koishi:PhantomStrike","Koishi:HeartAttack+1","Good Instincts+1","Koishi:YoukaiPolygraph+1","Koishi:SubterraneanRose+1","Parasite","Koishi:Untouchable+1","Sadistic Nature","Bandage Up+1","Koishi:EmbryosDream+1"],"relics":["Koishi:ImaginaryFriend","EVO:Axolotl","Toxic Egg 2","Centennial Puzzle","Mastiff:ReiMu","Bronze Scales","Sozu","Anchor","White Beast Statue","Chemical X","Happy Flower","Nunchaku","Bottled Flame","MutagenicStrength","Potion Belt","Red Mask","Cursed Key","Strawberry","StoneCalendar","HandDrill","RuthlessExorcism:ReiMu","Eternal Feather"],"acts_visited":["Exordium","TheCity","TheBeyond","TheEnding"],"potions_floor_usage":[],"damage_taken":[{"damage":1.0,"enemies":"2 Louse","floor":1.0,"turns":3.0},{"damage":1.0,"enemies":"Cultist","floor":5.0,"turns":4.0},{"damage":16.0,"enemies":"Gremlin Nob","floor":6.0,"turns":7.0},{"damage":3.0,"enemies":"Small Slimes","floor":7.0,"turns":4.0},{"damage":42.0,"enemies":"3 Sentries","floor":8.0,"turns":22.0},{"damage":3.0,"enemies":"3 Louse","floor":10.0,"turns":2.0},{"damage":4.0,"enemies":"Large Slime","floor":11.0,"turns":6.0},{"damage":12.0,"enemies":"Exordium Thugs","floor":14.0,"turns":4.0},{"damage":7.0,"enemies":"The Guardian","floor":16.0,"turns":16.0},{"damage":10.0,"enemies":"Chosen","floor":18.0,"turns":5.0},{"damage":2,"enemies":"Shell Parasite","floor":21,"turns":6},{"damage":29,"enemies":"Cultist and Chosen","floor":22,"turns":8},{"damage":3,"enemies":"Book of Stabbing","floor":23,"turns":5},{"damage":0,"enemies":"Centurion and Healer","floor":25,"turns":8},{"damage":34,"enemies":"Gremlin Leader","floor":29,"turns":7},{"damage":20,"enemies":"Masked Bandits","floor":30,"turns":4},{"damage":0,"enemies":"Snake Plant","floor":31,"turns":5},{"damage":22,"enemies":"Automaton","floor":33,"turns":11},{"damage":0,"enemies":"Orb Walker","floor":35,"turns":3},{"damage":0,"enemies":"3 Darklings","floor":39,"turns":5},{"damage":57,"enemies":"Giant Head","floor":40,"turns":11},{"damage":18,"enemies":"4 Shapes","floor":42,"turns":4},{"damage":0,"enemies":"Spire Growth","floor":45,"turns":6},{"damage":0,"enemies":"Mind Bloom Boss Battle","floor":47,"turns":6},{"damage":0,"enemies":"Writhing Mass","floor":48,"turns":6},{"damage":44,"enemies":"Awakened One","floor":50,"turns":14},{"damage":23,"enemies":"Shield and Spear","floor":54,"turns":6},{"damage":31,"enemies":"The Heart","floor":55,"turns":8}],"seed_played":"-87286119686431525","potions_obtained":[{"floor":4.0,"key":"Ancient Potion"},{"floor":4.0,"key":"Block Potion"},{"floor":4.0,"key":"SmokeBomb"},{"floor":5.0,"key":"SkillPotion"},{"floor":7.0,"key":"SpeedPotion"},{"floor":8.0,"key":"ColorlessPotion"},{"floor":10.0,"key":"Fruit Juice"}],"is_trial":false,"path_per_floor":["M","?","?","?","M","E","M","E","T","M","M","R","?","M","R","B",null,"M","?","?","M","M","E","$","M","T","R","?","E","?","M","R","B",null,"M","?","?","?","M","E","R","M","T","?","M","R","?","M","R","B",null,"R","$","E","B",null],"character_chosen":"KOISHI","items_purchased":["Chemical X","Happy Flower","Nunchaku","Koishi:BramblyRoseGarden","Koishi:UnconsciousUprising+1","HandDrill","Sadistic Nature","RuthlessExorcism:ReiMu","Bandage Up+1"],"campfire_rested":5,"item_purchase_floors":[24,24,24,24,24,53,53,53,53],"current_hp_per_floor":[66,66,55,55,57,45,43,4,4,6,5,26,26,15,36,36,71,61,61,61,62,37,36,36,39,39,60,60,29,11,13,34,14,71,71,71,62,62,63,36,36,18,18,18,20,43,43,44,44,26,78,78,78,56,51],"gold":56,"neow_bonus":"TEN_PERCENT_HP_BONUS","is_daily":false,"chose_seed":false,"campfire_upgraded":2,"win_rate":0.0,"timestamp":1613017105,"path_taken":["M","?","?","?","M","E","M","E","T","M","?","R","?","M","R","BOSS","M","?","?","M","M","E","$","?","T","R","?","E","?","M","R","BOSS","M","?","?","?","?","E","R","M","T","?","M","R","?","M","R","BOSS","R","$","E","BOSS"],"items_purchased_type":["Relic","Relic","Relic","Card","Card","Relic","Card","Relic","Card"],"build_version":"2020-12-22","purchased_purges":1,"victory":true,"max_hp_per_floor":[66,66,66,66,66,66,66,66,66,71,71,71,71,71,71,71,71,71,71,71,71,71,71,71,71,71,71,71,71,71,71,71,71,71,71,71,71,71,71,78,78,78,78,78,78,78,78,78,78,78,78,78,78,78,78],"card_choices":[{"not_picked":["Koishi:HeartAttack","Koishi:ParalyzingFear"],"picked":"Koishi:SubconsciousSweep","floor":1.0},{"not_picked":["Koishi:BloodcurdlingScream","Koishi:Bloodlust"],"picked":"Koishi:DanmakuParanoia","floor":5.0},{"not_picked":["Koishi:Jaunt","Koishi:UnansweredLove+1"],"picked":"Koishi:UnconsciousUrges","floor":6.0},{"not_picked":["Koishi:MindNumbingTerror","Koishi:ReflexRadar+1"],"picked":"Koishi:GhostParty+1","floor":7.0},{"not_picked":["Koishi:ReleaseOfTheId+1","Koishi:TremblingHands"],"picked":"Koishi:RoseHell+1","floor":8.0},{"not_picked":["Koishi:SubconsciousSweep","Koishi:Possession+1"],"picked":"Koishi:SubterraneanRose+1","floor":10.0},{"not_picked":["Koishi:UnseenTerror","Koishi:SpiritedAway"],"picked":"Koishi:PhantomBarrier+1","floor":11.0},{"not_picked":["Koishi:PhantomStrike","Koishi:MindNumbingTerror"],"picked":"Koishi:EmbryosDream+1","floor":14.0},{"not_picked":["Koishi:ConfinedInnocent","Koishi:SuperEgo"],"picked":"Koishi:RoseHell+1","floor":16.0},{"not_picked":["Koishi:TremblingHands","Koishi:UnansweredLove+1"],"picked":"Koishi:UnconsciousUprising+1","floor":18},{"not_picked":["Koishi:ParalyzingFear","Koishi:FourthEye+1"],"picked":"Koishi:FidgetySnatcher","floor":21},{"not_picked":["Koishi:VengefulSpirit+1","Koishi:SpiritedAway"],"picked":"Koishi:SubconsciousSweep","floor":22},{"not_picked":["Koishi:Jaunt+1","Koishi:Prune"],"picked":"Koishi:EmbryosDream+1","floor":23},{"not_picked":["Koishi:BloodcurdlingScream","Koishi:SubconsciousSweep+1"],"picked":"Koishi:FreudianInstinct","floor":25},{"not_picked":["Koishi:BloodcurdlingScream+1","Koishi:GeneticsOfTheUnconscious+1"],"picked":"Koishi:PerfectMindControl+1","floor":29},{"not_picked":["Koishi:EmbryosDream+1","Koishi:VengefulSpirit"],"picked":"Koishi:SubterraneanRose+1","floor":30},{"not_picked":["Koishi:Prune+1","Koishi:HeartfeltFancy+1"],"picked":"Koishi:PhantomStrike","floor":31},{"not_picked":["Koishi:FormlessExistence","Koishi:MentalBreakdown"],"picked":"Koishi:ImGoingToCallYouNow+1","floor":33},{"not_picked":["Koishi:PhantomStrike+1","Koishi:BramblyRoseGarden"],"picked":"Koishi:CatchAndRose+1","floor":35},{"not_picked":["Koishi:JumpScare+1","Koishi:UnconsciousUprising+1"],"picked":"Koishi:UnconsciousUrges+1","floor":39},{"not_picked":["Koishi:BloodcurdlingScream+1","Koishi:Prune"],"picked":"Koishi:PhantomStrike","floor":40},{"not_picked":["Koishi:StingingMind+1","Koishi:LastRemote"],"picked":"Koishi:HeartAttack+1","floor":42},{"not_picked":["The Bomb+1","Purity+1"],"picked":"Good Instincts+1","floor":44},{"not_picked":["Koishi:UnseenTerror+1","Koishi:FleetingPhantom+1"],"picked":"Koishi:YoukaiPolygraph+1","floor":45},{"not_picked":["Koishi:ReflexRadar+1","Koishi:GeneticsOfTheUnconscious+1"],"picked":"Koishi:SubterraneanRose+1","floor":47},{"not_picked":["Koishi:StrangeCloudFist","Koishi:UnansweredLove+1"],"picked":"Koishi:Untouchable+1","floor":48},{"not_picked":["Koishi:MindNumbingTerror","Koishi:SpiritedAway"],"picked":"Koishi:EmbryosDream+1","floor":54}],"player_experience":1475465,"relics_obtained":[{"floor":6.0,"key":"Toxic Egg 2"},{"floor":8.0,"key":"Centennial Puzzle"},{"floor":9.0,"key":"Mastiff:ReiMu"},{"floor":23,"key":"White Beast Statue"},{"floor":26,"key":"Bottled Flame"},{"floor":29,"key":"Potion Belt"},{"floor":30,"key":"Red Mask"},{"floor":40,"key":"Strawberry"},{"floor":47,"key":"StoneCalendar"},{"floor":54,"key":"Eternal Feather"}],"event_choices":[{"damage_healed":0.0,"max_hp_gain":0.0,"max_hp_loss":0.0,"gold_gain":73.0,"event_name":"Golden Wing","player_choice":"Gained Gold","floor":2.0,"gold_loss":0.0,"damage_taken":0.0},{"damage_healed":0.0,"max_hp_gain":0.0,"max_hp_loss":0.0,"gold_gain":75.0,"event_name":"World of Goop","player_choice":"Gather Gold","floor":3.0,"gold_loss":0.0,"damage_taken":11.0},{"damage_healed":0.0,"max_hp_gain":0.0,"max_hp_loss":0.0,"gold_gain":0.0,"event_name":"Lab","player_choice":"Got Potions","floor":4.0,"gold_loss":0.0,"damage_taken":0.0},{"damage_healed":0.0,"max_hp_gain":0.0,"max_hp_loss":0.0,"gold_gain":0.0,"event_name":"Dead Adventurer","player_choice":"Searched \u00272\u0027 times","floor":13.0,"gold_loss":0.0,"damage_taken":0.0,"relics_obtained":["Bronze Scales"]},{"damage_healed":0,"gold_gain":0,"player_choice":"Obtained Relic","damage_taken":0,"relics_obtained":["Anchor"],"max_hp_gain":0,"max_hp_loss":0,"event_name":"Addict","floor":19,"gold_loss":85},{"damage_healed":0,"gold_gain":250,"player_choice":"Bet on Owner","damage_taken":0,"max_hp_gain":0,"max_hp_loss":0,"event_name":"The Joust","floor":20,"gold_loss":50},{"damage_healed":0,"gold_gain":0,"player_choice":"Inject Mutagens","damage_taken":0,"relics_obtained":["MutagenicStrength"],"max_hp_gain":0,"max_hp_loss":0,"event_name":"Drug Dealer","floor":28,"gold_loss":0},{"damage_healed":0,"gold_gain":0,"player_choice":"Fought Bandits","damage_taken":0,"max_hp_gain":0,"max_hp_loss":0,"event_name":"Masked Bandits","floor":30,"gold_loss":0},{"damage_healed":0,"gold_gain":222,"player_choice":"Wore Mask","damage_taken":0,"max_hp_gain":0,"max_hp_loss":0,"event_name":"Tomb of Lord Red Mask","floor":36,"gold_loss":0},{"damage_healed":0,"gold_gain":0,"player_choice":"Embrace Madness","damage_taken":9,"max_hp_gain":0,"max_hp_loss":0,"event_name":"Winding Halls","floor":37,"gold_loss":0,"cards_obtained":["Madness","Madness"]},{"damage_healed":0,"gold_gain":0,"player_choice":"Upgraded Two","damage_taken":0,"max_hp_gain":0,"max_hp_loss":0,"event_name":"Designer","floor":38,"gold_loss":40,"cards_upgraded":["Koishi:BasicDefend","Koishi:BasicStrike"]},{"damage_healed":0,"gold_gain":0,"player_choice":"Memory 1","damage_taken":0,"max_hp_gain":0,"max_hp_loss":0,"event_name":"SensoryStone","floor":44,"gold_loss":0},{"damage_healed":0,"gold_gain":0,"player_choice":"Fight","damage_taken":0,"max_hp_gain":0,"max_hp_loss":0,"event_name":"MindBloom","floor":47,"gold_loss":0}],"is_beta":false,"boss_relics":[{"not_picked":["Empty Cage","Runic Dome"],"picked":"Sozu"},{"not_picked":["SacredBark","Fusion Hammer"],"picked":"Cursed Key"}],"items_purged_floors":[53],"is_endless":false,"potions_floor_spawned":[5,7,8,10,18,23,25,29,30,31,33,35,39,40,42,45,47,48,54],"ascension_level":0}}