{"host":"37ccm3d17clopct7","time":1613037607,"event":{"mods":["BaseMod","GungeonMod","Hermit","Lobotomy","Minty Spire (QoL Compilation)","StSLib","The Bug Knight","The Cursed","The Hierophant","The Jungle","The Runesmith"],"gold_per_floor":[119,130,141,241,256,287,287,318,318,318,338,401,401,17,17,121,121,139,163,178,195,195,195,195,195],"floor_reached":24,"language":"KOR","playtime":1135,"items_purged":["TheCursedMod:Defend_TheCursed"],"score":216,"play_id":"dbe4ea46-8060-476b-9eef-285233782039","local_time":"20210211190007","is_ascension_mode":true,"campfire_choices":[{"floor":7,"key":"RECALL"},{"floor":10,"key":"REST"},{"floor":15,"key":"REST"},{"floor":23,"key":"REST"}],"circlet_count":0,"master_deck":["TheCursedMod:Strike_TheCursed","TheCursedMod:Strike_TheCursed","TheCursedMod:Strike_TheCursed","TheCursedMod:Defend_TheCursed","TheCursedMod:Defend_TheCursed","TheCursedMod:CursedWand","TheCursedMod:CleanUpWorkshop","TheCursedMod:Dregs","TheCursedMod:SurpriseAttack","TheCursedMod:WearCloak","TheCursedMod:ReleasedStrength","TheCursedMod:FleshFromBone","TheCursedMod:FleshFromBone","TheCursedMod:Stretching","TheCursedMod:BlessingInDisguise","TheCursedMod:DemonicPact","TheCursedMod:SurpriseAttack","TheCursedMod:CircleOfFlame","TheCursedMod:SpitefulPray","Decay"],"relics":["TheCursedMod:BlackMagic101","Bronze Scales","HollowMod:PaleOreRelic","DemoMod:AgedBell","TheCursedMod:CrystalBall","Torii","DemoMod:NanoMachines","Empty Cage","Juzu Bracelet"],"acts_visited":["Exordium","TheCity"],"potions_floor_usage":[6,6,8,16,21],"damage_taken":[{"damage":3,"enemies":"Jaw Worm","floor":1,"turns":4},{"damage":0,"enemies":"Cultist","floor":2,"turns":3},{"damage":0,"enemies":"2 Louse","floor":3,"turns":3},{"damage":5,"enemies":"Red Slaver","floor":5,"turns":4},{"damage":13,"enemies":"3 Sentries","floor":6,"turns":11},{"damage":18,"enemies":"Lagavulin","floor":8,"turns":6},{"damage":4,"enemies":"Large Slime","floor":11,"turns":6},{"damage":0,"enemies":"3 Sentries","floor":12,"turns":9},{"damage":23,"enemies":"Hexaghost","floor":16,"turns":9},{"damage":13,"enemies":"Spheric Guardian","floor":18,"turns":7},{"damage":21,"enemies":"Chosen","floor":20,"turns":6},{"damage":14,"enemies":"3 Cultists","floor":21,"turns":5},{"damage":50,"enemies":"Book of Stabbing","floor":24,"turns":7}],"seed_played":"7856547945434411710","potions_obtained":[{"floor":3,"key":"FearPotion"},{"floor":5,"key":"EntropicBrew"},{"floor":8,"key":"LiquidBronze"},{"floor":12,"key":"LiquidBronze"},{"floor":20,"key":"Fire Potion"}],"is_trial":false,"path_per_floor":["M","M","M","?","M","E","R","E","T","R","M","?","?","$","R","B",null,"M","T","M","M","?","R","E"],"character_chosen":"THE_CURSED","items_purchased":["DemoMod:NanoMachines"],"campfire_rested":3,"item_purchase_floors":[14],"current_hp_per_floor":[72,72,72,72,67,54,54,36,36,58,54,54,54,54,75,52,75,62,62,41,27,27,49,0,0],"gold":195,"neow_bonus":"RANDOM_COMMON_RELIC","is_daily":false,"chose_seed":false,"campfire_upgraded":0,"win_rate":0.0,"timestamp":1613037607,"path_taken":["M","M","M","?","?","E","R","E","T","R","M","?","?","$","R","BOSS","M","?","M","M","?","R","E"],"items_purchased_type":["Relic"],"build_version":"2020-12-22","purchased_purges":1,"victory":false,"max_hp_per_floor":[75,75,75,75,75,75,75,75,75,75,75,75,75,75,75,75,75,75,75,75,75,75,75,75,75],"card_choices":[{"not_picked":["TheCursedMod:CursedAmulet","TheCursedMod:CursedBoomerang"],"picked":"TheCursedMod:SurpriseAttack","floor":1},{"not_picked":["TheCursedMod:RapidMovement","TheCursedMod:SmokeScreen"],"picked":"TheCursedMod:WearCloak","floor":2},{"not_picked":["TheCursedMod:RavingStaff","TheCursedMod:CircleOfBlood"],"picked":"TheCursedMod:ReleasedStrength","floor":3},{"not_picked":["TheCursedMod:CursedMace","TheCursedMod:Torture"],"picked":"TheCursedMod:FleshFromBone","floor":5},{"not_picked":["TheCursedMod:Torture","TheCursedMod:CursedMace"],"picked":"TheCursedMod:FleshFromBone","floor":6},{"not_picked":["TheCursedMod:BloodBarrier","TheCursedMod:SpitefulPlan","TheCursedMod:AshesToAshes"],"picked":"SKIP","floor":8},{"not_picked":["TheCursedMod:CircleOfCorruption","TheCursedMod:SpitefulPlan"],"picked":"TheCursedMod:Stretching","floor":11},{"not_picked":["TheCursedMod:RavingStaff","TheCursedMod:WearCloak"],"picked":"TheCursedMod:BlessingInDisguise","floor":12},{"not_picked":["TheCursedMod:ParallelWorld","TheCursedMod:ManaCirculation"],"picked":"TheCursedMod:DemonicPact","floor":16},{"not_picked":["TheCursedMod:ManaBullet","TheCursedMod:PrepareRite"],"picked":"TheCursedMod:SurpriseAttack","floor":18},{"not_picked":["TheCursedMod:CursedMace","TheCursedMod:CircleOfAmplification"],"picked":"TheCursedMod:CircleOfFlame","floor":20},{"not_picked":["TheCursedMod:FleshFromBone+1","TheCursedMod:AbyssShockwave"],"picked":"TheCursedMod:SpitefulPray","floor":21}],"player_experience":179241,"relics_obtained":[{"floor":6,"key":"HollowMod:PaleOreRelic"},{"floor":8,"key":"DemoMod:AgedBell"},{"floor":19,"key":"Juzu Bracelet"}],"event_choices":[{"damage_healed":0,"gold_gain":100,"player_choice":"Gold","damage_taken":0,"max_hp_gain":0,"max_hp_loss":0,"event_name":"Wheel of Change","floor":4,"gold_loss":0},{"damage_healed":0,"gold_gain":0,"player_choice":"Searched \u00272\u0027 times","damage_taken":0,"relics_obtained":["TheCursedMod:CrystalBall"],"max_hp_gain":0,"max_hp_loss":0,"event_name":"Dead Adventurer","floor":12,"gold_loss":0},{"damage_healed":0,"gold_gain":0,"player_choice":"Gave Potion","damage_taken":0,"relics_obtained":["Torii"],"max_hp_gain":0,"max_hp_loss":0,"event_name":"WeMeetAgain","floor":13,"gold_loss":0},{"damage_healed":0,"gold_gain":0,"player_choice":"Smashed Altar","damage_taken":0,"max_hp_gain":0,"max_hp_loss":0,"event_name":"Forgotten Altar","floor":22,"gold_loss":0,"cards_obtained":["Decay"]}],"is_beta":false,"boss_relics":[{"not_picked":["Runesmith:UraniumAnvil","TheCursedMod:FourLeafCloverCharm"],"picked":"Empty Cage"}],"items_purged_floors":[14],"is_endless":false,"potions_floor_spawned":[3,5,8,12,20],"killed_by":"Book of Stabbing","ascension_level":1}}