{"host":"dctolzh6htjtakpc","time":1613058553,"event":{"mods":["2.2 Compatiblity","AchievementEnabler","AlwaysNeverKeys","BaseMod","Block Reminder","DeckTracker","Defuse TimeMaze Blight","Minty Spire (QoL Compilation)","Permanent Neow","Quick Restart","StSLib","SuperFastMode"],"gold_per_floor":[20,20,37,57,5,32,43,43,43,43,54,74,107,127,127,127,127],"floor_reached":16,"language":"ENG","playtime":263,"items_purged":[],"score":182,"play_id":"9fbd47ae-943c-41e2-90f7-2f496a6ed068","local_time":"20210211104913","is_ascension_mode":true,"campfire_choices":[{"floor":10.0,"key":"REST"},{"data":"Slice","floor":15.0,"key":"SMITH"}],"circlet_count":0,"master_deck":["AscendersBane","Strike_G","Strike_G","Strike_G","Strike_G","Strike_G","Defend_G","Defend_G","Defend_G","Defend_G","Defend_G","Survivor","Neutralize","Die Die Die","Backflip","Predator","Dodge and Roll","Dagger Throw","Slice","Leg Sweep","Finisher","Slice+1"],"relics":["Ring of the Snake","Tiny Chest","Bottled Flame","Du-Vu Doll"],"acts_visited":["Exordium"],"potions_floor_usage":[],"damage_taken":[{"damage":0.0,"enemies":"Small Slimes","floor":1.0,"turns":2.0},{"damage":0.0,"enemies":"Cultist","floor":3.0,"turns":5.0},{"damage":0.0,"enemies":"2 Louse","floor":4.0,"turns":1.0},{"damage":62.0,"enemies":"Lagavulin","floor":6.0,"turns":7.0},{"damage":0.0,"enemies":"Red Slaver","floor":7.0,"turns":5.0},{"damage":6.0,"enemies":"Exordium Thugs","floor":11.0,"turns":4.0},{"damage":0.0,"enemies":"2 Fungi Beasts","floor":12.0,"turns":2.0},{"damage":9.0,"enemies":"Gremlin Nob","floor":13.0,"turns":3.0},{"damage":0.0,"enemies":"Blue Slaver","floor":14.0,"turns":3.0},{"damage":0,"enemies":"The Guardian","floor":16,"turns":1}],"seed_played":"-8101228878930388822","potions_obtained":[{"floor":4.0,"key":"AttackPotion"},{"floor":6.0,"key":"Explosive Potion"}],"is_trial":false,"path_per_floor":["M","?","M","M","$","E","M","?","T","R","M","M","E","M","R","B"],"character_chosen":"THE_SILENT","items_purchased":["Dagger Throw"],"campfire_rested":1,"item_purchase_floors":[5],"current_hp_per_floor":[63,63,63,63,63,1,1,1,1,22,16,16,7,7,7,7,7],"gold":127,"neow_bonus":"THREE_RARE_CARDS","is_daily":false,"chose_seed":false,"campfire_upgraded":1,"win_rate":0.0,"timestamp":1613058553,"path_taken":["M","?","?","M","$","E","M","?","T","R","?","M","E","M","R","BOSS"],"items_purchased_type":["Card"],"build_version":"2020-12-22","purchased_purges":0,"victory":false,"max_hp_per_floor":[70,70,70,70,70,70,70,70,70,70,70,70,70,70,70,70,70],"card_choices":[{"not_picked":["After Image","Doppelganger"],"picked":"Die Die Die","floor":0.0},{"not_picked":["Bouncing Flask","Flying Knee"],"picked":"Backflip","floor":1.0},{"not_picked":["Poisoned Stab","Cloak And Dagger"],"picked":"Predator","floor":3.0},{"not_picked":["Quick Slash","Crippling Poison"],"picked":"Dodge and Roll","floor":4.0},{"not_picked":["Infinite Blades","Poisoned Stab"],"picked":"Slice","floor":6.0},{"not_picked":["Malaise","Underhanded Strike"],"picked":"Leg Sweep","floor":7.0},{"not_picked":["Backflip","Bane","Deadly Poison"],"picked":"SKIP","floor":11.0},{"not_picked":["Blade Dance","Skewer","Deadly Poison"],"picked":"SKIP","floor":12.0},{"not_picked":["Storm of Steel","All Out Attack"],"picked":"Finisher","floor":13.0},{"not_picked":["Well Laid Plans","Sucker Punch"],"picked":"Slice","floor":14.0}],"player_experience":519609,"relics_obtained":[{"floor":6.0,"key":"Tiny Chest"},{"floor":9.0,"key":"Bottled Flame"},{"floor":13.0,"key":"Du-Vu Doll"}],"event_choices":[{"damage_healed":0.0,"max_hp_gain":0.0,"max_hp_loss":0.0,"gold_gain":0.0,"event_name":"WeMeetAgain","player_choice":"Ignored","floor":2.0,"gold_loss":0.0,"damage_taken":0.0},{"damage_healed":0.0,"max_hp_gain":0.0,"max_hp_loss":0.0,"gold_gain":0.0,"event_name":"Lab","player_choice":"Got Potions","floor":8.0,"gold_loss":0.0,"damage_taken":0.0}],"is_beta":false,"boss_relics":[],"items_purged_floors":[],"is_endless":false,"potions_floor_spawned":[4,6,11,12],"killed_by":"The Guardian","ascension_level":12}}