{"host":"qxeepl7ydvsgmfdb","time":1613023412,"event":{"mods":["AchievementEnabler","BaseMod","Colored Powertips","Minty Spire (QoL Compilation)","Quick Restart","slay the spire mod where everything is the same but ironclad has a cowboy hat"],"gold_per_floor":[116,116,36,136,146,179,179,209,236,236,294,319,89,139,139,217,267,277,277,79,92,102,133,133,147,147,167,167,167],"floor_reached":28,"language":"ENG","playtime":784,"items_purged":["Strike_G"],"score":457,"play_id":"178aa71d-dcae-4cd9-97fe-b4e93f66f464","local_time":"20210211010332","is_ascension_mode":true,"campfire_choices":[{"data":"Die Die Die","floor":7.0,"key":"SMITH"},{"floor":10.0,"key":"REST"},{"floor":15.0,"key":"REST"},{"floor":24,"key":"REST"}],"circlet_count":0,"master_deck":["AscendersBane","Strike_G","Strike_G","Strike_G","Strike_G","Defend_G","Defend_G","Defend_G","Defend_G","Defend_G","Survivor","Neutralize","Dagger Spray+1","Die Die Die+1","Poisoned Stab","Backstab","Deadly Poison","Backstab","Die Die Die+1","Cloak And Dagger","Deflect","Cloak And Dagger","Finisher","Footwork"],"relics":["Ring of the Snake","NeowsBlessing","Snake Skull","Oddly Smooth Stone","Blood Vial","Potion Belt","Odd Mushroom","Tiny House","MealTicket","Singing Bowl","Ice Cream"],"acts_visited":["Exordium","TheCity"],"potions_floor_usage":[18,23,23,25,28],"damage_taken":[{"damage":0.0,"enemies":"Small Slimes","floor":1.0,"turns":1.0},{"damage":0.0,"enemies":"2 Louse","floor":5.0,"turns":1.0},{"damage":0.0,"enemies":"3 Sentries","floor":6.0,"turns":1.0},{"damage":22.0,"enemies":"Lagavulin","floor":8.0,"turns":5.0},{"damage":12.0,"enemies":"Lagavulin Event","floor":11.0,"turns":6.0},{"damage":9.0,"enemies":"The Mushroom Lair","floor":12.0,"turns":2.0},{"damage":17.0,"enemies":"Slime Boss","floor":16.0,"turns":8.0},{"damage":0,"enemies":"Spheric Guardian","floor":18,"turns":2},{"damage":7,"enemies":"3 Byrds","floor":21,"turns":4},{"damage":19,"enemies":"Snake Plant","floor":22,"turns":4},{"damage":19,"enemies":"Book of Stabbing","floor":23,"turns":4},{"damage":19,"enemies":"Centurion and Healer","floor":25,"turns":7},{"damage":30,"enemies":"Snecko","floor":27,"turns":5},{"damage":16,"enemies":"Shelled Parasite and Fungi","floor":28,"turns":4}],"seed_played":"-382572671604411940","potions_obtained":[{"floor":5.0,"key":"SkillPotion"},{"floor":6.0,"key":"Energy Potion"},{"floor":8.0,"key":"Dexterity Potion"},{"floor":17.0,"key":"SkillPotion"},{"floor":22,"key":"Strength Potion"},{"floor":23,"key":"SkillPotion"},{"floor":27,"key":"Swift Potion"}],"is_trial":false,"path_per_floor":["M","?","$","?","M","E","R","E","T","R","?","?","$","?","R","B",null,"M","?","$","M","M","E","R","M","T","M","M"],"character_chosen":"THE_SILENT","items_purchased":["Die Die Die","Backstab","CunningPotion","MealTicket","Strength Potion"],"campfire_rested":3,"item_purchase_floors":[3,13,13,20,20],"current_hp_per_floor":[59,59,59,59,59,59,59,37,37,56,46,39,39,39,58,43,65,67,71,71,64,47,30,51,36,36,10,0,0],"gold":167,"neow_bonus":"THREE_ENEMY_KILL","is_daily":false,"chose_seed":false,"campfire_upgraded":1,"win_rate":0.0,"timestamp":1613023412,"path_taken":["M","?","$","?","?","E","R","E","T","R","?","?","$","?","R","BOSS","M","?","$","M","M","E","R","?","T","M","?"],"items_purchased_type":["Card","Card","Potion","Relic","Potion"],"build_version":"2020-12-22","purchased_purges":1,"victory":false,"max_hp_per_floor":[66,66,66,66,66,66,66,66,66,66,66,66,66,66,66,66,71,71,71,71,71,71,71,71,73,73,75,75,75],"card_choices":[{"not_picked":["Choke","Predator"],"picked":"Dagger Spray","floor":1.0},{"not_picked":["Endless Agony","Flechettes"],"picked":"Poisoned Stab","floor":5.0},{"not_picked":["All Out Attack","Riddle With Holes"],"picked":"Backstab","floor":6.0},{"not_picked":["Choke","Concentrate"],"picked":"Deadly Poison","floor":8.0},{"not_picked":["Accuracy","Predator"],"picked":"All Out Attack","floor":12.0},{"not_picked":["Corpse Explosion","Envenom"],"picked":"Die Die Die","floor":16.0},{"not_picked":["Backflip","Quick Slash"],"picked":"Cloak And Dagger","floor":17.0},{"not_picked":["Acrobatics","Riddle With Holes"],"picked":"Deflect","floor":18},{"not_picked":["Dodge and Roll","Deflect"],"picked":"Cloak And Dagger","floor":21},{"not_picked":["Envenom","Bane"],"picked":"Finisher","floor":22},{"not_picked":["Quick Slash","Burst"],"picked":"Footwork","floor":23},{"not_picked":["Infinite Blades","Deadly Poison","Setup"],"picked":"Singing Bowl","floor":25},{"not_picked":["Outmaneuver","Masterful Stab","Dodge and Roll"],"picked":"Singing Bowl","floor":27}],"player_experience":145814,"relics_obtained":[{"floor":6.0,"key":"Snake Skull"},{"floor":8.0,"key":"Oddly Smooth Stone"},{"floor":9.0,"key":"Blood Vial"},{"floor":11.0,"key":"Potion Belt"},{"floor":12.0,"key":"Odd Mushroom"},{"floor":23,"key":"Singing Bowl"},{"floor":26,"key":"Ice Cream"}],"event_choices":[{"damage_healed":0.0,"max_hp_gain":0.0,"max_hp_loss":0.0,"gold_gain":0.0,"event_name":"Living Wall","player_choice":"Grow","floor":2.0,"gold_loss":0.0,"damage_taken":0.0,"cards_upgraded":["Dagger Spray"]},{"damage_healed":0.0,"max_hp_gain":0.0,"max_hp_loss":0.0,"gold_gain":100.0,"event_name":"Wheel of Change","player_choice":"Gold","floor":4.0,"gold_loss":0.0,"damage_taken":0.0},{"damage_healed":0.0,"max_hp_gain":0.0,"max_hp_loss":0.0,"gold_gain":0.0,"event_name":"Dead Adventurer","player_choice":"Searched \u00271\u0027 times","floor":11.0,"gold_loss":0.0,"damage_taken":0.0},{"damage_healed":0.0,"max_hp_gain":0.0,"max_hp_loss":0.0,"gold_gain":0.0,"event_name":"Mushrooms","player_choice":"Fought Mushrooms","floor":12.0,"gold_loss":0.0,"damage_taken":0.0},{"damage_healed":0.0,"max_hp_gain":0.0,"max_hp_loss":0.0,"gold_gain":50.0,"event_name":"Golden Wing","player_choice":"Gained Gold","floor":14.0,"gold_loss":0.0,"damage_taken":0.0},{"cards_removed":["All Out Attack"],"damage_healed":4,"gold_gain":0,"player_choice":"Offered Uncommon","damage_taken":0,"max_hp_gain":0,"max_hp_loss":0,"event_name":"Bonfire Elementals","floor":19,"gold_loss":0}],"is_beta":false,"boss_relics":[{"not_picked":["Runic Dome","Sozu"],"picked":"Tiny House"}],"items_purged_floors":[13],"is_endless":false,"potions_floor_spawned":[5,6,8,22,23,27],"killed_by":"Shelled Parasite and Fungi","ascension_level":14}}