{"host":"hpn0uxah5qjr7pa6","time":1613027720,"event":{"mods":["2.2 Compatiblity","Act Like it!","Aspiration","BaseMod","Better Third Choice","BetterRewards","Challenge The Spire","Colored Powertips","Conspire","DeckTracker","Downfall","Energized Spire","Hallownest","Hermit","Highlight Path","Hubris","Infinite Spire","Minty Spire (QoL Compilation)","Permanent Neow","Quick Restart","Rare Cards Sparkle","Replay The Spire","Spicy Shops","StSLib","The Bug Knight","The Jungle"],"gold_per_floor":[119,133,148,148,148,148,43,59,59,59,85,100,117,135,135,233,233,246,194,194,194,208,220,220,220,244,244,264,264,264,280,280,379,379,391,391,407,420,436,766,766,766,791,816,829,847,702,719,719,719],"floor_reached":51,"language":"ENG","playtime":1358,"items_purged":[],"score":888,"play_id":"a7ce8d50-dccd-471f-a08e-5f6b75a45efe","local_time":"20210210231520","daily_mods":["SealedDeck"],"is_ascension_mode":false,"campfire_choices":[{"data":"bronze:ChosenStrike","floor":6,"key":"SMITH"},{"data":"bronze:OilSpill","floor":10,"key":"SMITH"},{"floor":15,"key":"REST"},{"data":"bronze:Branch","floor":24,"key":"SMITH"},{"data":"bronze:Branch","floor":27,"key":"SMITH"},{"floor":32,"key":"DIG"},{"data":"bronze:OilSpill","floor":41,"key":"SMITH"},{"data":"bronze:BronzeOrb","floor":49,"key":"SMITH"}],"circlet_count":0,"master_deck":["bronze:WhirlingStrike","bronze:Repair","bronze:ChosenStrike+1","bronze:Branch","bronze:DelayedSlice","bronze:OilSpill+1","bronze:BronzeOrb+1","bronze:Branch","bronze:WhirlingStrike","bronze:BronzeOrb","bronze:OilSpill+1","bronze:Branch+1","bronze:Branch+1","bronze:BronzeOrb+1"],"relics":["bronze:BronzeCore","infinitespire:Eraser","StoneCalendar","aspiration:PoetsPen_weak","infinitespire:Satchel","Busted Crown","champ:DeflectingBracers","hubris:SlimyHat","Old Coin","aspiration:ChemicalBlood","CeramicFish","Lee\u0027s Waffle"],"acts_visited":["Exordium","TheCity","TheBeyond"],"potions_floor_usage":[16,45,48],"damage_taken":[{"damage":0,"enemies":"Small Slimes","floor":1,"turns":2},{"damage":0,"enemies":"Cultist","floor":2,"turns":2},{"damage":0,"enemies":"Jaw Worm","floor":3,"turns":2},{"damage":0,"enemies":"3 Louse","floor":8,"turns":2},{"damage":9,"enemies":"3 Sentries","floor":11,"turns":3},{"damage":0,"enemies":"Exordium Wildlife","floor":12,"turns":1},{"damage":0,"enemies":"Blue Slaver","floor":13,"turns":1},{"damage":0,"enemies":"3 Louse","floor":14,"turns":2},{"damage":34,"enemies":"The Guardian","floor":16,"turns":7},{"damage":0,"enemies":"conspire:FuzzyDice","floor":18,"turns":2},{"damage":0,"enemies":"Shell Parasite","floor":22,"turns":1},{"damage":0,"enemies":"Chosen and Byrds","floor":23,"turns":2},{"damage":0,"enemies":"Centurion and Healer","floor":28,"turns":3},{"damage":0,"enemies":"Shelled Parasite and Fungi","floor":31,"turns":2},{"damage":15,"enemies":"hubris:MusketHawk","floor":33,"turns":4},{"damage":5,"enemies":"3 Shapes","floor":35,"turns":2},{"damage":0,"enemies":"3 Darklings","floor":37,"turns":2},{"damage":0,"enemies":"Spire Growth","floor":38,"turns":2},{"damage":0,"enemies":"4 Shapes","floor":39,"turns":1},{"damage":0,"enemies":"R_Hoarder","floor":40,"turns":3},{"damage":0,"enemies":"Nemesis","floor":44,"turns":3},{"damage":0,"enemies":"HollowMod:SlobberingHusk","floor":45,"turns":3},{"damage":0,"enemies":"Jaw Worm Horde","floor":46,"turns":1},{"damage":0,"enemies":"Maw","floor":48,"turns":3},{"damage":4,"enemies":"hubris:GrandSnecko","floor":50,"turns":5}],"seed_played":"-461616223658638139","potions_obtained":[{"floor":8,"key":"Swift Potion"},{"floor":12,"key":"infinitespire:BlackPotion"},{"floor":16,"key":"sneckomod:MuddlingPotion"},{"floor":18,"key":"Adrenaline Potion"},{"floor":38,"key":"Toxic Potion"},{"floor":45,"key":"SteroidPotion"}],"is_trial":true,"path_per_floor":["M","M","M","$","?","R","$","M","T","R","E","M","M","M","R","B",null,"M","$","?","$","M","M","R","?","T","R","M","$","AVR","M","R","B",null,"M","AVR","M","M","M","E","R","?","T","E","M","M","$","M","R","B",null],"character_chosen":"THE_AUTOMATON","items_purchased":["FairyPotion","bronze:Branch","Lee\u0027s Waffle"],"campfire_rested":1,"item_purchase_floors":[7,19,47],"current_hp_per_floor":[70,70,70,70,70,70,70,70,70,70,61,61,61,61,70,40,70,70,70,70,70,70,70,70,70,70,70,70,70,70,70,70,55,70,65,65,70,70,70,70,70,70,70,70,70,70,77,77,77,73],"gold":719,"neow_bonus":"","is_daily":false,"chose_seed":false,"campfire_upgraded":6,"win_rate":0.0,"timestamp":1613027720,"path_taken":["M","M","M","$","?","R","$","M","T","R","E","?","M","M","R","BOSS","M","$","?","$","M","M","R","?","T","R","M","?","AVR","M","R","BOSS","M","AVR","M","M","M","E","R","?","T","E","M","M","$","M","R","BOSS"],"items_purchased_type":["Potion","Card","Relic"],"build_version":"2020-12-22","purchased_purges":0,"victory":true,"max_hp_per_floor":[70,70,70,70,70,70,70,70,70,70,70,70,70,70,70,70,70,70,70,70,70,70,70,70,70,70,70,70,70,70,70,70,70,70,70,70,70,70,70,70,70,70,70,70,70,70,77,77,77,77],"card_choices":[{"not_picked":["bronze:WhirlingStrike","bronze:Turbo","bronze:DelayedGuard"],"picked":"SKIP","floor":1},{"not_picked":["bronze:FineTuning","bronze:Iterate"],"picked":"bronze:BronzeOrb","floor":2},{"not_picked":["bronze:Overload","bronze:Turbo","bronze:Constructor"],"picked":"SKIP","floor":3},{"not_picked":["bronze:WildBeam","bronze:ChildClass"],"picked":"bronze:OilSpill","floor":8},{"not_picked":["bronze:Terminator","bronze:BronzeArmor","bronze:Optimize"],"picked":"SKIP","floor":11},{"not_picked":["bronze:DelayedGuard","bronze:Shield","bronze:WildBeam"],"picked":"SKIP","floor":12},{"not_picked":["bronze:Separator","bronze:Iterate","bronze:ForceShield"],"picked":"SKIP","floor":13},{"not_picked":["bronze:Flail","bronze:Repulsor","bronze:Backtrace"],"picked":"SKIP","floor":14},{"not_picked":["bronze:Overload","bronze:Repulsor"],"picked":"bronze:Branch","floor":18},{"not_picked":["bronze:Invalidate+1","bronze:Deprecate","bronze:WildBeam"],"picked":"SKIP","floor":22},{"not_picked":["bronze:ForLoop","bronze:DelayedSlice"],"picked":"bronze:BronzeOrb+1","floor":23},{"not_picked":["bronze:BitShift","bronze:Frontload","bronze:Boost+1"],"picked":"SKIP","floor":28},{"not_picked":["bronze:WhirlingStrike"],"picked":"SKIP","floor":31},{"not_picked":["bronze:Shell+1"],"picked":"SKIP","floor":35},{"not_picked":["bronze:Frontload"],"picked":"SKIP","floor":37},{"not_picked":["bronze:CutThrough"],"picked":"SKIP","floor":38},{"not_picked":["bronze:InfiniteBeams"],"picked":"SKIP","floor":39},{"not_picked":["bronze:TinkerersToolbox"],"picked":"SKIP","floor":40},{"not_picked":["bronze:DelayedGuard+1"],"picked":"SKIP","floor":44},{"not_picked":["bronze:CutThrough+1"],"picked":"SKIP","floor":45},{"not_picked":["bronze:BitShift"],"picked":"SKIP","floor":46},{"not_picked":["bronze:WildBeam+1"],"picked":"SKIP","floor":48}],"player_experience":221664,"relics_obtained":[{"floor":9,"key":"infinitespire:Eraser"},{"floor":11,"key":"StoneCalendar"},{"floor":26,"key":"infinitespire:Satchel"},{"floor":32,"key":"champ:DeflectingBracers"},{"floor":40,"key":"Old Coin"},{"floor":43,"key":"aspiration:ChemicalBlood"},{"floor":44,"key":"CeramicFish"}],"event_choices":[{"cards_removed":["bronze:DelayedGuard"],"damage_healed":0,"gold_gain":0,"player_choice":"Card Removal","damage_taken":0,"max_hp_gain":0,"max_hp_loss":0,"event_name":"Wheel of Change","floor":5,"gold_loss":0},{"damage_healed":0,"gold_gain":0,"player_choice":"Ignored","damage_taken":0,"max_hp_gain":0,"max_hp_loss":0,"event_name":"Vampires","floor":25,"gold_loss":0}],"is_beta":false,"boss_relics":[{"not_picked":["Kintsugi","bronze:ElectromagneticCoil"],"picked":"aspiration:PoetsPen_weak"},{"not_picked":["aspiration:DefectSkillbook","Velvet Choker","conspire:SpecialSausage"]}],"items_purged_floors":[],"is_endless":false,"potions_floor_spawned":[8,12,14,16,18,23,35,37,38,39,45],"ascension_level":0}}