{"host":"oehe2dxjvdgux73m","time":1613048773,"event":{"mods":["AchievementEnabler","BaseMod","Colored Map","Colored Powertips","DeckTracker","Keyboard Shortcuts","Minty Spire (QoL Compilation)","Permanent Neow","Quick Restart","StSLib","SuperFastMode"],"gold_per_floor":[119,119,169,189,207,231,231,252,252,285,285,310,310,353,353,353,353],"floor_reached":16,"language":"KOR","playtime":361,"items_purged":[],"score":274,"play_id":"cba062af-c944-4144-a9d1-16fbf1855af4","local_time":"20210211220613","is_ascension_mode":true,"campfire_choices":[{"data":"Cloak And Dagger","floor":7.0,"key":"SMITH"},{"floor":11.0,"key":"REST"},{"data":"Neutralize","floor":13.0,"key":"SMITH"},{"data":"Concentrate","floor":15.0,"key":"SMITH"}],"circlet_count":0,"master_deck":["AscendersBane","Strike_G","Strike_G","Strike_G","Strike_G","Strike_G","Defend_G","Defend_G","Defend_G","Defend_G","Defend_G","Survivor","Neutralize+1","Cloak And Dagger+1","Dagger Throw","Blade Dance","Blade Dance","Accuracy","Concentrate+1"],"relics":["Ring of the Snake","Bronze Scales","Golden Idol","Happy Flower","Oddly Smooth Stone","InkBottle"],"acts_visited":["Exordium"],"potions_floor_usage":[16],"damage_taken":[{"damage":5.0,"enemies":"Small Slimes","floor":1.0,"turns":4.0},{"damage":0.0,"enemies":"2 Louse","floor":4.0,"turns":2.0},{"damage":0.0,"enemies":"Cultist","floor":5.0,"turns":3.0},{"damage":15.0,"enemies":"Lots of Slimes","floor":6.0,"turns":5.0},{"damage":0.0,"enemies":"2 Fungi Beasts","floor":8.0,"turns":3.0},{"damage":22.0,"enemies":"Lagavulin","floor":10.0,"turns":8.0},{"damage":0.0,"enemies":"Red Slaver","floor":12.0,"turns":2.0},{"damage":0.0,"enemies":"Gremlin Nob","floor":14.0,"turns":2.0},{"damage":29,"enemies":"Slime Boss","floor":16,"turns":6}],"seed_played":"600084826216490843","potions_obtained":[{"floor":1.0,"key":"Fire Potion"},{"floor":10.0,"key":"SteroidPotion"},{"floor":12.0,"key":"Block Potion"}],"is_trial":false,"path_per_floor":["M","?","?","M","M","M","R","M","T","E","R","M","R","E","R","B"],"character_chosen":"THE_SILENT","items_purchased":[],"campfire_rested":1,"item_purchase_floors":[],"current_hp_per_floor":[54,54,48,48,48,33,33,33,33,11,29,29,29,29,29,0,0],"gold":353,"neow_bonus":"RANDOM_COMMON_RELIC","is_daily":false,"chose_seed":false,"campfire_upgraded":3,"win_rate":0.0,"timestamp":1613048773,"path_taken":["M","?","?","M","M","M","R","M","T","E","R","?","R","E","R","BOSS"],"items_purchased_type":[],"build_version":"2020-12-22","purchased_purges":0,"victory":false,"max_hp_per_floor":[66,60,60,60,60,60,60,60,60,60,60,60,60,60,60,60,60],"card_choices":[{"not_picked":["Heel Hook","Deadly Poison"],"picked":"Cloak And Dagger","floor":1.0},{"not_picked":["Cloak And Dagger","Terror"],"picked":"Dagger Throw","floor":4.0},{"not_picked":["Dagger Throw","Flechettes","Slice"],"picked":"SKIP","floor":5.0},{"not_picked":["Bouncing Flask","Deflect"],"picked":"Blade Dance","floor":6.0},{"not_picked":["Deadly Poison","Bouncing Flask"],"picked":"Blade Dance","floor":8.0},{"not_picked":["Well Laid Plans","Bouncing Flask"],"picked":"Accuracy","floor":10.0},{"not_picked":["Backstab","Deadly Poison","Sucker Punch"],"picked":"SKIP","floor":12.0},{"not_picked":["Bouncing Flask","Dodge and Roll"],"picked":"Concentrate","floor":14.0}],"player_experience":460083,"relics_obtained":[{"floor":9.0,"key":"Happy Flower"},{"floor":10.0,"key":"Oddly Smooth Stone"},{"floor":14.0,"key":"InkBottle"}],"event_choices":[{"damage_healed":0.0,"max_hp_gain":0.0,"max_hp_loss":6.0,"gold_gain":0.0,"event_name":"Golden Idol","player_choice":"Lose Max HP","floor":2.0,"gold_loss":0.0,"damage_taken":0.0,"relics_obtained":["Golden Idol"]},{"damage_healed":0.0,"max_hp_gain":0.0,"max_hp_loss":0.0,"gold_gain":50.0,"event_name":"FaceTrader","player_choice":"Touch","floor":3.0,"gold_loss":0.0,"damage_taken":6.0}],"is_beta":false,"boss_relics":[],"items_purged_floors":[],"is_endless":false,"potions_floor_spawned":[1,10,12],"killed_by":"Slime Boss","ascension_level":20}}