{"host":"xxl27ehzxw6j4k3y","time":1613051926,"event":{"mods":["Act Like it!","Alarm Clock","Aspiration","BaseMod","Better Altar","Better Match","Better Note","Better Sensory Stone","Better Skull","Better Third Choice","BetterRewards","Card Forge","Conspire","Displayed Cursed Tome","Hermit","Hubris","Minty Spire (QoL Compilation)","Quick Restart","Shop Mod","Spicy Shops","StSLib","SuperFastMode","Transform Curses"],"gold_per_floor":[111,111,121,11,11,39,39,39,39,54,89,89,0,0,0,72,72,83,8,28,28,42,42,52,52,52,52,52,52,52,64,64,64,64],"floor_reached":33,"language":"ENG","playtime":780,"items_purged":["Injury"],"score":552,"play_id":"a8743d6a-612e-4b3b-b289-c4a3cb0c4b0b","local_time":"20210211145846","is_ascension_mode":true,"campfire_choices":[{"data":"Defragment","floor":7,"key":"SMITH"},{"data":"Dualcast","floor":8,"key":"SMITH"},{"floor":15,"key":"REST"},{"floor":23,"key":"REST"},{"floor":25,"key":"REST"},{"data":"Storm","floor":30,"key":"SMITH"},{"floor":32,"key":"REST"}],"circlet_count":0,"master_deck":["AscendersBane","Strike_B","Strike_B","Strike_B","Strike_B","Defend_B","Defend_B","Defend_B","Defend_B","Zap","Dualcast+1","Beam Cell","Conserve Battery","Defragment+1","BootSequence","Defragment","Storm+1","Enlightenment","Electrodynamics","Genetic Algorithm","Storm+1","Tempest","Hologram","Writhe","Turbo"],"relics":["Cracked Core","Hammer of Thor","Seething Fire","Anvil of the Gods","NeowsBlessing","aspiration:FaultyCoupler","Bag of Marbles","WingedGreaves","Mercury Hourglass","StrikeDummy","Sundial","aspiration:FutureDiary","hubris:SphereOfDissonance","hubris:Reverence"],"acts_visited":["Exordium","TheCity"],"potions_floor_usage":[18,22,24,33],"damage_taken":[{"damage":0,"enemies":"Small Slimes","floor":1,"turns":1},{"damage":0,"enemies":"Cultist","floor":3,"turns":1},{"damage":0,"enemies":"Lagavulin","floor":6,"turns":1},{"damage":0,"enemies":"2 Louse","floor":10,"turns":2},{"damage":20,"enemies":"3 Sentries","floor":11,"turns":6},{"damage":57,"enemies":"Hexaghost","floor":16,"turns":8},{"damage":21,"enemies":"Chosen","floor":18,"turns":4},{"damage":24,"enemies":"Shell Parasite","floor":20,"turns":4},{"damage":25,"enemies":"conspire:HollyBat","floor":22,"turns":8},{"damage":9,"enemies":"Snake Plant","floor":24,"turns":3},{"damage":21,"enemies":"Centurion and Healer","floor":31,"turns":4},{"damage":54,"enemies":"conspire:MysteriousRune","floor":33,"turns":5}],"seed_played":"-5986592419109084587","potions_obtained":[{"floor":1,"key":"ColorlessPotion"},{"floor":10,"key":"Energy Potion"},{"floor":18,"key":"Fruit Juice"},{"floor":20,"key":"GamblersBrew"},{"floor":24,"key":"PotionOfCapacity"}],"is_trial":false,"path_per_floor":["M","?","M","$","?","E","R","R","T","M","E","T","?","?","R","B",null,"M","$","M","?","M","R","M","R","T","R","?","?","R","M","R","B"],"character_chosen":"DEFECT","items_purchased":["aspiration:FaultyCoupler"],"campfire_rested":4,"item_purchase_floors":[4],"current_hp_per_floor":[64,64,64,64,64,64,64,64,64,64,44,44,50,55,79,22,67,51,51,27,31,6,32,23,49,49,49,49,49,49,28,54,0,0],"gold":64,"neow_bonus":"THREE_ENEMY_KILL","is_daily":false,"chose_seed":false,"campfire_upgraded":3,"win_rate":0.0,"timestamp":1613051926,"path_taken":["M","?","?","?","?","E","R","R","T","?","E","?","?","?","R","BOSS","M","$","M","?","M","R","?","R","T","R","?","?","R","M","R","BOSS"],"items_purchased_type":["Relic"],"build_version":"2020-12-22","purchased_purges":1,"victory":false,"max_hp_per_floor":[71,71,71,71,71,71,71,71,71,71,71,71,77,82,82,82,82,87,87,87,87,87,87,87,87,87,87,87,87,87,87,87,87,87],"card_choices":[{"not_picked":["Steam Power","Rebound"],"picked":"Beam Cell","floor":1},{"not_picked":["Loop","Compile Driver"],"picked":"Defragment","floor":3},{"not_picked":["Steam Power","Reprogram"],"picked":"BootSequence","floor":6},{"not_picked":["Rebound","Leap"],"picked":"Defragment","floor":10},{"not_picked":["Genetic Algorithm","aspiration:Polymerization"],"picked":"Storm","floor":11},{"not_picked":["Amplify","Thunder Strike"],"picked":"Electrodynamics","floor":16},{"not_picked":["Barrage","Stack+1"],"picked":"Genetic Algorithm","floor":18},{"not_picked":["Chaos","conspire:SharedLibrary"],"picked":"Storm+1","floor":20},{"not_picked":["Barrage","Hologram"],"picked":"Tempest","floor":22},{"not_picked":["Aggregate+1","Compile Driver"],"picked":"Hologram","floor":24},{"not_picked":["Double Energy","Streamline"],"picked":"Turbo","floor":31}],"player_experience":570545,"relics_obtained":[{"floor":6,"key":"WingedGreaves"},{"floor":9,"key":"Mercury Hourglass"},{"floor":11,"key":"StrikeDummy"},{"floor":12,"key":"Sundial"},{"floor":26,"key":"hubris:SphereOfDissonance"}],"event_choices":[{"cards_removed":["Beam Cell"],"damage_healed":0,"gold_gain":0,"player_choice":"Take \u0026 Give","damage_taken":0,"max_hp_gain":0,"max_hp_loss":0,"event_name":"betterNote:BetterNote","floor":2,"gold_loss":0,"cards_obtained":["Conserve Battery"]},{"damage_healed":0,"gold_gain":0,"player_choice":"Gave Potion","damage_taken":0,"relics_obtained":["Bag of Marbles"],"max_hp_gain":0,"max_hp_loss":0,"event_name":"WeMeetAgain","floor":5,"gold_loss":0},{"damage_healed":0,"gold_gain":0,"player_choice":"RENOUNCE","damage_taken":89,"max_hp_gain":0,"max_hp_loss":0,"event_name":"betterThird:BetterSerpent","floor":13,"gold_loss":89,"cards_obtained":["Enlightenment"]},{"damage_healed":0,"gold_gain":0,"player_choice":"Donut","damage_taken":0,"max_hp_gain":5,"max_hp_loss":0,"event_name":"Big Fish","floor":14,"gold_loss":0},{"damage_healed":0,"gold_gain":0,"player_choice":"Opened","damage_taken":0,"relics_obtained":["hubris:Reverence"],"max_hp_gain":0,"max_hp_loss":0,"event_name":"The Mausoleum","floor":28,"gold_loss":0,"cards_obtained":["Writhe"]},{"damage_healed":0,"gold_gain":0,"player_choice":"Ignored","damage_taken":0,"max_hp_gain":0,"max_hp_loss":0,"event_name":"N\u0027loth","floor":29,"gold_loss":0}],"is_beta":false,"boss_relics":[{"not_picked":["Runic Dome","conspire:RunicOctahedron"],"picked":"aspiration:FutureDiary"}],"items_purged_floors":[19],"is_endless":false,"potions_floor_spawned":[1,10,18,20,24],"killed_by":"conspire:MysteriousRune","ascension_level":20}}