{"host":"2rbn7ywmirq5y689","time":1613065020,"event":{"mods":["BaseMod","Colored Map","Colored Powertips","Highlight Path","Minty Spire (QoL Compilation)","Rare Cards Sparkle","Relic Stats","StSLib"],"gold_per_floor":[216,69,82,82,101,101,101,101,152,162,195,195,210,210,210,312,312,327,341,357,357,370,370,469,489,515,532,363,363,122,141,141,141,141],"floor_reached":33,"language":"ENG","playtime":2763,"items_purged":["Strike_B","Strike_B","Strike_B"],"score":249,"play_id":"02266b56-f4d3-466a-9ed5-0553230428bf","local_time":"20210212013700","is_ascension_mode":false,"campfire_choices":[{"data":"Zap","floor":6,"key":"SMITH"},{"data":"Dualcast","floor":8,"key":"SMITH"},{"data":"Hologram","floor":12,"key":"SMITH"},{"floor":15,"key":"REST"},{"data":"Echo Form","floor":23,"key":"SMITH"},{"data":"Defragment","floor":29,"key":"SMITH"},{"floor":32,"key":"REST"}],"circlet_count":0,"master_deck":["Strike_B","Defend_B","Defend_B","Defend_B","Defend_B","Zap+1","Dualcast+1","Leap","Loop","Lockon","Coolheaded","Hologram+1","Coolheaded","Sunder","Echo Form+1","Ball Lightning+1","Redo+1","Redo","Defragment","Streamline","Defragment+1","Glacier","Blizzard"],"relics":["Cracked Core","Strawberry","Pen Nib","Boot","Snecko Eye","PreservedInsect"],"acts_visited":["Exordium","TheCity"],"potions_floor_usage":[20,33,33],"damage_taken":[{"damage":5,"enemies":"Small Slimes","floor":1,"turns":3},{"damage":3,"enemies":"Jaw Worm","floor":3,"turns":4},{"damage":1,"enemies":"Cultist","floor":5,"turns":3},{"damage":8,"enemies":"Exordium Wildlife","floor":10,"turns":2},{"damage":15,"enemies":"3 Sentries","floor":11,"turns":13},{"damage":10,"enemies":"Large Slime","floor":13,"turns":6},{"damage":23,"enemies":"Slime Boss","floor":16,"turns":8},{"damage":15,"enemies":"3 Byrds","floor":18,"turns":4},{"damage":8,"enemies":"Chosen","floor":19,"turns":4},{"damage":0,"enemies":"Snecko","floor":20,"turns":3},{"damage":0,"enemies":"3 Cultists","floor":22,"turns":4},{"damage":8,"enemies":"Shelled Parasite and Fungi","floor":25,"turns":6},{"damage":10,"enemies":"Centurion and Healer","floor":27,"turns":4},{"damage":11,"enemies":"3 Cultists","floor":31,"turns":7},{"damage":55,"enemies":"Collector","floor":33,"turns":11}],"seed_played":"-4930690913853976264","potions_obtained":[{"floor":3,"key":"SmokeBomb"},{"floor":11,"key":"Block Potion"},{"floor":13,"key":"EssenceOfSteel"},{"floor":31,"key":"SkillPotion"}],"is_trial":false,"path_per_floor":["M","$","M","?","M","R","?","R","T","M","E","R","M","?","R","B",null,"M","M","M","?","M","R","?","M","T","M","$","R","$","M","R","B"],"character_chosen":"DEFECT","items_purchased":["Loop","Defragment","Glacier","Blizzard"],"campfire_rested":2,"item_purchase_floors":[2,28,30,30],"current_hp_per_floor":[70,70,67,67,66,66,66,66,66,58,43,43,33,33,57,34,82,67,59,59,59,59,59,59,51,51,41,41,41,41,30,54,0,0],"gold":141,"neow_bonus":"HUNDRED_GOLD","is_daily":false,"chose_seed":false,"campfire_upgraded":5,"win_rate":0.0,"timestamp":1613065020,"path_taken":["M","$","M","?","M","R","?","R","T","M","E","R","M","?","R","BOSS","M","?","M","?","M","R","?","M","T","?","?","R","$","?","R","BOSS"],"items_purchased_type":["Card","Card","Card","Card"],"build_version":"2020-12-22","purchased_purges":3,"victory":false,"max_hp_per_floor":[75,75,75,75,75,75,82,82,82,82,82,82,82,82,82,82,82,82,82,82,82,82,82,82,82,82,82,82,82,82,82,82,82,82],"relic_stats":{"counters":[15,81],"Snecko Eye":[73,69,83,83],"Pen Nib":[9],"PreservedInsect":0,"Boot":[11],"obtain_stats":[{"Strawberry":7,"Snecko Eye":17,"Pen Nib":9,"PreservedInsect":26,"Cracked Core":0,"Boot":11},{"Strawberry":3,"Snecko Eye":7,"Pen Nib":3,"PreservedInsect":12,"Cracked Core":0,"Boot":5},{"Strawberry":10,"Snecko Eye":39,"Pen Nib":10,"PreservedInsect":60,"Cracked Core":0,"Boot":25}]},"card_choices":[{"not_picked":["Hello World","FTL"],"picked":"Leap","floor":1},{"not_picked":["Turbo","Rebound"],"picked":"Lockon","floor":3},{"not_picked":["Melter","Fusion"],"picked":"Coolheaded","floor":5},{"not_picked":["Coolheaded","Double Energy"],"picked":"Hologram","floor":10},{"not_picked":["Force Field","Scrape"],"picked":"Coolheaded","floor":11},{"not_picked":["Doom and Gloom","Rebound"],"picked":"Sunder","floor":13},{"not_picked":["Multi-Cast","Rainbow"],"picked":"Echo Form","floor":16},{"not_picked":["Beam Cell+1","Barrage+1"],"picked":"Ball Lightning+1","floor":18},{"not_picked":["Scrape","Turbo"],"picked":"Redo+1","floor":19},{"not_picked":["Auto Shields","Rebound"],"picked":"Redo","floor":20},{"not_picked":["Steam","Compile Driver"],"picked":"Defragment","floor":22},{"not_picked":["BootSequence","Leap"],"picked":"Streamline","floor":25},{"not_picked":["Leap","Compile Driver","Go for the Eyes+1"],"picked":"SKIP","floor":27},{"not_picked":["Go for the Eyes","Turbo","Multi-Cast"],"picked":"SKIP","floor":31}],"player_experience":215067,"relics_obtained":[{"floor":9,"key":"Pen Nib"},{"floor":11,"key":"Boot"},{"floor":26,"key":"PreservedInsect"}],"event_choices":[{"damage_healed":0,"gold_gain":0,"player_choice":"Ignored","damage_taken":0,"max_hp_gain":0,"max_hp_loss":0,"event_name":"Shining Light","floor":4,"gold_loss":0},{"damage_healed":0,"gold_gain":0,"player_choice":"Success","damage_taken":7,"relics_obtained":["Strawberry"],"max_hp_gain":0,"max_hp_loss":0,"event_name":"Scrap Ooze","floor":7,"gold_loss":0},{"damage_healed":0,"gold_gain":0,"player_choice":"Ignored","damage_taken":0,"max_hp_gain":0,"max_hp_loss":0,"event_name":"NoteForYourself","floor":14,"gold_loss":0},{"damage_healed":0,"gold_gain":0,"player_choice":"Ignored","damage_taken":0,"max_hp_gain":0,"max_hp_loss":0,"event_name":"Vampires","floor":21,"gold_loss":0},{"damage_healed":0,"gold_gain":99,"player_choice":"Stole From Cult","damage_taken":0,"max_hp_gain":0,"max_hp_loss":0,"event_name":"Nest","floor":24,"gold_loss":0}],"is_beta":false,"boss_relics":[{"not_picked":["Calling Bell","FrozenCore"],"picked":"Snecko Eye"}],"items_purged_floors":[2,28,30],"is_endless":false,"potions_floor_spawned":[3,11,13,18,19,31],"killed_by":"Collector","ascension_level":0}}