{"host":"t5vp0whyqzs05fb6","time":1613014684,"event":{"mods":["AchievementEnabler","BaseMod","Colored Map","Minty Spire (QoL Compilation)","Rare Cards Sparkle","SuperFastMode","everything is the same but u backflip on backflip"],"gold_per_floor":[114,114,128,148,98,130,149,174,174,186,361,57,57,68,68,171,171,185,202,202,218,143,143,160,177,177,177,192,207,231,244,244,345,345,361,372,372,386,386,386,399,399,426,29,58,58,83,96,96,96,96,96,7,34,34,34],"floor_reached":55,"language":"KOR","playtime":2691,"items_purged":["Doubt","Parasite"],"score":718,"play_id":"00586db1-176a-4493-9a5f-c2ce807da035","local_time":"20210211123804","is_ascension_mode":false,"campfire_choices":[{"floor":15.0,"key":"REST"},{"data":"Shrug It Off","floor":23,"key":"SMITH"},{"floor":27,"key":"REST"},{"data":"Clothesline","floor":32,"key":"SMITH"},{"data":"Fire Breathing","floor":40,"key":"SMITH"},{"floor":42,"key":"RECALL"},{"floor":46,"key":"REST"},{"floor":49,"key":"REST"},{"data":"Battle Trance","floor":52,"key":"SMITH"}],"circlet_count":0,"master_deck":["Strike_R","Strike_R","Strike_R","Strike_R","Defend_R","Defend_R","Defend_R","Bash","Pommel Strike","Perfected Strike","Battle Trance+1","Shrug It Off+1","Perfected Strike","Apotheosis+1","Pommel Strike","Impervious","Whirlwind+1","Bloodletting+1","Clothesline+1","Twin Strike+1","Perfected Strike","Disarm+1","Exhume+1","Twin Strike+1","True Grit+1","Fire Breathing+1","Flame Barrier+1","Shrug It Off+1","Cleave","Headbutt+1","Rupture+1","Finesse+1","Second Wind+1"],"relics":["Burning Blood","NeowsBlessing","Bag of Preparation","Shuriken","Question Card","Velvet Choker","Toxic Egg 2","Boot","Pen Nib","Sozu","Self Forming Clay","Orichalcum","Bag of Marbles","Nunchaku"],"acts_visited":["Exordium","TheCity","TheBeyond","TheEnding"],"potions_floor_usage":[28,29],"damage_taken":[{"damage":0.0,"enemies":"2 Louse","floor":1.0,"turns":1.0},{"damage":0.0,"enemies":"Cultist","floor":3.0,"turns":1.0},{"damage":0.0,"enemies":"Small Slimes","floor":4.0,"turns":1.0},{"damage":27.0,"enemies":"Gremlin Nob","floor":6.0,"turns":4.0},{"damage":4.0,"enemies":"3 Louse","floor":7.0,"turns":3.0},{"damage":21.0,"enemies":"Lagavulin","floor":8.0,"turns":5.0},{"damage":13.0,"enemies":"Red Slaver","floor":10.0,"turns":4.0},{"damage":11.0,"enemies":"Large Slime","floor":14.0,"turns":4.0},{"damage":37.0,"enemies":"The Guardian","floor":16.0,"turns":12.0},{"damage":18,"enemies":"3 Byrds","floor":18,"turns":5},{"damage":14,"enemies":"Shell Parasite","floor":19,"turns":3},{"damage":16,"enemies":"Cultist and Chosen","floor":21,"turns":4},{"damage":21,"enemies":"Centurion and Healer","floor":24,"turns":6},{"damage":13,"enemies":"Snake Plant","floor":25,"turns":3},{"damage":3,"enemies":"Sentry and Sphere","floor":28,"turns":3},{"damage":9,"enemies":"3 Cultists","floor":29,"turns":4},{"damage":5,"enemies":"Snake Plant","floor":31,"turns":3},{"damage":21,"enemies":"Collector","floor":33,"turns":7},{"damage":11,"enemies":"Orb Walker","floor":35,"turns":2},{"damage":0,"enemies":"3 Darklings","floor":36,"turns":1},{"damage":11,"enemies":"Maw","floor":38,"turns":6},{"damage":0,"enemies":"Writhing Mass","floor":41,"turns":3},{"damage":61,"enemies":"Reptomancer","floor":45,"turns":8},{"damage":16,"enemies":"Nemesis","floor":47,"turns":7},{"damage":7,"enemies":"Spire Growth","floor":48,"turns":3},{"damage":53,"enemies":"Time Eater","floor":50,"turns":11},{"damage":69,"enemies":"Shield and Spear","floor":54,"turns":8},{"damage":21,"enemies":"The Heart","floor":55,"turns":2}],"seed_played":"8710104676982491640","potions_obtained":[{"floor":4.0,"key":"FearPotion"},{"floor":7.0,"key":"ColorlessPotion"},{"floor":8.0,"key":"GamblersBrew"},{"floor":18,"key":"Strength Potion"},{"floor":25,"key":"Fruit Juice"}],"is_trial":false,"path_per_floor":["M","?","M","M","?","E","M","E","T","M","?","$","?","M","R","B",null,"M","M","T","M","?","R","M","M","T","R","M","M","T","M","R","B",null,"M","M","?","M","?","R","M","R","T","$","E","R","E","M","R","B",null,"R","$","E","B"],"character_chosen":"IRONCLAD","items_purchased":["Apotheosis","Pommel Strike","Self Forming Clay","Shrug It Off+1","Finesse+1"],"campfire_rested":4,"item_purchase_floors":[12,12,44,44,53],"current_hp_per_floor":[80,80,80,80,80,59,61,46,46,39,39,39,39,34,58,27,80,68,60,60,50,50,50,35,28,28,52,55,57,57,58,58,43,85,80,85,85,80,80,80,85,85,85,82,27,51,41,40,64,17,82,82,82,19,0,0],"gold":34,"neow_bonus":"THREE_ENEMY_KILL","is_daily":false,"chose_seed":false,"campfire_upgraded":4,"win_rate":0.0,"timestamp":1613014684,"path_taken":["M","?","M","?","?","E","M","E","T","M","?","$","?","M","R","BOSS","M","M","?","M","?","R","M","M","T","R","M","M","?","M","R","BOSS","M","M","?","M","?","R","M","R","T","$","E","R","E","?","R","BOSS","R","$","E","BOSS"],"items_purchased_type":["Card","Card","Relic","Card","Card"],"build_version":"2020-12-22","purchased_purges":2,"victory":false,"max_hp_per_floor":[80,80,80,80,80,80,80,80,80,80,80,80,80,80,80,80,80,80,80,80,80,80,80,80,80,80,80,80,85,85,85,85,85,85,85,85,85,85,85,85,85,85,85,82,82,82,82,82,82,82,82,82,82,82,82,82],"card_choices":[{"not_picked":["Wild Strike","Body Slam"],"picked":"Pommel Strike","floor":1.0},{"not_picked":["Iron Wave","Thunderclap","Headbutt"],"picked":"SKIP","floor":3.0},{"not_picked":["Rage","Warcry"],"picked":"Perfected Strike","floor":4.0},{"not_picked":["Feel No Pain","Intimidate"],"picked":"Battle Trance","floor":6.0},{"not_picked":["Sword Boomerang","Inflame"],"picked":"Armaments","floor":7.0},{"not_picked":["Wild Strike","Offering"],"picked":"Shrug It Off","floor":8.0},{"not_picked":["Havoc","Body Slam","Clothesline"],"picked":"Perfected Strike","floor":10.0},{"not_picked":["Warcry","Flex","Bloodletting","Rampage"],"picked":"SKIP","floor":14.0},{"not_picked":["Fiend Fire","Limit Break","Feed"],"picked":"Impervious","floor":16.0},{"not_picked":["Havoc","Anger+1","Iron Wave","Body Slam"],"picked":"SKIP","floor":18},{"not_picked":["Ghostly Armor","Flex","Pommel Strike"],"picked":"Whirlwind+1","floor":19},{"not_picked":["Burning Pact+1","Spot Weakness+1","Feel No Pain"],"picked":"Dropkick","floor":21},{"not_picked":["Clash","Blood for Blood","Power Through+1"],"picked":"Bloodletting+1","floor":24},{"not_picked":["Wild Strike+1","Barricade","Sword Boomerang"],"picked":"Clothesline","floor":25},{"not_picked":["Hemokinesis+1","Reckless Charge","Dropkick"],"picked":"Twin Strike+1","floor":28},{"not_picked":["Inflame","Body Slam","Warcry+1"],"picked":"Perfected Strike","floor":29},{"not_picked":["Second Wind+1","Warcry+1","Body Slam+1"],"picked":"Disarm+1","floor":31},{"not_picked":["Juggernaut","Barricade","Brutality"],"picked":"Exhume+1","floor":33},{"not_picked":["Searing Blow","Clothesline","Havoc+1"],"picked":"Twin Strike+1","floor":35},{"not_picked":["Power Through+1","Clothesline","Seeing Red+1"],"picked":"True Grit+1","floor":36},{"not_picked":["Fire Breathing+1","Warcry+1","Power Through+1","Flame Barrier+1"],"picked":"SKIP","floor":38},{"not_picked":["Fire Breathing+1","Warcry+1","Power Through+1","Flame Barrier+1"],"picked":"SKIP","floor":38},{"not_picked":["Demon Form","Battle Trance+1","Flex+1"],"picked":"Flame Barrier+1","floor":41},{"not_picked":["Bludgeon","Pummel","Sword Boomerang+1"],"picked":"Cleave","floor":45},{"not_picked":["Heavy Blade","Inflame+1","Bloodletting+1"],"picked":"Headbutt+1","floor":47},{"not_picked":["Infernal Blade+1","Sword Boomerang","True Grit+1"],"picked":"Rupture+1","floor":48},{"not_picked":["Havoc+1","Fiend Fire","Flame Barrier+1"],"picked":"Second Wind+1","floor":54}],"player_experience":211091,"relics_obtained":[{"floor":6.0,"key":"Bag of Preparation"},{"floor":8.0,"key":"Shuriken"},{"floor":9.0,"key":"Question Card"},{"floor":20,"key":"Toxic Egg 2"},{"floor":26,"key":"Boot"},{"floor":30,"key":"Pen Nib"},{"floor":45,"key":"Orichalcum"},{"floor":47,"key":"Bag of Marbles"},{"floor":54,"key":"Nunchaku"}],"event_choices":[{"damage_healed":0.0,"max_hp_gain":0.0,"max_hp_loss":0.0,"gold_gain":0.0,"event_name":"The Woman in Blue","player_choice":"Bought 0 Potions","floor":2.0,"gold_loss":0.0,"damage_taken":0.0},{"cards_removed":["Defend_R"],"damage_healed":0.0,"max_hp_gain":0.0,"max_hp_loss":0.0,"gold_gain":0.0,"event_name":"The Cleric","player_choice":"Card Removal","floor":5.0,"gold_loss":50.0,"damage_taken":0.0},{"damage_healed":0.0,"max_hp_gain":0.0,"max_hp_loss":0.0,"gold_gain":175.0,"event_name":"Liars Game","player_choice":"AGREE","floor":11.0,"gold_loss":0.0,"damage_taken":0.0,"cards_obtained":["Doubt"]},{"damage_healed":0.0,"max_hp_gain":0.0,"max_hp_loss":0.0,"gold_gain":0.0,"event_name":"Accursed Blacksmith","player_choice":"Forge","floor":13.0,"gold_loss":0.0,"damage_taken":0.0,"cards_upgraded":["Apotheosis"]},{"cards_removed":["Armaments"],"damage_healed":0,"gold_gain":0,"player_choice":"Gave Gold","damage_taken":0,"max_hp_gain":0,"max_hp_loss":0,"event_name":"Beggar","floor":22,"gold_loss":75},{"cards_removed":["Strike_R"],"damage_healed":0,"gold_gain":0,"player_choice":"Removed Attack","damage_taken":0,"max_hp_gain":0,"max_hp_loss":0,"event_name":"Falling","floor":37,"gold_loss":0},{"damage_healed":0,"gold_gain":0,"cards_transformed":["Dropkick"],"player_choice":"Transformed","damage_taken":0,"max_hp_gain":0,"max_hp_loss":0,"event_name":"Transmorgrifier","floor":39,"gold_loss":0,"cards_obtained":["Fire Breathing"]}],"is_beta":false,"boss_relics":[{"not_picked":["Cursed Key","Philosopher\u0027s Stone"],"picked":"Velvet Choker"},{"not_picked":["Black Blood","SacredBark"],"picked":"Sozu"}],"items_purged_floors":[12,44],"is_endless":false,"potions_floor_spawned":[4,7,8,18,19,25,35,38,41,48,54],"killed_by":"The Heart","ascension_level":0}}