{"host":"kh91mfnoze99ny0y","time":1613048350,"event":{"mods":["Act Like it!","BaseMod","Downfall","Gensokyo","KinomotoSakuraMod(Ä¾Ö®±¾Ó£)","Minty Spire (QoL Compilation)","StSLib","The Bug Knight","The Cursed"],"gold_per_floor":[115,115,126,34,44,44,64,64,64,77,110,110,110,110,110,207,207,223,31,0,0,0,0,0,0],"floor_reached":24,"language":"ZHS","playtime":1862,"items_purged":["Pain"],"score":192,"play_id":"e76babff-1464-46f4-9814-b151141f925b","local_time":"20210211205910","is_ascension_mode":false,"campfire_choices":[{"data":"HollowMod:PogoStrike","floor":6,"key":"SMITH"},{"data":"HollowMod:SoulSplash","floor":8,"key":"SMITH"},{"data":"HollowMod:FocusHealStart","floor":12,"key":"SMITH"},{"data":"HollowMod:DashSlash","floor":15,"key":"SMITH"},{"data":"HollowMod:Hiveblood","floor":23,"key":"SMITH"}],"circlet_count":0,"master_deck":["HollowMod:NailStrikeStart","HollowMod:NailStrikeStart","HollowMod:NailStrikeStart","HollowMod:QuickDashStart","HollowMod:QuickDashStart","HollowMod:QuickDashStart","HollowMod:FocusHealStart+1","HollowMod:PogoStrike+1","HollowMod:DashSlash+1","HollowMod:SoulSplash+1","HollowMod:CloakDash","HollowMod:Weaversong+1","HollowMod:SlysStrikes+1","HollowMod:DescendingDark+1","HollowMod:ShadowDash","HollowMod:SharpenedShadows+1","HollowMod:Hiveblood+1"],"relics":["HollowMod:VoidIdolRelic","Juzu Bracelet","Frozen Egg 2","Torii","Gensokyo:Justice","Gensokyo:LunaticRedEyes","Frozen Eye"],"acts_visited":["Exordium","Gensokyo:Gensokyo"],"potions_floor_usage":[16,24],"damage_taken":[{"damage":1,"enemies":"Gensokyo:Python","floor":1,"turns":3},{"damage":0,"enemies":"Gensokyo:Gryphon","floor":3,"turns":3},{"damage":0,"enemies":"Gensokyo:2_Kodama","floor":5,"turns":2},{"damage":0,"enemies":"Gensokyo:Gryphon_and_Rabbit","floor":7,"turns":6},{"damage":5,"enemies":"Gensokyo:Python_and_Kodama","floor":10,"turns":4},{"damage":21,"enemies":"Gensokyo:Cirno","floor":11,"turns":5},{"damage":14,"enemies":"Gensokyo:Reimu","floor":16,"turns":10},{"damage":8,"enemies":"Gensokyo:2_Gloops","floor":18,"turns":4},{"damage":94,"enemies":"Gensokyo:Koishi","floor":24,"turns":4}],"seed_played":"-3009965349245062895","potions_obtained":[{"floor":1,"key":"Dexterity Potion"},{"floor":16,"key":"Explosive Potion"}],"is_trial":false,"path_per_floor":["M","?","M","COS","M","R","M","R","T","M","E","R","?","?","R","B",null,"M","$","?","COS","?","R","E"],"character_chosen":"THE_BUGKNIGHT","items_purchased":["HollowMod:ShadowDash","HollowMod:SharpenedShadows+1"],"campfire_rested":0,"item_purchase_floors":[19,19],"current_hp_per_floor":[67,67,67,67,67,67,68,68,68,63,42,42,42,42,42,40,68,66,66,66,66,66,66,0,0],"gold":0,"neow_bonus":"REMOVE_TWO","is_daily":false,"chose_seed":false,"campfire_upgraded":5,"win_rate":0.0,"timestamp":1613048350,"path_taken":["M","?","M","COS","M","R","M","R","T","M","E","R","?","?","R","BOSS","M","$","?","COS","?","R","E"],"items_purchased_type":["Card","Card"],"build_version":"2020-12-22","purchased_purges":1,"victory":false,"max_hp_per_floor":[68,68,68,68,68,68,68,68,68,68,68,68,68,68,68,68,68,68,68,68,68,68,68,68,68],"card_choices":[{"not_picked":["HollowMod:DreamGate","HollowMod:ChannelNail"],"picked":"HollowMod:DashSlash","floor":1},{"not_picked":["HollowMod:DescendingDark","HollowMod:DashSlash"],"picked":"HollowMod:SoulSplash","floor":2},{"not_picked":["HollowMod:SharpenedNail","HollowMod:SiblingsShadow","HollowMod:ShadowDash"],"picked":"SKIP","floor":3},{"not_picked":["HollowMod:PureNailStrike","HollowMod:LifebloodCocoon"],"picked":"HollowMod:CloakDash","floor":5},{"not_picked":["HollowMod:MawleksShell","HollowMod:LifebloodCocoon"],"picked":"HollowMod:CloakDash","floor":7},{"not_picked":["HollowMod:PureVessel","HollowMod:theNailsmith"],"picked":"HollowMod:Weaversong","floor":10},{"not_picked":["HollowMod:GreatSlash","HollowMod:TaintedHusks","HollowMod:AwokenDreamNail"],"picked":"SKIP","floor":10},{"not_picked":["HollowMod:PureNailStrike","HollowMod:TaintedHusks"],"picked":"HollowMod:SoulSplash","floor":11},{"not_picked":["HollowMod:SoulMaster+1","HollowMod:Hiveblood"],"picked":"HollowMod:SlysStrikes+1","floor":16},{"not_picked":["HollowMod:RecoilStrike","HollowMod:LifebloodCocoon"],"picked":"HollowMod:DescendingDark","floor":18}],"player_experience":189782,"relics_obtained":[{"floor":9,"key":"Frozen Egg 2"},{"floor":11,"key":"Torii"}],"event_choices":[],"is_beta":false,"boss_relics":[{"not_picked":["Runic Dome","bronze:MakeshiftBattery"],"picked":"HollowMod:VoidIdolRelic"}],"items_purged_floors":[19],"is_endless":false,"potions_floor_spawned":[1,16],"killed_by":"Gensokyo:Koishi","ascension_level":0}}