{"host":"2wfkxmfk74kgfdwc","time":1613031466,"event":{"mods":["BaseMod","Bossed Relics","Colored Map","Colored Powertips","Minty Spire (QoL Compilation)","Permanent Neow","Quick Restart","Relic Filter Mod","Relic Stats","Reliquary","Spire Arcade","StSLib","óô»ðÖ¸ÄÏ"],"gold_per_floor":[110,35,53,72,84,84,419,419,419,319,339,357,24,82,82,177,177,195,211,211,227,238,238,163,163,163,163,163,175,175,34,34,129,129,145,164,1163,1163,770,682,682,682,682,716,716,732,693,711,562,562],"floor_reached":51,"language":"ZHS","playtime":2097,"items_purged":["Parasite","Strike_G","Strike_G","Normality","Normality","Defend_G"],"score":775,"play_id":"db9b1ebc-1ca6-4d7d-8780-53e8f40b360c","local_time":"20210211161746","is_ascension_mode":false,"campfire_choices":[{"floor":6.0,"key":"DIG"},{"floor":15.0,"key":"REST"},{"floor":23.0,"key":"DIG"},{"floor":25.0,"key":"DIG"},{"floor":27.0,"key":"DIG"},{"floor":30.0,"key":"DIG"},{"floor":32.0,"key":"REST"},{"floor":42,"key":"DIG"}],"circlet_count":0,"master_deck":["Defend_G","Defend_G","Defend_G","Defend_G","Survivor","Neutralize","Prepared","Backflip","Poisoned Stab","Noxious Fumes","Acrobatics+1","Blade Dance","Backflip","A Thousand Cuts","Prepared+1","Deadly Poison+1","A Thousand Cuts","Distraction+1","Infinite Blades","After Image","Deflect+1","Blade Dance+1","Sadistic Nature","Eviscerate","Finesse"],"relics":["Ring of the Snake","Shovel","Letter Opener","Old Coin","Pocketwatch","Membership Card","Sundial","reliquary:BallBearing","Astrolabe","Matryoshka","War Paint","Pear","Snake Skull","Anchor","Bottled Lightning","Kunai","reliquary:WritOfMandamus","Happy Flower","Unceasing Top","Juzu Bracelet","reliquary:NewFriend","Lantern","Singing Bowl","Blood Vial"],"acts_visited":["Exordium","TheCity","TheBeyond"],"potions_floor_usage":[50,50],"damage_taken":[{"damage":0.0,"enemies":"Small Slimes","floor":1.0,"turns":7.0},{"damage":0.0,"enemies":"2 Louse","floor":3.0,"turns":3.0},{"damage":1.0,"enemies":"Cultist","floor":4.0,"turns":5.0},{"damage":0.0,"enemies":"Blue Slaver","floor":5.0,"turns":4.0},{"damage":28.0,"enemies":"Lagavulin","floor":7.0,"turns":9.0},{"damage":4.0,"enemies":"Large Slime","floor":11.0,"turns":6.0},{"damage":7.0,"enemies":"Looter","floor":12.0,"turns":3.0},{"damage":18.0,"enemies":"3 Sentries","floor":14.0,"turns":6.0},{"damage":6.0,"enemies":"Hexaghost","floor":16.0,"turns":10.0},{"damage":12.0,"enemies":"2 Thieves","floor":18.0,"turns":3.0},{"damage":5.0,"enemies":"Shell Parasite","floor":19.0,"turns":5.0},{"damage":0.0,"enemies":"3 Cultists","floor":21.0,"turns":3.0},{"damage":20.0,"enemies":"Snecko","floor":22.0,"turns":6.0},{"damage":17.0,"enemies":"Sentry and Sphere","floor":29.0,"turns":4.0},{"damage":0.0,"enemies":"Automaton","floor":33.0,"turns":5.0},{"damage":0.0,"enemies":"3 Shapes","floor":35.0,"turns":4.0},{"damage":20.0,"enemies":"Orb Walker","floor":36.0,"turns":4.0},{"damage":1,"enemies":"Reptomancer","floor":44,"turns":5},{"damage":17,"enemies":"Maw","floor":46,"turns":4},{"damage":0,"enemies":"Transient","floor":48,"turns":5},{"damage":7,"enemies":"Donu and Deca","floor":50,"turns":6}],"seed_played":"8862058947686243030","potions_obtained":[{"floor":4.0,"key":"Explosive Potion"},{"floor":11.0,"key":"Fire Potion"},{"floor":16.0,"key":"FearPotion"},{"floor":22.0,"key":"Regen Potion"},{"floor":36.0,"key":"BlessingOfTheForge"}],"is_trial":false,"path_per_floor":["M","$","M","M","M","R","E","?","T","$","M","M","$","?","R","B",null,"M","M","?","M","M","R","?","R","T","R","?","M","R","$","R","B",null,"M","M","?","?","$","R","?","R","T","E","?","M","R","M","R","B",null],"character_chosen":"THE_SILENT","items_purchased":["Membership Card","Sundial","Kunai","Infinite Blades","Unceasing Top","Juzu Bracelet","Sadistic Nature","Eviscerate","Finesse"],"campfire_rested":2,"item_purchase_floors":[13,13,31,31,39,39,39,47,49],"current_hp_per_floor":[70,67,67,66,66,66,38,38,38,38,34,27,27,9,29,23,67,55,50,50,50,30,30,30,30,40,40,40,23,23,23,46,46,77,77,57,57,57,57,57,57,57,57,58,58,45,45,49,49,56],"gold":562,"neow_bonus":"ONE_RARE_RELIC","is_daily":false,"chose_seed":false,"campfire_upgraded":0,"win_rate":0.0,"timestamp":1613031466,"path_taken":["M","$","M","M","M","R","E","?","T","$","M","M","$","?","R","BOSS","M","M","?","?","M","R","?","R","T","R","?","M","R","$","R","BOSS","M","M","?","?","$","R","?","R","T","E","?","M","R","M","R","BOSS"],"items_purchased_type":["Relic","Relic","Relic","Card","Relic","Relic","Card","Card","Card"],"build_version":"2020-12-22","purchased_purges":6,"victory":true,"max_hp_per_floor":[70,67,67,67,67,67,67,67,67,67,67,67,67,67,67,67,67,67,67,67,67,67,67,67,67,77,77,77,77,77,77,77,77,77,77,77,77,77,77,77,77,77,77,79,79,81,81,83,83,83],"relic_stats":{"Happy Flower":[6],"Singing Bowl":6,"counters":[21,107],"Astrolabe":[],"Snake Skull":[50],"Juzu Bracelet":1,"Letter Opener":[580],"War Paint":["Deadly Poison","Acrobatics"],"Blood Vial":6,"Shovel":6,"Sundial":[22],"Kunai":[40],"obtain_stats":[{"Lantern":43,"Pear":26,"Happy Flower":38,"Singing Bowl":43,"Astrolabe":17,"Snake Skull":26,"Juzu Bracelet":39,"Letter Opener":6,"War Paint":25,"Old Coin":7,"Blood Vial":44,"Anchor":27,"Shovel":0,"Matryoshka":23,"Sundial":13,"reliquary:NewFriend":42,"reliquary:BallBearing":14,"Membership Card":13,"Bottled Lightning":30,"Kunai":31,"reliquary:WritOfMandamus":34,"Unceasing Top":39,"Ring of the Snake":0,"Pocketwatch":9},{"Lantern":17,"Pear":13,"Happy Flower":17,"Singing Bowl":17,"Astrolabe":9,"Snake Skull":13,"Juzu Bracelet":17,"Letter Opener":4,"War Paint":13,"Old Coin":5,"Blood Vial":18,"Anchor":13,"Shovel":0,"Matryoshka":13,"Sundial":7,"reliquary:NewFriend":17,"reliquary:BallBearing":7,"Membership Card":7,"Bottled Lightning":14,"Kunai":14,"reliquary:WritOfMandamus":15,"Unceasing Top":17,"Ring of the Snake":0,"Pocketwatch":5},{"Lantern":87,"Pear":70,"Happy Flower":87,"Singing Bowl":87,"Astrolabe":53,"Snake Skull":70,"Juzu Bracelet":87,"Letter Opener":19,"War Paint":70,"Old Coin":28,"Blood Vial":92,"Anchor":70,"Shovel":0,"Matryoshka":70,"Sundial":37,"reliquary:NewFriend":87,"reliquary:BallBearing":37,"Membership Card":37,"Bottled Lightning":74,"Kunai":74,"reliquary:WritOfMandamus":79,"Unceasing Top":87,"Ring of the Snake":0,"Pocketwatch":28}],"Unceasing Top":[22],"Ring of the Snake":[42],"Pocketwatch":[18]},"card_choices":[{"not_picked":["Leg Sweep","Slice"],"picked":"Prepared","floor":1.0},{"not_picked":["Dagger Throw","PiercingWail"],"picked":"Backflip","floor":3.0},{"not_picked":["Deadly Poison","Underhanded Strike"],"picked":"Poisoned Stab","floor":4.0},{"not_picked":["Quick Slash","Finisher"],"picked":"Noxious Fumes","floor":5.0},{"not_picked":["Underhanded Strike","Distraction"],"picked":"Acrobatics","floor":7.0},{"not_picked":["Caltrops","Riddle With Holes"],"picked":"Blade Dance","floor":11.0},{"not_picked":["Flying Knee","Reflex","Distraction"],"picked":"SKIP","floor":12.0},{"not_picked":["Leg Sweep","Dagger Spray"],"picked":"Backflip","floor":14.0},{"not_picked":["Burst","Envenom"],"picked":"A Thousand Cuts","floor":16.0},{"not_picked":["Acrobatics","Dodge and Roll"],"picked":"Prepared+1","floor":18.0},{"not_picked":["Backflip","Leg Sweep","Quick Slash"],"picked":"SKIP","floor":19.0},{"not_picked":["Deflect","Reflex"],"picked":"A Thousand Cuts","floor":21.0},{"not_picked":["Deflect","Dodge and Roll+1","Dagger Throw"],"picked":"SKIP","floor":22.0},{"not_picked":["Blur","Dagger Throw"],"picked":"Distraction+1","floor":29.0},{"not_picked":["Malaise","Burst"],"picked":"After Image","floor":33.0},{"not_picked":["Quick Slash","Sucker Punch"],"picked":"Deflect+1","floor":35.0},{"not_picked":["Poisoned Stab+1","Dagger Throw+1"],"picked":"Blade Dance+1","floor":36.0},{"not_picked":["Doppelganger","Sucker Punch","Poisoned Stab+1"],"picked":"Singing Bowl","floor":44},{"not_picked":["Footwork+1","Blade Dance","Slice"],"picked":"Singing Bowl","floor":46},{"not_picked":["Outmaneuver","Underhanded Strike","Backflip+1"],"picked":"Singing Bowl","floor":48}],"player_experience":23174,"relics_obtained":[{"floor":6.0,"key":"Letter Opener"},{"floor":7.0,"key":"Old Coin"},{"floor":9.0,"key":"Pocketwatch"},{"floor":23.0,"key":"Matryoshka"},{"floor":25.0,"key":"War Paint"},{"floor":26.0,"key":"Pear"},{"floor":26.0,"key":"Snake Skull"},{"floor":27.0,"key":"Anchor"},{"floor":30.0,"key":"Bottled Lightning"},{"floor":42,"key":"reliquary:NewFriend"},{"floor":43,"key":"Lantern"},{"floor":43,"key":"Singing Bowl"},{"floor":44,"key":"Blood Vial"}],"event_choices":[{"damage_healed":0.0,"max_hp_gain":0.0,"max_hp_loss":0.0,"gold_gain":0.0,"event_name":"Shining Light","player_choice":"Ignored","floor":8.0,"gold_loss":0.0,"damage_taken":0.0},{"damage_healed":0.0,"max_hp_gain":0.0,"max_hp_loss":0.0,"gold_gain":0.0,"event_name":"Dead Adventurer","player_choice":"Searched \u00272\u0027 times","floor":14.0,"gold_loss":0.0,"damage_taken":0.0,"relics_obtained":["reliquary:BallBearing"]},{"damage_healed":0.0,"max_hp_gain":0.0,"max_hp_loss":0.0,"gold_gain":0.0,"cards_transformed":["Strike_G"],"event_name":"Transmorgrifier","player_choice":"Transformed","floor":20.0,"gold_loss":0.0,"damage_taken":0.0,"cards_obtained":["Deadly Poison"]},{"cards_removed":["Strike_G"],"damage_healed":0.0,"max_hp_gain":0.0,"max_hp_loss":0.0,"gold_gain":0.0,"event_name":"Beggar","player_choice":"Gave Gold","floor":24.0,"gold_loss":75.0,"damage_taken":0.0},{"damage_healed":0.0,"max_hp_gain":0.0,"max_hp_loss":0.0,"gold_gain":0.0,"event_name":"Ghosts","player_choice":"Ignored","floor":28.0,"gold_loss":0.0,"damage_taken":0.0},{"damage_healed":0.0,"max_hp_gain":0.0,"max_hp_loss":0.0,"gold_gain":999.0,"event_name":"MindBloom","player_choice":"Gold","floor":37.0,"gold_loss":0.0,"damage_taken":0.0,"cards_obtained":["Normality","Normality"]},{"damage_healed":0,"gold_gain":0,"player_choice":"Ignored","damage_taken":0,"max_hp_gain":0,"max_hp_loss":0,"event_name":"Mysterious Sphere","floor":41,"gold_loss":0},{"cards_removed":["Strike_G"],"damage_healed":0,"gold_gain":0,"player_choice":"Removed Attack","damage_taken":0,"max_hp_gain":0,"max_hp_loss":0,"event_name":"Falling","floor":45,"gold_loss":0}],"is_beta":false,"boss_relics":[{"not_picked":["reliquary:Craggleroot","Cursed Key"],"picked":"Astrolabe"},{"not_picked":["reliquary:RedPaperclip","Sozu"],"picked":"reliquary:WritOfMandamus"}],"items_purged_floors":[2,10,13,39,40,49],"is_endless":false,"potions_floor_spawned":[4,11,16,21,22,29,35,36,48],"ascension_level":0}}