{"host":"hka8b3f4pkvnp4ei","time":1613019127,"event":{"mods":["BaseMod","Minty Spire (QoL Compilation)","Quick Restart","Replay The Spire","StSLib"],"gold_per_floor":[118,78,92,103,117,148,148,160,160,160,174,189,208,219,219,315,315,332,257,277,177,447,476,476,494,494,494,494,494,505,380,380,476,476,495,455,466,466,485,520,520,549,576,576,591,293,304,324,324,324,324,324,43,76,76],"floor_reached":56,"language":"ZHS","playtime":2600,"items_purged":["Strike_G","Strike_G","Strike_G","Strike_G"],"score":2079,"play_id":"c50c3307-b07a-4cc0-bcdb-b510eb8f6f16","local_time":"20210211125207","is_ascension_mode":true,"campfire_choices":[{"data":"Tactician","floor":7.0,"key":"SMITH"},{"floor":15.0,"key":"REST"},{"data":"Acrobatics","floor":24.0,"key":"SMITH"},{"data":"Expertise","floor":27.0,"key":"SMITH"},{"floor":29.0,"key":"REST"},{"floor":32.0,"key":"RECALL"},{"data":"Footwork","floor":41.0,"key":"SMITH"},{"data":"Backflip","floor":44.0,"key":"SMITH"},{"floor":49.0,"key":"REST"},{"data":"Deflect","floor":52,"key":"SMITH"}],"circlet_count":0,"master_deck":["Defend_G+1","Defend_G","Survivor","Neutralize+1","Deflect+1","Grand Finale+1","Tactician+1","Expertise+1","Acrobatics+1","Calculated Gamble+1","Footwork+1","Backflip+1","Escape Plan+1"],"relics":["Ring of the Snake","Orichalcum","Ginger","HoveringKite","FossilizedHelix","Garlic","MutagenicStrength","Empty Cage","ReplayFunnel","Molten Egg 2","PrismaticShard","HornCleat","Pear"],"acts_visited":["Exordium","TheCity","TheBeyond","TheEnding"],"potions_floor_usage":[55,55],"damage_taken":[{"damage":4.0,"enemies":"Jaw Worm","floor":1.0,"turns":6.0},{"damage":0.0,"enemies":"Cultist","floor":3.0,"turns":2.0},{"damage":1.0,"enemies":"2 Louse","floor":4.0,"turns":2.0},{"damage":20.0,"enemies":"Gremlin Gang","floor":5.0,"turns":8.0},{"damage":0.0,"enemies":"Gremlin Nob","floor":6.0,"turns":1.0},{"damage":12.0,"enemies":"Large Slime","floor":8.0,"turns":7.0},{"damage":11.0,"enemies":"Lots of Slimes","floor":11.0,"turns":7.0},{"damage":3.0,"enemies":"Exordium Thugs","floor":12.0,"turns":6.0},{"damage":5.0,"enemies":"Large Slime","floor":13.0,"turns":6.0},{"damage":0.0,"enemies":"Gremlin Gang","floor":14.0,"turns":9.0},{"damage":17.0,"enemies":"Fading Forest","floor":16.0,"turns":11.0},{"damage":0.0,"enemies":"2 Thieves","floor":18.0,"turns":3.0},{"damage":0.0,"enemies":"3 Byrds","floor":20.0,"turns":2.0},{"damage":12.0,"enemies":"Book of Stabbing","floor":23.0,"turns":7.0},{"damage":0.0,"enemies":"Centurion and Healer","floor":25.0,"turns":2.0},{"damage":0.0,"enemies":"3 Cultists","floor":30.0,"turns":1.0},{"damage":1.0,"enemies":"Pondfish","floor":33.0,"turns":7.0},{"damage":0.0,"enemies":"3 Darklings","floor":35.0,"turns":1.0},{"damage":0.0,"enemies":"Orb Walker","floor":37.0,"turns":1.0},{"damage":0.0,"enemies":"4 Shapes","floor":39.0,"turns":1.0},{"damage":0.0,"enemies":"Nemesis","floor":40.0,"turns":1.0},{"damage":0.0,"enemies":"Reptomancer","floor":42.0,"turns":1.0},{"damage":0.0,"enemies":"Spire Growth","floor":45.0,"turns":1.0},{"damage":0.0,"enemies":"3 Darklings","floor":47.0,"turns":1.0},{"damage":0.0,"enemies":"4 Shapes","floor":48.0,"turns":1.0},{"damage":0,"enemies":"Donu and Deca","floor":50,"turns":1},{"damage":0,"enemies":"Shield and Spear","floor":54,"turns":1},{"damage":0,"enemies":"The Heart","floor":55,"turns":5}],"seed_played":"-3228970041721209041","potions_obtained":[{"floor":2.0,"key":"DuplicationPotion"},{"floor":2.0,"key":"Energy Potion"},{"floor":2.0,"key":"Milkshake"},{"floor":3.0,"key":"Weak Potion"},{"floor":5.0,"key":"GamblersBrew"},{"floor":11.0,"key":"Languid Potion"},{"floor":16.0,"key":"Weak Potion"},{"floor":18.0,"key":"Energy Potion"},{"floor":20.0,"key":"Death Potion"},{"floor":35.0,"key":"Milkshake"},{"floor":42.0,"key":"Adrenaline Potion"},{"floor":45.0,"key":"Adrenaline Potion"}],"is_trial":false,"path_per_floor":["M","?","M","M","M","E","R","M","T","?","M","M","M","M","R","B",null,"M","$","M","$","?","E","R","M","T","R","?","R","M","$","R","B",null,"M","?","M","?","M","E","R","E","T","R","M","$","M","M","R","B",null,"R","$","E","B",null],"character_chosen":"THE_SILENT","items_purchased":["PrismaticShard","Elixir","HornCleat"],"campfire_rested":3,"item_purchase_floors":[46,53,53],"current_hp_per_floor":[59,59,59,58,38,38,38,26,26,26,15,12,7,7,25,32,55,55,55,55,55,28,16,16,16,16,16,16,34,34,34,34,33,56,56,56,56,50,50,50,50,50,50,50,50,50,50,50,63,63,63,63,63,73,73],"gold":76,"neow_bonus":"TRANSFORM_TWO_CARDS","is_daily":false,"chose_seed":false,"campfire_upgraded":6,"win_rate":0.0,"timestamp":1613019127,"path_taken":["M","?","M","?","M","E","R","M","T","?","M","M","M","?","R","BOSS","M","$","M","$","?","E","R","?","T","R","?","R","M","?","R","BOSS","M","?","M","?","M","E","R","E","T","R","M","$","M","?","R","BOSS","R","$","E","BOSS"],"items_purchased_type":["Relic","Potion","Relic"],"build_version":"2020-12-22","purchased_purges":4,"victory":true,"max_hp_per_floor":[63,63,63,63,63,63,63,63,63,63,63,63,63,63,63,63,63,63,63,63,63,63,63,63,63,63,63,63,63,63,63,63,63,63,63,63,63,63,63,63,63,63,63,63,63,63,63,63,63,63,63,63,63,73,73],"card_choices":[{"not_picked":["Quick Slash","Deflect","Sneak Up"],"picked":"SKIP","floor":1.0},{"not_picked":["Sucker Punch","Flying Knee","Endless Agony"],"picked":"SKIP","floor":3.0},{"not_picked":["Deflect","Outmaneuver","Deadly Poison"],"picked":"SKIP","floor":4.0},{"not_picked":["Blade Dance","Dodge and Roll","Die Die Die"],"picked":"SKIP","floor":5.0},{"not_picked":["Predator","PiercingWail"],"picked":"Tactician","floor":6.0},{"not_picked":["Distraction","Leg Sweep","Dagger Spray"],"picked":"SKIP","floor":8.0},{"not_picked":["Dagger Spray","Slice","Flying Knee"],"picked":"SKIP","floor":11.0},{"not_picked":["Flechettes","Choke"],"picked":"Expertise","floor":12.0},{"not_picked":["Outmaneuver","Endless Agony"],"picked":"Acrobatics","floor":13.0},{"not_picked":["Dash","Draining Mist","Setup"],"picked":"SKIP","floor":14.0},{"not_picked":["Acrobatics","Crippling Poison","Underhanded Strike"],"picked":"SKIP","floor":18.0},{"not_picked":["Distraction","Hidden Blade+1","Skewer"],"picked":"SKIP","floor":20.0},{"not_picked":["Die Die Die","Backflip","ReplayTheSpireMod:Tripwire"],"picked":"SKIP","floor":23.0},{"not_picked":["Underhanded Strike+1","Masterful Stab","Slice"],"picked":"SKIP","floor":25.0},{"not_picked":["Hidden Blade","Dodge and Roll+1"],"picked":"Calculated Gamble+1","floor":30.0},{"not_picked":["Blur+1","Dagger Throw+1"],"picked":"Footwork","floor":35.0},{"not_picked":["Slice+1","Underhanded Strike","Cloak And Dagger+1"],"picked":"SKIP","floor":37.0},{"not_picked":["Slice+1","Underhanded Strike","Cloak And Dagger+1"],"picked":"SKIP","floor":37.0},{"not_picked":["ReplayTheSpireMod:Exploit Weakness","Sucker Punch+1"],"picked":"Backflip","floor":39.0},{"not_picked":["Backflip+1","Tactician","Prepared+1"],"picked":"SKIP","floor":40.0},{"not_picked":["Crippling Poison","Backstab+1"],"picked":"Escape Plan+1","floor":42.0},{"not_picked":["Backflip","Outmaneuver+1","Toxin Wave+1"],"picked":"SKIP","floor":45.0},{"not_picked":["Hidden Blade+1","Sweeping Beam+1","Iron Wave+1"],"picked":"SKIP","floor":47.0},{"not_picked":["Dropkick+1","Catalyst","Discovery"],"picked":"SKIP","floor":48.0},{"not_picked":["ReachHeaven+1","Defy Death","ReplayTheSpireMod:Trickstab+1"],"picked":"SKIP","floor":54}],"player_experience":473738,"relics_obtained":[{"floor":6.0,"key":"Orichalcum"},{"floor":9.0,"key":"Ginger"},{"floor":23.0,"key":"FossilizedHelix"},{"floor":26.0,"key":"Garlic"},{"floor":40.0,"key":"ReplayFunnel"},{"floor":42.0,"key":"Molten Egg 2"},{"floor":54,"key":"Pear"}],"event_choices":[{"damage_healed":0.0,"max_hp_gain":0.0,"max_hp_loss":0.0,"gold_gain":0.0,"event_name":"The Woman in Blue","player_choice":"Bought 3 Potions","floor":2.0,"gold_loss":0.0,"damage_taken":0.0},{"damage_healed":0.0,"max_hp_gain":0.0,"max_hp_loss":0.0,"gold_gain":0.0,"event_name":"Accursed Blacksmith","player_choice":"Forge","floor":10.0,"gold_loss":0.0,"damage_taken":0.0,"cards_upgraded":["Neutralize"]},{"damage_healed":0.0,"max_hp_gain":0.0,"max_hp_loss":0.0,"gold_gain":270.0,"event_name":"Knowing Skull","player_choice":"GOLD GOLD GOLD ","floor":22.0,"potions_obtained":[],"gold_loss":0.0,"damage_taken":27.0,"cards_obtained":[]},{"damage_healed":0.0,"max_hp_gain":0.0,"max_hp_loss":0.0,"gold_gain":0.0,"event_name":"Drug Dealer","player_choice":"Inject Mutagens","floor":28.0,"gold_loss":0.0,"damage_taken":0.0,"relics_obtained":["MutagenicStrength"]},{"damage_healed":0.0,"max_hp_gain":0.0,"max_hp_loss":0.0,"gold_gain":0.0,"event_name":"Designer","player_choice":"Upgraded Two","floor":36.0,"gold_loss":40.0,"damage_taken":0.0,"cards_upgraded":["Defend_G","Grand Finale"]},{"damage_healed":0.0,"max_hp_gain":0.0,"max_hp_loss":0.0,"gold_gain":0.0,"event_name":"Wheel of Change","player_choice":"Damaged","floor":38.0,"gold_loss":0.0,"damage_taken":6.0}],"is_beta":false,"boss_relics":[{"not_picked":["Black Star","Ring of the Serpent"],"picked":"HoveringKite"},{"not_picked":["Honey Jar","Replay:Bronze Core"],"picked":"Empty Cage"}],"items_purged_floors":[19,21,31,46],"is_endless":false,"potions_floor_spawned":[3,5,11,16,18,20,35,37,42,45,48,54],"ascension_level":9}}