{"host":"17trt2gvjgnh9jmc","time":1613061128,"event":{"mods":["AchievementEnabler","BaseMod","Bestiary","Colored Map","Minty Spire (QoL Compilation)","Relic Stats"],"gold_per_floor":[114,131,145,163,179,207,236,266,266,236,236,246,265,298,298,398,398,414,429,429,11,11,46,46,79,79,94,94,94],"floor_reached":28,"language":"ENG","playtime":5384,"items_purged":["Defend_P"],"score":319,"play_id":"fc53f87b-b733-4a90-b08f-d654b7e491c0","local_time":"20210211173208","is_ascension_mode":true,"campfire_choices":[{"floor":11,"key":"REST"},{"floor":15,"key":"REST"},{"data":"Establishment","floor":24,"key":"SMITH"}],"circlet_count":0,"master_deck":["Defend_P","Defend_P","Defend_P","Eruption","Vigilance","Consecrate","InnerPeace","EmptyBody","FollowUp","DeceiveReality","EmptyFist","LikeWater","FlurryOfBlows","Crescendo","ClearTheMind","Halt","Establishment+1","Meditate+1","FlurryOfBlows","Bite","Bite","Bite","Bite","Bite","BattleHymn+1","Tantrum","FlyingSleeves","FlyingSleeves+1","Parasite","Indignation+1"],"relics":["PureWater","Shuriken","Odd Mushroom","PreservedInsect","Pantograph","Cursed Key","Frozen Egg 2","Nloth\u0027s Gift","Pear","Boot","Strawberry"],"acts_visited":["Exordium","TheCity"],"potions_floor_usage":[6,6,13,14,16,28,28,28],"damage_taken":[{"damage":0,"enemies":"Cultist","floor":1,"turns":3},{"damage":0,"enemies":"Small Slimes","floor":2,"turns":2},{"damage":0,"enemies":"Jaw Worm","floor":3,"turns":2},{"damage":10,"enemies":"Exordium Thugs","floor":4,"turns":6},{"damage":3,"enemies":"Large Slime","floor":5,"turns":6},{"damage":1,"enemies":"3 Sentries","floor":6,"turns":5},{"damage":6,"enemies":"The Mushroom Lair","floor":7,"turns":4},{"damage":10,"enemies":"Lagavulin","floor":8,"turns":7},{"damage":1,"enemies":"Looter","floor":12,"turns":3},{"damage":25,"enemies":"Exordium Thugs","floor":13,"turns":3},{"damage":6,"enemies":"3 Sentries","floor":14,"turns":3},{"damage":23,"enemies":"Hexaghost","floor":16,"turns":9},{"damage":0,"enemies":"3 Byrds","floor":18,"turns":4},{"damage":0,"enemies":"Spheric Guardian","floor":19,"turns":4},{"damage":27,"enemies":"Slavers","floor":23,"turns":3},{"damage":25,"enemies":"Gremlin Leader","floor":25,"turns":3},{"damage":16,"enemies":"Snake Plant","floor":27,"turns":3},{"damage":14,"enemies":"Slavers","floor":28,"turns":1}],"seed_played":"-2155857774268426892","potions_obtained":[{"floor":1,"key":"DistilledChaos"},{"floor":5,"key":"Strength Potion"},{"floor":6,"key":"Strength Potion"},{"floor":10,"key":"Explosive Potion"},{"floor":10,"key":"FearPotion"},{"floor":13,"key":"Dexterity Potion"},{"floor":14,"key":"Fire Potion"},{"floor":25,"key":"DistilledChaos"}],"is_trial":false,"path_per_floor":["M","M","M","M","M","E","?","E","T","?","R","M","M","E","R","B",null,"M","M","?","$","?","E","R","E","T","M","E"],"character_chosen":"WATCHER","items_purchased":["Frozen Egg 2","BattleHymn+1","Tantrum"],"campfire_rested":2,"item_purchase_floors":[21,21,21],"current_hp_per_floor":[79,79,79,69,66,65,59,49,49,49,72,71,46,40,63,56,79,79,79,55,55,55,42,42,19,26,12,0,0],"gold":94,"neow_bonus":"TEN_PERCENT_HP_BONUS","is_daily":false,"chose_seed":false,"campfire_upgraded":1,"win_rate":0.0,"timestamp":1613061128,"path_taken":["M","M","M","?","M","E","?","E","T","?","R","M","?","E","R","BOSS","M","M","?","$","?","E","R","E","T","?","E"],"items_purchased_type":["Relic","Card","Card"],"build_version":"2020-12-22","purchased_purges":1,"victory":false,"max_hp_per_floor":[79,79,79,79,79,79,79,79,79,79,79,79,79,79,79,79,79,79,79,55,55,55,65,65,65,72,72,72,72],"relic_stats":{"counters":[18,71],"Shuriken":[27],"Pantograph":16,"PreservedInsect":151,"Nloth\u0027s Gift":0,"Cursed Key":1,"Boot":[3],"obtain_stats":[{"Pear":23,"Shuriken":6,"Pantograph":14,"Strawberry":26,"PreservedInsect":8,"Nloth\u0027s Gift":22,"Bottled Lightning":9,"PureWater":0,"Odd Mushroom":7,"Frozen Egg 2":21,"Cursed Key":17,"Boot":25},{"Pear":15,"Shuriken":6,"Pantograph":11,"Strawberry":16,"PreservedInsect":8,"Nloth\u0027s Gift":14,"Bottled Lightning":8,"PureWater":0,"Odd Mushroom":7,"Frozen Egg 2":14,"Cursed Key":12,"Boot":16},{"Pear":64,"Shuriken":24,"Pantograph":44,"Strawberry":67,"PreservedInsect":35,"Nloth\u0027s Gift":61,"Bottled Lightning":35,"PureWater":0,"Odd Mushroom":28,"Frozen Egg 2":61,"Cursed Key":53,"Boot":67}]},"card_choices":[{"not_picked":["BowlingBash","EmptyFist"],"picked":"Consecrate","floor":1},{"not_picked":["Pray","Consecrate"],"picked":"InnerPeace","floor":2},{"not_picked":["PathToVictory","Protect"],"picked":"EmptyBody","floor":3},{"not_picked":["CrushJoints","Prostrate"],"picked":"FollowUp","floor":4},{"not_picked":["Prostrate","JustLucky"],"picked":"DeceiveReality","floor":5},{"not_picked":["Vault","CrushJoints"],"picked":"EmptyFist","floor":6},{"not_picked":["DeceiveReality","Collect"],"picked":"LikeWater","floor":7},{"not_picked":["CrushJoints","Adaptation"],"picked":"FlurryOfBlows","floor":8},{"not_picked":["PathToVictory","Halt"],"picked":"Crescendo","floor":12},{"not_picked":["CutThroughFate","Prostrate"],"picked":"ClearTheMind","floor":13},{"not_picked":["MasterReality","Pray"],"picked":"Halt","floor":14},{"not_picked":["Blasphemy","LessonLearned"],"picked":"Establishment","floor":16},{"not_picked":["CarveReality","FlurryOfBlows"],"picked":"Meditate+1","floor":18},{"not_picked":["ForeignInfluence","LikeWater"],"picked":"FlurryOfBlows","floor":19},{"not_picked":["EmptyFist+1","Crescendo"],"picked":"FlyingSleeves","floor":23},{"not_picked":["WaveOfTheHand","CutThroughFate+1"],"picked":"FlyingSleeves+1","floor":25},{"not_picked":["CrushJoints","Halt"],"picked":"Indignation+1","floor":27}],"player_experience":439007,"relics_obtained":[{"floor":6,"key":"Shuriken"},{"floor":7,"key":"Odd Mushroom"},{"floor":8,"key":"PreservedInsect"},{"floor":9,"key":"Bottled Lightning"},{"floor":14,"key":"Pantograph"},{"floor":23,"key":"Pear"},{"floor":25,"key":"Boot"},{"floor":26,"key":"Strawberry"}],"event_choices":[{"damage_healed":0,"gold_gain":0,"player_choice":"Fought Mushrooms","damage_taken":0,"max_hp_gain":0,"max_hp_loss":0,"event_name":"Mushrooms","floor":7,"gold_loss":0},{"damage_healed":0,"gold_gain":0,"player_choice":"Bought 2 Potions","damage_taken":0,"max_hp_gain":0,"max_hp_loss":0,"event_name":"The Woman in Blue","floor":10,"gold_loss":0},{"damage_healed":0,"gold_gain":0,"player_choice":"Became a vampire","damage_taken":0,"max_hp_gain":0,"max_hp_loss":24,"event_name":"Vampires","floor":20,"gold_loss":0,"cards_obtained":["Bite","Bite","Bite","Bite","Bite"]},{"damage_healed":0,"gold_gain":0,"player_choice":"Traded Relic","damage_taken":0,"relics_obtained":["Nloth\u0027s Gift"],"max_hp_gain":0,"max_hp_loss":0,"event_name":"N\u0027loth","floor":22,"relics_lost":["Bottled Lightning"],"gold_loss":0}],"is_beta":false,"boss_relics":[{"not_picked":["Busted Crown","Coffee Dripper"],"picked":"Cursed Key"}],"items_purged_floors":[21],"is_endless":false,"potions_floor_spawned":[1,5,6,13,14,25],"killed_by":"Slavers","ascension_level":1}}