{"host":"kfd0jpqqxt101ydt","time":1613038385,"event":{"mods":["BaseMod","Downfall","Googly Eyes","Highlight Path","Minty Spire (QoL Compilation)","StSLib"],"gold_per_floor":[99,110,129,54,70,33,58,58,58,58,86,98,48,33,43,147,147,97,107,121,31,31,51,76,176,126,126,136,169,80,90,109,210,210,60,60,74,90,103,53,53,87,101,134,154,170,120,151,162,162],"floor_reached":51,"language":"ENG","playtime":3111,"items_purged":["Regret"],"score":836,"play_id":"d4760eff-824a-4bed-9588-8858ca31f888","local_time":"20210211121305","is_ascension_mode":false,"campfire_choices":[{"data":"Slimebound:Split","floor":1,"key":"SMITH"},{"data":"Slimebound:GoopTackle","floor":13,"key":"SMITH"},{"data":"Slimebound:LeadByExample","floor":18,"key":"SMITH"},{"data":"Slimebound:RainOfGoop","floor":26,"key":"SMITH"},{"data":"Slimebound:DouseInSlime","floor":35,"key":"SMITH"},{"data":"Slimebound:SamplingLick","floor":40,"key":"SMITH"},{"floor":47,"key":"REST"}],"circlet_count":0,"master_deck":["Slimebound:Strike_Slimebound","Slimebound:Strike_Slimebound","Slimebound:Strike_Slimebound","Slimebound:Tackle","Slimebound:Defend_Slimebound","Slimebound:Defend_Slimebound","Slimebound:Defend_Slimebound","Slimebound:Defend_Slimebound","Slimebound:Split+1","Slimebound:CorrosiveSpit","Slimebound:Prepare","Slimebound:SlimeBrawl","Slimebound:GoopTackle+1","Slimebound:LivingWall","Slimebound:RollThrough","Slimebound:Split+1","Slimebound:LeadByExample+1","Slimebound:ItLooksTasty","Slimebound:ComboTackle","Slimebound:SamplingLick+1","Slimebound:MassFeed","CurseOfTheBell","Slimebound:Gluttony","Slimebound:RainOfGoop+1","Slimebound:LeechingTouch","Slimebound:SlimeBrawl+1","Slimebound:AcidTongue+1","Slimebound:Schlurp+1","Slimebound:RainOfGoop+1","Slimebound:DouseInSlime+1","Slimebound:Dissolve+1","Slimebound:Dissolve","Slimebound:TongueLash+1","downfall:Icky","Slimebound:OneTwoCombo","Slimebound:PressTheAttack","Slimebound:RainOfGoop+1","Slimebound:SpikyOuterGoop+1","Slimebound:SplitMire","Slimebound:ViciousTackle+1"],"relics":["Slimebound:AbsorbEndCombat","TungstenRod","Slimebound:GreedOozeRelic","Vajra","PreservedInsect","HornCleat","Toy Ornithopter","Calling Bell","Orichalcum","Pear","Incense Burner","Happy Flower","Frozen Egg 2","Slimebound:AggressiveSlimeRelic","CaptainsWheel","Cursed Key","downfall:HeartBlessingGreen","Ancient Tea Set","Bag of Marbles","Ornamental Fan","Ginger","Anchor"],"acts_visited":["Exordium","TheCity","TheBeyond"],"potions_floor_usage":[20,28,43,50],"damage_taken":[{"damage":2,"enemies":"Cultist","floor":2,"turns":4},{"damage":2,"enemies":"Small Slimes","floor":3,"turns":4},{"damage":0,"enemies":"2 Louse","floor":5,"turns":3},{"damage":12,"enemies":"downfall:FleeingMerchant","floor":6,"turns":4},{"damage":8,"enemies":"Gremlin Nob","floor":11,"turns":3},{"damage":17,"enemies":"Large Slime","floor":12,"turns":3},{"damage":3,"enemies":"downfall:FleeingMerchant","floor":14,"turns":4},{"damage":8,"enemies":"Gremlin Gang","floor":15,"turns":3},{"damage":14,"enemies":"SI_SHIV_ARCHETYPE","floor":16,"turns":4},{"damage":2,"enemies":"Spheric Guardian","floor":19,"turns":3},{"damage":16,"enemies":"Centurion and Healer","floor":20,"turns":8},{"damage":8,"enemies":"downfall:FleeingMerchant","floor":21,"turns":4},{"damage":11,"enemies":"Chosen and Byrds","floor":23,"turns":4},{"damage":12,"enemies":"Cultist and Chosen","floor":28,"turns":6},{"damage":20,"enemies":"Book of Stabbing","floor":29,"turns":6},{"damage":2,"enemies":"downfall:FleeingMerchant","floor":30,"turns":4},{"damage":0,"enemies":"3 Cultists","floor":31,"turns":4},{"damage":13,"enemies":"Centurion and Healer","floor":32,"turns":5},{"damage":34,"enemies":"DF_ARCHETYPE_CLAW","floor":33,"turns":6},{"damage":11,"enemies":"3 Darklings","floor":37,"turns":6},{"damage":8,"enemies":"Orb Walker","floor":38,"turns":3},{"damage":0,"enemies":"4 Shapes","floor":39,"turns":4},{"damage":0,"enemies":"Reptomancer","floor":42,"turns":2},{"damage":27,"enemies":"Maw","floor":43,"turns":6},{"damage":8,"enemies":"Giant Head","floor":44,"turns":5},{"damage":0,"enemies":"Spire Growth","floor":45,"turns":4},{"damage":44,"enemies":"4 Shapes","floor":46,"turns":3},{"damage":4,"enemies":"Reptomancer","floor":48,"turns":4},{"damage":15,"enemies":"Transient","floor":49,"turns":5},{"damage":2,"enemies":"IC_BLOCK_ARCHETYPE","floor":50,"turns":7}],"seed_played":"-1193713315297895608","potions_obtained":[{"floor":12,"key":"sneckomod:MuddlingPotion"},{"floor":15,"key":"GamblersBrew"},{"floor":16,"key":"champ:CounterPotion"},{"floor":22,"key":"Guardian:BlockOnCardUsePotion"},{"floor":22,"key":"SmokeBomb"},{"floor":31,"key":"Weak Potion"},{"floor":33,"key":"FearPotion"},{"floor":42,"key":"Energy Potion"},{"floor":43,"key":"Strength Potion"},{"floor":46,"key":"Slimebound:SpawnSlimePotion"},{"floor":48,"key":"champ:CounterPotion"}],"is_trial":false,"path_per_floor":["R","M","M","?","M","$","T","?","?","?","E","M","R","$","M","B",null,"R","M","M","$","?","M","T","?","R","?","M","E","$","M","M","B",null,"R","?","M","M","M","R","T","E","M","E","M","M","R","E","M","B",null],"character_chosen":"SLIMEBOUND","items_purchased":["Slimebound:RollThrough","Slimebound:AggressiveSlimeRelic","CaptainsWheel"],"campfire_rested":1,"item_purchase_floors":[6,30,30],"current_hp_per_floor":[59,59,57,57,59,53,53,51,51,51,45,32,32,31,23,17,69,69,67,57,57,57,48,48,48,48,48,47,33,37,45,40,14,69,69,69,66,62,72,72,72,72,45,45,49,13,34,38,31,42],"gold":162,"neow_bonus":"ONE_RARE_RELIC","is_daily":false,"chose_seed":false,"campfire_upgraded":6,"win_rate":0.0,"timestamp":1613038385,"path_taken":["R","M","M","?","M","$","T","?","?","?","E","?","R","$","M","BOSS","R","M","M","$","?","?","T","?","R","?","?","E","$","M","M","BOSS","R","?","M","M","M","R","T","E","?","E","M","M","R","E","M","BOSS"],"items_purchased_type":["Card","Relic","Relic"],"build_version":"2020-12-22","purchased_purges":1,"victory":true,"max_hp_per_floor":[59,59,59,59,59,59,59,59,59,59,59,59,59,59,59,59,69,69,69,69,69,69,69,69,69,69,69,69,69,69,69,69,69,69,69,69,69,69,72,72,72,72,72,72,72,72,72,72,72,72],"card_choices":[{"not_picked":["Slimebound:SplitBruiser","Slimebound:HauntingLick"],"picked":"Slimebound:Prepare","floor":2},{"not_picked":["Slimebound:SplitMire","Slimebound:Gluttony"],"picked":"Slimebound:SlimeBrawl","floor":3},{"not_picked":["Slimebound:SpikyOuterGoop","Slimebound:AcidTongue"],"picked":"Slimebound:GoopTackle","floor":5},{"not_picked":["Slimebound:Prepare","Slimebound:LeechingTouch"],"picked":"Slimebound:LivingWall","floor":6},{"not_picked":["Slimebound:SplitLeeching","Slimebound:MinionMaster"],"picked":"Slimebound:LeadByExample","floor":11},{"not_picked":["Slimebound:SplitMire","Slimebound:GoopTackle"],"picked":"Slimebound:ItLooksTasty","floor":12},{"not_picked":["Slimebound:FirmFortitude","Slimebound:ItLooksTasty"],"picked":"Slimebound:ComboTackle","floor":14},{"not_picked":["Slimebound:SplitBruiser","Slimebound:TongueLash"],"picked":"Slimebound:SamplingLick","floor":15},{"not_picked":["Slimebound:WasteNot","Slimebound:PrepareCrush"],"picked":"Slimebound:MassFeed","floor":16},{"not_picked":["Slimebound:FormOfPuddle","Slimebound:ComboTackle"],"picked":"Slimebound:Gluttony","floor":19},{"not_picked":["Slimebound:LeechEnergy","Slimebound:SplitMire","Slimebound:ComboTackle+1"],"picked":"SKIP","floor":20},{"not_picked":["Slimebound:FormOfPuddle","Slimebound:SplitLeeching","Slimebound:Prepare"],"picked":"SKIP","floor":21},{"not_picked":["Slimebound:RollThrough+1","Slimebound:OneTwoCombo"],"picked":"Slimebound:RainOfGoop","floor":23},{"not_picked":["Slimebound:Prepare+1","Slimebound:GoopSpray"],"picked":"Slimebound:LeechingTouch","floor":28},{"not_picked":["Slimebound:Gluttony+1","Slimebound:ItLooksTasty"],"picked":"Slimebound:SlimeBrawl+1","floor":29},{"not_picked":["Slimebound:Teamwork","Slimebound:ForwardTackle+1"],"picked":"Slimebound:AcidTongue+1","floor":30},{"not_picked":["Slimebound:RollThrough","Slimebound:GoopTackle"],"picked":"Slimebound:Schlurp+1","floor":31},{"not_picked":["Slimebound:SplitLeeching","Slimebound:SlimeBrawl"],"picked":"Slimebound:RainOfGoop+1","floor":32},{"not_picked":["Slimebound:PrepareCrush","Slimebound:OneTwoCombo"],"picked":"Slimebound:DouseInSlime","floor":33},{"not_picked":["Slimebound:AcidTongue+1","Slimebound:Replication"],"picked":"Slimebound:Dissolve+1","floor":37},{"not_picked":["Slimebound:SlimeSpikes","Slimebound:LeechingTouch"],"picked":"Slimebound:Dissolve","floor":38},{"not_picked":["Slimebound:Gluttony+1","Slimebound:SpikyOuterGoop+1"],"picked":"Slimebound:TongueLash+1","floor":39},{"not_picked":["Slimebound:BestDefense+1","Slimebound:Nibble"],"picked":"Slimebound:OneTwoCombo","floor":42},{"not_picked":["Slimebound:LeechingTouch","Slimebound:SplitBruiser+1"],"picked":"Slimebound:PressTheAttack","floor":43},{"not_picked":["Slimebound:BestDefense+1","Slimebound:ComboTackle+1"],"picked":"Slimebound:RainOfGoop+1","floor":44},{"not_picked":["Slimebound:SplitMire+1","Slimebound:FinishingTackle+1"],"picked":"Slimebound:SpikyOuterGoop+1","floor":45},{"not_picked":["Slimebound:GoopTackle","Slimebound:SplitBruiser+1"],"picked":"Slimebound:SplitMire","floor":46},{"not_picked":["Slimebound:RainOfGoop+1","Slimebound:OneTwoCombo"],"picked":"Slimebound:ViciousTackle+1","floor":48},{"not_picked":["Slimebound:PressTheAttack","Slimebound:Grow+1","Slimebound:DisruptingSlam+1"],"picked":"SKIP","floor":49}],"player_experience":9134,"relics_obtained":[{"floor":7,"key":"Vajra"},{"floor":11,"key":"Toy Ornithopter"},{"floor":17,"key":"Orichalcum"},{"floor":17,"key":"Pear"},{"floor":17,"key":"Incense Burner"},{"floor":24,"key":"Happy Flower"},{"floor":29,"key":"Frozen Egg 2"},{"floor":36,"key":"Ancient Tea Set"},{"floor":41,"key":"Bag of Marbles"},{"floor":42,"key":"Ornamental Fan"},{"floor":44,"key":"Ginger"},{"floor":48,"key":"Anchor"}],"event_choices":[{"damage_healed":0,"gold_gain":0,"player_choice":"Success","damage_taken":3,"relics_obtained":["PreservedInsect"],"max_hp_gain":0,"max_hp_loss":0,"event_name":"Scrap Ooze","floor":8,"gold_loss":0},{"damage_healed":0,"gold_gain":0,"player_choice":"Box","damage_taken":0,"relics_obtained":["HornCleat"],"max_hp_gain":0,"max_hp_loss":0,"event_name":"Big Fish","floor":9,"gold_loss":0,"cards_obtained":["Regret"]},{"damage_healed":0,"gold_gain":0,"player_choice":"Got Potions","damage_taken":0,"max_hp_gain":0,"max_hp_loss":0,"event_name":"Lab","floor":22,"gold_loss":0},{"damage_healed":0,"gold_gain":0,"player_choice":"Ignored","damage_taken":0,"max_hp_gain":0,"max_hp_loss":0,"event_name":"Ghosts","floor":27,"gold_loss":0},{"damage_healed":0,"gold_gain":0,"player_choice":"Relic","damage_taken":0,"max_hp_gain":0,"max_hp_loss":0,"event_name":"Wheel of Change","floor":36,"gold_loss":0}],"is_beta":false,"boss_relics":[{"not_picked":["Runic Dome","Astrolabe"],"picked":"Calling Bell"},{"not_picked":["SlaversCollar","Sozu"],"picked":"Cursed Key"}],"items_purged_floors":[21],"is_endless":false,"potions_floor_spawned":[12,15,16,23,31,33,39,42,43,46,48],"ascension_level":0}}