{"host":"52m1o8iwwagurbjs","time":1613001969,"event":{"mods":["AchievementEnabler","BaseMod","Bestiary","Challenge The Spire","Colored Powertips","GifTheSpireLib","Minty Spire (QoL Compilation)","Quick Restart","Relic Stats","StSLib"],"gold_per_floor":[119,69,82,102,113,140,140,10,85,260,260,3,37,56,56,56,56],"floor_reached":16,"language":"ENG","playtime":841,"items_purged":["Doubt"],"score":116,"play_id":"9d43d9f4-67a4-489f-a5d7-8532ae26f32f","local_time":"20210210190609","is_ascension_mode":true,"campfire_choices":[{"data":"Corruption","floor":11.0,"key":"SMITH"},{"data":"True Grit","floor":15.0,"key":"SMITH"}],"circlet_count":0,"master_deck":["Strike_R","Strike_R","Strike_R","Defend_R","Defend_R","Defend_R","Defend_R","Bash","Twin Strike","Flame Barrier","Shrug It Off","Feel No Pain","Corruption+1","Battle Trance","True Grit+1","Infernal Blade","Blood for Blood","Dropkick"],"relics":["Runic Cube","Bird Faced Urn","InkBottle","Membership Card","Smiling Mask"],"acts_visited":["Exordium"],"potions_floor_usage":[],"damage_taken":[{"damage":2.0,"enemies":"2 Louse","floor":1.0,"turns":3.0},{"damage":1.0,"enemies":"Jaw Worm","floor":3.0,"turns":3.0},{"damage":0.0,"enemies":"Small Slimes","floor":4.0,"turns":3.0},{"damage":1.0,"enemies":"3 Louse","floor":5.0,"turns":4.0},{"damage":46.0,"enemies":"Lagavulin","floor":6.0,"turns":11.0},{"damage":20.0,"enemies":"Gremlin Nob","floor":13.0,"turns":5.0},{"damage":4.0,"enemies":"Gremlin Gang","floor":14.0,"turns":6.0},{"damage":13,"enemies":"Hexaghost","floor":16,"turns":9}],"seed_played":"-8169969761672234502","potions_obtained":[{"floor":3.0,"key":"SkillPotion"},{"floor":5.0,"key":"Swift Potion"},{"floor":13.0,"key":"Fire Potion"},{"floor":14.0,"key":"SteroidPotion"}],"is_trial":false,"path_per_floor":["M","?","M","M","M","E","?","$","T","?","R","$","E","M","R","B"],"character_chosen":"IRONCLAD","items_purchased":["Battle Trance","True Grit","Membership Card","PowerPotion","Infernal Blade"],"campfire_rested":0,"item_purchase_floors":[8,8,12,12,12],"current_hp_per_floor":[78,78,77,77,76,30,23,23,23,23,23,23,9,9,9,0,0],"gold":56,"neow_bonus":"BOSS_RELIC","is_daily":false,"chose_seed":false,"campfire_upgraded":2,"win_rate":0.0,"timestamp":1613001969,"path_taken":["M","?","M","M","M","E","?","$","T","?","R","$","E","M","R","BOSS"],"items_purchased_type":["Card","Card","Relic","Potion","Card"],"build_version":"2020-12-22","purchased_purges":1,"victory":false,"max_hp_per_floor":[80,80,80,80,80,80,80,80,80,80,80,80,80,80,80,80,80],"relic_stats":{"counters":[8,44],"Bird Faced Urn":[14],"Smiling Mask":0,"obtain_stats":[{"Bird Faced Urn":6,"Membership Card":12,"Smiling Mask":13,"Burning Blood":0,"InkBottle":9,"Runic Cube":0},{"Bird Faced Urn":5,"Membership Card":5,"Smiling Mask":6,"Burning Blood":0,"InkBottle":5,"Runic Cube":0},{"Bird Faced Urn":24,"Membership Card":24,"Smiling Mask":29,"Burning Blood":0,"InkBottle":24,"Runic Cube":0}],"InkBottle":[5],"Runic Cube":[13]},"card_choices":[{"not_picked":["Flex","Warcry"],"picked":"Twin Strike","floor":1.0},{"not_picked":["Cleave","Perfected Strike"],"picked":"Flame Barrier","floor":3.0},{"not_picked":["Rage","Thunderclap"],"picked":"Shrug It Off","floor":4.0},{"not_picked":["Cleave","Heavy Blade"],"picked":"Feel No Pain","floor":5.0},{"not_picked":["Iron Wave","Armaments"],"picked":"Corruption","floor":6.0},{"not_picked":["True Grit","Iron Wave"],"picked":"Blood for Blood","floor":13.0},{"not_picked":["Clothesline","Pommel Strike"],"picked":"Dropkick","floor":14.0}],"player_experience":1336905,"relics_obtained":[{"floor":6.0,"key":"Bird Faced Urn"},{"floor":9.0,"key":"InkBottle"},{"floor":13.0,"key":"Smiling Mask"}],"event_choices":[{"cards_removed":["Strike_R"],"damage_healed":0.0,"max_hp_gain":0.0,"max_hp_loss":0.0,"gold_gain":0.0,"event_name":"The Cleric","player_choice":"Card Removal","floor":2.0,"gold_loss":50.0,"damage_taken":0.0},{"cards_removed":["Strike_R"],"damage_healed":0.0,"max_hp_gain":0.0,"max_hp_loss":0.0,"gold_gain":0.0,"event_name":"Golden Wing","player_choice":"Card Removal","floor":7.0,"gold_loss":0.0,"damage_taken":7.0},{"damage_healed":0.0,"max_hp_gain":0.0,"max_hp_loss":0.0,"gold_gain":175.0,"event_name":"Liars Game","player_choice":"AGREE","floor":10.0,"gold_loss":0.0,"damage_taken":0.0,"cards_obtained":["Doubt"]}],"is_beta":false,"boss_relics":[],"items_purged_floors":[12],"is_endless":false,"potions_floor_spawned":[3,5,13,14],"killed_by":"Hexaghost","ascension_level":1}}