{"host":"o0q01dgb4z8zpo6o","time":1613085572,"event":{"mods":["BaseMod","GifTheSpireLib","Minty Spire (QoL Compilation)","Relic Stats","StSLib"],"gold_per_floor":[113,113,188,6,25,52,52,85,110,130,130,130,155,171,171,245,245,255,274,287,91,91,91,122,122,122,140,167,167,202,214,226,310,322,349,24,41,41,52,84,84,111,111,143,143,177,0,33,33,33,33,33,33,33,63,63,63],"floor_reached":56,"language":"ENG","playtime":3685,"items_purged":["Strike_G","Strike_G+1","Strike_G+1"],"score":2259,"play_id":"beb921cf-d6e4-470d-8753-c0334c23a3e3","local_time":"20210211151932","is_ascension_mode":true,"campfire_choices":[{"floor":7.0,"key":"REST"},{"data":"Cloak And Dagger","floor":12.0,"key":"SMITH"},{"data":"Cloak And Dagger","floor":15.0,"key":"SMITH"},{"data":"Wraith Form v2","floor":23.0,"key":"SMITH"},{"floor":25.0,"key":"REST"},{"floor":29.0,"key":"REST"},{"data":"Footwork","floor":32.0,"key":"SMITH"},{"floor":41.0,"key":"REST"},{"data":"A Thousand Cuts","floor":45.0,"key":"SMITH"},{"floor":49.0,"key":"RECALL"},{"data":"Footwork","floor":53.0,"key":"SMITH"}],"circlet_count":0,"master_deck":["AscendersBane","Defend_G+1","Defend_G+1","Defend_G+1","Defend_G+1","Survivor","Neutralize","Cloak And Dagger+1","Finesse","Cloak And Dagger+1","Finisher","A Thousand Cuts+1","Dagger Throw","Blade Dance","Leg Sweep+1","Wraith Form v2+1","Poisoned Stab+1","Dodge and Roll+1","Quick Slash+1","Leg Sweep","Footwork+1","Blade Dance","Burst","PiercingWail","Backflip+1","After Image","Acrobatics+1","Footwork+1","Blade Dance+1","Bandage Up","Flash of Steel","Sucker Punch+1","Blur+1","Acrobatics+1","A Thousand Cuts+1","Footwork","Heel Hook","Backflip"],"relics":["SlaversCollar","Regal Pillow","Bronze Scales","MealTicket","Paper Crane","Astrolabe","Shuriken","Mango","Dream Catcher","MawBank","HoveringKite","Medical Kit","Akabeko","Ornamental Fan","War Paint","StoneCalendar","Red Mask","Prayer Wheel","Sundial"],"acts_visited":["Exordium","TheCity","TheBeyond","TheEnding"],"potions_floor_usage":[55],"damage_taken":[{"damage":1.0,"enemies":"Small Slimes","floor":1.0,"turns":4.0},{"damage":0.0,"enemies":"2 Louse","floor":5.0,"turns":2.0},{"damage":16.0,"enemies":"Lagavulin","floor":6.0,"turns":6.0},{"damage":5.0,"enemies":"3 Sentries","floor":8.0,"turns":10.0},{"damage":0.0,"enemies":"Cultist","floor":10.0,"turns":4.0},{"damage":6.0,"enemies":"Lagavulin","floor":13.0,"turns":6.0},{"damage":0.0,"enemies":"2 Fungi Beasts","floor":14.0,"turns":3.0},{"damage":25.0,"enemies":"The Guardian","floor":16.0,"turns":14.0},{"damage":15.0,"enemies":"Shell Parasite","floor":18.0,"turns":6.0},{"damage":13.0,"enemies":"Chosen","floor":19.0,"turns":6.0},{"damage":0.0,"enemies":"Centurion and Healer","floor":20.0,"turns":9.0},{"damage":34.0,"enemies":"Book of Stabbing","floor":24.0,"turns":6.0},{"damage":26.0,"enemies":"Shelled Parasite and Fungi","floor":27.0,"turns":6.0},{"damage":0.0,"enemies":"Gremlin Leader","floor":28.0,"turns":5.0},{"damage":3.0,"enemies":"Book of Stabbing","floor":30.0,"turns":6.0},{"damage":6.0,"enemies":"Champ","floor":33.0,"turns":13.0},{"damage":35.0,"enemies":"3 Darklings","floor":35.0,"turns":6.0},{"damage":29.0,"enemies":"3 Shapes","floor":37.0,"turns":7.0},{"damage":2.0,"enemies":"3 Darklings","floor":39.0,"turns":8.0},{"damage":7.0,"enemies":"Nemesis","floor":40.0,"turns":10.0},{"damage":4.0,"enemies":"Reptomancer","floor":42.0,"turns":6.0},{"damage":0.0,"enemies":"Giant Head","floor":44.0,"turns":8.0},{"damage":36.0,"enemies":"Reptomancer","floor":46.0,"turns":7.0},{"damage":0.0,"enemies":"Giant Head","floor":48.0,"turns":8.0},{"damage":20.0,"enemies":"Time Eater","floor":50.0,"turns":14.0},{"damage":19.0,"enemies":"Awakened One","floor":51.0,"turns":12.0},{"damage":53,"enemies":"Shield and Spear","floor":55,"turns":9},{"damage":44,"enemies":"The Heart","floor":56,"turns":2}],"seed_played":"-2775149104837618846","potions_obtained":[{"floor":1.0,"key":"SkillPotion"},{"floor":5.0,"key":"CunningPotion"},{"floor":10.0,"key":"Energy Potion"},{"floor":18.0,"key":"Fire Potion"},{"floor":30.0,"key":"Ancient Potion"},{"floor":42.0,"key":"Strength Potion"}],"is_trial":false,"path_per_floor":["M","?","?","$","M","E","R","E","T","M","?","R","E","M","R","B",null,"M","M","M","$","?","R","E","R","T","M","E","R","E","?","R","B",null,"M","$","M","?","M","E","R","E","T","E","R","E","?","E","R","B","B",null,"R","$","E","B"],"character_chosen":"THE_SILENT","items_purchased":["Finesse","Footwork","Blade Dance","Footwork","Medical Kit"],"campfire_rested":4,"item_purchase_floors":[4,21,21,36,36],"current_hp_per_floor":[58,38,27,27,27,11,45,40,40,40,40,40,34,34,34,9,52,37,24,24,39,39,39,5,39,53,27,27,66,63,63,63,57,74,39,54,25,15,17,14,53,53,53,57,57,25,25,29,29,17,6,62,62,77,28,0,0],"gold":63,"neow_bonus":"BOSS_RELIC","is_daily":false,"chose_seed":false,"campfire_upgraded":6,"win_rate":0.0,"timestamp":1613085572,"path_taken":["M","?","?","$","M","E","R","E","T","M","?","R","E","?","R","BOSS","M","M","M","$","?","R","E","R","T","M","E","R","E","?","R","BOSS","M","$","M","?","M","E","R","E","T","E","R","E","?","E","R","BOSS","BOSS","R","$","E","BOSS"],"items_purchased_type":["Card","Card","Card","Card","Relic"],"build_version":"2020-12-22","purchased_purges":3,"victory":false,"max_hp_per_floor":[66,66,66,66,66,66,66,66,66,66,66,66,66,66,66,66,66,66,66,66,66,66,66,66,66,80,80,80,80,80,80,80,80,80,80,80,80,80,80,80,80,80,80,80,80,80,80,80,80,80,80,80,80,80,80,80,80],"relic_stats":{"Regal Pillow":60,"counters":[28,203],"Astrolabe":["Poisoned Stab","Dodge and Roll","Quick Slash"],"HoveringKite":[30],"StoneCalendar":[168],"War Paint":["Leg Sweep","Acrobatics"],"MawBank":72,"Medical Kit":[23],"Dream Catcher":2,"Shuriken":[96],"Ornamental Fan":[192],"Sundial":[0],"Bronze Scales":[616],"MealTicket":45,"Prayer Wheel":0,"obtain_stats":[{"Regal Pillow":6,"Astrolabe":17,"HoveringKite":34,"Mango":26,"StoneCalendar":46,"Paper Crane":13,"War Paint":44,"MawBank":30,"Medical Kit":36,"Akabeko":40,"SlaversCollar":0,"Dream Catcher":28,"Shuriken":24,"Ornamental Fan":42,"Sundial":55,"Bronze Scales":8,"MealTicket":9,"Prayer Wheel":48,"Red Mask":47,"Ring of the Snake":0},{"Regal Pillow":3,"Astrolabe":8,"HoveringKite":16,"Mango":12,"StoneCalendar":23,"Paper Crane":6,"War Paint":22,"MawBank":15,"Medical Kit":17,"Akabeko":20,"SlaversCollar":0,"Dream Catcher":14,"Shuriken":12,"Ornamental Fan":21,"Sundial":27,"Bronze Scales":4,"MealTicket":4,"Prayer Wheel":24,"Red Mask":23,"Ring of the Snake":0},{"Regal Pillow":12,"Astrolabe":49,"HoveringKite":106,"Mango":76,"StoneCalendar":158,"Paper Crane":32,"War Paint":151,"MawBank":93,"Medical Kit":112,"Akabeko":137,"SlaversCollar":0,"Dream Catcher":87,"Shuriken":76,"Ornamental Fan":143,"Sundial":201,"Bronze Scales":22,"MealTicket":22,"Prayer Wheel":166,"Red Mask":158,"Ring of the Snake":0}]},"card_choices":[{"not_picked":["All Out Attack","Backflip"],"picked":"Cloak And Dagger","floor":1.0},{"not_picked":["Underhanded Strike","Acrobatics"],"picked":"Cloak And Dagger","floor":5.0},{"not_picked":["Poisoned Stab","Flechettes"],"picked":"Finisher","floor":6.0},{"not_picked":["Poisoned Stab","Bane"],"picked":"A Thousand Cuts","floor":8.0},{"not_picked":["Dodge and Roll","Concentrate"],"picked":"Dagger Throw","floor":10.0},{"not_picked":["Underhanded Strike","Infinite Blades"],"picked":"Blade Dance","floor":13.0},{"not_picked":["Catalyst","Cloak And Dagger"],"picked":"Leg Sweep","floor":14.0},{"not_picked":["Venomology","Unload"],"picked":"Wraith Form v2","floor":16.0},{"not_picked":["Dash","Flying Knee","Sucker Punch"],"picked":"SKIP","floor":18.0},{"not_picked":["Cloak And Dagger","Deadly Poison"],"picked":"Leg Sweep","floor":19.0},{"not_picked":["Deflect","Outmaneuver","Expertise"],"picked":"SKIP","floor":20.0},{"not_picked":["Catalyst","Flying Knee"],"picked":"Burst","floor":24.0},{"not_picked":["Cloak And Dagger","Outmaneuver"],"picked":"PiercingWail","floor":27.0},{"not_picked":["Poisoned Stab","Heel Hook","A Thousand Cuts"],"picked":"SKIP","floor":28.0},{"not_picked":["Poisoned Stab","Heel Hook","A Thousand Cuts"],"picked":"SKIP","floor":28.0},{"not_picked":["PiercingWail","Deadly Poison"],"picked":"Backflip+1","floor":30.0},{"not_picked":["Phantasmal Killer","Corpse Explosion"],"picked":"After Image","floor":33.0},{"not_picked":["Dagger Throw","Underhanded Strike+1"],"picked":"Acrobatics","floor":35.0},{"not_picked":["Caltrops","Cloak And Dagger"],"picked":"Blade Dance+1","floor":37.0},{"not_picked":["Mind Blast","Jack Of All Trades"],"picked":"Bandage Up","floor":38.0},{"not_picked":["Blind","Forethought"],"picked":"Flash of Steel","floor":38.0},{"not_picked":["Poisoned Stab","PiercingWail+1"],"picked":"Sucker Punch+1","floor":39.0},{"not_picked":["Distraction","Quick Slash"],"picked":"Blur+1","floor":40.0},{"not_picked":["Bane","Eviscerate+1"],"picked":"Acrobatics+1","floor":41.0},{"not_picked":["Venomology","Distraction"],"picked":"A Thousand Cuts","floor":42.0},{"not_picked":["Blade Dance","Dash","Deadly Poison"],"picked":"SKIP","floor":44.0},{"not_picked":["Sucker Punch","Choke"],"picked":"Footwork","floor":46.0},{"not_picked":["Catalyst","Bouncing Flask+1"],"picked":"Heel Hook","floor":48.0},{"not_picked":["Bullet Time","Concentrate"],"picked":"Backflip","floor":55}],"player_experience":1218264,"relics_obtained":[{"floor":6.0,"key":"Regal Pillow"},{"floor":8.0,"key":"Bronze Scales"},{"floor":9.0,"key":"MealTicket"},{"floor":13.0,"key":"Paper Crane"},{"floor":24.0,"key":"Shuriken"},{"floor":26.0,"key":"Mango"},{"floor":28.0,"key":"Dream Catcher"},{"floor":30.0,"key":"MawBank"},{"floor":40.0,"key":"Akabeko"},{"floor":42.0,"key":"Ornamental Fan"},{"floor":44.0,"key":"War Paint"},{"floor":46.0,"key":"StoneCalendar"},{"floor":48.0,"key":"Prayer Wheel"},{"floor":55,"key":"Sundial"}],"event_choices":[{"damage_healed":0.0,"max_hp_gain":0.0,"max_hp_loss":0.0,"gold_gain":0.0,"event_name":"Shining Light","player_choice":"Entered Light","floor":2.0,"gold_loss":0.0,"damage_taken":20.0,"cards_upgraded":["Strike_G","Strike_G"]},{"damage_healed":0.0,"max_hp_gain":0.0,"max_hp_loss":0.0,"gold_gain":75.0,"event_name":"World of Goop","player_choice":"Gather Gold","floor":3.0,"gold_loss":0.0,"damage_taken":11.0},{"damage_healed":0.0,"max_hp_gain":0.0,"max_hp_loss":0.0,"gold_gain":0.0,"event_name":"Upgrade Shrine","player_choice":"Upgraded","floor":11.0,"gold_loss":0.0,"damage_taken":0.0,"cards_upgraded":["A Thousand Cuts"]},{"damage_healed":0.0,"max_hp_gain":0.0,"max_hp_loss":0.0,"gold_gain":0.0,"event_name":"The Mausoleum","player_choice":"Ignored","floor":22.0,"gold_loss":0.0,"damage_taken":0.0},{"damage_healed":0.0,"max_hp_gain":0.0,"max_hp_loss":0.0,"gold_gain":0.0,"event_name":"Back to Basics","player_choice":"Simplicity","floor":31.0,"gold_loss":0.0,"damage_taken":0.0,"cards_upgraded":["Defend_G","Defend_G","Defend_G","Defend_G"]},{"damage_healed":0.0,"max_hp_gain":0.0,"max_hp_loss":0.0,"gold_gain":0.0,"event_name":"SensoryStone","player_choice":"Memory 3","floor":38.0,"gold_loss":0.0,"damage_taken":10.0},{"damage_healed":0.0,"max_hp_gain":0.0,"max_hp_loss":0.0,"gold_gain":0.0,"event_name":"Tomb of Lord Red Mask","player_choice":"Paid","floor":47.0,"gold_loss":177.0,"damage_taken":0.0,"relics_obtained":["Red Mask"]}],"is_beta":false,"boss_relics":[{"not_picked":["Busted Crown","Ectoplasm"],"picked":"Astrolabe"},{"not_picked":["Runic Dome","Fusion Hammer"],"picked":"HoveringKite"}],"items_purged_floors":[4,21,36],"is_endless":false,"potions_floor_spawned":[1,5,10,18,30,33,42,46,48],"killed_by":"The Heart","ascension_level":20}}