{"host":"hk6dyp3pgs92n0l4","time":1613017237,"event":{"mods":["AchievementEnabler","BaseMod","Colored Powertips","GifTheSpireLib","Infinite Spire","Minty Spire (QoL Compilation)","Random Character Mod","StSLib","The Bug Knight","The Construct","The Cursed","The Disciple","The Hierophant","The Runesmith"],"gold_per_floor":[110,125,140,154,154,186,201,221,221,50,70,70,70,83,83,182,232,249,222,236,236,236],"floor_reached":21,"language":"ENG","playtime":1067,"items_purged":["Clash"],"score":187,"play_id":"76684866-2862-4f7e-8c47-5f9307ac1205","local_time":"20210210202037","is_ascension_mode":false,"campfire_choices":[{"data":"Armaments","floor":12,"key":"SMITH"},{"data":"Barricade","floor":15,"key":"SMITH"}],"circlet_count":0,"master_deck":["Strike_R","Strike_R","Strike_R","Strike_R","Strike_R","Defend_R","Defend_R","Defend_R+1","Defend_R","Bash","Inflame","Rampage","Impervious","Infernal Blade","Body Slam","Barricade+1","Shrug It Off","True Grit","Armaments+1","Demon Form","Iron Wave","Body Slam"],"relics":["PureWater","HollowMod:PaleOreRelic","Mummified Hand","infinitespire:Cubic Diamond","Tiny House"],"acts_visited":["Exordium","TheCity"],"potions_floor_usage":[16,16],"damage_taken":[{"damage":1,"enemies":"Jaw Worm","floor":1,"turns":5},{"damage":1,"enemies":"Cultist","floor":2,"turns":4},{"damage":0,"enemies":"2 Louse","floor":3,"turns":2},{"damage":7,"enemies":"Looter","floor":4,"turns":4},{"damage":20,"enemies":"Gremlin Nob","floor":6,"turns":5},{"damage":7,"enemies":"Exordium Wildlife","floor":7,"turns":3},{"damage":6,"enemies":"2 Fungi Beasts","floor":8,"turns":3},{"damage":5,"enemies":"Looter","floor":11,"turns":3},{"damage":12,"enemies":"Blue Slaver","floor":14,"turns":4},{"damage":11,"enemies":"Hexaghost","floor":16,"turns":12},{"damage":10,"enemies":"Shell Parasite","floor":18,"turns":6},{"damage":38,"enemies":"2 Thieves","floor":19,"turns":5},{"damage":32,"enemies":"Snake Plant","floor":20,"turns":5},{"damage":15,"enemies":"Snecko","floor":21,"turns":2}],"seed_played":"7013018305517390706","potions_obtained":[{"floor":2,"key":"SteroidPotion"},{"floor":3,"key":"BlessingOfTheForge"},{"floor":7,"key":"SkillPotion"},{"floor":17,"key":"Regen Potion"},{"floor":18,"key":"Strength Potion"}],"is_trial":true,"path_per_floor":["M","M","M","M","?","E","M","M","T","$","M","R","?","M","R","B",null,"M","M","M","M"],"character_chosen":"IRONCLAD","items_purchased":["Shrug It Off","True Grit"],"campfire_rested":0,"item_purchase_floors":[10,10],"current_hp_per_floor":[80,80,80,79,79,65,64,64,64,64,65,65,65,53,53,42,85,75,37,5,0,0],"gold":236,"neow_bonus":"","is_daily":false,"chose_seed":false,"campfire_upgraded":2,"win_rate":0.0,"timestamp":1613017237,"path_taken":["M","M","M","M","?","E","M","M","T","?","M","R","?","M","R","BOSS","M","M","M","M"],"items_purchased_type":["Card","Card"],"build_version":"2020-12-22","purchased_purges":1,"victory":false,"max_hp_per_floor":[80,80,80,80,80,80,80,80,80,80,80,80,80,80,80,80,85,85,85,85,85,85],"card_choices":[{"not_picked":["Clash","Battle Trance"],"picked":"Inflame","floor":1},{"not_picked":["Cleave","Flame Barrier"],"picked":"Clash","floor":2},{"not_picked":["Headbutt","Warcry","Clothesline"],"picked":"SKIP","floor":3},{"not_picked":["Clothesline","Heavy Blade"],"picked":"Rampage","floor":4},{"not_picked":["Rampage","Searing Blow"],"picked":"Infernal Blade","floor":6},{"not_picked":["Sentinel","Uppercut"],"picked":"Body Slam","floor":7},{"not_picked":["Warcry","Sword Boomerang"],"picked":"Barricade","floor":8},{"not_picked":["Anger","Searing Blow"],"picked":"Armaments","floor":11},{"not_picked":["Entrench","Seeing Red","Disarm"],"picked":"SKIP","floor":14},{"not_picked":["Corruption","Limit Break"],"picked":"Demon Form","floor":16},{"not_picked":["Warcry","Searing Blow"],"picked":"Iron Wave","floor":17},{"not_picked":["Warcry","Shrug It Off"],"picked":"Body Slam","floor":18},{"not_picked":["Evolve","Flex","Clothesline"],"picked":"SKIP","floor":19},{"not_picked":["Havoc","Wild Strike","Headbutt+1"],"picked":"SKIP","floor":20}],"player_experience":134327,"relics_obtained":[{"floor":6,"key":"HollowMod:PaleOreRelic"},{"floor":9,"key":"Mummified Hand"}],"event_choices":[{"damage_healed":0,"gold_gain":0,"player_choice":"1 cards matched","damage_taken":0,"max_hp_gain":0,"max_hp_loss":0,"event_name":"Match and Keep!","floor":5,"gold_loss":0,"cards_obtained":["Impervious"]}],"is_beta":false,"boss_relics":[{"not_picked":["Mark of Pain","construct:ClawGrip"],"picked":"Tiny House"}],"items_purged_floors":[10],"is_endless":false,"potions_floor_spawned":[2,3,7,8,18,19],"killed_by":"Snecko","ascension_level":0}}