{"host":"og21o26alpnbwmz8","time":1613002151,"event":{"mods":["Act Like it!","Aspiration","BaseMod","Conspire","Downfall","Gensokyo","Halation","Hubris","Jedi Mod","Mimic Mod","Minty Spire (QoL Compilation)","Pale of the Ancients","Reliquary","Replay The Spire","Shop Mod","Spikes Relics","StSLib","The Alterego","The Blue Laboratory","The Poker Player","Waifu the Spire","Yuri Mod"],"gold_per_floor":[114,44,44,61,77,104,254,254,254,254,254,254,254,254,254,254,254,254,254,16,16,16,16,16,16,16,16,16,16,16,16,16,16,16,16,16],"floor_reached":35,"language":"ENG","playtime":1257,"items_purged":["yuri:yuriStrike","yuri:yuriStrike"],"score":470,"play_id":"dee7347e-b752-476e-8ed6-029e31afad64","local_time":"20210210190911","is_ascension_mode":false,"campfire_choices":[{"data":"Apotheosis","floor":11,"key":"SMITH"},{"data":"yuri:SturdyUniform","floor":15,"key":"SMITH"},{"floor":23,"key":"RECALL"},{"data":"yuri:ExploitStrike","floor":27,"key":"SMITH"},{"data":"yuri:GlitchedStrike","floor":29,"key":"SMITH"},{"floor":32,"key":"REST"}],"circlet_count":0,"master_deck":["yuri:yuriDefend","yuri:yuriDefend","yuri:yuriDefend","yuri:yuriDefend","yuri:yuriDefend","yuri:Oolong","yuri:yuriStab","yuri:GlitchedStrike+1","yuri:UntestedCode","yuri:ThrowingKnives","yuri:GlitchedStrike","yuri:InduceGlitch","Apotheosis+1","yuri:DebugCard","yuri:DebugCard","yuri:SturdyUniform+1","yuri:HoldBack","yuri:MirrorInsanity","yuri:ExploitStrike+1","yuri:AdaptiveAI","Slimebound:Tackle+1","Slimebound:Tackle+1","Slimebound:Tackle+1","yuri:ExploitStrike"],"relics":["yuri:yuriKnife","NeowsBlessing","Durian","jedi:ominousloannote","halation:AfternoonTea","jedi:archwizardhat","halation:LoveArrow","reliquary:RosewoodLute","Replay:WaspNest","Happy Flower","hubris:Icosahedron","jedi:paperlyon"],"acts_visited":["Exordium","TheCity","TheBeyond"],"potions_floor_usage":[],"damage_taken":[{"damage":0,"enemies":"conspire:RoseBush","floor":1,"turns":1},{"damage":0,"enemies":"Cultist","floor":4,"turns":1},{"damage":0,"enemies":"2 Louse","floor":5,"turns":1},{"damage":14,"enemies":"Replay:BlueRogue","floor":6,"turns":5},{"damage":4,"enemies":"Lagavulin","floor":8,"turns":3},{"damage":0,"enemies":"Blue Slaver","floor":9,"turns":4},{"damage":5,"enemies":"Gremlin Nob","floor":10,"turns":3},{"damage":0,"enemies":"Blue Slaver","floor":12,"turns":3},{"damage":0,"enemies":"Exordium Wildlife","floor":13,"turns":3},{"damage":0,"enemies":"conspire:2 RoseBushes","floor":14,"turns":5},{"damage":5,"enemies":"The Guardian","floor":16,"turns":9},{"damage":9,"enemies":"conspire:FuzzyDice","floor":18,"turns":5},{"damage":22,"enemies":"conspire:MimicChest","floor":19,"turns":7},{"damage":23,"enemies":"Spheric Guardian","floor":22,"turns":6},{"damage":11,"enemies":"conspire:Head Lice","floor":24,"turns":5},{"damage":1,"enemies":"Snake Plant","floor":25,"turns":4},{"damage":22,"enemies":"Centurion and Healer","floor":31,"turns":7},{"damage":47,"enemies":"hubris:MusketHawk","floor":33,"turns":8},{"damage":9,"enemies":"3 Darklings","floor":35,"turns":2}],"seed_played":"-928121826548002017","potions_obtained":[{"floor":4,"key":"jedi:holywater"},{"floor":5,"key":"jedi:StrikingPotion"},{"floor":8,"key":"Weak Potion"},{"floor":25,"key":"LiquidMemories"}],"is_trial":false,"path_per_floor":["M","$","?","M","M","E","$","E","MIM","E","R","M","M","M","R","B",null,"M","?","$","?","M","R","E","M","T","R","?","R","?","M","R","B",null,"M"],"character_chosen":"YURI","items_purchased":["yuri:UntestedCode","jedi:ominousloannote","Apotheosis","yuri:ExploitStrike"],"campfire_rested":1,"item_purchase_floors":[2,7,7,20],"current_hp_per_floor":[80,80,80,80,80,75,75,78,85,80,80,84,85,85,85,80,85,76,58,58,85,62,62,55,58,58,58,58,58,58,43,68,43,85,76,76],"gold":16,"neow_bonus":"THREE_ENEMY_KILL","is_daily":false,"chose_seed":false,"campfire_upgraded":4,"win_rate":0.0,"timestamp":1613002151,"path_taken":["M","$","?","M","M","E","$","E","MIM","E","R","M","?","M","R","BOSS","M","?","$","?","M","R","E","?","T","R","?","R","?","M","R","BOSS","M"],"items_purchased_type":["Card","Relic","Card","Card"],"build_version":"2020-12-22","purchased_purges":2,"victory":false,"max_hp_per_floor":[80,80,80,80,80,85,85,85,85,85,85,85,85,85,85,85,85,85,85,85,85,85,85,85,85,85,85,85,85,85,85,85,85,85,85,85],"card_choices":[{"not_picked":["yuri:CalmingAura","yuri:HeavierStrike"],"picked":"yuri:GlitchedStrike","floor":1},{"not_picked":["yuri:ReactiveMadness","yuri:MultiDip"],"picked":"yuri:GlitchedStrike","floor":4},{"not_picked":["yuri:Skip","yuri:BookPurple"],"picked":"yuri:InduceGlitch","floor":5},{"not_picked":["yuri:RecklessStrike","yuri:GlitchedStrike","yuri:Stare"],"picked":"SKIP","floor":6},{"not_picked":["yuri:DeepBreathing","yuri:Skip"],"picked":"yuri:DebugCard","floor":8},{"not_picked":["yuri:BookRed","yuri:DejaVu"],"picked":"yuri:DebugCard","floor":10},{"not_picked":["yuri:ReloadGame","yuri:NerfBat"],"picked":"yuri:SturdyUniform","floor":12},{"not_picked":["yuri:MultiDip","yuri:ThrowBook"],"picked":"yuri:HoldBack","floor":13},{"not_picked":["yuri:MultiDip","yuri:Stalk"],"picked":"yuri:MirrorInsanity","floor":14},{"not_picked":["yuri:DebugCard+1","yuri:Skip","yuri:ReactiveMadness"],"picked":"SKIP","floor":18},{"not_picked":["yuri:CorruptHitbox","yuri:yuriQuickStrike","yuri:ReloadGame+1"],"picked":"SKIP","floor":22},{"not_picked":["yuri:BookGreen","yuri:yuriQuickStrike"],"picked":"yuri:AdaptiveAI","floor":24},{"not_picked":["yuri:HeavierStrike","yuri:DebugCard","yuri:AdaptiveAI"],"picked":"SKIP","floor":25},{"not_picked":["yuri:DebugCard","yuri:ReloadGame","yuri:MPose"],"picked":"SKIP","floor":31},{"not_picked":["yuri:NoEscape","yuri:MagneticKnives"],"picked":"yuri:ExploitStrike","floor":33}],"player_experience":243938,"relics_obtained":[{"floor":6,"key":"Durian"},{"floor":8,"key":"halation:AfternoonTea"},{"floor":10,"key":"jedi:archwizardhat"},{"floor":19,"key":"reliquary:RosewoodLute"},{"floor":24,"key":"Replay:WaspNest"},{"floor":26,"key":"Happy Flower"}],"event_choices":[{"damage_healed":0,"gold_gain":0,"cards_transformed":["yuri:yuriStrike"],"player_choice":"Transformed","damage_taken":0,"max_hp_gain":0,"max_hp_loss":0,"event_name":"Transmorgrifier","floor":3,"gold_loss":0,"cards_obtained":["yuri:ThrowingKnives"]},{"damage_healed":28,"gold_gain":0,"player_choice":"Heal","damage_taken":0,"max_hp_gain":0,"max_hp_loss":0,"event_name":"The Library","floor":21,"gold_loss":0}],"is_beta":false,"boss_relics":[{"not_picked":["hubris:Backtick","halation:MonkeysPaw"],"picked":"halation:LoveArrow"},{"not_picked":["Sandwich","Replay:Wanted Poster"],"picked":"jedi:paperlyon"}],"items_purged_floors":[7,20],"is_endless":false,"potions_floor_spawned":[4,5,8,13,16,24,25,33],"killed_by":"3 Darklings","ascension_level":0}}