{"host":"6rmw1q50jy0xmvyl","time":1613064105,"event":{"mods":["BaseMod","BetterRewards","Clockwork Mod","Colored Map","Duelist Mod","Infinite Spire","Minty Spire (QoL Compilation)","Reliquary","Remove Card Discount Mod","StSLib","Weighted Paths","thorton","??????REMEMod"],"gold_per_floor":[116,116,137,161,183,183,221,221,221,221,245,262,262,289,289,398,398,416,0,0,5,5,5],"floor_reached":21,"language":"ENG","playtime":1233,"items_purged":["Normality","thethorton:Strike","thethorton:Strike","thethorton:Defend","thethorton:Defend"],"score":212,"play_id":"f88e131b-4c0f-469f-b5f6-fcd0c6b8e820","local_time":"20210211182145","is_ascension_mode":true,"campfire_choices":[{"floor":6,"key":"REST"},{"floor":8,"key":"REST"},{"floor":13,"key":"REST"},{"data":"thethorton:DownPayment","floor":15,"key":"SMITH"}],"circlet_count":0,"master_deck":["thethorton:Strike","thethorton:Strike","thethorton:Defend","thethorton:Heckle","thethorton:CreditCard","theDuelist:GishkiMollusk","thethorton:SummonProfit","thethorton:Hindsight","thethorton:DockPay+1","thethorton:PowerUp","thethorton:DownPayment+1","thethorton:CallShop","thethorton:FocusStrength+1"],"relics":["thethorton:CouragePotion","REME_ComplimentaryCards","Busted Crown","WingedGreaves","Odd Mushroom","reliquary:RedPaperclip"],"acts_visited":["Exordium","TheCity"],"potions_floor_usage":[3,7],"damage_taken":[{"damage":1,"enemies":"Small Slimes","floor":1,"turns":4},{"damage":0,"enemies":"Cultist","floor":3,"turns":4},{"damage":4,"enemies":"Jaw Worm","floor":4,"turns":4},{"damage":32,"enemies":"Gremlin Gang","floor":5,"turns":11},{"damage":17,"enemies":"Gremlin Nob","floor":7,"turns":4},{"damage":17,"enemies":"Exordium Wildlife","floor":12,"turns":5},{"damage":15,"enemies":"The Mushroom Lair","floor":14,"turns":6},{"damage":25,"enemies":"The Guardian","floor":16,"turns":11},{"damage":57,"enemies":"3 Byrds","floor":18,"turns":9},{"damage":16,"enemies":"Chosen","floor":21,"turns":6}],"seed_played":"-2357637657565317197","potions_obtained":[{"floor":1,"key":"LiquidBronze"},{"floor":5,"key":"Ancient Potion"},{"floor":16,"key":"SpeedPotion"}],"is_trial":false,"path_per_floor":["M","?","M","M","M","R","E","R","T","?","T","M","R","?","R","B",null,"M","?","$","M"],"character_chosen":"THE_THORT","items_purchased":[],"campfire_rested":3,"item_purchase_floors":[],"current_hp_per_floor":[67,67,67,63,31,51,34,54,54,54,54,37,57,42,42,17,68,11,11,11,0,0,0],"gold":5,"neow_bonus":"","is_daily":false,"chose_seed":false,"campfire_upgraded":1,"win_rate":0.0,"timestamp":1613064105,"path_taken":["M","?","M","?","M","R","E","R","T","?","?","?","R","?","R","BOSS","M","?","$","M"],"items_purchased_type":[],"build_version":"2020-12-22","purchased_purges":5,"victory":false,"max_hp_per_floor":[68,68,68,68,68,68,68,68,68,68,68,68,68,68,68,68,68,68,68,68,68,68,68],"card_choices":[{"not_picked":[],"picked":"thethorton:SummonProfit","floor":1},{"not_picked":["thethorton:ShoutAndRun"],"picked":"SKIP","floor":3},{"not_picked":[],"picked":"thethorton:Hindsight","floor":4},{"not_picked":[],"picked":"thethorton:DockPay","floor":5},{"not_picked":[],"picked":"thethorton:PowerUp","floor":7},{"not_picked":["thethorton:BookBash"],"picked":"SKIP","floor":12},{"not_picked":[],"picked":"thethorton:DownPayment","floor":14},{"not_picked":[],"picked":"thethorton:CallShop","floor":16},{"not_picked":[],"picked":"thethorton:FocusStrength+1","floor":18}],"player_experience":715865,"relics_obtained":[{"floor":7,"key":"Letter Opener"},{"floor":9,"key":"WingedGreaves"},{"floor":11,"key":"Centennial Puzzle"},{"floor":14,"key":"Odd Mushroom"}],"event_choices":[{"cards_removed":["thethorton:Defend"],"damage_healed":0,"gold_gain":0,"player_choice":"Offered Basic","damage_taken":0,"max_hp_gain":0,"max_hp_loss":0,"event_name":"Bonfire Elementals","floor":2,"gold_loss":0},{"damage_healed":0,"gold_gain":0,"player_choice":"Grow","damage_taken":0,"max_hp_gain":0,"max_hp_loss":0,"event_name":"Living Wall","floor":10,"gold_loss":0,"cards_upgraded":["thethorton:DockPay"]},{"damage_healed":0,"gold_gain":0,"player_choice":"Fought Mushrooms","damage_taken":0,"max_hp_gain":0,"max_hp_loss":0,"event_name":"Mushrooms","floor":14,"gold_loss":0},{"damage_healed":0,"gold_gain":0,"player_choice":"Paid Fearfully","damage_taken":0,"max_hp_gain":0,"max_hp_loss":0,"event_name":"Masked Bandits","floor":19,"gold_loss":416}],"is_beta":false,"boss_relics":[{"not_picked":["SacredBark","thethorton:GreedFountain"],"picked":"reliquary:RedPaperclip"}],"items_purged_floors":[0,0,0,0,0],"is_endless":false,"potions_floor_spawned":[1,5,16],"killed_by":"Chosen","ascension_level":4}}