{"host":"3n5xmnb54n2y5mb4","time":1613057887,"event":{"mods":["BaseMod","Colored Map","Colored Powertips","Downfall","Minty Spire (QoL Compilation)","Permanent Neow","StSLib","Unceasing Turn Reminder","everything is the same but u backflip on backflip"],"gold_per_floor":[114,126,140,140,153,178,31,31,31,58,68,68,68,68,68,167,167,183,44,60,60,159,159,178,378,403,403,438,453,464,476,476,573,573,591,604,584,594,75,75,94,120,120,120,120,120],"floor_reached":45,"language":"ENG","playtime":1565,"items_purged":["Strike_R","Defend_R","Strike_R"],"score":825,"play_id":"9de4e654-c12f-4791-b38e-c8347120176f","local_time":"20210211103807","is_ascension_mode":true,"campfire_choices":[{"data":"Armaments","floor":8,"key":"SMITH"},{"floor":12,"key":"REST"},{"floor":15,"key":"REST"},{"floor":23,"key":"REST"},{"floor":27,"key":"REST"},{"floor":32,"key":"REST"},{"floor":40,"key":"REST"}],"circlet_count":0,"master_deck":["AscendersBane","Strike_R","Strike_R","Defend_R","Defend_R","Defend_R","Bash+1","Shrug It Off","Combust","Ghostly Armor","Rampage","Armaments+1","Rupture","Rupture","Brutality","Metallicize","Double Tap","Rupture","Secret Weapon","downfall:Haunted","downfall:Haunted","Clumsy","Demon Form"],"relics":["Burning Blood","Singing Bowl","FossilizedHelix","Bird Faced Urn","Regal Pillow","Busted Crown","Pen Nib","Gambling Chip","SlaversCollar","ClockworkSouvenir","Lantern","The Courier","Darkstone Periapt"],"acts_visited":["Exordium","TheCity","TheBeyond"],"potions_floor_usage":[5,11,16,16,30,38],"damage_taken":[{"damage":1,"enemies":"Cultist","floor":1,"turns":4},{"damage":9,"enemies":"2 Louse","floor":2,"turns":4},{"damage":5,"enemies":"Jaw Worm","floor":3,"turns":4},{"damage":1,"enemies":"Exordium Wildlife","floor":5,"turns":4},{"damage":21,"enemies":"3 Sentries","floor":6,"turns":8},{"damage":40,"enemies":"Gremlin Nob","floor":10,"turns":5},{"damage":23,"enemies":"3 Louse","floor":11,"turns":6},{"damage":59,"enemies":"The Guardian","floor":16,"turns":10},{"damage":41,"enemies":"2 Thieves","floor":18,"turns":4},{"damage":43,"enemies":"3 Byrds","floor":20,"turns":6},{"damage":30,"enemies":"Sentry and Sphere","floor":24,"turns":6},{"damage":73,"enemies":"Book of Stabbing","floor":28,"turns":7},{"damage":13,"enemies":"Centurion and Healer","floor":29,"turns":6},{"damage":18,"enemies":"Cultist and Chosen","floor":30,"turns":6},{"damage":14,"enemies":"3 Cultists","floor":31,"turns":5},{"damage":73,"enemies":"Automaton","floor":33,"turns":10},{"damage":36,"enemies":"3 Shapes","floor":35,"turns":4},{"damage":26,"enemies":"Orb Walker","floor":36,"turns":5},{"damage":56,"enemies":"Spire Growth","floor":38,"turns":7},{"damage":45,"enemies":"3 Darklings","floor":41,"turns":6},{"damage":41,"enemies":"Giant Head","floor":42,"turns":7},{"damage":50,"enemies":"Writhing Mass","floor":45,"turns":2}],"seed_played":"4004861239227930970","potions_obtained":[{"floor":1,"key":"Explosive Potion"},{"floor":2,"key":"BloodPotion"},{"floor":6,"key":"AttackPotion"},{"floor":11,"key":"DistilledChaos"},{"floor":16,"key":"ElixirPotion"},{"floor":29,"key":"hexamod:SoulburnPotion"},{"floor":31,"key":"EssenceOfSteel"},{"floor":37,"key":"Fire Potion"},{"floor":41,"key":"Block Potion"}],"is_trial":false,"path_per_floor":["M","M","M","?","M","E","$","R","T","E","M","R","$","?","R","B",null,"M","$","M","?","?","R","M","?","T","R","E","M","M","M","R","B",null,"M","M","?","M","$","R","M","E","T","?","M"],"character_chosen":"IRONCLAD","items_purchased":["Rupture","Metallicize","ClockworkSouvenir","Rupture","Secret Weapon"],"campfire_rested":6,"item_purchase_floors":[7,19,39,39,39],"current_hp_per_floor":[77,74,75,75,80,65,65,65,65,31,38,62,62,55,82,31,69,44,44,17,17,17,57,45,45,45,86,25,30,28,30,73,16,76,58,50,50,12,12,57,32,11,11,29,0,0],"gold":120,"neow_bonus":"UPGRADE_CARD","is_daily":false,"chose_seed":false,"campfire_upgraded":1,"win_rate":0.0,"timestamp":1613057887,"path_taken":["M","M","?","?","?","E","$","R","T","E","M","R","?","?","R","BOSS","M","$","M","?","?","R","M","?","T","R","E","M","?","M","R","BOSS","M","M","?","?","$","R","M","E","T","?","M"],"items_purchased_type":["Card","Card","Relic","Card","Card"],"build_version":"2020-12-22","purchased_purges":3,"victory":false,"max_hp_per_floor":[80,80,80,80,80,80,80,80,80,80,82,82,82,82,82,82,82,84,84,86,86,86,86,88,88,88,88,90,92,94,96,96,96,96,98,100,100,102,102,102,104,106,106,124,124,124],"card_choices":[{"not_picked":["Dual Wield","Heavy Blade"],"picked":"Shrug It Off","floor":1},{"not_picked":["Spot Weakness","Uppercut"],"picked":"Combust","floor":2},{"not_picked":["Heavy Blade","Warcry"],"picked":"Ghostly Armor","floor":3},{"not_picked":["Metallicize","Carnage"],"picked":"Rampage","floor":5},{"not_picked":["Uppercut","Ghostly Armor"],"picked":"Armaments","floor":6},{"not_picked":["Spot Weakness","True Grit"],"picked":"Rupture","floor":10},{"not_picked":["Headbutt","Feel No Pain","Searing Blow"],"picked":"Singing Bowl","floor":11},{"not_picked":["Impervious","Bludgeon"],"picked":"Brutality","floor":16},{"not_picked":["Shockwave"],"picked":"Singing Bowl","floor":18},{"not_picked":["Intimidate"],"picked":"Singing Bowl","floor":20},{"not_picked":["Iron Wave"],"picked":"Singing Bowl","floor":24},{"not_picked":["Armaments+1"],"picked":"Singing Bowl","floor":28},{"not_picked":["Shrug It Off"],"picked":"Singing Bowl","floor":29},{"not_picked":["Wild Strike"],"picked":"Singing Bowl","floor":30},{"not_picked":["Cleave+1"],"picked":"Singing Bowl","floor":31},{"not_picked":[],"picked":"Double Tap","floor":33},{"not_picked":["Twin Strike"],"picked":"Singing Bowl","floor":35},{"not_picked":["Wild Strike"],"picked":"Singing Bowl","floor":36},{"not_picked":["Infernal Blade"],"picked":"Singing Bowl","floor":38},{"not_picked":["Anger"],"picked":"Singing Bowl","floor":41},{"not_picked":["Body Slam"],"picked":"Singing Bowl","floor":42}],"player_experience":1045013,"relics_obtained":[{"floor":6,"key":"Singing Bowl"},{"floor":9,"key":"FossilizedHelix"},{"floor":10,"key":"Bird Faced Urn"},{"floor":26,"key":"Pen Nib"},{"floor":28,"key":"Gambling Chip"},{"floor":42,"key":"Lantern"},{"floor":43,"key":"The Courier"}],"event_choices":[{"cards_removed":["Strike_R"],"damage_healed":0,"gold_gain":0,"player_choice":"Offered Basic","damage_taken":0,"max_hp_gain":0,"max_hp_loss":0,"event_name":"Bonfire Elementals","floor":4,"gold_loss":0},{"damage_healed":0,"gold_gain":0,"player_choice":"Success","damage_taken":7,"relics_obtained":["Regal Pillow"],"max_hp_gain":0,"max_hp_loss":0,"event_name":"Scrap Ooze","floor":14,"gold_loss":0},{"damage_healed":0,"gold_gain":99,"player_choice":"Stole From Cult","damage_taken":0,"max_hp_gain":0,"max_hp_loss":0,"event_name":"Nest","floor":22,"gold_loss":0},{"damage_healed":0,"gold_gain":200,"player_choice":"Gold","damage_taken":0,"max_hp_gain":0,"max_hp_loss":0,"event_name":"Wheel of Change","floor":25,"gold_loss":0},{"damage_healed":0,"gold_gain":0,"player_choice":"Bought 1 Potion","damage_taken":0,"max_hp_gain":0,"max_hp_loss":0,"event_name":"The Woman in Blue","floor":37,"gold_loss":0}],"is_beta":false,"boss_relics":[{"not_picked":["Runic Dome","Empty Cage"],"picked":"Busted Crown"},{"not_picked":["Snecko Eye","bronze:MakeshiftBattery"],"picked":"SlaversCollar"}],"items_purged_floors":[7,19,39],"is_endless":false,"potions_floor_spawned":[1,2,6,11,16,29,31,36,41],"killed_by":"Writhing Mass","ascension_level":11}}