{"host":"rtrm1sjndjmdxdc6","time":1613031630,"event":{"mods":["2.2 Compatiblity","AchievementEnabler","Act Like it!","BaseMod","Better Vampires","Colored Map","Colored Powertips","Conspire","Downfall","Gensokyo","Marisa（F雨　魔理沙）","Minty Spire (QoL Compilation)","Permanent Neow","Quick Restart","Rare Cards Sparkle","Reimu（博丽灵梦）","Remilia（蕾米莉亚）","Replay The Spire","RumiaBox-露米娅的神秘盒子","Shop Mod","Spicy Shops","StSLib","The Animator","The Bug Knight","The Jungle","Unceasing Turn Reminder","Yakumo Yukari mod","Yuyuko","【功能Mod】混沌之环修复补丁","【功能Mod】聪明的最终Boss","篝火指南"],"gold_per_floor":[99,99,114,129,210,240,240,240,240,240],"floor_reached":8,"language":"ZHS","playtime":849,"items_purged":[],"score":54,"play_id":"837431ae-f231-4085-b472-4a986019e585","local_time":"20210211162030","daily_mods":["Shiny","Uncertain Future","DeadlyEvents"],"is_ascension_mode":false,"campfire_choices":[{"data":"bronze:Mutator","floor":1.0,"key":"SMITH"}],"circlet_count":0,"master_deck":["bronze:Hardcode","bronze:Library","bronze:BurnOut","bronze:Break","bronze:CleanCode","bronze:RecursiveStrike","bronze:Format","bronze:InfiniteLoop","bronze:FindAndReplace","bronze:TinkerersToolbox","bronze:HardenedForm","bronze:ThunderWave","bronze:SpaghettiCode","bronze:AlphaBuild","bronze:Virus","bronze:Verify","bronze:Mutator+1","bronze:Assembly","bronze:ShipIt","bronze:HyperBeam"],"relics":["bronze:BronzeCore","Girya","Replay:Wax Seal","Akabeko"],"acts_visited":["Exordium"],"potions_floor_usage":[],"damage_taken":[{"damage":0,"enemies":"Small Slimes","floor":3,"turns":2},{"damage":7,"enemies":"2 Louse","floor":4,"turns":3},{"damage":36,"enemies":"3 Sentries","floor":6,"turns":6},{"damage":31,"enemies":"Replay:BlueRogue","floor":8,"turns":3}],"seed_played":"-587577638262706789","potions_obtained":[{"floor":3,"key":"Death Potion"},{"floor":4,"key":"BlessingOfTheForge"},{"floor":5,"key":"Flashbang"},{"floor":5,"key":"Block Potion"}],"is_trial":false,"path_per_floor":["R","?","M","M","?","E","T","E"],"character_chosen":"THE_AUTOMATON","items_purchased":[],"campfire_rested":0,"item_purchase_floors":[],"current_hp_per_floor":[70,67,67,60,60,25,25,0,0,0],"gold":240,"neow_bonus":"","is_daily":true,"chose_seed":false,"campfire_upgraded":1,"win_rate":0.0,"timestamp":1613031630,"path_taken":["R","?","M","M","?","?","T","E"],"items_purchased_type":[],"build_version":"2020-12-22","purchased_purges":0,"victory":false,"max_hp_per_floor":[70,70,70,70,70,70,70,70,70,70],"card_choices":[{"not_picked":["bronze:WhirlingStrike","bronze:OilSpill","bronze:DarkDash"],"picked":"SKIP","floor":3},{"not_picked":["bronze:ClassDefault","bronze:DelayedGuard","bronze:Branch"],"picked":"SKIP","floor":4},{"not_picked":["bronze:Turbo","bronze:Deprecate","bronze:Separator"],"picked":"SKIP","floor":6}],"player_experience":136011,"relics_obtained":[{"floor":5,"key":"Replay:Wax Seal"},{"floor":6,"key":"Akabeko"}],"event_choices":[{"damage_healed":0.0,"max_hp_gain":0.0,"max_hp_loss":0.0,"gold_gain":0.0,"event_name":"Scrap Ooze","player_choice":"Success","floor":2.0,"gold_loss":0.0,"damage_taken":3.0,"relics_obtained":["Girya"]}],"is_beta":false,"boss_relics":[],"items_purged_floors":[],"is_endless":false,"potions_floor_spawned":[3,4],"killed_by":"Replay:BlueRogue","ascension_level":0}}