{"host":"3d7yvplr5ovcyppx","time":1613038784,"event":{"mods":["AchievementEnabler","BaseMod","Hermit","Jorbs\u0027s Wanderer Trilogy","Minty Spire (QoL Compilation)","Quick Restart","Somnambulant","StSLib","The Cursed","The Disciple","The Servant 0.9.4"],"gold_per_floor":[115,131,131,131,147,176,197,41,41,41,52,77,91,117,117,214,214,230,190,174,174,191,221,238,238,238,238,267,11,11,37,37,141,141,157,177,191,208,1207,1235,1235,1235,1235],"floor_reached":42,"language":"ENG","playtime":3334,"items_purged":[],"score":610,"play_id":"f47dfcf3-9088-4998-ba07-45608aa24e51","local_time":"20210211154944","is_ascension_mode":true,"campfire_choices":[{"floor":10.0,"key":"REST"},{"data":"White Noise","floor":15.0,"key":"SMITH"},{"floor":32,"key":"REST"},{"floor":41,"key":"REST"}],"circlet_count":0,"master_deck":["Strike_B","Strike_B","Strike_B","Strike_B","Defend_B","Defend_B","Defend_B+1","Defend_B","Zap+1","Dualcast","Aggregate","White Noise+1","Ball Lightning","Thunder Strike","Streamline","Compile Driver","Self Repair","Chill","Cold Snap","Loop","Rainbow","Defragment","Coolheaded","Lockon+1","Redo+1","Sunder","Tempest+1","White Noise+1","Aggregate+1","Sweeping Beam+1","Scrape+1","Seek+1","Stack+1","Hologram+1","Fission+1","Blizzard+1","Normality","Normality","FTL+1","Melter+1"],"relics":["Cracked Core","NeowsBlessing","InkBottle","Dream Catcher","Odd Mushroom","Happy Flower","Shuriken","Torii","Strawberry","Runic Pyramid","Question Card","Toxic Egg 2","Bottled Flame","Incense Burner","Chemical X","Nunchaku","SlaversCollar","Regal Pillow"],"acts_visited":["Exordium","TheCity","TheBeyond"],"potions_floor_usage":[20,21,23,23,28,31,33,37,38,42],"damage_taken":[{"damage":0.0,"enemies":"Small Slimes","floor":1.0,"turns":1.0},{"damage":0.0,"enemies":"2 Louse","floor":2.0,"turns":1.0},{"damage":0.0,"enemies":"Jaw Worm","floor":5.0,"turns":1.0},{"damage":0.0,"enemies":"Gremlin Nob","floor":6.0,"turns":3.0},{"damage":26.0,"enemies":"The Mushroom Lair","floor":7.0,"turns":4.0},{"damage":10.0,"enemies":"3 Louse","floor":11.0,"turns":3.0},{"damage":31.0,"enemies":"Lagavulin","floor":12.0,"turns":5.0},{"damage":0.0,"enemies":"Lots of Slimes","floor":13.0,"turns":3.0},{"damage":9.0,"enemies":"3 Sentries","floor":14.0,"turns":7.0},{"damage":10.0,"enemies":"The Guardian","floor":16.0,"turns":7.0},{"damage":32,"enemies":"3 Byrds","floor":18,"turns":5},{"damage":16,"enemies":"2 Thieves","floor":20,"turns":5},{"damage":0,"enemies":"Snake Plant","floor":21,"turns":1},{"damage":0,"enemies":"Chosen and Byrds","floor":22,"turns":6},{"damage":35,"enemies":"Book of Stabbing","floor":23,"turns":4},{"damage":8,"enemies":"Shelled Parasite and Fungi","floor":24,"turns":6},{"damage":1,"enemies":"Slavers","floor":28,"turns":5},{"damage":7,"enemies":"Book of Stabbing","floor":31,"turns":4},{"damage":14,"enemies":"Champ","floor":33,"turns":7},{"damage":9,"enemies":"3 Shapes","floor":35,"turns":3},{"damage":19,"enemies":"Orb Walker","floor":36,"turns":3},{"damage":30,"enemies":"Transient","floor":37,"turns":5},{"damage":11,"enemies":"Writhing Mass","floor":38,"turns":4},{"damage":19,"enemies":"Reptomancer","floor":40,"turns":4},{"damage":81,"enemies":"Spire Growth","floor":42,"turns":4}],"seed_played":"-1115972485929094525","potions_obtained":[{"floor":1.0,"key":"Dexterity Potion"},{"floor":2.0,"key":"EssenceOfSteel"},{"floor":11.0,"key":"PotionOfCapacity"},{"floor":12.0,"key":"DistilledChaos"},{"floor":13.0,"key":"LiquidBronze"},{"floor":19,"key":"PotionOfCapacity"},{"floor":19,"key":"CultistPotion"},{"floor":19,"key":"SmokeBomb"},{"floor":22,"key":"SkillPotion"},{"floor":24,"key":"SneckoOil"},{"floor":30,"key":"FocusPotion"},{"floor":30,"key":"SteroidPotion"},{"floor":30,"key":"Energy Potion"},{"floor":31,"key":"ColorlessPotion"},{"floor":33,"key":"Ancient Potion"},{"floor":36,"key":"FocusPotion"},{"floor":37,"key":"Energy Potion"},{"floor":40,"key":"Fire Potion"}],"is_trial":false,"path_per_floor":["M","M","?","?","M","E","?","$","T","R","M","E","M","E","R","B",null,"M","?","M","M","M","E","M","?","T","?","E","$","?","E","R","B",null,"M","M","M","M","?","E","R","M"],"character_chosen":"DEFECT","items_purchased":["Happy Flower","Chemical X","White Noise+1","Aggregate+1"],"campfire_rested":3,"item_purchase_floors":[8,29,29,29],"current_hp_per_floor":[75,75,63,48,48,48,22,22,22,44,34,10,17,22,22,12,82,57,57,48,55,62,34,33,33,33,17,23,23,23,16,42,28,87,78,66,43,39,39,27,68,0,0],"gold":1235,"neow_bonus":"THREE_ENEMY_KILL","is_daily":false,"chose_seed":false,"campfire_upgraded":1,"win_rate":0.0,"timestamp":1613038784,"path_taken":["M","M","?","?","M","E","?","$","T","R","?","E","M","E","R","BOSS","M","?","M","M","M","E","?","?","T","?","E","?","?","E","R","BOSS","M","M","?","M","?","E","R","M"],"items_purchased_type":["Relic","Relic","Card","Card"],"build_version":"2020-12-22","purchased_purges":0,"victory":false,"max_hp_per_floor":[75,75,75,75,75,75,75,75,75,75,75,75,75,82,82,82,82,82,82,82,82,82,82,82,82,82,87,87,87,87,87,87,87,87,87,87,87,87,87,87,87,87,87],"card_choices":[{"not_picked":["Consume","Compile Driver"],"picked":"Aggregate","floor":1.0},{"not_picked":["Rebound","Sweeping Beam"],"picked":"White Noise","floor":2.0},{"not_picked":["Blizzard","Darkness"],"picked":"Ball Lightning","floor":5.0},{"not_picked":["Static Discharge","Barrage"],"picked":"Thunder Strike","floor":6.0},{"not_picked":["Hologram","Leap"],"picked":"Streamline","floor":7.0},{"not_picked":["Leap","Go for the Eyes"],"picked":"Compile Driver","floor":10.0},{"not_picked":["Barrage","Compile Driver"],"picked":"Self Repair","floor":11.0},{"not_picked":["Capacitor","Multi-Cast"],"picked":"Chill","floor":12.0},{"not_picked":["Hologram","Blizzard"],"picked":"Cold Snap","floor":13.0},{"not_picked":["Skim","Gash"],"picked":"Loop","floor":14.0},{"not_picked":["Fission","Multi-Cast"],"picked":"Rainbow","floor":16.0},{"not_picked":["Steam Power","Ball Lightning"],"picked":"Defragment","floor":18},{"not_picked":["Compile Driver","Auto Shields"],"picked":"Coolheaded","floor":20},{"not_picked":["Go for the Eyes","Sweeping Beam"],"picked":"Lockon+1","floor":22},{"not_picked":["Turbo","Beam Cell"],"picked":"Redo+1","floor":23},{"not_picked":["Darkness","Steam","Scrape"],"picked":"Sunder","floor":24},{"not_picked":["Skim+1","Gash+1","Beam Cell"],"picked":"Tempest+1","floor":28},{"not_picked":["Barrage+1","Leap+1","Reinforced Body+1"],"picked":"Sweeping Beam+1","floor":31},{"not_picked":["Gash","Force Field+1","Stack+1"],"picked":"Scrape+1","floor":32},{"not_picked":["Meteor Strike","Fission+1","Echo Form"],"picked":"Seek+1","floor":33},{"not_picked":["Steam+1","Chill+1","Rebound"],"picked":"Stack+1","floor":35},{"not_picked":["Undo+1","Storm","Streamline"],"picked":"Hologram+1","floor":36},{"not_picked":["Streamline","Fusion+1","Leap+1"],"picked":"Fission+1","floor":37},{"not_picked":["Chill+1","Hologram+1","Auto Shields+1"],"picked":"Blizzard+1","floor":38},{"not_picked":["Machine Learning","Cold Snap+1","Stack+1"],"picked":"FTL+1","floor":40},{"not_picked":["Coolheaded+1","Ball Lightning","Cold Snap"],"picked":"Melter+1","floor":41}],"player_experience":12422,"relics_obtained":[{"floor":6.0,"key":"Dream Catcher"},{"floor":7.0,"key":"Odd Mushroom"},{"floor":9.0,"key":"Shuriken"},{"floor":12.0,"key":"Torii"},{"floor":14.0,"key":"Strawberry"},{"floor":23,"key":"Question Card"},{"floor":26,"key":"Bottled Flame"},{"floor":28,"key":"Incense Burner"},{"floor":31,"key":"Nunchaku"},{"floor":40,"key":"Regal Pillow"}],"event_choices":[{"damage_healed":0.0,"max_hp_gain":0.0,"max_hp_loss":0.0,"gold_gain":0.0,"event_name":"Scrap Ooze","player_choice":"Success","floor":3.0,"gold_loss":0.0,"damage_taken":12.0,"relics_obtained":["InkBottle"]},{"damage_healed":0.0,"max_hp_gain":0.0,"max_hp_loss":0.0,"gold_gain":0.0,"event_name":"Shining Light","player_choice":"Entered Light","floor":4.0,"gold_loss":0.0,"damage_taken":15.0,"cards_upgraded":["Zap","Defend_B"]},{"damage_healed":0.0,"max_hp_gain":0.0,"max_hp_loss":0.0,"gold_gain":0.0,"event_name":"Mushrooms","player_choice":"Fought Mushrooms","floor":7.0,"gold_loss":0.0,"damage_taken":0.0},{"damage_healed":0,"gold_gain":0,"player_choice":"Bought 3 Potions","damage_taken":0,"max_hp_gain":0,"max_hp_loss":0,"event_name":"The Woman in Blue","floor":19,"gold_loss":0},{"damage_healed":0,"gold_gain":0,"player_choice":"Opened","damage_taken":0,"relics_obtained":["Toxic Egg 2"],"max_hp_gain":0,"max_hp_loss":0,"event_name":"The Mausoleum","floor":25,"gold_loss":0},{"damage_healed":0,"gold_gain":0,"player_choice":"Shed Blood","damage_taken":21,"max_hp_gain":5,"max_hp_loss":0,"event_name":"Forgotten Altar","floor":27,"gold_loss":0},{"damage_healed":0,"gold_gain":0,"player_choice":"Got Potions","damage_taken":0,"max_hp_gain":0,"max_hp_loss":0,"event_name":"Lab","floor":30,"gold_loss":0},{"damage_healed":0,"gold_gain":999,"player_choice":"Gold","damage_taken":0,"max_hp_gain":0,"max_hp_loss":0,"event_name":"MindBloom","floor":39,"gold_loss":0,"cards_obtained":["Normality","Normality"]}],"is_beta":false,"boss_relics":[{"not_picked":["FrozenCore","Ectoplasm"],"picked":"Runic Pyramid"},{"not_picked":["Snecko Eye","SacredBark"],"picked":"SlaversCollar"}],"items_purged_floors":[],"is_endless":false,"potions_floor_spawned":[1,2,11,12,13,22,24,31,33,36,37,40],"killed_by":"Spire Growth","ascension_level":1}}