{"host":"ixpjvd0r4p7lnmut","time":1613027842,"event":{"mods":["Act Like it!","BaseMod","Block Reminder","Colored Map","Colored Powertips","Minty Spire (QoL Compilation)","Rare Cards Sparkle","Relic Stats","StSLib","The Bug Knight"],"gold_per_floor":[119,129,140,90,90,44,58,58,83,103,120,136,165,11,11,11,11],"floor_reached":16,"language":"ENG","playtime":904,"items_purged":[],"score":104,"play_id":"88926ab5-242c-4240-9972-959ec6de8b86","local_time":"20210210231722","is_ascension_mode":false,"campfire_choices":[{"data":"HollowMod:LordofShades","floor":8,"key":"SMITH"},{"floor":15,"key":"REST"}],"circlet_count":0,"master_deck":["HollowMod:NailStrikeStart","HollowMod:NailStrikeStart","HollowMod:NailStrikeStart","HollowMod:QuickDashStart","HollowMod:QuickDashStart","HollowMod:QuickDashStart","HollowMod:QuickDashStart","HollowMod:FocusHealStart+1","HollowMod:PogoStrike","HollowMod:SharpenedShadows","HollowMod:AbyssShriek","HollowMod:CrystalDash","HollowMod:ShadowDash","HollowMod:LordofShades+1","HollowMod:DescendingDark","HollowMod:VengefulVoid","HollowMod:DoubleDash","HollowMod:GrimmsGift"],"relics":["HollowMod:VesselMask","Regal Pillow","Nunchaku"],"acts_visited":["Exordium"],"potions_floor_usage":[7,7,11,13,16],"damage_taken":[{"damage":1,"enemies":"2 Louse","floor":1,"turns":2},{"damage":6,"enemies":"Jaw Worm","floor":2,"turns":3},{"damage":7,"enemies":"Cultist","floor":3,"turns":3},{"damage":0,"enemies":"Large Slime","floor":7,"turns":5},{"damage":21,"enemies":"2 Fungi Beasts","floor":10,"turns":3},{"damage":6,"enemies":"Red Slaver","floor":11,"turns":5},{"damage":16,"enemies":"Blue Slaver","floor":12,"turns":4},{"damage":28,"enemies":"Gremlin Nob","floor":13,"turns":4},{"damage":58,"enemies":"The Guardian","floor":16,"turns":4}],"seed_played":"-8599502032200214744","potions_obtained":[{"floor":2,"key":"Explosive Potion"},{"floor":3,"key":"FearPotion"},{"floor":10,"key":"DistilledChaos"},{"floor":12,"key":"AttackPotion"}],"is_trial":false,"path_per_floor":["M","M","M","?","?","$","M","R","T","M","M","M","E","$","R","B"],"character_chosen":"THE_BUGKNIGHT","items_purchased":["HollowMod:ShadowDash","HollowMod:GrimmsGift","DistilledChaos"],"campfire_rested":1,"item_purchase_floors":[6,14,14],"current_hp_per_floor":[75,75,68,68,68,68,74,74,74,53,53,43,15,15,52,0,0],"gold":11,"neow_bonus":"UPGRADE_CARD","is_daily":false,"chose_seed":false,"campfire_upgraded":1,"win_rate":0.0,"timestamp":1613027842,"path_taken":["M","M","M","?","?","$","M","R","T","M","M","?","E","$","R","BOSS"],"items_purchased_type":["Card","Card","Potion"],"build_version":"2020-12-22","purchased_purges":0,"victory":false,"max_hp_per_floor":[75,75,75,75,75,75,75,75,75,75,75,75,75,75,75,75,75],"relic_stats":{"Regal Pillow":15,"Nunchaku":[0],"counters":[9,33],"obtain_stats":[{"Regal Pillow":9,"Nunchaku":13,"HollowMod:VesselMask":0},{"Regal Pillow":4,"Nunchaku":8,"HollowMod:VesselMask":0},{"Regal Pillow":13,"Nunchaku":29,"HollowMod:VesselMask":0}]},"card_choices":[{"not_picked":["HollowMod:ShadowDash","HollowMod:DreamGate"],"picked":"HollowMod:SharpenedShadows","floor":1},{"not_picked":["HollowMod:CycloneSlash","HollowMod:SharpenedShadows"],"picked":"HollowMod:AbyssShriek","floor":2},{"not_picked":["HollowMod:CornifersMapStart","HollowMod:TaintedHusks"],"picked":"HollowMod:CrystalDash","floor":3},{"not_picked":["HollowMod:FallenFury","HollowMod:MothsMistake"],"picked":"HollowMod:LordofShades","floor":7},{"not_picked":["HollowMod:LifebloodCocoon","HollowMod:SoulEater"],"picked":"HollowMod:DescendingDark","floor":10},{"not_picked":["HollowMod:HeavyBlow","HollowMod:SharpenedNail"],"picked":"HollowMod:VengefulVoid","floor":11},{"not_picked":["HollowMod:InfectedCysts","HollowMod:GoodIntentions"],"picked":"HollowMod:DoubleDash","floor":12},{"not_picked":["HollowMod:CrystalDash","HollowMod:HornetsHelp","HollowMod:DoubleDash"],"picked":"SKIP","floor":13}],"player_experience":146496,"relics_obtained":[{"floor":9,"key":"Regal Pillow"},{"floor":13,"key":"Nunchaku"}],"event_choices":[{"cards_removed":["HollowMod:NailStrikeStart"],"damage_healed":0,"gold_gain":0,"player_choice":"Card Removal","damage_taken":0,"max_hp_gain":0,"max_hp_loss":0,"event_name":"The Cleric","floor":4,"gold_loss":50},{"damage_healed":0,"gold_gain":0,"player_choice":"Bought 0 Potions","damage_taken":0,"max_hp_gain":0,"max_hp_loss":0,"event_name":"The Woman in Blue","floor":5,"gold_loss":0}],"is_beta":false,"boss_relics":[],"items_purged_floors":[],"is_endless":false,"potions_floor_spawned":[2,3,10,12],"killed_by":"The Guardian","ascension_level":0}}