{"host":"djoj10dqzzvtkauc","time":1613048881,"event":{"mods":["2.2 Compatiblity","BaseMod","Colored Map","DeckTracker","Highlight Path","Keyboard Shortcuts","Marisa£¨Ùöéë¡¡Øª×âÞÞ£©","Minty Spire (QoL Compilation)","Permanent Neow","Quick Restart","Random Character Button","StSLib","SuperFastMode","everything is the same but u backflip on backflip"],"gold_per_floor":[117,137,149,18,33,33,67,67,93,119,134,152,152,171,171,246,246,246,246,15,15,15,15,15,15,15,15,15,15,15,15,15,15,15],"floor_reached":33,"language":"KOR","playtime":1041,"items_purged":[],"score":499,"play_id":"79f3c702-3b26-4f8a-b9f4-e9980d3b1470","local_time":"20210211220801","is_ascension_mode":true,"campfire_choices":[{"data":"Footwork","floor":6,"key":"SMITH"},{"data":"Terror","floor":8,"key":"SMITH"},{"data":"Venomology","floor":13,"key":"SMITH"},{"data":"Predator","floor":15,"key":"SMITH"},{"floor":24,"key":"REST"},{"data":"Well Laid Plans","floor":29,"key":"SMITH"},{"floor":32,"key":"REST"}],"circlet_count":0,"master_deck":["AscendersBane","Strike_G","Strike_G","Strike_G","Strike_G","Strike_G","Defend_G","Defend_G","Defend_G","Defend_G+1","Defend_G","Survivor+1","Neutralize","Masterful Stab","Flying Knee","Slice","Footwork+1","Backflip","All Out Attack","Terror+1","Venomology+1","Dagger Spray","Backflip","Predator+1","Adrenaline","Accuracy","Blade Dance","Escape Plan","Well Laid Plans+1","Poisoned Stab","Deadly Poison","Underhanded Strike","Necronomicurse","Escape Plan","Acrobatics+1","Writhe","Malaise"],"relics":["Ring of the Snake","Tough Bandages","Centennial Puzzle","War Paint","Bag of Preparation","Ectoplasm","Necronomicon","Orichalcum","Tiny Chest","Torii","MawBank"],"acts_visited":["Exordium","TheCity"],"potions_floor_usage":[7,12,12,12,12,14,16,16,18,21,21,21,21,21,23,23,25,31,33],"damage_taken":[{"damage":2,"enemies":"2 Louse","floor":1,"turns":3},{"damage":0,"enemies":"Jaw Worm","floor":2,"turns":2},{"damage":0,"enemies":"Small Slimes","floor":3,"turns":3},{"damage":1,"enemies":"2 Fungi Beasts","floor":5,"turns":5},{"damage":13,"enemies":"3 Sentries","floor":7,"turns":7},{"damage":3,"enemies":"Gremlin Nob","floor":10,"turns":3},{"damage":0,"enemies":"Red Slaver","floor":11,"turns":2},{"damage":0,"enemies":"Large Slime","floor":12,"turns":4},{"damage":0,"enemies":"Blue Slaver","floor":14,"turns":3},{"damage":22,"enemies":"The Guardian","floor":16,"turns":8},{"damage":0,"enemies":"Shell Parasite","floor":18,"turns":4},{"damage":0,"enemies":"3 Byrds","floor":19,"turns":3},{"damage":18,"enemies":"Centurion and Healer","floor":21,"turns":5},{"damage":21,"enemies":"Slavers","floor":23,"turns":6},{"damage":4,"enemies":"Cultist and Chosen","floor":25,"turns":2},{"damage":6,"enemies":"3 Cultists","floor":31,"turns":3},{"damage":28,"enemies":"Collector","floor":33,"turns":5}],"seed_played":"856760783069323043","potions_obtained":[{"floor":1,"key":"SteroidPotion"},{"floor":3,"key":"SteroidPotion"},{"floor":5,"key":"EssenceOfSteel"},{"floor":10,"key":"BlessingOfTheForge"},{"floor":16,"key":"Poison Potion"},{"floor":21,"key":"ColorlessPotion"},{"floor":25,"key":"Dexterity Potion"}],"is_trial":false,"path_per_floor":["M","M","M","$","M","R","E","R","T","E","M","M","R","M","R","B",null,"M","M","$","M","?","E","R","M","T","T","?","R","?","M","R","B"],"character_chosen":"THE_SILENT","items_purchased":["Footwork","Backflip","Escape Plan","Well Laid Plans","Poisoned Stab","Deadly Poison"],"campfire_rested":2,"item_purchase_floors":[4,4,20,20,20,20],"current_hp_per_floor":[42,42,42,42,41,41,28,28,28,25,25,25,25,25,25,3,50,50,50,50,46,30,9,28,24,24,24,24,24,12,6,27,0,0],"gold":15,"neow_bonus":"ONE_RARE_RELIC","is_daily":false,"chose_seed":false,"campfire_upgraded":5,"win_rate":0.0,"timestamp":1613048881,"path_taken":["M","M","M","$","M","R","E","R","T","E","M","M","R","M","R","BOSS","M","M","$","M","?","E","R","M","T","?","?","R","?","M","R","BOSS"],"items_purchased_type":["Card","Card","Card","Card","Card","Card"],"build_version":"2020-12-22","purchased_purges":0,"victory":false,"max_hp_per_floor":[66,66,66,66,66,66,66,66,66,66,66,66,66,66,66,66,66,66,66,66,66,66,66,66,66,66,66,66,66,71,71,71,71,71],"card_choices":[{"not_picked":["Deadly Poison","Slice"],"picked":"Masterful Stab","floor":1},{"not_picked":["Caltrops","Sucker Punch"],"picked":"Flying Knee","floor":2},{"not_picked":["Cloak And Dagger","Underhanded Strike"],"picked":"Slice","floor":3},{"not_picked":["Deadly Poison","Blade Dance"],"picked":"All Out Attack","floor":5},{"not_picked":["Backstab","Acrobatics"],"picked":"Terror","floor":7},{"not_picked":["Poisoned Stab","Slice"],"picked":"Venomology","floor":10},{"not_picked":["Deadly Poison","Bane"],"picked":"Dagger Spray","floor":11},{"not_picked":["Endless Agony","Masterful Stab"],"picked":"Backflip","floor":12},{"not_picked":["Cloak And Dagger","Dodge and Roll"],"picked":"Predator","floor":14},{"not_picked":["Doppelganger","Venomology"],"picked":"Adrenaline","floor":16},{"not_picked":["Skewer","Acrobatics"],"picked":"Accuracy","floor":18},{"not_picked":["Dagger Spray","Expertise"],"picked":"Blade Dance","floor":19},{"not_picked":["Masterful Stab","Poisoned Stab"],"picked":"Underhanded Strike","floor":21},{"not_picked":["Deflect","Flying Knee+1"],"picked":"Escape Plan","floor":23},{"not_picked":["Underhanded Strike","Poisoned Stab"],"picked":"Acrobatics+1","floor":25},{"not_picked":["Backflip","Sucker Punch"],"picked":"Malaise","floor":31}],"player_experience":228411,"relics_obtained":[{"floor":7,"key":"Centennial Puzzle"},{"floor":9,"key":"War Paint"},{"floor":10,"key":"Bag of Preparation"},{"floor":22,"key":"Necronomicon"},{"floor":23,"key":"Orichalcum"},{"floor":26,"key":"Tiny Chest"},{"floor":27,"key":"Torii"}],"event_choices":[{"damage_healed":0,"gold_gain":0,"player_choice":"Obtained Book","damage_taken":16,"max_hp_gain":0,"max_hp_loss":0,"event_name":"Cursed Tome","floor":22,"gold_loss":0},{"damage_healed":0,"gold_gain":0,"player_choice":"Opened","damage_taken":0,"relics_obtained":["MawBank"],"max_hp_gain":0,"max_hp_loss":0,"event_name":"The Mausoleum","floor":28,"gold_loss":0,"cards_obtained":["Writhe"]},{"damage_healed":0,"gold_gain":0,"player_choice":"Shed Blood","damage_taken":17,"max_hp_gain":5,"max_hp_loss":0,"event_name":"Forgotten Altar","floor":30,"gold_loss":0}],"is_beta":false,"boss_relics":[{"not_picked":["Snecko Eye","Fusion Hammer"],"picked":"Ectoplasm"}],"items_purged_floors":[],"is_endless":false,"potions_floor_spawned":[1,3,5,10,16,21,25],"killed_by":"Collector","ascension_level":14}}