{"host":"kh6fvhxn285ncg0o","time":1613055737,"event":{"mods":["Act Like it!","BaseMod","Colored Map","Friendly Minions","Keyboard Shortcuts","Minty Spire (QoL Compilation)","Quick Restart","Relic Stats","StSLib","SuperFastMode","UnlockEverythingMod"],"gold_per_floor":[116,130,154,173,173,173,201,201,224,253,253,266,294,304,304,381,381,396,446,446,446,211,243,243,272,326,339,210,222,250,350,350,422,422,433,205,218,218,233,268,27,59,59,91,91,107,107,132,132,132,132,132,132,9,41,41],"floor_reached":57,"language":"KOR","playtime":2305,"items_purged":["Strike_R","Strike_R","Strike_R+1","Bash"],"score":3838,"play_id":"1a8d1976-bdbd-4853-a36b-513e225f252a","local_time":"20210212000217","is_ascension_mode":true,"campfire_choices":[{"data":"Rage","floor":6,"key":"SMITH"},{"data":"Body Slam","floor":8,"key":"SMITH"},{"data":"Sword Boomerang","floor":15,"key":"SMITH"},{"data":"Dark Embrace","floor":24,"key":"SMITH"},{"data":"Second Wind","floor":32,"key":"SMITH"},{"data":"Feel No Pain","floor":47,"key":"SMITH"},{"floor":49,"key":"RECALL"},{"data":"Shrug It Off","floor":53,"key":"SMITH"}],"circlet_count":0,"master_deck":["AscendersBane","Strike_R+1","Defend_R","Defend_R","Defend_R","Defend_R","Second Wind+1","Rage+1","Body Slam+1","Sword Boomerang+1","Reaper","Dark Embrace+1","Intimidate","Shrug It Off+1","Disarm","Fiend Fire","Flash of Steel","Feel No Pain+1","Reckless Charge"],"relics":["Runic Pyramid","Whetstone","Ornamental Fan","Akabeko","Oddly Smooth Stone","Dream Catcher","Potion Belt","Black Star","Bag of Marbles","WingedGreaves","Red Skull","InkBottle","Darkstone Periapt","Shuriken","Mummified Hand","Unceasing Top","Meat on the Bone","Mark of Pain","Pantograph","Matryoshka","Membership Card","Paper Frog","Anchor","HornCleat","StrikeDummy","Happy Flower","Boot","Blood Vial","Medical Kit","Toy Ornithopter","Nunchaku"],"acts_visited":["TheCity","TheBeyond","TheEnding"],"potions_floor_usage":[7,10,23,23,23,56,56,56,56,56,56,56],"damage_taken":[{"damage":7,"enemies":"Cultist","floor":1,"turns":4},{"damage":0,"enemies":"Small Slimes","floor":2,"turns":4},{"damage":7,"enemies":"Jaw Worm","floor":4,"turns":3},{"damage":21,"enemies":"3 Sentries","floor":7,"turns":14},{"damage":0,"enemies":"Gremlin Nob","floor":10,"turns":3},{"damage":0,"enemies":"3 Louse","floor":12,"turns":2},{"damage":20,"enemies":"3 Sentries","floor":13,"turns":5},{"damage":6,"enemies":"Exordium Wildlife","floor":14,"turns":3},{"damage":0,"enemies":"The Guardian","floor":16,"turns":13},{"damage":18,"enemies":"Shell Parasite","floor":18,"turns":4},{"damage":15,"enemies":"Gremlin Leader","floor":23,"turns":3},{"damage":25,"enemies":"Book of Stabbing","floor":25,"turns":4},{"damage":6,"enemies":"3 Byrds","floor":27,"turns":5},{"damage":0,"enemies":"3 Cultists","floor":29,"turns":5},{"damage":0,"enemies":"Gremlin Leader","floor":30,"turns":5},{"damage":27,"enemies":"Colosseum Slavers","floor":31,"turns":3},{"damage":7,"enemies":"Colosseum Nobs","floor":31,"turns":4},{"damage":38,"enemies":"Automaton","floor":33,"turns":8},{"damage":2,"enemies":"3 Darklings","floor":35,"turns":2},{"damage":11,"enemies":"3 Shapes","floor":37,"turns":4},{"damage":20,"enemies":"Jaw Worm Horde","floor":39,"turns":5},{"damage":0,"enemies":"Nemesis","floor":40,"turns":3},{"damage":0,"enemies":"Giant Head","floor":42,"turns":4},{"damage":0,"enemies":"Nemesis","floor":44,"turns":3},{"damage":0,"enemies":"Sphere and 2 Shapes","floor":46,"turns":4},{"damage":0,"enemies":"Reptomancer","floor":48,"turns":2},{"damage":0,"enemies":"Donu and Deca","floor":50,"turns":5},{"damage":31,"enemies":"Time Eater","floor":51,"turns":8},{"damage":0,"enemies":"Shield and Spear","floor":55,"turns":3},{"damage":0,"enemies":"The Heart","floor":56,"turns":7}],"seed_played":"-2824592650021933375","potions_obtained":[{"floor":1,"key":"Strength Potion"},{"floor":2,"key":"SmokeBomb"},{"floor":4,"key":"Block Potion"},{"floor":10,"key":"GamblersBrew"},{"floor":16,"key":"Energy Potion"},{"floor":18,"key":"Strength Potion"},{"floor":27,"key":"AttackPotion"},{"floor":31,"key":"Dexterity Potion"},{"floor":33,"key":"GamblersBrew"},{"floor":35,"key":"ColorlessPotion"},{"floor":44,"key":"FearPotion"},{"floor":45,"key":"DuplicationPotion"},{"floor":46,"key":"EntropicBrew"}],"is_trial":false,"path_per_floor":["M","M","T","M","?","R","E","R","T","E","?","M","E","M","R","B",null,"M","?","?","?","$","E","R","E","T","M","$","M","E","?","R","B",null,"M","$","M","?","M","E","$","E","T","E","?","M","R","E","R","B","B",null,"R","$","E","B",null],"character_chosen":"IRONCLAD","items_purchased":["Bag of Marbles","Shrug It Off","Flash of Steel","Membership Card","Reckless Charge","Medical Kit"],"campfire_rested":0,"item_purchase_floors":[22,28,36,41,54,54],"current_hp_per_floor":[61,61,61,54,43,43,22,22,22,22,22,22,38,55,55,60,71,57,57,57,57,57,69,69,50,50,69,69,75,75,55,55,33,65,73,73,71,71,73,73,73,75,75,75,75,75,75,75,75,75,44,67,67,67,74,75],"gold":41,"neow_bonus":"BOSS_RELIC","is_daily":false,"chose_seed":false,"campfire_upgraded":7,"win_rate":0.0,"timestamp":1613055737,"path_taken":["M","M","?","?","?","R","E","R","T","E","?","M","E","M","R","BOSS","M","?","?","?","$","E","R","E","T","M","$","M","E","?","R","BOSS","M","$","M","?","?","E","$","E","T","E","?","?","R","E","R","BOSS","BOSS","R","$","E","BOSS"],"items_purchased_type":["Relic","Card","Card","Relic","Card","Relic"],"build_version":"2020-12-22","purchased_purges":4,"victory":true,"max_hp_per_floor":[75,75,75,75,75,75,75,75,75,75,75,75,75,75,75,75,75,75,75,75,75,75,75,75,75,75,75,75,75,75,75,75,75,75,75,75,75,75,75,75,75,75,75,75,75,75,75,75,75,75,75,75,75,75,75,75],"relic_stats":{"Darkstone Periapt":0,"Happy Flower":[9],"counters":[30,142],"Whetstone":["Strike_R","Strike_R"],"Boot":[46],"Medical Kit":[13],"Blood Vial":3,"Dream Catcher":0,"Nunchaku":[3],"Ornamental Fan":[252],"Shuriken":[43],"Mummified Hand":[26],"Pantograph":0,"Black Star":8,"obtain_stats":[{"Darkstone Periapt":25,"Whetstone":3,"Boot":44,"Burning Blood":0,"Blood Vial":48,"Dream Catcher":10,"Nunchaku":55,"Matryoshka":40,"HornCleat":43,"Mummified Hand":30,"Pantograph":40,"WingedGreaves":23,"Red Skull":23,"InkBottle":25,"Runic Pyramid":0,"Paper Frog":42,"Potion Belt":13,"Happy Flower":44,"Oddly Smooth Stone":9,"Medical Kit":54,"Akabeko":7,"Anchor":42,"Ornamental Fan":5,"Shuriken":30,"Mark of Pain":34,"Black Star":17,"Bag of Marbles":22,"Membership Card":41,"StrikeDummy":43,"Unceasing Top":31,"Toy Ornithopter":55,"Meat on the Bone":31},{"Darkstone Periapt":12,"Whetstone":2,"Boot":24,"Burning Blood":0,"Blood Vial":26,"Dream Catcher":5,"Nunchaku":29,"Matryoshka":22,"HornCleat":23,"Mummified Hand":15,"Pantograph":22,"WingedGreaves":11,"Red Skull":11,"InkBottle":12,"Runic Pyramid":0,"Paper Frog":23,"Potion Belt":7,"Happy Flower":24,"Oddly Smooth Stone":4,"Medical Kit":28,"Akabeko":4,"Anchor":23,"Ornamental Fan":3,"Shuriken":15,"Mark of Pain":18,"Black Star":9,"Bag of Marbles":10,"Membership Card":22,"StrikeDummy":23,"Unceasing Top":17,"Toy Ornithopter":29,"Meat on the Bone":17},{"Darkstone Periapt":62,"Whetstone":8,"Boot":113,"Burning Blood":0,"Blood Vial":119,"Dream Catcher":28,"Nunchaku":135,"Matryoshka":106,"HornCleat":110,"Mummified Hand":77,"Pantograph":106,"WingedGreaves":58,"Red Skull":58,"InkBottle":62,"Runic Pyramid":0,"Paper Frog":110,"Potion Belt":35,"Happy Flower":113,"Oddly Smooth Stone":25,"Medical Kit":132,"Akabeko":25,"Anchor":110,"Ornamental Fan":11,"Shuriken":77,"Mark of Pain":92,"Black Star":51,"Bag of Marbles":55,"Membership Card":106,"StrikeDummy":110,"Unceasing Top":84,"Toy Ornithopter":135,"Meat on the Bone":84}],"InkBottle":[42],"Unceasing Top":[0],"Toy Ornithopter":0,"Meat on the Bone":12},"card_choices":[{"not_picked":["Dual Wield","Twin Strike"],"picked":"Second Wind","floor":1},{"not_picked":["Flex","Anger","Headbutt"],"picked":"SKIP","floor":2},{"not_picked":["Perfected Strike","Armaments"],"picked":"Rage","floor":4},{"not_picked":["Clothesline","Sever Soul"],"picked":"Body Slam","floor":7},{"not_picked":["Wild Strike","Hemokinesis"],"picked":"Sword Boomerang","floor":10},{"not_picked":["Flex","Clothesline"],"picked":"Reaper","floor":12},{"not_picked":["Thunderclap","Clash","Whirlwind"],"picked":"SKIP","floor":13},{"not_picked":["Clash","Sword Boomerang","Headbutt"],"picked":"SKIP","floor":14},{"not_picked":["Infernal Blade","Warcry","Havoc"],"picked":"SKIP","floor":18},{"not_picked":["Reckless Charge","Rage","Whirlwind"],"picked":"SKIP","floor":23},{"not_picked":["Reckless Charge","Rage","Whirlwind"],"picked":"SKIP","floor":23},{"not_picked":["Rage","Twin Strike","Spot Weakness"],"picked":"SKIP","floor":25},{"not_picked":["Pummel","Flex"],"picked":"Intimidate","floor":27},{"not_picked":["Dual Wield","Body Slam+1","Heavy Blade"],"picked":"SKIP","floor":29},{"not_picked":["Havoc","Entrench"],"picked":"Disarm","floor":30},{"not_picked":["Limit Break","Immolate"],"picked":"Fiend Fire","floor":33},{"not_picked":["Clothesline","Heavy Blade","Sword Boomerang"],"picked":"SKIP","floor":35},{"not_picked":["Armaments+1","Sword Boomerang","Rupture"],"picked":"SKIP","floor":37},{"not_picked":["Headbutt","Fire Breathing","Sword Boomerang"],"picked":"SKIP","floor":39},{"not_picked":["Flame Barrier","Shrug It Off+1","Bloodletting+1"],"picked":"SKIP","floor":40},{"not_picked":["Disarm","Combust+1","Spot Weakness"],"picked":"SKIP","floor":42},{"not_picked":["Dark Embrace","Sword Boomerang","Pummel"],"picked":"SKIP","floor":44},{"not_picked":["Dark Embrace","Sword Boomerang","Pummel"],"picked":"SKIP","floor":44},{"not_picked":["Dark Embrace","Sword Boomerang","Pummel"],"picked":"SKIP","floor":44},{"not_picked":["Pommel Strike","Uppercut+1"],"picked":"Feel No Pain","floor":46},{"not_picked":["Carnage","Entrench","Sentinel"],"picked":"SKIP","floor":48},{"not_picked":["Body Slam+1","Metallicize+1","Dark Embrace+1"],"picked":"SKIP","floor":55}],"player_experience":1370211,"relics_obtained":[{"floor":3,"key":"Whetstone"},{"floor":7,"key":"Akabeko"},{"floor":9,"key":"Oddly Smooth Stone"},{"floor":10,"key":"Dream Catcher"},{"floor":13,"key":"Potion Belt"},{"floor":23,"key":"WingedGreaves"},{"floor":23,"key":"Red Skull"},{"floor":25,"key":"InkBottle"},{"floor":25,"key":"Darkstone Periapt"},{"floor":30,"key":"Shuriken"},{"floor":30,"key":"Mummified Hand"},{"floor":31,"key":"Unceasing Top"},{"floor":31,"key":"Meat on the Bone"},{"floor":40,"key":"Pantograph"},{"floor":40,"key":"Matryoshka"},{"floor":42,"key":"Paper Frog"},{"floor":42,"key":"Anchor"},{"floor":43,"key":"HornCleat"},{"floor":43,"key":"StrikeDummy"},{"floor":44,"key":"Happy Flower"},{"floor":44,"key":"Boot"},{"floor":48,"key":"Blood Vial"},{"floor":55,"key":"Toy Ornithopter"},{"floor":55,"key":"Nunchaku"}],"event_choices":[{"damage_healed":0,"gold_gain":0,"player_choice":"Success","damage_taken":11,"relics_obtained":["Ornamental Fan"],"max_hp_gain":0,"max_hp_loss":0,"event_name":"Scrap Ooze","floor":5,"gold_loss":0},{"cards_removed":["Strike_R"],"damage_healed":0,"gold_gain":0,"player_choice":"Offered Basic","damage_taken":0,"max_hp_gain":0,"max_hp_loss":0,"event_name":"Bonfire Elementals","floor":11,"gold_loss":0},{"damage_healed":0,"gold_gain":50,"player_choice":"Stole From Cult","damage_taken":0,"max_hp_gain":0,"max_hp_loss":0,"event_name":"Nest","floor":19,"gold_loss":0},{"damage_healed":0,"gold_gain":0,"player_choice":"Ignored","damage_taken":0,"max_hp_gain":0,"max_hp_loss":0,"event_name":"Ghosts","floor":20,"gold_loss":0},{"damage_healed":0,"gold_gain":0,"player_choice":"Read","damage_taken":0,"max_hp_gain":0,"max_hp_loss":0,"event_name":"The Library","floor":21,"gold_loss":0,"cards_obtained":["Dark Embrace"]},{"damage_healed":0,"gold_gain":0,"player_choice":"Fight","damage_taken":0,"max_hp_gain":0,"max_hp_loss":0,"event_name":"Colosseum","floor":31,"gold_loss":0},{"damage_healed":0,"gold_gain":0,"player_choice":"Fought Nobs","damage_taken":0,"max_hp_gain":0,"max_hp_loss":0,"event_name":"Colosseum","floor":31,"gold_loss":0},{"damage_healed":0,"gold_gain":0,"player_choice":"0 cards matched","damage_taken":0,"max_hp_gain":0,"max_hp_loss":0,"event_name":"Match and Keep!","floor":38,"gold_loss":0,"cards_obtained":[]},{"damage_healed":0,"gold_gain":0,"player_choice":"Got Potions","damage_taken":0,"max_hp_gain":0,"max_hp_loss":0,"event_name":"Lab","floor":45,"gold_loss":0}],"is_beta":false,"boss_relics":[{"not_picked":["SlaversCollar","Fusion Hammer"],"picked":"Black Star"},{"not_picked":["Runic Cube","Astrolabe"],"picked":"Mark of Pain"}],"items_purged_floors":[22,28,36,41],"is_endless":false,"potions_floor_spawned":[1,2,4,10,16,18,27,31,33,35,37,44,46],"ascension_level":20}}