{"host":"o9lehcdjc4u6j9un","time":1613055537,"event":{"mods":["Aspiration","BaseMod","Better-Laid Plans","Colored Map","Downfall","Gremlin Mod","Hermit","Marisa£®ÏF”Í°°ƒß¿Ì…≥£©","Minty Spire (QoL Compilation)","Reimu£®≤©¿ˆ¡È√Œ£©","Remilia£®¿Ÿ√◊¿Ú—«£©","StSLib","The Alterego","The Hierophant","The Runesmith","The Senshi","The Servant 0.9.4","Yakumo Yukari mod","Youmu£®ªÍ∆«—˝√Œ£©","≤–¡Ù÷ÆŒÔ"],"gold_per_floor":[115,131,34,34,46,46,372,372,372,372,372],"floor_reached":10,"language":"ZHS","playtime":1319,"items_purged":["Gremlin:Strike"],"score":66,"play_id":"01b28234-a3c8-40ab-af98-bb9ee43781b9","local_time":"20210211225857","is_ascension_mode":false,"campfire_choices":[{"data":"Gremlin:GlitterGuard","floor":6,"key":"SMITH"},{"data":"Gremlin:Rhythm","floor":8,"key":"SMITH"}],"circlet_count":0,"master_deck":["Gremlin:Strike","Gremlin:Strike","Gremlin:Defend","Gremlin:Defend","Gremlin:Defend","Gremlin:Defend","Gremlin:TagTeam","Gremlin:GremlinDance","Gremlin:DaggerDance","Gremlin:Rhythm+1","Gremlin:GlitterGuard+1","Gremlin:Astound","Gremlin:Glimmer"],"relics":["Gremlin:GremlinKnob","Old Coin","InkBottle"],"acts_visited":["Exordium"],"potions_floor_usage":[],"damage_taken":[{"damage":0,"enemies":"Small Slimes","floor":1,"turns":4},{"damage":1,"enemies":"Jaw Worm","floor":2,"turns":4},{"damage":0,"enemies":"2 Louse","floor":5,"turns":2},{"damage":9,"enemies":"3 Sentries","floor":7,"turns":8},{"damage":13,"enemies":"Lagavulin","floor":10,"turns":11}],"seed_played":"-2973066980248595952","potions_obtained":[{"floor":1,"key":"PlaceholderMod:PlaceholderPotion"},{"floor":2,"key":"FairyPotion"}],"is_trial":false,"path_per_floor":["M","M","$","?","M","R","E","R","T","E"],"character_chosen":"GREMLIN","items_purchased":["Gremlin:GlitterGuard"],"campfire_rested":0,"item_purchase_floors":[3],"current_hp_per_floor":[21,20,20,18,19,19,19,19,19,18,18],"gold":372,"neow_bonus":"TEN_PERCENT_HP_BONUS","is_daily":false,"chose_seed":false,"campfire_upgraded":2,"win_rate":0.0,"timestamp":1613055537,"path_taken":["M","M","$","?","M","R","E","R","T","E"],"items_purchased_type":["Card"],"build_version":"2020-12-22","purchased_purges":1,"victory":false,"max_hp_per_floor":[21,21,21,21,21,21,21,21,21,21,21],"card_choices":[{"not_picked":["Gremlin:GremlinToss","Gremlin:CatScratch"],"picked":"Gremlin:DaggerDance","floor":1},{"not_picked":["Gremlin:CatScratch","Gremlin:FanOfKnives"],"picked":"Gremlin:Rhythm","floor":2},{"not_picked":["Gremlin:Glimmer","Gremlin:Stupend"],"picked":"Gremlin:Astound","floor":5},{"not_picked":["Gremlin:PourSalt","Gremlin:Jeer"],"picked":"Gremlin:Glimmer","floor":7}],"player_experience":251919,"relics_obtained":[{"floor":7,"key":"Old Coin"},{"floor":9,"key":"InkBottle"}],"event_choices":[{"cards_removed":["Gremlin:Strike"],"damage_healed":0,"gold_gain":0,"player_choice":"Card Removal","damage_taken":2,"max_hp_gain":0,"max_hp_loss":0,"event_name":"Golden Wing","floor":4,"gold_loss":0}],"is_beta":false,"boss_relics":[],"items_purged_floors":[3],"is_endless":false,"potions_floor_spawned":[1,2],"killed_by":"Lagavulin","ascension_level":0}}