{"host":"z9rwthyxsf7d04ix","time":1613038822,"event":{"mods":["AchievementEnabler","BaseMod","Colored Map","Colored Powertips","Minty Spire (QoL Compilation)","Quick Restart"],"gold_per_floor":[119,135,148,159,169,204,204,236,236,236,263,263,8,24,24,123,123,138,138,53,64,81,116,116,145,169,187,197,197,230,240,240,240,240],"floor_reached":33,"language":"ENG","playtime":2315,"items_purged":[],"score":502,"play_id":"4c6ede8c-b5bd-4942-afe2-fce7d93663eb","local_time":"20210211122022","is_ascension_mode":true,"campfire_choices":[{"floor":10,"key":"REST"},{"data":"Anger","floor":15,"key":"SMITH"},{"data":"Flame Barrier","floor":24,"key":"SMITH"},{"floor":32,"key":"REST"}],"circlet_count":0,"master_deck":["Strike_R","Strike_R","Strike_R","Strike_R","Strike_R","Defend_R","Defend_R","Defend_R","Defend_R","Bash","Anger+1","Flex","Iron Wave","Feed","Pummel","Disarm","Sever Soul","Battle Trance","Impervious","Seeing Red","Flame Barrier+1","Iron Wave+1","Dark Embrace","Ghostly Armor+1","Burning Pact+1","Iron Wave"],"relics":["Burning Blood","Bag of Marbles","Self Forming Clay","PreservedInsect","Lantern","Darkstone Periapt","Sundial","Philosopher\u0027s Stone","Singing Bowl","Centennial Puzzle","Frozen Egg 2","Dream Catcher","Ginger"],"acts_visited":["Exordium","TheCity"],"potions_floor_usage":[11,16,23,25,30],"damage_taken":[{"damage":5,"enemies":"Cultist","floor":1,"turns":4},{"damage":7,"enemies":"2 Louse","floor":2,"turns":3},{"damage":1,"enemies":"Jaw Worm","floor":3,"turns":3},{"damage":7,"enemies":"Exordium Wildlife","floor":4,"turns":4},{"damage":5,"enemies":"Looter","floor":5,"turns":3},{"damage":50,"enemies":"Lagavulin","floor":6,"turns":8},{"damage":19,"enemies":"3 Sentries","floor":8,"turns":8},{"damage":0,"enemies":"Gremlin Nob","floor":11,"turns":2},{"damage":0,"enemies":"Large Slime","floor":14,"turns":3},{"damage":53,"enemies":"Hexaghost","floor":16,"turns":12},{"damage":26,"enemies":"Shell Parasite","floor":18,"turns":5},{"damage":2,"enemies":"Chosen","floor":21,"turns":4},{"damage":12,"enemies":"Snecko","floor":22,"turns":6},{"damage":8,"enemies":"Book of Stabbing","floor":23,"turns":4},{"damage":16,"enemies":"Gremlin Leader","floor":25,"turns":3},{"damage":27,"enemies":"Cultist and Chosen","floor":27,"turns":8},{"damage":21,"enemies":"Shelled Parasite and Fungi","floor":28,"turns":8},{"damage":10,"enemies":"Slavers","floor":30,"turns":6},{"damage":3,"enemies":"Snecko","floor":31,"turns":6},{"damage":78,"enemies":"Collector","floor":33,"turns":5}],"seed_played":"1777798832222017935","potions_obtained":[{"floor":2,"key":"FearPotion"},{"floor":5,"key":"Explosive Potion"},{"floor":11,"key":"ColorlessPotion"},{"floor":14,"key":"BlessingOfTheForge"},{"floor":18,"key":"Explosive Potion"},{"floor":21,"key":"HeartOfIron"},{"floor":27,"key":"Ancient Potion"}],"is_trial":true,"path_per_floor":["M","M","M","M","M","E","?","E","T","R","E","?","$","M","R","B",null,"M","?","?","M","M","E","R","E","T","M","M","?","E","M","R","B"],"character_chosen":"IRONCLAD","items_purchased":["Sundial"],"campfire_rested":2,"item_purchase_floors":[13],"current_hp_per_floor":[80,79,80,79,83,39,39,29,29,54,60,60,60,69,69,22,89,69,69,69,73,67,65,65,57,57,39,27,27,26,31,63,0,0],"gold":240,"neow_bonus":"","is_daily":false,"chose_seed":false,"campfire_upgraded":2,"win_rate":0.0,"timestamp":1613038822,"path_taken":["M","M","M","?","?","E","?","E","T","R","E","?","?","M","R","BOSS","M","?","?","M","M","E","R","E","T","M","M","?","E","M","R","BOSS"],"items_purchased_type":["Relic"],"build_version":"2020-12-22","purchased_purges":0,"victory":false,"max_hp_per_floor":[80,80,80,80,83,83,83,86,86,86,86,86,86,89,89,89,89,89,89,89,89,89,89,89,91,91,94,97,97,100,102,104,104,104],"card_choices":[{"not_picked":["Rupture","Thunderclap"],"picked":"Anger","floor":1},{"not_picked":["Clash","Rage"],"picked":"Flex","floor":2},{"not_picked":["Intimidate","Clash"],"picked":"Iron Wave","floor":3},{"not_picked":["Spot Weakness","Clothesline"],"picked":"Feed","floor":4},{"not_picked":["Perfected Strike","Clothesline","Twin Strike"],"picked":"SKIP","floor":5},{"not_picked":["Uppercut","Clothesline"],"picked":"Pummel","floor":6},{"not_picked":["Twin Strike","Anger"],"picked":"Disarm","floor":8},{"not_picked":["Spot Weakness","Blood for Blood"],"picked":"Sever Soul","floor":11},{"not_picked":["Heavy Blade","Flame Barrier"],"picked":"Battle Trance","floor":14},{"not_picked":["Brutality","Reaper"],"picked":"Impervious","floor":16},{"not_picked":["Anger","Combust"],"picked":"Seeing Red","floor":18},{"not_picked":["Intimidate","Sword Boomerang"],"picked":"Flame Barrier","floor":21},{"not_picked":["Pommel Strike","Headbutt"],"picked":"Iron Wave+1","floor":22},{"not_picked":["Clash","Iron Wave"],"picked":"Dark Embrace","floor":23},{"not_picked":["Uppercut","Twin Strike","Power Through"],"picked":"Singing Bowl","floor":25},{"not_picked":["Headbutt+1","Battle Trance"],"picked":"Ghostly Armor+1","floor":27},{"not_picked":["Twin Strike","Havoc"],"picked":"Burning Pact+1","floor":28},{"not_picked":["Twin Strike+1","Clash+1"],"picked":"Iron Wave","floor":30},{"not_picked":["Pommel Strike","Warcry","Perfected Strike"],"picked":"Singing Bowl","floor":31},{"not_picked":["Pommel Strike","Clash","Flex"],"picked":"Singing Bowl","floor":32}],"player_experience":745560,"relics_obtained":[{"floor":6,"key":"Bag of Marbles"},{"floor":8,"key":"PreservedInsect"},{"floor":9,"key":"Lantern"},{"floor":11,"key":"Darkstone Periapt"},{"floor":23,"key":"Centennial Puzzle"},{"floor":25,"key":"Frozen Egg 2"},{"floor":26,"key":"Dream Catcher"},{"floor":30,"key":"Ginger"}],"event_choices":[{"damage_healed":0,"gold_gain":0,"player_choice":"Box","damage_taken":0,"relics_obtained":["Self Forming Clay"],"max_hp_gain":0,"max_hp_loss":0,"event_name":"Big Fish","floor":7,"gold_loss":0,"cards_obtained":["Regret"]},{"damage_healed":0,"gold_gain":0,"player_choice":"Ignored","damage_taken":0,"max_hp_gain":0,"max_hp_loss":0,"event_name":"Shining Light","floor":12,"gold_loss":0},{"cards_removed":["Regret"],"damage_healed":0,"gold_gain":0,"player_choice":"Elegance","damage_taken":0,"max_hp_gain":0,"max_hp_loss":0,"event_name":"Back to Basics","floor":19,"gold_loss":0},{"damage_healed":0,"gold_gain":0,"player_choice":"Obtained Relic","damage_taken":0,"relics_obtained":["Singing Bowl"],"max_hp_gain":0,"max_hp_loss":0,"event_name":"Addict","floor":20,"gold_loss":85},{"damage_healed":0,"gold_gain":0,"player_choice":"Ignored","damage_taken":0,"max_hp_gain":0,"max_hp_loss":0,"event_name":"Cursed Tome","floor":29,"gold_loss":0}],"is_beta":false,"boss_relics":[{"not_picked":["Fusion Hammer","Busted Crown"],"picked":"Philosopher\u0027s Stone"}],"items_purged_floors":[],"is_endless":true,"potions_floor_spawned":[2,5,11,14,18,21,27],"killed_by":"Collector","ascension_level":1}}