{"host":"kvq1t47bkvtg8ho9","time":1613074000,"event":{"mods":["Aspiration","Bard","BaseMod","Beaked The Cultist","Better Sensory Stone","Better Third Choice","BetterRewards","Bossed Relics","Clockwork Mod","Colored Map","Conspire","Downfall","Energized Spire","Friendly Minions","Hermit","HexUI Lib","Highlight Path","Hubris","Infinite Spire","JesterMod","Minty Spire (QoL Compilation)","READ ME - Guardian Mod","Relic Stats","Reliquary","Shade Mod","Somnambulant","Spire Arcade","StSLib","The Bladedancer","The Bug Knight","The Cursed","The Death Knight","The Disciple","The Forsaken","The Hierophant","The Jungle","The Marked","The Necromancer","The Runesmith","TheVacant"],"gold_per_floor":[113,113,127,127,144,179,179,204,251,221,237,237,251,264,264,264,264],"floor_reached":16,"language":"ENG","playtime":1287,"items_purged":[],"score":112,"play_id":"51e9cb92-997c-4670-8bc6-9323ede4fde9","local_time":"20210211150640","is_ascension_mode":false,"campfire_choices":[{"data":"theVacant:Thoughtseize","floor":7,"key":"SMITH"},{"floor":12,"key":"REST"},{"floor":15,"key":"REST"}],"circlet_count":0,"master_deck":["theVacant:VacantStarterStrike","theVacant:VacantStarterStrike","theVacant:VacantStarterStrike","theVacant:VacantStarterStrike","theVacant:VacantStarterDefend","theVacant:VacantStarterDefend","theVacant:VacantStarterDefend","theVacant:VacantStarterDefend","theVacant:Release","theVacant:Crunch","theVacant:Whip","Master of Strategy","Mind Blast","theVacant:BrassMagnet","theVacant:OnSecondThought","Burn","theVacant:Dig","theVacant:Thoughtseize+1","hubris:NaturalOne","theVacant:Husk","theVacant:Whip","theVacant:SpiritOrb","theVacant:Fling","theVacant:Recover"],"relics":["theVacant:BrassGoblet","ClockworkSouvenir","hubris:Icosahedron","theForsaken:Gavel","infinitespire:Beetle Shell","Smiling Mask"],"acts_visited":["Exordium"],"potions_floor_usage":[6,16,16,16],"damage_taken":[{"damage":1,"enemies":"Jaw Worm","floor":1,"turns":3},{"damage":0,"enemies":"2 Louse","floor":3,"turns":2},{"damage":0,"enemies":"Cultist","floor":5,"turns":4},{"damage":30,"enemies":"Lagavulin","floor":6,"turns":7},{"damage":28,"enemies":"Gremlin Nob","floor":8,"turns":4},{"damage":0,"enemies":"Looter","floor":11,"turns":1},{"damage":16,"enemies":"Exordium Wildlife","floor":13,"turns":4},{"damage":16,"enemies":"Exordium Thugs","floor":14,"turns":5},{"damage":46,"enemies":"The Guardian","floor":16,"turns":9}],"seed_played":"-2432853528462296225","potions_obtained":[{"floor":1,"key":"SneckoOil"},{"floor":8,"key":"Swift Potion"},{"floor":10,"key":"PowerPotion"},{"floor":10,"key":"ColorlessPotion"},{"floor":13,"key":"DistilledChaos"}],"is_trial":false,"path_per_floor":["M","?","M","?","M","E","R","E","T","?","M","R","M","M","R","B"],"character_chosen":"THE_VACANT","items_purchased":["theVacant:Whip","Master of Strategy","Mind Blast","ClockworkSouvenir","theVacant:BrassMagnet"],"campfire_rested":2,"item_purchase_floors":[0,0,0,0,0],"current_hp_per_floor":[79,79,79,79,79,49,49,21,21,21,21,45,29,13,37,0,0],"gold":264,"neow_bonus":"","is_daily":false,"chose_seed":false,"campfire_upgraded":1,"win_rate":0.0,"timestamp":1613074000,"path_taken":["M","?","M","?","M","E","R","E","T","?","?","R","M","M","R","BOSS"],"items_purchased_type":["Card","Card","Card","Relic","Card"],"build_version":"2020-12-22","purchased_purges":0,"victory":false,"max_hp_per_floor":[80,80,80,80,80,80,80,80,80,80,80,80,80,80,80,80,80],"relic_stats":{"counters":[192,761],"Smiling Mask":0,"obtain_stats":[{"hubris:MysteriousPyramids":118,"aspiration:RitualStick":126,"infinitespire:ShieldingShard":27,"hubris:DeckOfHolding":53,"Fusion Hammer":17,"Kunai":7,"HollowMod:PaleOreRelic":112,"aspiration:DSix":0,"theMarked:DemonDagger":26,"Pear":10,"hubris:SphereOfDissonance":89,"Shade:YorickPolishedSkull":51,"Eternal Feather":23,"Pen Nib":44,"Guardian:PocketSentry":156,"energizedSpire:StickyHand":34,"MutagenicStrength":19,"infinitespire:PuzzleCube":104,"hubris:Reverence":14,"Regal Pillow":94,"Torii":74,"hierophant:PropheticMaskRelic":0,"Bag of Preparation":91,"hubris:EmptyBottle":0,"Smiling Mask":9,"hubris:BlackHole":102,"hubris:ScarierMask":17,"Toolbox":13,"hubris:CuriousFeather":6,"aspiration:FutureDiary":68,"theMarked:Eyepatch":17,"aspiration:VileToxins":146,"Potion Belt":46,"hubris:64BitClover":48,"Golden Idol":61,"Guardian:GemstoneGun":6,"conspire:RunicOctahedron":85,"The Courier":99,"PreservedInsect":0,"Omamori":80,"infinitespire:Lucky Rock":59,"infinitespire:CheckeredPen":86,"Frozen Egg 2":36,"hubris:Towel":73,"MawBank":148,"theMarked:ArtifactOfAir":0,"Ornamental Fan":0,"Art of War":46,"Runesmith:AutoHammer":14,"conspire:DeflatedDodgeball":12,"Toy Ornithopter":23,"hubris:BottledRain":60,"Gremlin Horn":44,"CeramicFish":9,"hubris:VirtuousBlindfold":17,"Vajra":115,"HollowMod:StagPassRelic":57,"hubris:TerracottaHorce":34,"Lizard Tail":128,"aspiration:MobileForge":119,"aspiration:ArtOfWarUpgrade":83,"Toxic Egg 2":4,"hubris:Teleporter":123,"Astrolabe":136,"Oddly Smooth Stone":76,"infinitespire:Beetle Shell":8,"energizedSpire:OgreHead":53,"Letter Opener":129,"conspire:GiftBox":43,"aspiration:EmptySkull":0,"Shuriken":64,"Molten Egg 2":131,"infinitespire:EmpoweringShard":43,"hubris:ToyBattleship":13,"Pocketwatch":0,"Darkstone Periapt":9,"bronze:BronzeCore":0,"reliquary:Boomerang":11,"SacredBark":34,"theForsaken:Lifeblossom":25,"Mango":77,"conspire:SpecialSausage":153,"aspiration:TomeofQuesting":25,"Incense Burner":99,"Juzu Bracelet":142,"hubris:SlimyHat":6,"theForsaken:Gavel":26,"conspire:TopHat":9,"aspiration:StickyExplosives_weak":95,"ClockworkSouvenir":0,"Frozen Eye":70,"Nunchaku":29,"hubris:Icosahedron":24,"theForsaken:Kindling":139,"Pantograph":106,"Tiny Chest":26,"Red Mask":37,"hubris:DisguiseKit":6,"aspiration:FetidBarrel":26,"Orichalcum":69,"Odd Mushroom":7,"Mercury Hourglass":40,"Calling Bell":99,"Strange Spoon":5,"Anchor":8,"CaptainsWheel":37,"infinitespire:WardingShard":23,"infinitespire:Satchel":9,"Bag of Marbles":111,"Membership Card":0,"hubris:Potato":27,"hubris:OldNail":9},{"hubris:MysteriousPyramids":93,"aspiration:RitualStick":96,"infinitespire:ShieldingShard":48,"hubris:DeckOfHolding":61,"Fusion Hammer":119,"Kunai":3,"HollowMod:PaleOreRelic":88,"aspiration:DSix":35,"theMarked:DemonDagger":146,"Pear":5,"hubris:SphereOfDissonance":79,"Shade:YorickPolishedSkull":60,"Eternal Feather":145,"Pen Nib":31,"Guardian:PocketSentry":109,"energizedSpire:StickyHand":52,"MutagenicStrength":19,"infinitespire:PuzzleCube":85,"hubris:Reverence":42,"Regal Pillow":80,"Torii":72,"hierophant:PropheticMaskRelic":172,"Bag of Preparation":79,"hubris:EmptyBottle":172,"Smiling Mask":188,"hubris:BlackHole":83,"hubris:ScarierMask":43,"Toolbox":141,"hubris:CuriousFeather":39,"aspiration:FutureDiary":68,"theMarked:Eyepatch":143,"aspiration:VileToxins":105,"Potion Belt":156,"hubris:64BitClover":59,"Golden Idol":66,"Guardian:GemstoneGun":14,"conspire:RunicOctahedron":77,"The Courier":82,"PreservedInsect":134,"Omamori":74,"infinitespire:Lucky Rock":66,"infinitespire:CheckeredPen":78,"Frozen Egg 2":28,"hubris:Towel":71,"MawBank":106,"theMarked:ArtifactOfAir":0,"Ornamental Fan":126,"Art of War":59,"Runesmith:AutoHammer":17,"conspire:DeflatedDodgeball":15,"Toy Ornithopter":47,"hubris:BottledRain":66,"Gremlin Horn":58,"CeramicFish":181,"hubris:VirtuousBlindfold":18,"Vajra":91,"HollowMod:StagPassRelic":64,"hubris:TerracottaHorce":150,"Lizard Tail":96,"aspiration:MobileForge":93,"aspiration:ArtOfWarUpgrade":76,"Toxic Egg 2":37,"hubris:Teleporter":95,"Astrolabe":100,"Oddly Smooth Stone":73,"infinitespire:Beetle Shell":188,"energizedSpire:OgreHead":61,"Letter Opener":97,"conspire:GiftBox":31,"aspiration:EmptySkull":9,"Shuriken":67,"Molten Egg 2":98,"infinitespire:EmpoweringShard":57,"hubris:ToyBattleship":165,"Pocketwatch":158,"Darkstone Periapt":39,"bronze:BronzeCore":0,"reliquary:Boomerang":163,"SacredBark":27,"theForsaken:Lifeblossom":23,"Mango":73,"conspire:SpecialSausage":108,"aspiration:TomeofQuesting":146,"Incense Burner":82,"Juzu Bracelet":104,"hubris:SlimyHat":114,"theForsaken:Gavel":47,"conspire:TopHat":115,"aspiration:StickyExplosives_weak":80,"ClockworkSouvenir":183,"Frozen Eye":69,"Nunchaku":24,"hubris:Icosahedron":47,"theForsaken:Kindling":102,"Pantograph":85,"Tiny Chest":23,"Red Mask":28,"hubris:DisguiseKit":162,"aspiration:FetidBarrel":124,"Orichalcum":69,"Odd Mushroom":174,"Mercury Hourglass":56,"Calling Bell":82,"Strange Spoon":173,"Anchor":139,"CaptainsWheel":152,"infinitespire:WardingShard":22,"infinitespire:Satchel":14,"Bag of Marbles":88,"Membership Card":9,"hubris:Potato":146,"hubris:OldNail":174},{"hubris:MysteriousPyramids":337,"aspiration:RitualStick":340,"infinitespire:ShieldingShard":207,"hubris:DeckOfHolding":261,"Fusion Hammer":428,"Kunai":10,"HollowMod:PaleOreRelic":331,"aspiration:DSix":159,"theMarked:DemonDagger":546,"Pear":18,"hubris:SphereOfDissonance":310,"Shade:YorickPolishedSkull":259,"Eternal Feather":541,"Pen Nib":138,"Guardian:PocketSentry":371,"energizedSpire:StickyHand":224,"MutagenicStrength":92,"infinitespire:PuzzleCube":326,"hubris:Reverence":183,"Regal Pillow":311,"Torii":294,"hierophant:PropheticMaskRelic":679,"Bag of Preparation":310,"hubris:EmptyBottle":679,"Smiling Mask":742,"hubris:BlackHole":323,"hubris:ScarierMask":190,"Toolbox":524,"hubris:CuriousFeather":174,"aspiration:FutureDiary":282,"theMarked:Eyepatch":533,"aspiration:VileToxins":352,"Potion Belt":591,"hubris:64BitClover":249,"Golden Idol":274,"Guardian:GemstoneGun":65,"conspire:RunicOctahedron":308,"The Courier":317,"PreservedInsect":497,"Omamori":300,"infinitespire:Lucky Rock":274,"infinitespire:CheckeredPen":309,"Frozen Egg 2":126,"hubris:Towel":290,"MawBank":355,"theMarked:ArtifactOfAir":0,"Ornamental Fan":466,"Art of War":249,"Runesmith:AutoHammer":79,"conspire:DeflatedDodgeball":69,"Toy Ornithopter":204,"hubris:BottledRain":274,"Gremlin Horn":247,"CeramicFish":714,"hubris:VirtuousBlindfold":88,"Vajra":334,"HollowMod:StagPassRelic":267,"hubris:TerracottaHorce":563,"Lizard Tail":340,"aspiration:MobileForge":337,"aspiration:ArtOfWarUpgrade":304,"Toxic Egg 2":164,"hubris:Teleporter":339,"Astrolabe":345,"Oddly Smooth Stone":297,"infinitespire:Beetle Shell":742,"energizedSpire:OgreHead":261,"Letter Opener":341,"conspire:GiftBox":138,"aspiration:EmptySkull":39,"Shuriken":277,"Molten Egg 2":342,"infinitespire:EmpoweringShard":242,"hubris:ToyBattleship":635,"Pocketwatch":603,"Darkstone Periapt":174,"bronze:BronzeCore":0,"reliquary:Boomerang":626,"SacredBark":122,"theForsaken:Lifeblossom":105,"Mango":297,"conspire:SpecialSausage":370,"aspiration:TomeofQuesting":546,"Incense Burner":317,"Juzu Bracelet":351,"hubris:SlimyHat":396,"theForsaken:Gavel":204,"conspire:TopHat":400,"aspiration:StickyExplosives_weak":311,"ClockworkSouvenir":722,"Frozen Eye":285,"Nunchaku":108,"hubris:Icosahedron":204,"theForsaken:Kindling":347,"Pantograph":326,"Tiny Chest":105,"Red Mask":126,"hubris:DisguiseKit":622,"aspiration:FetidBarrel":457,"Orichalcum":285,"Odd Mushroom":688,"Mercury Hourglass":239,"Calling Bell":317,"Strange Spoon":685,"Anchor":518,"CaptainsWheel":572,"infinitespire:WardingShard":102,"infinitespire:Satchel":65,"Bag of Marbles":331,"Membership Card":39,"hubris:Potato":546,"hubris:OldNail":688}]},"card_choices":[{"not_picked":["theVacant:EmbraceDarkness","theVacant:Necromancy"],"picked":"theVacant:OnSecondThought","floor":1},{"not_picked":["theVacant:Whip","theVacant:CursedBlast"],"picked":"theVacant:Dig","floor":3},{"not_picked":["theVacant:Sneeze","theVacant:HolyWater"],"picked":"theVacant:Thoughtseize","floor":5},{"not_picked":["theVacant:IntoTheAbyss","theVacant:ShutAway"],"picked":"theVacant:Husk","floor":6},{"not_picked":["theVacant:Carve","theVacant:DarkStrike"],"picked":"theVacant:Whip","floor":8},{"not_picked":["theVacant:Enrage","theVacant:Acceptance"],"picked":"theVacant:SpiritOrb","floor":11},{"not_picked":["theVacant:CursedBlast","theVacant:Spinshield"],"picked":"theVacant:Fling","floor":13},{"not_picked":["theVacant:Barrage","theVacant:Return"],"picked":"theVacant:Recover","floor":14}],"player_experience":846801,"relics_obtained":[{"floor":6,"key":"theForsaken:Gavel"},{"floor":8,"key":"infinitespire:Beetle Shell"},{"floor":9,"key":"Smiling Mask"}],"event_choices":[{"damage_healed":79,"gold_gain":0,"player_choice":"Embrace Burn","damage_taken":0,"max_hp_gain":0,"max_hp_loss":80,"event_name":"betterThird:BetterShining","floor":2,"gold_loss":0},{"damage_healed":0,"gold_gain":0,"player_choice":"Bought 2 Potions","damage_taken":0,"max_hp_gain":0,"max_hp_loss":0,"event_name":"The Woman in Blue","floor":10,"gold_loss":0}],"is_beta":false,"boss_relics":[],"items_purged_floors":[],"is_endless":false,"potions_floor_spawned":[1,8,11,13],"killed_by":"The Guardian","ascension_level":0}}