{"host":"36t3qd3wjvajtu1z","time":1613032394,"event":{"mods":["2.2 Compatiblity","AchievementEnabler","BaseMod","Bestiary","Block Reminder","Colored Powertips","Curses Come First","Highlight Path","Minty Spire (QoL Compilation)","Permanent Neow","Quick Restart","Random Character Button","Rare Cards Sparkle","Relic Stats","Slay-I","StSLib","Unknown Chances"],"gold_per_floor":[118,128,142,142,201,226,226,261,261,277,277,304,315,340,340,417,417,429,429,479,495,185,185,202,202,202,237,247,258,273,305,305,378,378,393,343,49,65,76,106,123,153,153,186,204,221,253,268,268,268],"floor_reached":51,"language":"ENG","playtime":3984,"items_purged":["Strike_R"],"score":1566,"play_id":"45d27749-8b8a-4026-8f23-b8f541f791a9","local_time":"20210211003314","is_ascension_mode":true,"campfire_choices":[{"floor":7.0,"key":"REST"},{"floor":11.0,"key":"REST"},{"floor":15.0,"key":"REST"},{"data":"Uppercut","floor":23,"key":"SMITH"},{"data":"Burning Pact","floor":25,"key":"SMITH"},{"data":"Corruption","floor":32,"key":"SMITH"},{"data":"Feel No Pain","floor":49,"key":"SMITH"}],"circlet_count":0,"master_deck":["AscendersBane","Strike_R","Strike_R","Defend_R","Defend_R+1","Defend_R","Defend_R+1","Bash+1","Reaper","Sever Soul+1","Burning Pact+1","Uppercut+1","Flex+1","Burning Pact+1","Blood for Blood+1","Feel No Pain","Cleave+1","Offering+1","Immolate+1","Pommel Strike+1","Enlightenment+1","Feel No Pain+1","True Grit+1","Fire Breathing","Armaments+1","Spot Weakness+1","Shockwave+1","Pommel Strike+1","Corruption+1","Demon Form","Inflame+1","Warcry+1","Power Through+1","Intimidate+1","Limit Break+1","Shrug It Off+1","Shrug It Off+1","Body Slam+1","Pommel Strike+1","Headbutt+1","True Grit+1","Burning Pact+1"],"relics":["Burning Blood","Thread and Needle","Toxic Egg 2","Mummified Hand","Molten Egg 2","Odd Mushroom","Bird Faced Urn","Philosopher\u0027s Stone","Nilry\u0027s Codex","Question Card","Toy Ornithopter","Matryoshka","Empty Cage","Sundial","Paper Frog","Letter Opener","Omamori","Bottled Tornado","Shuriken","War Paint"],"acts_visited":["Exordium","TheCity","TheBeyond"],"potions_floor_usage":[31,50],"damage_taken":[{"damage":13.0,"enemies":"Jaw Worm","floor":1.0,"turns":4.0},{"damage":11.0,"enemies":"2 Louse","floor":2.0,"turns":3.0},{"damage":1.0,"enemies":"Cultist","floor":3.0,"turns":4.0},{"damage":41.0,"enemies":"Gremlin Nob","floor":6.0,"turns":5.0},{"damage":25.0,"enemies":"3 Sentries","floor":8.0,"turns":8.0},{"damage":30.0,"enemies":"Lots of Slimes","floor":10.0,"turns":5.0},{"damage":19.0,"enemies":"The Mushroom Lair","floor":12.0,"turns":5.0},{"damage":9.0,"enemies":"3 Louse","floor":13.0,"turns":4.0},{"damage":32.0,"enemies":"Lagavulin","floor":14.0,"turns":7.0},{"damage":39.0,"enemies":"Hexaghost","floor":16.0,"turns":8.0},{"damage":13.0,"enemies":"Chosen","floor":18.0,"turns":3.0},{"damage":0,"enemies":"2 Thieves","floor":21,"turns":1},{"damage":6,"enemies":"Snecko","floor":24,"turns":2},{"damage":6,"enemies":"Gremlin Leader","floor":27,"turns":4},{"damage":6,"enemies":"3 Cultists","floor":28,"turns":2},{"damage":7,"enemies":"Centurion and Healer","floor":29,"turns":3},{"damage":12,"enemies":"Snake Plant","floor":30,"turns":4},{"damage":34,"enemies":"Slavers","floor":31,"turns":4},{"damage":37,"enemies":"Champ","floor":33,"turns":8},{"damage":6,"enemies":"3 Darklings","floor":35,"turns":3},{"damage":17,"enemies":"Orb Walker","floor":38,"turns":4},{"damage":24,"enemies":"Writhing Mass","floor":39,"turns":5},{"damage":35,"enemies":"Nemesis","floor":40,"turns":7},{"damage":6,"enemies":"Maw","floor":41,"turns":4},{"damage":20,"enemies":"Giant Head","floor":42,"turns":6},{"damage":48,"enemies":"Nemesis","floor":44,"turns":6},{"damage":18,"enemies":"Jaw Worm Horde","floor":45,"turns":5},{"damage":6,"enemies":"4 Shapes","floor":46,"turns":5},{"damage":6,"enemies":"Giant Head","floor":47,"turns":5},{"damage":17,"enemies":"Maw","floor":48,"turns":6},{"damage":20,"enemies":"Donu and Deca","floor":50,"turns":5}],"seed_played":"8894730704245470446","potions_obtained":[{"floor":3.0,"key":"ElixirPotion"},{"floor":6.0,"key":"Strength Potion"},{"floor":10.0,"key":"ElixirPotion"},{"floor":12.0,"key":"SpeedPotion"},{"floor":14.0,"key":"Regen Potion"},{"floor":21,"key":"Fire Potion"},{"floor":33,"key":"HeartOfIron"},{"floor":44,"key":"PowerPotion"},{"floor":46,"key":"LiquidMemories"}],"is_trial":false,"path_per_floor":["M","M","M","?","?","E","R","E","T","M","R","?","M","E","R","B",null,"M","?","?","M","$","R","M","R","T","E","M","M","M","E","R","B",null,"M","?","$","M","M","E","M","E","T","E","M","M","E","M","R","B",null],"character_chosen":"IRONCLAD","items_purchased":["Enlightenment+1","Feel No Pain","True Grit+1","Sundial","Warcry+1"],"campfire_rested":3,"item_purchase_floors":[22,22,22,37,37],"current_hp_per_floor":[61,63,68,42,42,7,27,26,26,18,38,37,42,22,42,38,61,58,37,37,43,43,43,47,47,47,59,66,67,68,48,48,37,60,68,68,68,61,68,53,68,59,59,62,68,68,68,65,65,68],"gold":268,"neow_bonus":"THREE_RARE_CARDS","is_daily":false,"chose_seed":false,"campfire_upgraded":4,"win_rate":0.0,"timestamp":1613032394,"path_taken":["M","M","M","?","?","E","R","E","T","M","R","?","M","E","R","BOSS","M","?","?","M","$","R","M","R","T","E","M","M","M","E","R","BOSS","M","?","$","M","M","E","M","E","T","E","M","?","E","M","R","BOSS"],"items_purchased_type":["Card","Card","Card","Relic","Card"],"build_version":"2020-12-22","purchased_purges":1,"victory":true,"max_hp_per_floor":[68,68,68,68,68,68,68,68,68,68,68,68,68,68,68,68,68,68,68,68,68,68,68,68,68,68,68,68,68,68,68,68,68,68,68,68,68,68,68,68,68,68,68,68,68,68,68,68,68,68],"relic_stats":{"counters":[31,145],"Mummified Hand":[141],"Sundial":[4],"Shuriken":[5],"Bird Faced Urn":[153],"Letter Opener":[168],"War Paint":["Defend_R","Defend_R"],"Question Card":17,"obtain_stats":[{"Nilry\u0027s Codex":19,"Thread and Needle":4,"Omamori":43,"Letter Opener":42,"Odd Mushroom":12,"Bottled Tornado":43,"War Paint":47,"Question Card":26,"Empty Cage":34,"Burning Blood":0,"Matryoshka":31,"Mummified Hand":8,"Sundial":37,"Shuriken":44,"Bird Faced Urn":14,"Molten Egg 2":9,"Philosopher\u0027s Stone":17,"Toxic Egg 2":6,"Toy Ornithopter":27,"Paper Frog":40},{"Nilry\u0027s Codex":11,"Thread and Needle":3,"Omamori":25,"Letter Opener":25,"Odd Mushroom":7,"Bottled Tornado":25,"War Paint":29,"Question Card":13,"Empty Cage":19,"Burning Blood":0,"Matryoshka":18,"Mummified Hand":5,"Sundial":20,"Shuriken":26,"Bird Faced Urn":9,"Molten Egg 2":5,"Philosopher\u0027s Stone":10,"Toxic Egg 2":4,"Toy Ornithopter":14,"Paper Frog":23},{"Nilry\u0027s Codex":56,"Thread and Needle":11,"Omamori":113,"Letter Opener":113,"Odd Mushroom":34,"Bottled Tornado":113,"War Paint":134,"Question Card":59,"Empty Cage":84,"Burning Blood":0,"Matryoshka":76,"Mummified Hand":24,"Sundial":87,"Shuriken":119,"Bird Faced Urn":45,"Molten Egg 2":24,"Philosopher\u0027s Stone":53,"Toxic Egg 2":16,"Toy Ornithopter":63,"Paper Frog":103}],"Burning Blood":144,"Toy Ornithopter":0},"card_choices":[{"not_picked":["Double Tap","Limit Break"],"picked":"Reaper","floor":0.0},{"not_picked":["Shrug It Off","Second Wind"],"picked":"Sever Soul","floor":1.0},{"not_picked":["Armaments","Thunderclap"],"picked":"Burning Pact","floor":2.0},{"not_picked":["Perfected Strike","Seeing Red"],"picked":"Uppercut","floor":3.0},{"not_picked":["Rupture","Shrug It Off+1"],"picked":"Flex+1","floor":6.0},{"not_picked":["Clothesline","Clash"],"picked":"Burning Pact+1","floor":8.0},{"not_picked":["Shrug It Off+1","Sever Soul+1"],"picked":"Blood for Blood+1","floor":10.0},{"not_picked":["Perfected Strike+1","Thunderclap+1"],"picked":"Feel No Pain","floor":12.0},{"not_picked":["True Grit+1","Headbutt+1"],"picked":"Cleave+1","floor":13.0},{"not_picked":["Inflame","Bloodletting+1"],"picked":"Offering+1","floor":14.0},{"not_picked":["Brutality","Impervious+1"],"picked":"Immolate+1","floor":16.0},{"not_picked":["Armaments+1","Second Wind+1"],"picked":"Pommel Strike+1","floor":18.0},{"not_picked":["Headbutt+1","Uppercut+1","Dropkick+1"],"picked":"SKIP","floor":21},{"not_picked":["Cleave+1","Clash+1"],"picked":"Fire Breathing","floor":24},{"not_picked":["Exhume+1","Seeing Red+1","Warcry+1"],"picked":"Armaments+1","floor":27},{"not_picked":["Armaments+1","Sever Soul+1","Burning Pact+1"],"picked":"Spot Weakness+1","floor":28},{"not_picked":["Dropkick+1","Pummel+1","True Grit+1"],"picked":"Shockwave+1","floor":29},{"not_picked":["Thunderclap+1","Cleave+1","Heavy Blade+1"],"picked":"Pommel Strike+1","floor":30},{"not_picked":["Sword Boomerang+1","Flex+1","Ghostly Armor+1"],"picked":"Corruption","floor":31},{"not_picked":["Impervious+1","Limit Break+1","Bludgeon+1"],"picked":"Demon Form","floor":33},{"not_picked":["Clash+1","Anger+1","Dropkick+1"],"picked":"Inflame+1","floor":35},{"not_picked":["Inflame","Flex+1","Clothesline+1"],"picked":"Power Through+1","floor":38},{"not_picked":["Rage+1","Armaments+1","Fire Breathing+1"],"picked":"Intimidate+1","floor":39},{"not_picked":["Shrug It Off+1","Perfected Strike+1","Warcry+1"],"picked":"Limit Break+1","floor":40},{"not_picked":["Anger+1","Flex+1","Armaments+1"],"picked":"Shrug It Off+1","floor":41},{"not_picked":["Combust","Flex+1","Double Tap+1"],"picked":"Shrug It Off+1","floor":42},{"not_picked":["Seeing Red+1","Wild Strike+1","Carnage+1"],"picked":"Body Slam+1","floor":44},{"not_picked":["Body Slam+1","True Grit+1","Cleave+1"],"picked":"Pommel Strike+1","floor":45},{"not_picked":["Whirlwind+1","Battle Trance+1","Sever Soul+1"],"picked":"Headbutt+1","floor":46},{"not_picked":["Twin Strike+1","Intimidate+1","Sever Soul+1"],"picked":"True Grit+1","floor":47},{"not_picked":["Warcry+1","Perfected Strike+1","Rage+1"],"picked":"Burning Pact+1","floor":48}],"player_experience":487853,"relics_obtained":[{"floor":6.0,"key":"Toxic Egg 2"},{"floor":8.0,"key":"Mummified Hand"},{"floor":9.0,"key":"Molten Egg 2"},{"floor":12.0,"key":"Odd Mushroom"},{"floor":14.0,"key":"Bird Faced Urn"},{"floor":19.0,"key":"Nilry\u0027s Codex"},{"floor":26,"key":"Question Card"},{"floor":27,"key":"Toy Ornithopter"},{"floor":31,"key":"Matryoshka"},{"floor":40,"key":"Paper Frog"},{"floor":42,"key":"Letter Opener"},{"floor":43,"key":"Omamori"},{"floor":43,"key":"Bottled Tornado"},{"floor":44,"key":"Shuriken"},{"floor":47,"key":"War Paint"}],"event_choices":[{"damage_healed":0.0,"max_hp_gain":0.0,"max_hp_loss":0.0,"gold_gain":0.0,"event_name":"Scrap Ooze","player_choice":"Success","floor":4.0,"gold_loss":0.0,"damage_taken":26.0,"relics_obtained":["Thread and Needle"]},{"damage_healed":0.0,"max_hp_gain":0.0,"max_hp_loss":0.0,"gold_gain":59.0,"event_name":"Golden Wing","player_choice":"Gained Gold","floor":5.0,"gold_loss":0.0,"damage_taken":0.0},{"damage_healed":0.0,"max_hp_gain":0.0,"max_hp_loss":0.0,"gold_gain":0.0,"event_name":"Mushrooms","player_choice":"Fought Mushrooms","floor":12.0,"gold_loss":0.0,"damage_taken":0.0},{"damage_healed":0.0,"max_hp_gain":0.0,"max_hp_loss":0.0,"gold_gain":0.0,"event_name":"Cursed Tome","player_choice":"Obtained Book","floor":19.0,"gold_loss":0.0,"damage_taken":21.0},{"damage_healed":0.0,"max_hp_gain":0.0,"max_hp_loss":0.0,"gold_gain":50.0,"event_name":"Nest","player_choice":"Stole From Cult","floor":20.0,"gold_loss":0.0,"damage_taken":0.0},{"damage_healed":0,"gold_gain":0,"player_choice":"Upgraded Two","damage_taken":0,"max_hp_gain":0,"max_hp_loss":0,"event_name":"Designer","floor":36,"gold_loss":50,"cards_upgraded":["Sever Soul","Bash"]}],"is_beta":false,"boss_relics":[{"not_picked":["Sozu","Black Star"],"picked":"Philosopher\u0027s Stone"},{"not_picked":["Tiny House","Runic Dome"],"picked":"Empty Cage"}],"items_purged_floors":[22],"is_endless":false,"potions_floor_spawned":[3,6,10,12,14,21,27,30,33,38,42,44,45,46,48],"ascension_level":16}}