{"host":"mo4d2vii2wc3uyp7","time":1613056482,"event":{"mods":["AchievementEnabler","BaseMod","Colored Map","Highlight Path","Keyboard Shortcuts","Minty Spire (QoL Compilation)","Permanent Neow","Quick Restart","Shop Mod","StSLib","SuperFastMode","everything is the same but u backflip on backflip"],"gold_per_floor":[112,131,150,168,179,179,190,217,217,234,247,267,267,267,267],"floor_reached":14,"language":"KOR","playtime":363,"items_purged":[],"score":103,"play_id":"0757eb70-1ad1-417a-8616-372296286d78","local_time":"20210212001442","is_ascension_mode":true,"campfire_choices":[{"data":"Neutralize","floor":6,"key":"SMITH"}],"circlet_count":0,"master_deck":["Strike_G","Strike_G","Strike_G","Strike_G","Strike_G","Defend_G","Defend_G","Defend_G","Defend_G","Defend_G","Survivor","Neutralize+1","Dagger Spray","Acrobatics","Escape Plan","Bane","Distraction+1","Reflex+1","Backflip+1"],"relics":["Ring of the Snake","Art of War","Centennial Puzzle","Toxic Egg 2","Smiling Mask"],"acts_visited":["Exordium"],"potions_floor_usage":[5,8,11,14,14],"damage_taken":[{"damage":0,"enemies":"Jaw Worm","floor":1,"turns":3},{"damage":0,"enemies":"2 Louse","floor":2,"turns":2},{"damage":0,"enemies":"Cultist","floor":3,"turns":3},{"damage":2,"enemies":"Looter","floor":4,"turns":4},{"damage":3,"enemies":"Lots of Slimes","floor":5,"turns":4},{"damage":4,"enemies":"Blue Slaver","floor":7,"turns":4},{"damage":14,"enemies":"3 Sentries","floor":8,"turns":7},{"damage":2,"enemies":"2 Fungi Beasts","floor":10,"turns":4},{"damage":8,"enemies":"Lots of Slimes","floor":11,"turns":3},{"damage":11,"enemies":"Gremlin Gang","floor":12,"turns":4},{"damage":8,"enemies":"Lagavulin","floor":14,"turns":2}],"seed_played":"-421369135461876552","potions_obtained":[{"floor":1,"key":"AttackPotion"},{"floor":5,"key":"PowerPotion"},{"floor":7,"key":"Weak Potion"},{"floor":8,"key":"Poison Potion"},{"floor":10,"key":"LiquidBronze"}],"is_trial":false,"path_per_floor":["M","M","M","M","M","R","M","E","T","M","M","M","?","E"],"character_chosen":"THE_SILENT","items_purchased":[],"campfire_rested":0,"item_purchase_floors":[],"current_hp_per_floor":[70,70,70,68,65,65,61,47,47,45,37,26,8,0,0],"gold":267,"neow_bonus":"RANDOM_COMMON_RELIC","is_daily":false,"chose_seed":false,"campfire_upgraded":1,"win_rate":0.0,"timestamp":1613056482,"path_taken":["M","M","M","M","M","R","M","E","T","M","M","M","?","E"],"items_purchased_type":[],"build_version":"2020-12-22","purchased_purges":0,"victory":false,"max_hp_per_floor":[70,70,70,70,70,70,70,70,70,70,70,70,70,70,70],"card_choices":[{"not_picked":["Infinite Blades","Underhanded Strike"],"picked":"Dagger Spray","floor":1},{"not_picked":["Dagger Spray","Slice"],"picked":"Acrobatics","floor":2},{"not_picked":["Infinite Blades","Dagger Spray"],"picked":"Escape Plan","floor":3},{"not_picked":["Outmaneuver","Deadly Poison"],"picked":"Bane","floor":4},{"not_picked":["Malaise","Leg Sweep","Setup"],"picked":"SKIP","floor":5},{"not_picked":["Flying Knee","Escape Plan","Deflect"],"picked":"SKIP","floor":7},{"not_picked":["Flying Knee","Accuracy","Blur"],"picked":"SKIP","floor":8},{"not_picked":["Bane","Leg Sweep+1"],"picked":"Distraction+1","floor":10},{"not_picked":["Bouncing Flask+1","Dodge and Roll+1"],"picked":"Reflex+1","floor":11},{"not_picked":["Corpse Explosion+1","Quick Slash"],"picked":"Backflip+1","floor":12}],"player_experience":613933,"relics_obtained":[{"floor":8,"key":"Centennial Puzzle"},{"floor":9,"key":"Toxic Egg 2"}],"event_choices":[{"damage_healed":0,"gold_gain":0,"player_choice":"Success","damage_taken":18,"relics_obtained":["Smiling Mask"],"max_hp_gain":0,"max_hp_loss":0,"event_name":"Scrap Ooze","floor":13,"gold_loss":0}],"is_beta":false,"boss_relics":[],"items_purged_floors":[],"is_endless":false,"potions_floor_spawned":[1,5,7,8,10],"killed_by":"Lagavulin","ascension_level":1}}