{"host":"qgrlfjrqk9z96gfi","time":1613079706,"event":{"mods":["BaseMod","Block Reminder","Colored Map","Custom Start","DeckTracker","Minty Spire (QoL Compilation)"],"gold_per_floor":[17,32,32,50,50,50,65,96,96,96,129,279,10,20,20,95,95,106,21,37,47,47,47],"floor_reached":22,"language":"ENG","playtime":586,"items_purged":["Doubt"],"score":392,"play_id":"511ab6b7-2855-4bdc-890b-05d74dde718c","local_time":"20210211114146","is_ascension_mode":true,"campfire_choices":[{"data":"The Bomb","floor":6,"key":"SMITH"},{"floor":10,"key":"REST"},{"floor":15,"key":"DIG"}],"circlet_count":0,"master_deck":["AscendersBane","Strike_G","Strike_G","Strike_G","Strike_G","Strike_G","Defend_G","Defend_G","Defend_G","Defend_G","Defend_G","Survivor","Neutralize","The Bomb+1","Backstab","Blade Dance+1","Flying Knee","Bouncing Flask+1","Backflip+1","Poisoned Stab","Blade Dance","After Image","Endless Agony","Deflect+1","Catalyst"],"relics":["Ring of the Snake","MealTicket","Ninja Scroll","Shovel","War Paint","White Beast Statue","Cursed Key","Orichalcum"],"acts_visited":["Exordium","TheCity"],"potions_floor_usage":[22],"damage_taken":[{"damage":4,"enemies":"Small Slimes","floor":1,"turns":5},{"damage":5,"enemies":"Jaw Worm","floor":2,"turns":5},{"damage":0,"enemies":"Cultist","floor":4,"turns":3},{"damage":7,"enemies":"3 Louse","floor":7,"turns":3},{"damage":25,"enemies":"3 Sentries","floor":8,"turns":4},{"damage":11,"enemies":"Gremlin Nob","floor":11,"turns":3},{"damage":0,"enemies":"Blue Slaver","floor":14,"turns":2},{"damage":69,"enemies":"Hexaghost","floor":16,"turns":10},{"damage":18,"enemies":"Spheric Guardian","floor":18,"turns":4},{"damage":8,"enemies":"3 Byrds","floor":20,"turns":3},{"damage":23,"enemies":"3 Cultists","floor":21,"turns":5},{"damage":9,"enemies":"Cultist and Chosen","floor":22,"turns":3}],"seed_played":"-5574614824281873368","potions_obtained":[{"floor":2,"key":"SpeedPotion"},{"floor":4,"key":"FairyPotion"},{"floor":16,"key":"DistilledChaos"},{"floor":18,"key":"BlessingOfTheForge"}],"is_trial":false,"path_per_floor":["M","M","?","M","?","R","M","E","T","R","E","?","$","M","R","B",null,"M","?","M","M","M"],"character_chosen":"THE_SILENT","items_purchased":["Poisoned Stab","War Paint"],"campfire_rested":1,"item_purchase_floors":[13,13],"current_hp_per_floor":[55,50,50,50,55,55,48,23,23,44,33,33,48,48,48,3,54,36,36,28,5,0,0],"gold":47,"neow_bonus":"RANDOM_COLORLESS_2","is_daily":false,"chose_seed":false,"campfire_upgraded":1,"win_rate":0.0,"timestamp":1613079706,"path_taken":["M","M","?","M","?","R","M","E","T","R","E","?","$","M","R","BOSS","M","?","M","M","M"],"items_purchased_type":["Card","Relic"],"build_version":"2020-12-22","purchased_purges":1,"victory":false,"max_hp_per_floor":[66,66,66,66,71,71,71,71,71,71,71,71,71,71,71,71,71,71,71,71,71,71,71],"card_choices":[{"not_picked":["Metamorphosis","Secret Weapon"],"picked":"The Bomb","floor":0},{"not_picked":["Heel Hook","Underhanded Strike"],"picked":"Backstab","floor":1},{"not_picked":["Dodge and Roll","Flying Knee"],"picked":"Blade Dance","floor":2},{"not_picked":["Outmaneuver","Sucker Punch"],"picked":"Flying Knee","floor":4},{"not_picked":["Outmaneuver","Dagger Throw","A Thousand Cuts"],"picked":"SKIP","floor":7},{"not_picked":["Bane","Flechettes"],"picked":"Bouncing Flask","floor":8},{"not_picked":["Doppelganger","Deadly Poison"],"picked":"Backflip","floor":11},{"not_picked":["Prepared","All Out Attack"],"picked":"Blade Dance","floor":14},{"not_picked":["A Thousand Cuts","Envenom"],"picked":"After Image","floor":16},{"not_picked":["Blade Dance","Deflect"],"picked":"Endless Agony","floor":18},{"not_picked":["Escape Plan","Setup"],"picked":"Deflect+1","floor":20},{"not_picked":["Underhanded Strike","Bane"],"picked":"Catalyst","floor":21}],"player_experience":1127693,"relics_obtained":[{"floor":8,"key":"MealTicket"},{"floor":9,"key":"Ninja Scroll"},{"floor":11,"key":"Shovel"},{"floor":15,"key":"White Beast Statue"}],"event_choices":[{"damage_healed":0,"gold_gain":0,"player_choice":"Grow","damage_taken":0,"max_hp_gain":0,"max_hp_loss":0,"event_name":"Living Wall","floor":3,"gold_loss":0,"cards_upgraded":["Blade Dance"]},{"damage_healed":0,"gold_gain":0,"player_choice":"Donut","damage_taken":0,"max_hp_gain":5,"max_hp_loss":0,"event_name":"Big Fish","floor":5,"gold_loss":0},{"damage_healed":0,"gold_gain":150,"player_choice":"AGREE","damage_taken":0,"max_hp_gain":0,"max_hp_loss":0,"event_name":"Liars Game","floor":12,"gold_loss":0,"cards_obtained":["Doubt"]},{"damage_healed":0,"gold_gain":0,"player_choice":"Obtained Relic","damage_taken":0,"relics_obtained":["Orichalcum"],"max_hp_gain":0,"max_hp_loss":0,"event_name":"Addict","floor":19,"gold_loss":85}],"is_beta":false,"boss_relics":[{"not_picked":["Fusion Hammer","Tiny House"],"picked":"Cursed Key"}],"items_purged_floors":[13],"is_endless":false,"potions_floor_spawned":[2,4,7,8,16,18,20,21],"killed_by":"Cultist and Chosen","ascension_level":20}}