{"host":"87a3rj29cw2xf47c","time":1613076439,"event":{"mods":["BaseMod","Highlight Path","Minty Spire (QoL Compilation)","StSLib"],"gold_per_floor":[10,26,40,115,12,30,63,63,138,138,170,186,186,198,198,299,299,314,314,52,68,68,93,105,105,105,105,125,140,164,189,189,294,294,311,19,38,51,67,96,114,127,127,127,172,0,0,32,32,32],"floor_reached":51,"language":"ENG","playtime":3973,"items_purged":[],"score":934,"play_id":"3cfb5a5e-6c08-46f2-87af-4a0a0ebcec65","local_time":"20210211214719","is_ascension_mode":false,"campfire_choices":[{"data":"Eruption","floor":8.0,"key":"SMITH"},{"data":"WheelKick","floor":10.0,"key":"SMITH"},{"data":"FollowUp","floor":13.0,"key":"SMITH"},{"data":"Vigilance","floor":15.0,"key":"SMITH"},{"data":"DevaForm","floor":25.0,"key":"SMITH"},{"data":"Scrawl","floor":27.0,"key":"SMITH"},{"data":"Establishment","floor":32,"key":"SMITH"},{"floor":44,"key":"REST"},{"floor":49,"key":"REST"}],"circlet_count":0,"master_deck":["Defend_P","Eruption+1","Vigilance+1","Blasphemy","EmptyMind","Tantrum","FlurryOfBlows","ClearTheMind","FollowUp+1","WheelKick+1","InnerPeace","FlurryOfBlows","FearNoEvil","ConjureBlade","Scrawl+1","CarveReality+1","CutThroughFate+1","FollowUp+1","CutThroughFate+1","FlurryOfBlows+1","CutThroughFate+1","DevaForm+1","Protect+1","DeceiveReality","Establishment+1","Devotion","Swivel+1","Fasting2","SandsOfTime+1","CrushJoints+1","Nirvana","LikeWater+1","FlurryOfBlows+1","Protect","ClearTheMind+1","FollowUp+1","DevaForm","Wallop+1"],"relics":["PureWater","Thread and Needle","Mummified Hand","Dream Catcher","Astrolabe","Strawberry","Molten Egg 2","Regal Pillow","Art of War","Bag of Marbles","VioletLotus","Happy Flower","Smiling Mask","Toy Ornithopter","Du-Vu Doll","Red Mask","Bottled Lightning"],"acts_visited":["Exordium","TheCity","TheBeyond"],"potions_floor_usage":[31,40,40,50,50],"damage_taken":[{"damage":0.0,"enemies":"Cultist","floor":1.0,"turns":2.0},{"damage":0.0,"enemies":"Small Slimes","floor":2.0,"turns":4.0},{"damage":0.0,"enemies":"Jaw Worm","floor":3.0,"turns":2.0},{"damage":0.0,"enemies":"Large Slime","floor":6.0,"turns":2.0},{"damage":0.0,"enemies":"Gremlin Nob","floor":7.0,"turns":2.0},{"damage":11.0,"enemies":"Lagavulin","floor":11.0,"turns":5.0},{"damage":0.0,"enemies":"Blue Slaver","floor":12.0,"turns":1.0},{"damage":0.0,"enemies":"Gremlin Gang","floor":14.0,"turns":3.0},{"damage":0.0,"enemies":"Slime Boss","floor":16.0,"turns":3.0},{"damage":0.0,"enemies":"3 Byrds","floor":18.0,"turns":3.0},{"damage":0.0,"enemies":"Shell Parasite","floor":21.0,"turns":1.0},{"damage":12.0,"enemies":"Book of Stabbing","floor":23.0,"turns":3.0},{"damage":0.0,"enemies":"Snecko","floor":24.0,"turns":2.0},{"damage":5.0,"enemies":"Snake Plant","floor":28.0,"turns":2.0},{"damage":8,"enemies":"Shelled Parasite and Fungi","floor":29,"turns":3},{"damage":7,"enemies":"Slavers","floor":31,"turns":3},{"damage":0,"enemies":"Champ","floor":33,"turns":5},{"damage":1,"enemies":"Orb Walker","floor":35,"turns":3},{"damage":0,"enemies":"3 Shapes","floor":37,"turns":1},{"damage":25,"enemies":"3 Darklings","floor":38,"turns":3},{"damage":0,"enemies":"Maw","floor":39,"turns":4},{"damage":26,"enemies":"Reptomancer","floor":40,"turns":3},{"damage":0,"enemies":"Transient","floor":41,"turns":5},{"damage":13,"enemies":"3 Darklings","floor":42,"turns":3},{"damage":16,"enemies":"2 Orb Walkers","floor":45,"turns":2},{"damage":0,"enemies":"Giant Head","floor":48,"turns":4},{"damage":67,"enemies":"Awakened One","floor":50,"turns":6}],"seed_played":"204733198519739853","potions_obtained":[{"floor":6.0,"key":"BottledMiracle"},{"floor":7.0,"key":"FearPotion"},{"floor":11.0,"key":"Explosive Potion"},{"floor":12.0,"key":"PowerPotion"},{"floor":21.0,"key":"FearPotion"},{"floor":23.0,"key":"Fire Potion"},{"floor":28.0,"key":"PowerPotion"},{"floor":35,"key":"PowerPotion"},{"floor":37,"key":"Ambrosia"},{"floor":42,"key":"FairyPotion"},{"floor":45,"key":"Dexterity Potion"}],"is_trial":false,"path_per_floor":["M","M","M","?","$","M","E","R","T","R","E","M","R","M","R","B",null,"M","?","$","M","?","E","M","R","T","R","M","M","T","E","R","B",null,"M","$","M","M","M","E","M","M","T","R","?","?","?","E","R","B",null],"character_chosen":"WATCHER","items_purchased":["AttackPotion","FollowUp","Molten Egg 2","CutThroughFate+1","Fasting2","SandsOfTime+1","Happy Flower"],"campfire_rested":2,"item_purchase_floors":[5,5,20,20,36,36,36],"current_hp_per_floor":[72,72,72,61,61,61,61,61,61,61,50,50,50,50,50,50,72,72,79,79,79,79,67,67,67,67,67,62,54,54,47,47,47,79,78,78,78,53,53,27,27,14,14,52,36,36,36,36,74,17],"gold":32,"neow_bonus":"TRANSFORM_TWO_CARDS","is_daily":false,"chose_seed":false,"campfire_upgraded":7,"win_rate":0.0,"timestamp":1613076439,"path_taken":["M","M","?","?","$","M","E","R","T","R","E","M","R","M","R","BOSS","M","?","$","?","?","E","M","R","T","R","M","M","?","E","R","BOSS","M","$","M","M","M","E","M","M","T","R","?","?","?","E","R","BOSS"],"items_purchased_type":["Potion","Card","Relic","Card","Card","Card","Relic"],"build_version":"2020-12-22","purchased_purges":0,"victory":true,"max_hp_per_floor":[72,72,72,72,72,72,72,72,72,72,72,72,72,72,72,72,72,72,79,79,79,79,79,79,79,79,79,79,79,79,79,79,79,79,79,79,79,79,79,79,79,79,79,79,79,79,79,79,79,79],"card_choices":[{"not_picked":["EmptyBody","ThirdEye"],"picked":"Tantrum","floor":1.0},{"not_picked":["Perseverance","Collect"],"picked":"FlurryOfBlows","floor":2.0},{"not_picked":["PathToVictory","LikeWater"],"picked":"ClearTheMind","floor":3.0},{"not_picked":["CarveReality","ThirdEye"],"picked":"WheelKick","floor":6.0},{"not_picked":["Meditate","SashWhip"],"picked":"InnerPeace","floor":7.0},{"not_picked":["EmptyMind","Weave"],"picked":"FlurryOfBlows","floor":11.0},{"not_picked":["Consecrate","Halt"],"picked":"FearNoEvil","floor":12.0},{"not_picked":["Crescendo","InnerPeace"],"picked":"ConjureBlade","floor":14.0},{"not_picked":["Wish","ConjureBlade"],"picked":"Scrawl","floor":16.0},{"not_picked":["Evaluate","WheelKick"],"picked":"FollowUp+1","floor":18.0},{"not_picked":["SashWhip+1","FollowUp+1"],"picked":"FlurryOfBlows+1","floor":21.0},{"not_picked":["BowlingBash+1","FollowUp+1"],"picked":"CutThroughFate+1","floor":23.0},{"not_picked":["Swivel","TalkToTheHand+1"],"picked":"DevaForm","floor":24.0},{"not_picked":["BowlingBash+1","Meditate+1"],"picked":"Protect+1","floor":28.0},{"not_picked":["EmptyFist+1","WreathOfFlame"],"picked":"DeceiveReality","floor":29},{"not_picked":["CutThroughFate+1","Consecrate+1"],"picked":"Establishment","floor":31},{"not_picked":["DeusExMachina","Omniscience"],"picked":"Devotion","floor":33},{"not_picked":["CutThroughFate+1","CrushJoints+1"],"picked":"Swivel+1","floor":35},{"not_picked":["PathToVictory+1","EmptyBody"],"picked":"CrushJoints+1","floor":37},{"not_picked":["SashWhip+1","FlyingSleeves+1","Collect"],"picked":"SKIP","floor":38},{"not_picked":["Consecrate+1","CrushJoints+1"],"picked":"Nirvana","floor":39},{"not_picked":["Vengeance","FlyingSleeves+1"],"picked":"LikeWater+1","floor":40},{"not_picked":["BowlingBash+1","Consecrate+1"],"picked":"FlurryOfBlows+1","floor":41},{"not_picked":["Wish","Vengeance+1"],"picked":"Protect","floor":42},{"not_picked":["Evaluate+1","EmptyFist+1"],"picked":"ClearTheMind+1","floor":44},{"not_picked":["CrushJoints+1","Indignation"],"picked":"FollowUp+1","floor":45},{"not_picked":["Pray+1","Consecrate+1"],"picked":"DevaForm","floor":48},{"not_picked":["Crescendo","Evaluate+1"],"picked":"Wallop+1","floor":49}],"player_experience":316390,"relics_obtained":[{"floor":7.0,"key":"Thread and Needle"},{"floor":9.0,"key":"Mummified Hand"},{"floor":11.0,"key":"Dream Catcher"},{"floor":23.0,"key":"Regal Pillow"},{"floor":30,"key":"Art of War"},{"floor":31,"key":"Bag of Marbles"},{"floor":40,"key":"Smiling Mask"},{"floor":43,"key":"Toy Ornithopter"},{"floor":45,"key":"Du-Vu Doll"},{"floor":48,"key":"Bottled Lightning"}],"event_choices":[{"damage_healed":0.0,"max_hp_gain":0.0,"max_hp_loss":0.0,"gold_gain":75.0,"event_name":"World of Goop","player_choice":"Gather Gold","floor":4.0,"gold_loss":0.0,"damage_taken":11.0},{"cards_removed":["ConjureBlade"],"damage_healed":0.0,"max_hp_gain":0.0,"max_hp_loss":0.0,"gold_gain":0.0,"event_name":"WeMeetAgain","player_choice":"Gave Card","floor":19.0,"gold_loss":0.0,"damage_taken":0.0,"relics_obtained":["Strawberry"]},{"cards_removed":["Defend_P"],"damage_healed":0.0,"max_hp_gain":0.0,"max_hp_loss":0.0,"gold_gain":0.0,"event_name":"Back to Basics","player_choice":"Elegance","floor":22.0,"gold_loss":0.0,"damage_taken":0.0},{"damage_healed":0,"gold_gain":0,"player_choice":"Fight","damage_taken":0,"max_hp_gain":0,"max_hp_loss":0,"event_name":"Mysterious Sphere","floor":45,"gold_loss":0},{"damage_healed":0,"gold_gain":0,"player_choice":"Paid","damage_taken":0,"relics_obtained":["Red Mask"],"max_hp_gain":0,"max_hp_loss":0,"event_name":"Tomb of Lord Red Mask","floor":46,"gold_loss":172},{"cards_removed":["Defend_P"],"damage_healed":0,"gold_gain":0,"player_choice":"Card Removal","damage_taken":0,"max_hp_gain":0,"max_hp_loss":0,"event_name":"Wheel of Change","floor":47,"gold_loss":0}],"is_beta":false,"boss_relics":[{"not_picked":["Pandora\u0027s Box","Runic Pyramid"],"picked":"Astrolabe"},{"not_picked":["SacredBark","Empty Cage"],"picked":"VioletLotus"}],"items_purged_floors":[],"is_endless":false,"potions_floor_spawned":[6,7,11,12,21,23,28,35,37,39,42,45],"ascension_level":0}}