{"host":"7gewg82ormp6yt4e","time":1613035789,"event":{"mods":["BaseMod","Block Reminder","Colored Map","DeckTracker","Highlight Path","Minty Spire (QoL Compilation)","Relic Stats","StSLib","ojb\u0027s Info Mod"],"gold_per_floor":[19,39,39,39,49,82,82,111,165,186,205,205,37,62,62,147,147,176,176,199,225,237,237,281,281,344,384,321,372,299,330,342,439,514,578,646,679,713,109,148,148,183,246,259,275,275,275,309,309,309,309],"floor_reached":52,"language":"JPN","playtime":5210,"items_purged":["Study"],"score":2063,"play_id":"fe46e5eb-36b0-4c9f-8646-1d88dc1b2b18","local_time":"20210211182949","is_ascension_mode":true,"campfire_choices":[{"data":"Eruption","floor":7.0,"key":"SMITH"},{"floor":12,"key":"REST"},{"data":"MentalFortress","floor":15,"key":"SMITH"},{"data":"Wallop","floor":23,"key":"SMITH"},{"data":"Vault","floor":25,"key":"SMITH"},{"floor":32,"key":"REST"},{"floor":41,"key":"REST"},{"floor":49,"key":"REST"}],"circlet_count":0,"master_deck":["AscendersBane","Eruption+1","Vigilance","Master of Strategy","Tantrum","FlyingSleeves","ClearTheMind","Wallop+1","MentalFortress+1","Vault+1","Halt","EmptyBody","SashWhip+1","Tantrum","Injury","BattleHymn","Omniscience","ClearTheMind","Wish","EmptyMind","CrushJoints","Vengeance","Study","SandsOfTime","Adaptation","Evaluate","EmptyBody","CrushJoints+1","EmptyMind","MentalFortress","Master of Strategy","ThirdEye+1","Omniscience","Shame"],"relics":["PureWater","InkBottle","FaceOfCleric","Nunchaku","Pen Nib","CeramicFish","Cursed Key","Nloth\u0027s Gift","Bottled Flame","MawBank","Mercury Hourglass","Bronze Scales","Pandora\u0027s Box","Lizard Tail","ClockworkSouvenir","Damaru","Strawberry","Darkstone Periapt"],"acts_visited":["Exordium","TheCity","TheBeyond"],"potions_floor_usage":[16,21,24,27,29,33,36,42,48],"damage_taken":[{"damage":3.0,"enemies":"2 Louse","floor":1.0,"turns":3.0},{"damage":0.0,"enemies":"Jaw Worm","floor":2.0,"turns":3.0},{"damage":0.0,"enemies":"Cultist","floor":5.0,"turns":2.0},{"damage":5.0,"enemies":"3 Sentries","floor":6.0,"turns":3.0},{"damage":40,"enemies":"Lagavulin","floor":8,"turns":6},{"damage":0,"enemies":"2 Fungi Beasts","floor":10,"turns":1},{"damage":11,"enemies":"Exordium Thugs","floor":11,"turns":2},{"damage":0,"enemies":"Lots of Slimes","floor":14,"turns":2},{"damage":0,"enemies":"Slime Boss","floor":16,"turns":5},{"damage":0,"enemies":"Chosen","floor":18,"turns":3},{"damage":0,"enemies":"Spheric Guardian","floor":20,"turns":3},{"damage":0,"enemies":"Snake Plant","floor":21,"turns":4},{"damage":0,"enemies":"Cultist and Chosen","floor":22,"turns":6},{"damage":19,"enemies":"Gremlin Leader","floor":24,"turns":6},{"damage":15,"enemies":"Shelled Parasite and Fungi","floor":27,"turns":6},{"damage":6,"enemies":"Slavers","floor":29,"turns":4},{"damage":0,"enemies":"Centurion and Healer","floor":31,"turns":4},{"damage":14,"enemies":"Champ","floor":33,"turns":10},{"damage":0,"enemies":"3 Shapes","floor":35,"turns":6},{"damage":16,"enemies":"2 Orb Walkers","floor":36,"turns":5},{"damage":0,"enemies":"Orb Walker","floor":37,"turns":2},{"damage":1,"enemies":"Sphere and 2 Shapes","floor":38,"turns":5},{"damage":63,"enemies":"Giant Head","floor":40,"turns":9},{"damage":15,"enemies":"Nemesis","floor":42,"turns":7},{"damage":0,"enemies":"4 Shapes","floor":44,"turns":5},{"damage":0,"enemies":"Spire Growth","floor":45,"turns":5},{"damage":14,"enemies":"Reptomancer","floor":48,"turns":5},{"damage":63,"enemies":"Awakened One","floor":50,"turns":18},{"damage":15,"enemies":"Donu and Deca","floor":51,"turns":11}],"seed_played":"-5420695766800590463","potions_obtained":[{"floor":1.0,"key":"ColorlessPotion"},{"floor":5.0,"key":"Swift Potion"},{"floor":8,"key":"BlessingOfTheForge"},{"floor":11,"key":"EssenceOfSteel"},{"floor":20,"key":"Strength Potion"},{"floor":24,"key":"Swift Potion"},{"floor":27,"key":"ColorlessPotion"},{"floor":29,"key":"SpeedPotion"},{"floor":31,"key":"PowerPotion"},{"floor":35,"key":"BlessingOfTheForge"},{"floor":40,"key":"FairyPotion"},{"floor":45,"key":"SkillPotion"}],"is_trial":false,"path_per_floor":["M","M","?","?","M","E","R","E","T","M","M","R","$","M","R","B",null,"M","?","M","M","M","R","E","R","T","M","?","E","?","M","R","B",null,"M","?","M","M","$","E","R","E","T","M","M","?","?","E","R","B","B",null],"character_chosen":"WATCHER","items_purchased":["Lee\u0027s Waffle","MentalFortress","ClockworkSouvenir","Master of Strategy","FearPotion","Weak Potion"],"campfire_rested":4,"item_purchase_floors":[13,39,39,39,39,39],"current_hp_per_floor":[58,58,53,53,54,50,50,11,11,12,2,23,80,81,81,82,82,83,83,84,85,86,86,68,68,68,54,54,49,49,50,77,64,84,85,70,71,71,71,9,37,30,30,31,32,32,32,19,51,33,19],"gold":309,"neow_bonus":"RANDOM_COLORLESS_2","is_daily":false,"chose_seed":false,"campfire_upgraded":4,"win_rate":0.0,"timestamp":1613035789,"path_taken":["M","M","?","?","M","E","R","E","T","M","?","R","$","M","R","BOSS","M","?","?","M","M","R","E","R","T","?","?","E","?","M","R","BOSS","M","?","M","M","$","E","R","E","T","M","M","?","?","E","R","BOSS","BOSS"],"items_purchased_type":["Relic","Card","Relic","Card","Potion","Potion"],"build_version":"2020-12-22","purchased_purges":1,"victory":true,"max_hp_per_floor":[68,68,68,68,69,70,70,71,71,72,73,73,80,81,81,82,82,83,83,84,85,86,86,87,87,87,88,88,89,89,90,90,91,91,92,93,94,95,95,96,96,104,104,105,106,106,106,107,107,108,109],"relic_stats":{"Darkstone Periapt":0,"counters":[29,149],"CeramicFish":252,"Pen Nib":[29],"Cursed Key":2,"MawBank":156,"Mercury Hourglass":[325],"Nunchaku":[30],"Lizard Tail":0,"FaceOfCleric":27,"Bronze Scales":[217],"Pandora\u0027s Box":["Study","EmptyMind","CrushJoints","Vengeance","Study","SandsOfTime","Adaptation"],"Nloth\u0027s Gift":7,"obtain_stats":[{"Darkstone Periapt":48,"Lee\u0027s Waffle":13,"CeramicFish":9,"Damaru":40,"Pen Nib":8,"Cursed Key":17,"MawBank":26,"Mercury Hourglass":29,"ClockworkSouvenir":39,"Nunchaku":6,"Bottled Flame":24,"Lizard Tail":36,"FaceOfCleric":4,"Bronze Scales":30,"Strawberry":42,"Pandora\u0027s Box":34,"Nloth\u0027s Gift":19,"PureWater":0,"InkBottle":3},{"Darkstone Periapt":27,"Lee\u0027s Waffle":7,"CeramicFish":5,"Damaru":23,"Pen Nib":5,"Cursed Key":9,"MawBank":14,"Mercury Hourglass":16,"ClockworkSouvenir":22,"Nunchaku":4,"Bottled Flame":14,"Lizard Tail":20,"FaceOfCleric":2,"Bronze Scales":16,"Strawberry":24,"Pandora\u0027s Box":18,"Nloth\u0027s Gift":10,"PureWater":0,"InkBottle":2},{"Darkstone Periapt":120,"Lee\u0027s Waffle":20,"CeramicFish":17,"Damaru":99,"Pen Nib":17,"Cursed Key":27,"MawBank":49,"Mercury Hourglass":59,"ClockworkSouvenir":90,"Nunchaku":11,"Bottled Flame":49,"Lizard Tail":83,"FaceOfCleric":6,"Bronze Scales":59,"Strawberry":106,"Pandora\u0027s Box":73,"Nloth\u0027s Gift":30,"PureWater":0,"InkBottle":6}],"InkBottle":[63]},"card_choices":[{"not_picked":["Panache","Secret Technique"],"picked":"Master of Strategy","floor":0.0},{"not_picked":["SashWhip","Study"],"picked":"BowlingBash","floor":1.0},{"not_picked":["BowlingBash","PathToVictory"],"picked":"Tantrum","floor":2.0},{"not_picked":["PathToVictory","Evaluate"],"picked":"FlyingSleeves","floor":5.0},{"not_picked":["Consecrate","CutThroughFate","SignatureMove"],"picked":"SKIP","floor":6.0},{"not_picked":["Alpha","Fasting2"],"picked":"ClearTheMind","floor":8},{"not_picked":["Indignation","JustLucky"],"picked":"Wallop","floor":10},{"not_picked":["SashWhip","Crescendo","Collect"],"picked":"SKIP","floor":11},{"not_picked":["Vengeance","Study"],"picked":"MentalFortress","floor":14},{"not_picked":["ConjureBlade","Establishment"],"picked":"Vault","floor":16},{"not_picked":["Crescendo","Wireheading"],"picked":"Halt","floor":18},{"not_picked":["DeceiveReality","Halt"],"picked":"EmptyBody","floor":20},{"not_picked":["FollowUp","Halt"],"picked":"SashWhip+1","floor":21},{"not_picked":["SashWhip","ForeignInfluence","Devotion"],"picked":"SKIP","floor":22},{"not_picked":["Ragnarok","SpiritShield"],"picked":"Tantrum","floor":24},{"not_picked":["PathToVictory","CrushJoints"],"picked":"BattleHymn","floor":27},{"not_picked":["Study","Evaluate"],"picked":"Omniscience","floor":29},{"not_picked":["Prostrate","EmptyFist"],"picked":"ClearTheMind","floor":31},{"not_picked":["Establishment","Blasphemy"],"picked":"Wish","floor":33},{"not_picked":["Consecrate+1","JustLucky+1"],"picked":"Evaluate","floor":35},{"not_picked":["BowlingBash","SignatureMove"],"picked":"EmptyBody","floor":36},{"not_picked":["Conclude","LessonLearned"],"picked":"CrushJoints+1","floor":37},{"not_picked":["Consecrate","BowlingBash"],"picked":"EmptyMind","floor":38},{"not_picked":["Blasphemy","DeceiveReality"],"picked":"ThirdEye+1","floor":40},{"not_picked":["CrushJoints+1","Establishment"],"picked":"Omniscience","floor":42},{"not_picked":["Indignation","ThirdEye","BattleHymn+1"],"picked":"SKIP","floor":44},{"not_picked":["SashWhip","PathToVictory+1","Consecrate"],"picked":"SKIP","floor":45},{"not_picked":["Consecrate","Crescendo","SignatureMove"],"picked":"SKIP","floor":48}],"player_experience":2828557,"relics_obtained":[{"floor":6.0,"key":"Nunchaku"},{"floor":8,"key":"Pen Nib"},{"floor":9,"key":"CeramicFish"},{"floor":24,"key":"Bottled Flame"},{"floor":26,"key":"MawBank"},{"floor":29,"key":"Mercury Hourglass"},{"floor":36,"key":"Lizard Tail"},{"floor":40,"key":"Damaru"},{"floor":42,"key":"Strawberry"},{"floor":48,"key":"Darkstone Periapt"}],"event_choices":[{"damage_healed":0.0,"max_hp_gain":0.0,"max_hp_loss":0.0,"gold_gain":0.0,"event_name":"Scrap Ooze","player_choice":"Success","floor":3.0,"gold_loss":0.0,"damage_taken":5.0,"relics_obtained":["InkBottle"]},{"damage_healed":0.0,"max_hp_gain":0.0,"max_hp_loss":0.0,"gold_gain":0.0,"event_name":"FaceTrader","player_choice":"Trade","floor":4.0,"gold_loss":0.0,"damage_taken":0.0,"relics_obtained":["FaceOfCleric"]},{"damage_healed":0,"gold_gain":0,"player_choice":"Traded Relic","damage_taken":0,"relics_obtained":["Nloth\u0027s Gift"],"max_hp_gain":0,"max_hp_loss":0,"event_name":"N\u0027loth","floor":19,"relics_lost":["Lee\u0027s Waffle"],"gold_loss":0},{"cards_removed":["Strike_P"],"damage_healed":0,"gold_gain":0,"player_choice":"Gave Gold","damage_taken":0,"max_hp_gain":0,"max_hp_loss":0,"event_name":"Beggar","floor":28,"gold_loss":75},{"damage_healed":0,"gold_gain":0,"player_choice":"Obtained Relic","damage_taken":0,"relics_obtained":["Bronze Scales"],"max_hp_gain":0,"max_hp_loss":0,"event_name":"Addict","floor":30,"gold_loss":85},{"damage_healed":0,"gold_gain":0,"player_choice":"Fight","damage_taken":0,"max_hp_gain":0,"max_hp_loss":0,"event_name":"Mysterious Sphere","floor":36,"gold_loss":0},{"cards_removed":["BowlingBash"],"damage_healed":0,"gold_gain":0,"player_choice":"Removed Attack","damage_taken":0,"max_hp_gain":0,"max_hp_loss":0,"event_name":"Falling","floor":46,"gold_loss":0},{"damage_healed":0,"gold_gain":0,"player_choice":"Ignored","damage_taken":0,"max_hp_gain":0,"max_hp_loss":0,"event_name":"Tomb of Lord Red Mask","floor":47,"gold_loss":0}],"is_beta":false,"boss_relics":[{"not_picked":["Black Star","Runic Pyramid"],"picked":"Cursed Key"},{"not_picked":["Empty Cage","SacredBark"],"picked":"Pandora\u0027s Box"}],"items_purged_floors":[39],"is_endless":false,"potions_floor_spawned":[1,5,8,11,14,20,24,27,29,31,35,40,45],"ascension_level":20}}