{"host":"7tvb1em0d2fx72q7","time":1613017309,"event":{"mods":["BaseMod","Challenge The Spire","Minty Spire (QoL Compilation)","StSLib","everything is the same but u backflip on backflip"],"gold_per_floor":[118,131,28,28,44,79,79,79,106,144,166,189,189,24,24,110,110,132,153,172,194,221,258,285,303,312,362,362,41,53,53,53,135,162,185,185,214,12,30,30,30],"floor_reached":40,"language":"ENG","playtime":2653,"items_purged":["Strike_B","Strike_B","Doubt"],"score":886,"play_id":"c4eed7ad-6d88-4db9-8ccf-8f523c240624","local_time":"20210210232149","is_ascension_mode":true,"campfire_choices":[{"data":"Chaos","floor":7,"key":"SMITH"},{"data":"Loop","floor":15,"key":"SMITH"},{"data":"Ghostly","floor":28,"key":"SMITH"},{"data":"Ghostly","floor":32,"key":"SMITH"}],"circlet_count":0,"master_deck":["AscendersBane","Defend_B","Defend_B","Defend_B","Zap","Dualcast","Electrodynamics","Chaos+1","Go for the Eyes","Coolheaded","BootSequence","Coolheaded","Consume+1","Redo","Loop+1","Seek","Compile Driver","Hologram","Chill","Coolheaded","Force Field","Conserve Battery","Ghostly","Ghostly+1","Ghostly+1","Amplify","Loop","Biased Cognition","Chill+1","FTL+1","Darkness+1","Ball Lightning","Hologram+1","Fusion"],"relics":["Cracked Core","Strawberry","PreservedInsect","CeramicFish","Cursed Key","Shuriken","Singing Bowl","Bag of Preparation","Astrolabe","Lee\u0027s Waffle"],"acts_visited":["Exordium","TheCity","TheBeyond"],"potions_floor_usage":[6,16,18,22,23,40],"damage_taken":[{"damage":1,"enemies":"2 Louse","floor":1,"turns":3},{"damage":7,"enemies":"Jaw Worm","floor":2,"turns":4},{"damage":0,"enemies":"Cultist","floor":5,"turns":3},{"damage":4,"enemies":"Gremlin Nob","floor":6,"turns":3},{"damage":8,"enemies":"Lagavulin","floor":10,"turns":6},{"damage":7,"enemies":"3 Louse","floor":11,"turns":2},{"damage":0,"enemies":"Looter","floor":12,"turns":3},{"damage":16,"enemies":"The Guardian","floor":16,"turns":8},{"damage":14,"enemies":"2 Thieves","floor":18,"turns":4},{"damage":11,"enemies":"Shell Parasite","floor":19,"turns":3},{"damage":2,"enemies":"3 Cultists","floor":20,"turns":4},{"damage":16,"enemies":"Snake Plant","floor":21,"turns":6},{"damage":6,"enemies":"Snecko","floor":22,"turns":7},{"damage":6,"enemies":"Gremlin Leader","floor":23,"turns":8},{"damage":0,"enemies":"Sentry and Sphere","floor":30,"turns":2},{"damage":6,"enemies":"Champ","floor":33,"turns":10},{"damage":5,"enemies":"Orb Walker","floor":35,"turns":3},{"damage":0,"enemies":"3 Shapes","floor":37,"turns":1},{"damage":6,"enemies":"Spire Growth","floor":39,"turns":5},{"damage":49,"enemies":"Giant Head","floor":40,"turns":9}],"seed_played":"-3949423985862189913","potions_obtained":[{"floor":2,"key":"Fire Potion"},{"floor":6,"key":"Strength Potion"},{"floor":8,"key":"FocusPotion"},{"floor":11,"key":"Regen Potion"},{"floor":16,"key":"Block Potion"},{"floor":18,"key":"Block Potion"},{"floor":22,"key":"SkillPotion"},{"floor":33,"key":"SmokeBomb"}],"is_trial":false,"path_per_floor":["M","M","$","?","M","E","R","?","T","E","M","M","?","$","R","B",null,"M","M","M","M","M","E","?","?","T","?","R","$","M","?","R","B",null,"M","?","M","$","M","E"],"character_chosen":"DEFECT","items_purchased":["Go for the Eyes","Loop","Loop","Bag of Preparation","Fusion","Lee\u0027s Waffle"],"campfire_rested":0,"item_purchase_floors":[3,14,29,29,38,38],"current_hp_per_floor":[63,56,56,61,61,64,64,64,64,56,49,49,49,49,49,33,65,51,40,38,22,31,25,25,25,25,25,25,25,27,27,27,21,35,30,29,29,51,47,0,0],"gold":30,"neow_bonus":"THREE_RARE_CARDS","is_daily":false,"chose_seed":false,"campfire_upgraded":4,"win_rate":0.0,"timestamp":1613017309,"path_taken":["M","M","$","?","M","E","R","?","T","E","M","?","?","$","R","BOSS","M","M","M","M","M","E","?","?","T","?","R","$","?","?","R","BOSS","M","?","M","$","M","E"],"items_purchased_type":["Card","Card","Card","Relic","Card","Relic"],"build_version":"2020-12-22","purchased_purges":3,"victory":false,"max_hp_per_floor":[64,64,64,69,69,76,76,76,76,76,76,76,76,76,76,76,76,76,76,76,76,76,76,38,38,38,38,38,38,40,40,40,40,40,40,44,44,51,53,53,53],"card_choices":[{"not_picked":["Thunder Strike","Meteor Strike"],"picked":"Electrodynamics","floor":0},{"not_picked":["Compile Driver","Capacitor"],"picked":"Chaos","floor":1},{"not_picked":["Streamline","Compile Driver"],"picked":"Cold Snap","floor":2},{"not_picked":["Lockon","Cold Snap"],"picked":"Coolheaded","floor":5},{"not_picked":["Recycle","Aggregate"],"picked":"BootSequence","floor":6},{"not_picked":["Gash","Go for the Eyes"],"picked":"Coolheaded","floor":10},{"not_picked":["Hologram","Doom and Gloom"],"picked":"Consume","floor":11},{"not_picked":["Gash","Rip and Tear"],"picked":"Redo","floor":12},{"not_picked":["Amplify","Multi-Cast"],"picked":"Seek","floor":16},{"not_picked":["Darkness","Leap"],"picked":"Compile Driver","floor":18},{"not_picked":["Streamline","Conserve Battery"],"picked":"Hologram","floor":19},{"not_picked":["Gash","Sweeping Beam"],"picked":"Chill","floor":20},{"not_picked":["Scrape","Barrage"],"picked":"Coolheaded","floor":21},{"not_picked":["Turbo","Steam"],"picked":"Force Field","floor":22},{"not_picked":["FTL","Rip and Tear+1"],"picked":"Conserve Battery","floor":23},{"not_picked":["All For One","Auto Shields","Steam"],"picked":"Singing Bowl","floor":30},{"not_picked":["Buffer","Core Surge"],"picked":"Biased Cognition","floor":33},{"not_picked":["Gash","Barrage"],"picked":"Ball Lightning","floor":35},{"not_picked":["Deep Breath","Impatience","Transmutation"],"picked":"Singing Bowl","floor":36},{"not_picked":["Good Instincts","Enlightenment","Sadistic Nature"],"picked":"Singing Bowl","floor":36},{"not_picked":["Cold Snap","Go for the Eyes"],"picked":"Hologram+1","floor":37},{"not_picked":["Darkness","Double Energy","Sweeping Beam+1"],"picked":"Singing Bowl","floor":39}],"player_experience":2051716,"relics_obtained":[{"floor":6,"key":"Strawberry"},{"floor":9,"key":"PreservedInsect"},{"floor":10,"key":"CeramicFish"},{"floor":23,"key":"Shuriken"},{"floor":26,"key":"Singing Bowl"}],"event_choices":[{"damage_healed":0,"gold_gain":0,"player_choice":"Donut","damage_taken":0,"max_hp_gain":5,"max_hp_loss":0,"event_name":"Big Fish","floor":4,"gold_loss":0},{"damage_healed":0,"gold_gain":0,"player_choice":"Got Potions","damage_taken":0,"max_hp_gain":0,"max_hp_loss":0,"event_name":"Lab","floor":8,"gold_loss":0},{"damage_healed":0,"gold_gain":0,"player_choice":"Grow","damage_taken":0,"max_hp_gain":0,"max_hp_loss":0,"event_name":"Living Wall","floor":13,"gold_loss":0,"cards_upgraded":["Consume"]},{"damage_healed":0,"gold_gain":0,"player_choice":"Became a Ghost","damage_taken":0,"max_hp_gain":0,"max_hp_loss":38,"event_name":"Ghosts","floor":24,"gold_loss":0,"cards_obtained":["Ghostly","Ghostly","Ghostly"]},{"damage_healed":0,"gold_gain":0,"cards_transformed":["Strike_B","Strike_B"],"player_choice":"Became Test Subject","damage_taken":0,"max_hp_gain":0,"max_hp_loss":0,"event_name":"Drug Dealer","floor":25,"gold_loss":0,"cards_obtained":["Melter","Amplify"]},{"damage_healed":0,"gold_gain":100,"player_choice":"Bet on Murderer","damage_taken":0,"max_hp_gain":0,"max_hp_loss":0,"event_name":"The Joust","floor":27,"gold_loss":50},{"damage_healed":0,"gold_gain":0,"player_choice":"Memory 2","damage_taken":5,"max_hp_gain":0,"max_hp_loss":0,"event_name":"SensoryStone","floor":36,"gold_loss":0}],"is_beta":false,"boss_relics":[{"not_picked":["Nuclear Battery","Ectoplasm"],"picked":"Cursed Key"},{"not_picked":["Fusion Hammer","Black Star"],"picked":"Astrolabe"}],"items_purged_floors":[3,14,29],"is_endless":false,"potions_floor_spawned":[2,6,11,16,18,19,22,33,37],"killed_by":"Giant Head","ascension_level":20}}