{"host":"mvz90ilxx8epviq1","time":1613009246,"event":{"mods":["2.2 Compatiblity","AchievementEnabler","Act Like it!","Bartender","BaseMod","Better Note","Better Third Choice","Better Vampires","Clockwork Mod","Colored Map","Colored Powertips","Downfall","Gensokyo","Hallownest","Hermit","Hubris","Koishi","Marisa????????","Minty Spire (QoL Compilation)","Shop Mod","Spicy Shops","StSLib","The Alterego","The Blackbeard","The Bug Knight","The Construct","The Cursed","The Mystic","The Senshi","The Servant 0.9.4","The Wild Card","slay the spire mod where everything is the same but ironclad has a cowboy hat"],"gold_per_floor":[111,129,129,129,143,143,162,192,192,204,232,232,261,279,279,383,383,399,399,450,462,462,462,39,49,75,90,100,125,142,142,142,238,238,249,249,23,36,49,79,98,98,98,171,171,185,196,226,226,226,226,226,14,42,42],"floor_reached":56,"language":"ENG","playtime":4548,"items_purged":["Normality","Pain","Regret"],"score":1381,"play_id":"ee6fe27d-3736-4fc9-9dab-e04c9e1d574f","local_time":"20210210210726","is_ascension_mode":false,"campfire_choices":[{"data":"1","floor":12,"key":"LIFT"},{"data":"2","floor":15,"key":"LIFT"},{"data":"3","floor":23,"key":"LIFT"},{"floor":32,"key":"RECALL"},{"floor":42,"key":"REST"},{"data":"construct:ShiftStrike","floor":49,"key":"SMITH"},{"data":"construct:MetalShell","floor":52,"key":"SMITH"}],"circlet_count":0,"master_deck":["construct:Strike_Gold","construct:Strike_Gold","construct:Strike_Gold","construct:Strike_Gold","construct:Strike_Gold","construct:Defend_Gold","construct:Defend_Gold","construct:Defend_Gold","construct:Defend_Gold+1","construct:Defend_Gold","construct:AttackMode","construct:DefenseMode","construct:Autoturret","construct:Missile","construct:Impenetrable","construct:SaveState","construct:Overcharge","construct:ShiftStrike+1","construct:ClusterMines","construct:SweepLaser","construct:MetalShell+1","construct:Impenetrable+1","construct:GuardCore","construct:ShiftStrike+1","construct:HammerDown","construct:Autoturret","construct:BatteryCore","construct:Autoturret","construct:Antimatter+1","construct:ModeShift","construct:Autoturret+1","construct:ClusterMines+1","construct:Failsafe+1","construct:Construct_Overclock+1","construct:SiegeForm+1","construct:ClusterMines+1","construct:LongRangeLance+1","construct:LaserCore+1","construct:MetalShell+1","construct:SuppressiveFire+1","construct:Missile","construct:SyphonStrike+1","construct:Tumble+1","construct:SyphonStrike","construct:Analyze+1"],"relics":["construct:Cogwheel","hubris:Towel","hubris:Icosahedron","Bottled Tornado","Thread and Needle","Tiny Chest","Snecko Eye","WarpedTongs","Pen Nib","Frozen Egg 2","Akabeko","hubris:MedicalManual","hubris:BlackHole","hubris:TinFlute","construct:FoamFinger","HollowMod:PaleOreRelic","MerchantsRug","hubris:Metronome","Unceasing Top","construct:LongRangeLance"],"acts_visited":[],"potions_floor_usage":[8,11,18,28,33,55],"damage_taken":[{"damage":1,"enemies":"Jaw Worm","floor":1,"turns":3},{"damage":0,"enemies":"Small Slimes","floor":2,"turns":3},{"damage":4,"enemies":"2 Louse","floor":5,"turns":3},{"damage":0,"enemies":"Looter","floor":7,"turns":3},{"damage":19,"enemies":"Gremlin Nob","floor":8,"turns":5},{"damage":14,"enemies":"Exordium Thugs","floor":10,"turns":4},{"damage":13,"enemies":"3 Sentries","floor":11,"turns":6},{"damage":6,"enemies":"Gremlin Nob","floor":13,"turns":4},{"damage":0,"enemies":"Blue Slaver","floor":14,"turns":3},{"damage":5,"enemies":"Slime Boss","floor":16,"turns":5},{"damage":0,"enemies":"Chosen","floor":18,"turns":4},{"damage":8,"enemies":"Shell Parasite","floor":21,"turns":4},{"damage":11,"enemies":"Shelled Parasite and Fungi","floor":25,"turns":4},{"damage":6,"enemies":"Snake Plant","floor":27,"turns":2},{"damage":4,"enemies":"3 Cultists","floor":28,"turns":4},{"damage":0,"enemies":"Snecko","floor":30,"turns":2},{"damage":24,"enemies":"Collector","floor":33,"turns":6},{"damage":0,"enemies":"Orb Walker","floor":35,"turns":3},{"damage":6,"enemies":"3 Darklings","floor":38,"turns":2},{"damage":0,"enemies":"Writhing Mass","floor":39,"turns":2},{"damage":36,"enemies":"Nemesis","floor":40,"turns":5},{"damage":0,"enemies":"Spire Growth","floor":41,"turns":2},{"damage":1,"enemies":"Sphere and 2 Shapes","floor":46,"turns":2},{"damage":0,"enemies":"Writhing Mass","floor":47,"turns":1},{"damage":0,"enemies":"Reptomancer","floor":48,"turns":3},{"damage":0,"enemies":"hubris:GrandSnecko","floor":50,"turns":1},{"damage":0,"enemies":"Shield and Spear","floor":54,"turns":3},{"damage":19,"enemies":"The Heart","floor":55,"turns":3}],"seed_played":"-6189415149547276410","potions_obtained":[{"floor":5,"key":"Swift Potion"},{"floor":8,"key":"sneckomod:MuddlingPotion"},{"floor":10,"key":"construct:MegaPotion"},{"floor":13,"key":"Ancient Potion"},{"floor":16,"key":"BlessingOfTheForge"},{"floor":21,"key":"ColorlessPotion"},{"floor":25,"key":"sneckomod:MuddlingPotion"},{"floor":28,"key":"DuplicationPotion"},{"floor":30,"key":"Energy Potion"},{"floor":38,"key":"Energy Potion"},{"floor":40,"key":"ColorlessPotion"},{"floor":47,"key":"LiquidMemories"},{"floor":54,"key":"Dexterity Potion"}],"is_trial":false,"path_per_floor":["M","M","?","?","M","?","M","E","T","M","E","R","E","M","R","B",null,"M","?","T","M","?","R","$","M","T","M","M","T","M","T","R","B",null,"M","?","$","M","M","E","M","R","T","T","?","M","M","E","R","B",null,"R","$","E","B",null],"character_chosen":"THE_CONSTRUCT_MOD","items_purchased":["Frozen Egg 2","construct:Autoturret+1","Chemical X","War Paint","MerchantsRug","hubris:Metronome"],"campfire_rested":1,"item_purchase_floors":[24,24,37,37,53,53],"current_hp_per_floor":[92,92,92,92,88,88,88,69,69,55,42,42,36,36,36,31,93,93,93,93,85,85,85,85,74,74,68,64,64,64,64,64,40,93,93,93,93,87,87,51,51,78,78,88,88,87,87,87,87,87,103,103,103,103,84],"gold":42,"neow_bonus":"TEN_PERCENT_HP_BONUS","is_daily":false,"chose_seed":false,"campfire_upgraded":2,"win_rate":0.0,"timestamp":1613009246,"path_taken":["M","M","?","?","M","?","M","E","T","M","E","R","E","M","R","BOSS","M","?","?","M","?","R","$","M","T","M","M","?","M","?","R","BOSS","M","?","$","?","M","E","M","R","T","?","?","M","M","E","R","BOSS","R","$","E","BOSS"],"items_purchased_type":["Relic","Card","Relic","Relic","Relic","Relic"],"build_version":"2020-12-22","purchased_purges":3,"victory":true,"max_hp_per_floor":[93,93,93,93,93,93,93,93,93,93,93,93,93,93,93,93,93,93,93,93,93,93,93,93,93,93,93,93,93,93,93,93,93,93,93,93,93,93,93,93,93,93,93,103,103,103,103,103,103,103,103,103,103,103,103],"card_choices":[{"not_picked":["construct:SweepLaser","construct:VentSteam"],"picked":"construct:Autoturret","floor":1},{"not_picked":["construct:SuppressiveFire","construct:ClusterMines"],"picked":"construct:Missile","floor":2},{"not_picked":["construct:Autoturret","construct:UnbalancingBlast"],"picked":"construct:Impenetrable","floor":5},{"not_picked":["construct:FierceBash","construct:Boost"],"picked":"construct:MetalShell","floor":7},{"not_picked":["construct:GuardCore","construct:HastyRepair"],"picked":"construct:Impenetrable","floor":8},{"not_picked":["construct:Anticipate","construct:VentSteam"],"picked":"construct:GuardCore","floor":10},{"not_picked":["construct:Versatility","construct:ClusterMines"],"picked":"construct:ShiftStrike","floor":11},{"not_picked":["construct:SuppressiveFire","construct:Forcefield"],"picked":"construct:HammerDown","floor":13},{"not_picked":["construct:Accumulate","construct:Boost"],"picked":"construct:Autoturret","floor":14},{"not_picked":["construct:HastyRepair","construct:ShieldBurst"],"picked":"construct:BatteryCore","floor":16},{"not_picked":["construct:Backfire","construct:Reinforce"],"picked":"construct:Autoturret","floor":18},{"not_picked":["construct:FierceBash+1","construct:Analyze"],"picked":"construct:Antimatter+1","floor":21},{"not_picked":["construct:CripplingShot","construct:OneWayMirror"],"picked":"construct:ClusterMines+1","floor":25},{"not_picked":["construct:Autoturret+1","construct:Boost+1"],"picked":"construct:Failsafe+1","floor":27},{"not_picked":["construct:HeavyBolt+1","construct:ModeShift"],"picked":"construct:Construct_Overclock+1","floor":28},{"not_picked":["construct:SweepLaser","construct:ElectricArmor","construct:SyphonStrike"],"picked":"SKIP","floor":30},{"not_picked":["construct:MassProduction","construct:LongRangeLance+1"],"picked":"construct:SiegeForm+1","floor":33},{"not_picked":["construct:Failsafe+1","construct:Versatility"],"picked":"construct:ClusterMines+1","floor":35},{"not_picked":["construct:SuppressiveFire","construct:Backup"],"picked":"construct:LongRangeLance+1","floor":38},{"not_picked":["construct:ScrapCannon+1","construct:ModeShift"],"picked":"construct:LaserCore+1","floor":39},{"not_picked":["construct:UnbalancingBlast+1","construct:Enhance+1"],"picked":"construct:MetalShell+1","floor":40},{"not_picked":["construct:SyphonStrike","construct:Anticipate"],"picked":"construct:SuppressiveFire+1","floor":41},{"not_picked":["construct:SuppressiveFire","construct:Disrupt"],"picked":"construct:SyphonStrike+1","floor":46},{"not_picked":["construct:VentSteam+1","construct:Bunker+1"],"picked":"construct:Tumble+1","floor":47},{"not_picked":["construct:Forcefield+1","construct:Hazardproof"],"picked":"construct:SyphonStrike","floor":48},{"not_picked":["construct:Reinforce","construct:LaserCore"],"picked":"construct:Analyze+1","floor":54}],"player_experience":492602,"relics_obtained":[{"floor":8,"key":"Girya"},{"floor":9,"key":"Bottled Tornado"},{"floor":11,"key":"Thread and Needle"},{"floor":13,"key":"Tiny Chest"},{"floor":20,"key":"Pen Nib"},{"floor":29,"key":"Akabeko"},{"floor":31,"key":"hubris:MedicalManual"},{"floor":40,"key":"hubris:TinFlute"},{"floor":43,"key":"construct:FoamFinger"},{"floor":44,"key":"Pear"},{"floor":48,"key":"HollowMod:PaleOreRelic"},{"floor":54,"key":"Unceasing Top"}],"event_choices":[{"damage_healed":0,"gold_gain":0,"player_choice":"Rummage","damage_taken":0,"relics_obtained":["WarpedTongs"],"max_hp_gain":0,"max_hp_loss":0,"event_name":"Accursed Blacksmith","floor":19,"gold_loss":0,"cards_obtained":["Pain"]},{"damage_healed":0,"gold_gain":0,"player_choice":"1 cards matched","damage_taken":0,"max_hp_gain":0,"max_hp_loss":0,"event_name":"Match and Keep!","floor":22,"gold_loss":0,"cards_obtained":["construct:ModeShift"]},{"damage_healed":0,"gold_gain":0,"player_choice":"Upgraded","damage_taken":0,"max_hp_gain":0,"max_hp_loss":0,"event_name":"Upgrade Shrine","floor":36,"gold_loss":0,"cards_upgraded":["construct:ShiftStrike"]}],"is_beta":false,"boss_relics":[{"not_picked":["theSenshi:MoonKaleidoScopeRelic","hubris:HollowSoul"],"picked":"Snecko Eye"},{"not_picked":["Busted Crown","Philosopher\u0027s Stone"],"picked":"hubris:BlackHole"}],"items_purged_floors":[24,24,53],"is_endless":false,"potions_floor_spawned":[5,8,10,13,16,21,25,28,30,38,40,47,54],"ascension_level":0}}