{"host":"qy1e0kd24tpj3i2m","time":1613066793,"event":{"mods":["Act Like it!","BaseMod","Better Skull","Better Vampires","Colored Map","Colored Powertips","Custom Start","Faster Ascension Climbing","Friendly Minions","GifTheSpireLib","Gremlin Skip","Highlight Path","Minty Spire (QoL Compilation)","Permanent Neow","Poor People Problems","Quick Restart","Red Circlet Mod","Relic Filter Mod","Relic Sorter","Reorder Act Four","SacredBarkPlus","Shop Mod","StSLib","SuperFastMode","Transform Curses","没有小屋子和绿帽子啦"],"gold_per_floor":[111,111,129,99,24,24,53,81,81,81,98,115,148,16,16,93,93,105,105,115,55,55,55,55,55],"floor_reached":24,"language":"ZHS","playtime":750,"items_purged":["Writhe"],"score":454,"play_id":"2a41ce6c-def1-48b9-9e44-668614f7b5b0","local_time":"20210212030633","is_ascension_mode":true,"campfire_choices":[{"data":"Body Slam","floor":6.0,"key":"SMITH"},{"data":"True Grit","floor":10.0,"key":"SMITH"},{"data":"Barricade","floor":15.0,"key":"SMITH"},{"data":"Second Wind","floor":23,"key":"SMITH"}],"circlet_count":0,"master_deck":["AscendersBane","Strike_R","Strike_R","Strike_R","Strike_R","Defend_R","Defend_R","Defend_R","Defend_R","Body Slam+1","Spot Weakness","True Grit+1","Fire Breathing","Barricade+1","Metallicize","Second Wind+1","Seeing Red","Impervious","CurseOfTheBell","Pommel Strike","Feel No Pain"],"relics":["Mark of Pain","Odd Mushroom","The Courier","Meat on the Bone","Ice Cream","Potion Belt","Calling Bell","Bag of Marbles","White Beast Statue","Bird Faced Urn","Turnip"],"acts_visited":["Exordium","TheCity"],"potions_floor_usage":[24],"damage_taken":[{"damage":6.0,"enemies":"Small Slimes","floor":1.0,"turns":4.0},{"damage":5.0,"enemies":"Cultist","floor":3.0,"turns":4.0},{"damage":8.0,"enemies":"The Mushroom Lair","floor":7.0,"turns":5.0},{"damage":15.0,"enemies":"3 Sentries","floor":8.0,"turns":4.0},{"damage":3.0,"enemies":"Jaw Worm","floor":11.0,"turns":4.0},{"damage":5.0,"enemies":"2 Fungi Beasts","floor":12.0,"turns":5.0},{"damage":0.0,"enemies":"Lagavulin","floor":13.0,"turns":6.0},{"damage":28.0,"enemies":"Hexaghost","floor":16.0,"turns":14.0},{"damage":22.0,"enemies":"Chosen","floor":18.0,"turns":7.0},{"damage":13.0,"enemies":"3 Byrds","floor":20.0,"turns":6.0},{"damage":41,"enemies":"Book of Stabbing","floor":24,"turns":6}],"seed_played":"-2179475510472726661","potions_obtained":[{"floor":1.0,"key":"EssenceOfSteel"},{"floor":7.0,"key":"BlessingOfTheForge"},{"floor":8.0,"key":"FearPotion"},{"floor":12.0,"key":"Weak Potion"},{"floor":16.0,"key":"GamblersBrew"},{"floor":18.0,"key":"Fire Potion"},{"floor":20.0,"key":"Explosive Potion"}],"is_trial":false,"path_per_floor":["M","?","M","$","?","R","?","E","T","R","M","M","E","$","R","B",null,"M","?","M","$","?","R","E"],"character_chosen":"IRONCLAD","items_purchased":["True Grit","Potion Belt"],"campfire_rested":0,"item_purchase_floors":[4,14],"current_hp_per_floor":[62,62,57,57,57,57,49,34,34,34,43,38,38,38,38,22,62,46,46,39,39,39,39,6,6],"gold":55,"neow_bonus":"BOSS_RELIC","is_daily":false,"chose_seed":false,"campfire_upgraded":4,"win_rate":0.0,"timestamp":1613066793,"path_taken":["M","?","M","?","?","R","?","E","T","R","?","M","E","$","R","BOSS","M","?","M","$","?","R","E"],"items_purchased_type":["Card","Relic"],"build_version":"2020-12-22","purchased_purges":1,"victory":false,"max_hp_per_floor":[75,75,75,75,75,75,75,75,75,75,75,75,75,75,75,75,75,75,75,75,75,75,75,75,75],"card_choices":[{"not_picked":["Dropkick","Heavy Blade"],"picked":"Body Slam","floor":1.0},{"not_picked":["Iron Wave","Warcry"],"picked":"Spot Weakness","floor":3.0},{"not_picked":["Headbutt","Clash"],"picked":"Fire Breathing","floor":7.0},{"not_picked":["Cleave","Sentinel"],"picked":"Barricade","floor":8.0},{"not_picked":["Seeing Red","Twin Strike"],"picked":"Metallicize","floor":11.0},{"not_picked":["Sword Boomerang","Second Wind","Cleave"],"picked":"SKIP","floor":12.0},{"not_picked":["Sword Boomerang","Cleave"],"picked":"Second Wind","floor":12.0},{"not_picked":["Berserk","Twin Strike"],"picked":"Seeing Red","floor":13.0},{"not_picked":["Corruption","Offering"],"picked":"Impervious","floor":16.0},{"not_picked":["Thunderclap","Clash"],"picked":"Pommel Strike","floor":18.0},{"not_picked":["Combust","Rupture","Thunderclap"],"picked":"SKIP","floor":20.0}],"player_experience":1025918,"relics_obtained":[{"floor":7.0,"key":"Odd Mushroom"},{"floor":8.0,"key":"The Courier"},{"floor":9.0,"key":"Meat on the Bone"},{"floor":13.0,"key":"Ice Cream"},{"floor":17.0,"key":"Bag of Marbles"},{"floor":17.0,"key":"White Beast Statue"},{"floor":17.0,"key":"Bird Faced Urn"}],"event_choices":[{"cards_removed":["Bash"],"damage_healed":0.0,"max_hp_gain":0.0,"max_hp_loss":0.0,"gold_gain":0.0,"event_name":"Bonfire Elementals","player_choice":"Offered Basic","floor":2.0,"gold_loss":0.0,"damage_taken":0.0},{"cards_removed":["Strike_R"],"damage_healed":0.0,"max_hp_gain":0.0,"max_hp_loss":0.0,"gold_gain":0.0,"event_name":"The Cleric","player_choice":"Card Removal","floor":5.0,"gold_loss":75.0,"damage_taken":0.0},{"damage_healed":0.0,"max_hp_gain":0.0,"max_hp_loss":0.0,"gold_gain":0.0,"event_name":"Mushrooms","player_choice":"Fought Mushrooms","floor":7.0,"gold_loss":0.0,"damage_taken":0.0},{"damage_healed":0.0,"max_hp_gain":0.0,"max_hp_loss":0.0,"gold_gain":0.0,"event_name":"The Mausoleum","player_choice":"Opened","floor":19.0,"gold_loss":0.0,"damage_taken":0.0,"relics_obtained":["Turnip"],"cards_obtained":["Writhe"]},{"damage_healed":0,"gold_gain":0,"player_choice":"Read","damage_taken":0,"max_hp_gain":0,"max_hp_loss":0,"event_name":"The Library","floor":22,"gold_loss":0,"cards_obtained":["Feel No Pain"]}],"is_beta":false,"boss_relics":[{"not_picked":["Black Star","Runic Cube"],"picked":"Calling Bell"}],"items_purged_floors":[21],"is_endless":false,"potions_floor_spawned":[1,7,8,12,16,18,20],"killed_by":"Book of Stabbing","ascension_level":20}}