{"host":"c97twqu0op5dg8i4","time":1613009921,"event":{"mods":["AchievementEnabler","BaseMod","Colored Map","Minty Spire (QoL Compilation)","Permanent Neow"],"gold_per_floor":[11,11,11,31,31,58,58,58,58,58,91,91,111,141,141,239,239,250,349,369,65,65,65,77,77,77,77,102,102,137,151,151,247,247,267,267,227,241,241,271,271,305,305,305,305],"floor_reached":44,"language":"ENG","playtime":1101,"items_purged":["Strike_R"],"score":787,"play_id":"5899c87b-79f4-4b9a-93e8-1817202eff42","local_time":"20210210211841","is_ascension_mode":true,"campfire_choices":[{"data":"Bash","floor":10.0,"key":"SMITH"},{"data":"Sword Boomerang","floor":12.0,"key":"SMITH"},{"data":"Sword Boomerang","floor":15.0,"key":"SMITH"},{"data":"Shrug It Off","floor":23.0,"key":"SMITH"},{"data":"Defend_R","floor":25.0,"key":"SMITH"},{"data":"Strike_R","floor":27.0,"key":"SMITH"},{"floor":32.0,"key":"REST"},{"data":"Madness","floor":41.0,"key":"SMITH"}],"circlet_count":0,"master_deck":["AscendersBane","Strike_R+1","Strike_R+1","Strike_R","Strike_R+1","Defend_R+1","Defend_R+1","Defend_R+1","Defend_R+1","Bash+1","Bludgeon+1","Sword Boomerang+1","Offering+1","Sword Boomerang+1","Shrug It Off+1","Shrug It Off+1","Battle Trance","True Grit+1","Pommel Strike+1","Madness+1","Madness","Ghostly Armor+1","Violence","Shockwave"],"relics":["Black Blood","Unceasing Top","Omamori","Mercury Hourglass","Paper Frog","Smiling Mask","Calling Bell","War Paint","Mummified Hand","Torii","Molten Egg 2","Toy Ornithopter","Bottled Lightning","Necronomicon","Akabeko","StrikeDummy","Question Card","Pantograph"],"acts_visited":["Exordium","TheCity","TheBeyond"],"potions_floor_usage":[],"damage_taken":[{"damage":3.0,"enemies":"2 Louse","floor":1.0,"turns":3.0},{"damage":4.0,"enemies":"Small Slimes","floor":4.0,"turns":2.0},{"damage":8.0,"enemies":"Gremlin Nob","floor":6.0,"turns":3.0},{"damage":21.0,"enemies":"Lagavulin","floor":11.0,"turns":3.0},{"damage":7.0,"enemies":"Jaw Worm","floor":13.0,"turns":3.0},{"damage":30.0,"enemies":"Slime Boss","floor":16.0,"turns":9.0},{"damage":14.0,"enemies":"3 Byrds","floor":18.0,"turns":4.0},{"damage":18.0,"enemies":"2 Thieves","floor":20.0,"turns":3.0},{"damage":6.0,"enemies":"Sentry and Sphere","floor":24.0,"turns":3.0},{"damage":45.0,"enemies":"Gremlin Leader","floor":28.0,"turns":7.0},{"damage":32.0,"enemies":"Slavers","floor":30.0,"turns":6.0},{"damage":1.0,"enemies":"Shelled Parasite and Fungi","floor":31.0,"turns":3.0},{"damage":68.0,"enemies":"Collector","floor":33.0,"turns":4.0},{"damage":6.0,"enemies":"Orb Walker","floor":35.0,"turns":1.0},{"damage":15.0,"enemies":"3 Shapes","floor":38.0,"turns":3.0},{"damage":7.0,"enemies":"Nemesis","floor":40.0,"turns":5.0},{"damage":71,"enemies":"Reptomancer","floor":42,"turns":6},{"damage":1,"enemies":"Transient","floor":44,"turns":3}],"seed_played":"8042857094983746713","potions_obtained":[{"floor":6.0,"key":"FearPotion"},{"floor":11.0,"key":"LiquidBronze"},{"floor":13.0,"key":"FairyPotion"},{"floor":30.0,"key":"Explosive Potion"},{"floor":42,"key":"Dexterity Potion"}],"is_trial":false,"path_per_floor":["M","?","?","M","$","E","?","?","T","R","E","R","M","?","R","B",null,"M","?","M","$","?","R","M","R","T","R","E","?","E","M","R","B",null,"M","?","?","M","?","E","R","E","T","M"],"character_chosen":"IRONCLAD","items_purchased":["Molten Egg 2"],"campfire_rested":1,"item_purchase_floors":[21],"current_hp_per_floor":[75,75,59,61,61,59,59,52,52,52,37,37,36,36,36,12,63,55,55,43,43,90,90,90,90,90,90,51,35,9,14,41,12,71,77,66,66,63,63,73,73,14,14,13,13],"gold":305,"neow_bonus":"THREE_RARE_CARDS","is_daily":false,"chose_seed":false,"campfire_upgraded":7,"win_rate":0.0,"timestamp":1613009921,"path_taken":["M","?","?","M","$","E","?","?","T","R","E","R","?","?","R","BOSS","M","?","M","$","?","R","?","R","T","R","E","?","E","M","R","BOSS","M","?","?","?","?","E","R","E","T","M"],"items_purchased_type":["Relic"],"build_version":"2020-12-22","purchased_purges":1,"victory":false,"max_hp_per_floor":[80,80,80,80,80,80,80,80,80,80,80,80,80,80,80,80,80,80,80,80,80,90,90,90,90,90,90,90,90,90,90,90,90,90,90,90,90,90,90,90,90,90,90,90,90],"card_choices":[{"not_picked":["Double Tap","Fiend Fire"],"picked":"Bludgeon","floor":0.0},{"not_picked":["Havoc","Headbutt"],"picked":"Sword Boomerang","floor":1.0},{"not_picked":["Armaments","Body Slam","Intimidate"],"picked":"SKIP","floor":4.0},{"not_picked":["True Grit","Headbutt"],"picked":"Offering","floor":6.0},{"not_picked":["Thunderclap","Wild Strike","Dual Wield"],"picked":"SKIP","floor":11.0},{"not_picked":["Havoc","Cleave"],"picked":"Sword Boomerang","floor":13.0},{"not_picked":["Fiend Fire","Offering"],"picked":"Double Tap","floor":16.0},{"not_picked":["Blood for Blood+1","Armaments+1"],"picked":"Shrug It Off","floor":18.0},{"not_picked":["Havoc","Shrug It Off","Armaments"],"picked":"SKIP","floor":20.0},{"not_picked":["Warcry+1","Sword Boomerang+1"],"picked":"Shrug It Off+1","floor":24.0},{"not_picked":["Uppercut+1","Feed+1"],"picked":"Battle Trance","floor":28.0},{"not_picked":["Perfected Strike+1","Warcry"],"picked":"True Grit+1","floor":30.0},{"not_picked":["Dropkick+1","Evolve+1","True Grit"],"picked":"SKIP","floor":31.0},{"not_picked":["Flex+1","Pummel+1"],"picked":"Pommel Strike+1","floor":35.0},{"not_picked":["Burning Pact+1","Sword Boomerang+1"],"picked":"Ghostly Armor+1","floor":38.0},{"not_picked":["Panache","Impatience"],"picked":"Violence","floor":39.0},{"not_picked":["Thunderclap+1","Iron Wave+1"],"picked":"Shockwave","floor":40.0},{"not_picked":["Anger+1","Rage","Havoc+1"],"picked":"SKIP","floor":42}],"player_experience":377018,"relics_obtained":[{"floor":6.0,"key":"Unceasing Top"},{"floor":9.0,"key":"Mercury Hourglass"},{"floor":11.0,"key":"Paper Frog"},{"floor":17.0,"key":"War Paint"},{"floor":17.0,"key":"Mummified Hand"},{"floor":17.0,"key":"Torii"},{"floor":26.0,"key":"Toy Ornithopter"},{"floor":28.0,"key":"Bottled Lightning"},{"floor":29.0,"key":"Necronomicon"},{"floor":30.0,"key":"Akabeko"},{"floor":40.0,"key":"StrikeDummy"},{"floor":42,"key":"Question Card"},{"floor":43,"key":"Pantograph"}],"event_choices":[{"damage_healed":0.0,"max_hp_gain":0.0,"max_hp_loss":0.0,"gold_gain":0.0,"event_name":"Living Wall","player_choice":"Grow","floor":2.0,"gold_loss":0.0,"damage_taken":0.0,"cards_upgraded":["Bludgeon"]},{"damage_healed":0.0,"max_hp_gain":0.0,"max_hp_loss":0.0,"gold_gain":0.0,"event_name":"Shining Light","player_choice":"Entered Light","floor":3.0,"gold_loss":0.0,"damage_taken":16.0,"cards_upgraded":["Strike_R","Defend_R"]},{"damage_healed":0.0,"max_hp_gain":0.0,"max_hp_loss":0.0,"gold_gain":0.0,"event_name":"Liars Game","player_choice":"Ignored","floor":7.0,"gold_loss":0.0,"damage_taken":0.0},{"damage_healed":0.0,"max_hp_gain":0.0,"max_hp_loss":0.0,"gold_gain":0.0,"event_name":"Scrap Ooze","player_choice":"Success","floor":8.0,"gold_loss":0.0,"damage_taken":7.0,"relics_obtained":["Omamori"]},{"damage_healed":0.0,"max_hp_gain":0.0,"max_hp_loss":0.0,"gold_gain":30.0,"event_name":"Dead Adventurer","player_choice":"Searched \u00273\u0027 times","floor":14.0,"gold_loss":0.0,"damage_taken":0.0,"relics_obtained":["Smiling Mask"]},{"damage_healed":0.0,"max_hp_gain":0.0,"max_hp_loss":0.0,"gold_gain":99.0,"event_name":"Nest","player_choice":"Stole From Cult","floor":19.0,"gold_loss":0.0,"damage_taken":0.0},{"cards_removed":["Double Tap"],"damage_healed":37.0,"max_hp_gain":10.0,"max_hp_loss":0.0,"gold_gain":0.0,"event_name":"Bonfire Elementals","player_choice":"Offered Rare","floor":22.0,"gold_loss":0.0,"damage_taken":0.0},{"damage_healed":0.0,"max_hp_gain":0.0,"max_hp_loss":0.0,"gold_gain":0.0,"event_name":"Cursed Tome","player_choice":"Obtained Book","floor":29.0,"gold_loss":0.0,"damage_taken":16.0},{"damage_healed":0.0,"max_hp_gain":0.0,"max_hp_loss":0.0,"gold_gain":0.0,"event_name":"Winding Halls","player_choice":"Embrace Madness","floor":36.0,"gold_loss":0.0,"damage_taken":11.0,"cards_obtained":["Madness","Madness"]},{"damage_healed":0.0,"max_hp_gain":0.0,"max_hp_loss":0.0,"gold_gain":0.0,"event_name":"Designer","player_choice":"Upgraded Two","floor":37.0,"gold_loss":40.0,"damage_taken":0.0,"cards_upgraded":["Defend_R","Strike_R"]},{"damage_healed":0.0,"max_hp_gain":0.0,"max_hp_loss":0.0,"gold_gain":0.0,"event_name":"SensoryStone","player_choice":"Memory 1","floor":39.0,"gold_loss":0.0,"damage_taken":0.0}],"is_beta":false,"boss_relics":[{"not_picked":["Busted Crown","Sozu"],"picked":"Calling Bell"},{"not_picked":["Tiny House","Fusion Hammer"],"picked":"Black Blood"}],"items_purged_floors":[21],"is_endless":false,"potions_floor_spawned":[6,11,13,18,30,42],"killed_by":"Transient","ascension_level":11}}