{"host":"ydh61a5ftgdajrbo","time":1613065946,"event":{"mods":["BaseMod","Colored Map","Colored Powertips","DeckTracker","Downfall","Hermit","Hubris","Koishi","Minty Spire (QoL Compilation)","Prisma Mod","Relic Stats","Spire Arcade","StSLib","SuperFastMode","The Cursed","The Jungle","The Mystic","The Runesmith","The Senshi","The Servant 0.9.4","WarShipGirlsR/??¤Ö¤kR mod"],"gold_per_floor":[118,118,118,133,133,158,258,273,273,273,289,289,289,69,69,69,69],"floor_reached":16,"language":"ZHS","playtime":689,"items_purged":["theSenshi:SailorBlock"],"score":98,"play_id":"7c1c7a67-a56e-462f-8191-fa1f9fc4e071","local_time":"20210212015226","is_ascension_mode":false,"campfire_choices":[{"data":"theSenshi:MoonPrismPowerMakeUp","floor":10,"key":"SMITH"},{"floor":12,"key":"REST"},{"data":"theSenshi:RainbowMoonHeartAche","floor":15,"key":"SMITH"}],"circlet_count":0,"master_deck":["theSenshi:SailorKick","theSenshi:SailorKick","theSenshi:SailorKick+1","theSenshi:SailorBlock","theSenshi:SailorBlock","theSenshi:SailorBlock","theSenshi:RoseThrow+1","theSenshi:MoonPrismPowerMakeUp+1","theSenshi:SailorV","theSenshi:TallSilhouette","theSenshi:RainbowMoonHeartAche+1","theSenshi:SupersonicWaves"],"relics":["theSenshi:TransformationBroochRelic","hubris:SlimyHat","InkBottle","Akabeko"],"acts_visited":["Exordium"],"potions_floor_usage":[6],"damage_taken":[{"damage":0.0,"enemies":"Small Slimes","floor":1.0,"turns":3.0},{"damage":0,"enemies":"Cultist","floor":4,"turns":4},{"damage":24,"enemies":"3 Sentries","floor":6,"turns":12},{"damage":8,"enemies":"Jaw Worm","floor":8,"turns":5},{"damage":15,"enemies":"Gremlin Gang","floor":11,"turns":7},{"damage":48,"enemies":"Hexaghost","floor":16,"turns":11}],"seed_played":"9121300020914854301","potions_obtained":[{"floor":1.0,"key":"bronze:BurnAndBuffPotion"},{"floor":6,"key":"Explosive Potion"},{"floor":11,"key":"Fire Potion"},{"floor":13,"key":"LiquidMemories"}],"is_trial":false,"path_per_floor":["M","?","$","M","?","E","?","M","T","R","M","R","?","$","R","B"],"character_chosen":"THE_SENSHI","items_purchased":["Akabeko"],"campfire_rested":1,"item_purchase_floors":[14],"current_hp_per_floor":[82,82,82,82,66,42,42,34,34,34,19,43,43,43,43,0,0],"gold":69,"neow_bonus":"TEN_PERCENT_HP_BONUS","is_daily":false,"chose_seed":false,"campfire_upgraded":2,"win_rate":0.0,"timestamp":1613065946,"path_taken":["M","?","?","?","?","E","?","?","T","R","M","R","?","?","R","BOSS"],"items_purchased_type":["Relic"],"build_version":"2020-12-22","purchased_purges":1,"victory":false,"max_hp_per_floor":[82,82,82,82,82,82,82,82,82,82,82,82,82,82,82,82,82],"relic_stats":{"counters":[6,42],"obtain_stats":[{"theSenshi:TransformationBroochRelic":0,"hubris:SlimyHat":6,"InkBottle":9,"Akabeko":14},{"theSenshi:TransformationBroochRelic":0,"hubris:SlimyHat":3,"InkBottle":4,"Akabeko":5},{"theSenshi:TransformationBroochRelic":0,"hubris:SlimyHat":19,"InkBottle":24,"Akabeko":31}],"InkBottle":[5]},"card_choices":[{"not_picked":["theSenshi:EncouragingSpeech","theSenshi:MoonHealingEscalation"],"picked":"theSenshi:SailorV","floor":1.0},{"not_picked":["theSenshi:SupersonicWaves","theSenshi:SailorPlanetPower"],"picked":"theSenshi:TallSilhouette","floor":4},{"not_picked":["theSenshi:TallSilhouette","theSenshi:LateForSchool","theSenshi:SailorV"],"picked":"SKIP","floor":6},{"not_picked":["theSenshi:SailorChibiMoonAssists","theSenshi:Sidestep"],"picked":"theSenshi:RainbowMoonHeartAche","floor":8},{"not_picked":["theSenshi:MoonPunch","theSenshi:MoonsReflection"],"picked":"theSenshi:SupersonicWaves","floor":11}],"player_experience":393810,"relics_obtained":[{"floor":6,"key":"hubris:SlimyHat"},{"floor":9,"key":"InkBottle"}],"event_choices":[{"cards_removed":["theSenshi:SailorKick"],"damage_healed":0.0,"max_hp_gain":0.0,"max_hp_loss":0.0,"gold_gain":0.0,"event_name":"Bonfire Elementals","player_choice":"Offered Basic","floor":2.0,"gold_loss":0.0,"damage_taken":0.0},{"damage_healed":0,"gold_gain":0,"player_choice":"Entered Light","damage_taken":16,"max_hp_gain":0,"max_hp_loss":0,"event_name":"Shining Light","floor":5,"gold_loss":0,"cards_upgraded":["theSenshi:RoseThrow","theSenshi:SailorKick"]},{"damage_healed":0,"gold_gain":100,"player_choice":"Pray","damage_taken":0,"max_hp_gain":0,"max_hp_loss":0,"event_name":"Golden Shrine","floor":7,"gold_loss":0},{"damage_healed":0,"gold_gain":0,"player_choice":"Got Potions","damage_taken":0,"max_hp_gain":0,"max_hp_loss":0,"event_name":"Lab","floor":13,"gold_loss":0}],"is_beta":false,"boss_relics":[],"items_purged_floors":[14],"is_endless":false,"potions_floor_spawned":[1,6,11],"killed_by":"Hexaghost","ascension_level":0}}