{"host":"06h77atpgiec8kbk","time":1613054880,"event":{"mods":["Act Like it!","Arknights","Aspiration","Bard","BaseMod","Colored Powertips","Downfall","Energized Spire","Hermit","Marisa£®ÏF”Í°°ƒß¿Ì…≥£©","Minty Spire (QoL Compilation)","Quick Restart","Reimu£®≤©¿ˆ¡È√Œ£©","Relic Stats","Reliquary","Replay The Spire","StSLib","The Construct","The Cursed","The Gatherer","The Hierophant","The Runesmith","[GremlinLeader]The Maniac"],"gold_per_floor":[99,118,136,149,55,71,97,110,10,28,28,41,26,40,56,152,152,152,152],"floor_reached":17,"language":"ZHS","playtime":2648,"items_purged":[],"score":153,"play_id":"3b3ddb8d-c340-4e9d-ae8b-4aaf9b84bf30","local_time":"20210211224800","is_ascension_mode":false,"campfire_choices":[{"floor":1,"key":"RECALL"},{"data":"bronze:Break","floor":9,"key":"SMITH"}],"circlet_count":0,"master_deck":["bronze:Strike","bronze:Strike","bronze:Strike","bronze:Strike","bronze:Defend","bronze:Defend","bronze:Defend","bronze:Defend","bronze:Replicate","bronze:Goto","bronze:Boost","bronze:Break+1","bronze:ItsAFeature","bronze:Optimize","Injury","bronze:HardenedForm","bronze:DelayedSlice+1","bronze:Iterate+1","bronze:Format"],"relics":["bronze:BronzeCore","downfall:HeartBlessingRed","Molten Egg 2","Velvet Choker"],"acts_visited":["Exordium","TheCity"],"potions_floor_usage":[12,16],"damage_taken":[{"damage":3,"enemies":"2 Louse","floor":2,"turns":4},{"damage":2,"enemies":"Jaw Worm","floor":3,"turns":5},{"damage":2,"enemies":"ats:Genji","floor":4,"turns":4},{"damage":0,"enemies":"downfall:FleeingMerchant","floor":5,"turns":4},{"damage":5,"enemies":"Gremlin Gang","floor":6,"turns":4},{"damage":6,"enemies":"Exordium Wildlife","floor":8,"turns":4},{"damage":14,"enemies":"3 Louse","floor":10,"turns":2},{"damage":11,"enemies":"Gremlin Gang","floor":12,"turns":6},{"damage":7,"enemies":"downfall:FleeingMerchant","floor":13,"turns":4},{"damage":0,"enemies":"Exordium Wildlife","floor":14,"turns":3},{"damage":0,"enemies":"2 Fungi Beasts","floor":15,"turns":2},{"damage":18,"enemies":"SI_SHIV_ARCHETYPE","floor":16,"turns":5}],"seed_played":"6225815860005271086","potions_obtained":[{"floor":3,"key":"LifebloodPotion"},{"floor":8,"key":"ZuzhouPotion:ReiMu"},{"floor":10,"key":"Milkshake"},{"floor":12,"key":"ZuzhouPotion:ReiMu"},{"floor":16,"key":"PowerPotion"}],"is_trial":false,"path_per_floor":["R","M","M","M","$","M","T","M","R","M","?","M","$","M","M","B",null],"character_chosen":"THE_AUTOMATON","items_purchased":["bronze:ItsAFeature"],"campfire_rested":0,"item_purchase_floors":[5],"current_hp_per_floor":[77,74,72,70,70,65,65,59,59,45,45,34,27,27,27,9,77,77,77],"gold":152,"neow_bonus":"TEN_PERCENT_HP_BONUS","is_daily":false,"chose_seed":false,"campfire_upgraded":1,"win_rate":0.0,"timestamp":1613054880,"path_taken":["R","M","M","M","$","M","T","M","R","M","?","M","?","M","M","BOSS"],"items_purchased_type":["Card"],"build_version":"2020-12-22","purchased_purges":0,"victory":false,"max_hp_per_floor":[77,77,77,77,77,77,77,77,77,77,77,77,77,77,77,77,77,77,77],"relic_stats":{"counters":[12,47],"obtain_stats":[{"bronze:BronzeCore":0,"downfall:HeartBlessingRed":9,"Velvet Choker":17,"Molten Egg 2":11},{"bronze:BronzeCore":0,"downfall:HeartBlessingRed":6,"Velvet Choker":12,"Molten Egg 2":7},{"bronze:BronzeCore":0,"downfall:HeartBlessingRed":25,"Velvet Choker":47,"Molten Egg 2":27}]},"card_choices":[{"not_picked":["bronze:Branch","bronze:BugBarrage"],"picked":"bronze:Boost","floor":2},{"not_picked":["bronze:Turbo","bronze:NullPointer","bronze:Iterate"],"picked":"SKIP","floor":3},{"not_picked":["bronze:Frontload","bronze:MaxOutput","bronze:WildBeam"],"picked":"SKIP","floor":4},{"not_picked":["bronze:Iterate","bronze:Branch"],"picked":"bronze:Break","floor":5},{"not_picked":["bronze:FollowUp","bronze:ChildClass","bronze:Overheat"],"picked":"SKIP","floor":6},{"not_picked":["bronze:DelayedGuard","bronze:WhirlingStrike"],"picked":"bronze:Optimize","floor":8},{"not_picked":["bronze:OilSpill","bronze:ForceShield","bronze:CutThrough"],"picked":"SKIP","floor":10},{"not_picked":["bronze:DarkDash+1","bronze:Invalidate","bronze:DelayedGuard"],"picked":"SKIP","floor":12},{"not_picked":["bronze:FollowUp+1","bronze:ChildClass"],"picked":"bronze:HardenedForm","floor":13},{"not_picked":["bronze:Invalidate","bronze:BitShift"],"picked":"bronze:DelayedSlice+1","floor":14},{"not_picked":["bronze:CutThrough+1","bronze:BitShift"],"picked":"bronze:Iterate+1","floor":15},{"not_picked":["bronze:Mutator","bronze:CleanCode"],"picked":"bronze:Format","floor":16}],"player_experience":844498,"relics_obtained":[],"event_choices":[],"is_beta":false,"boss_relics":[{"not_picked":["reliquary:Ember","Replay:Drink Me"],"picked":"Velvet Choker"}],"items_purged_floors":[],"is_endless":false,"potions_floor_spawned":[3,8,10,12,15,16],"ascension_level":0}}