{"host":"j2aqywwzai0xbcib","time":1613006684,"event":{"mods":["BaseMod","Bestiary","Better Altar","Better Sensory Stone","Better Third Choice","ChefMod","Colored Map","Colored Powertips","Conspire","Downfall","Hermit","Hubris","Infinite Spire","Minty Spire (QoL Compilation)","Rare Cards Sparkle","Relic Stats","Reliquary","Replay The Spire","Robot Space Explorer","Spicy Shops","StSLib","The Blackbeard","The Gatherer","The Hayseed","TheWitcher"],"gold_per_floor":[111,186,205,67,80,110,110,139,162,162,0,20,35,35,35,35,35],"floor_reached":16,"language":"DUT","playtime":1238,"items_purged":[],"score":110,"play_id":"b1712bce-bdf4-4d72-9fb1-f424b97f4a1b","local_time":"20210211022444","is_ascension_mode":false,"campfire_choices":[{"floor":7,"key":"REST"},{"data":"hermit:Adapt","floor":10,"key":"SMITH"},{"floor":15,"key":"REST"}],"circlet_count":0,"master_deck":["hermit:Strike_Hermit","hermit:Strike_Hermit","hermit:Strike_Hermit","hermit:Strike_Hermit","hermit:Defend_Hermit","hermit:Defend_Hermit","hermit:Defend_Hermit+1","hermit:Defend_Hermit+1","hermit:Snapshot","hermit:Covet","hermit:Quickdraw","hermit:Roulette","Injury","hermit:BigShot","hermit:Determination","hermit:Adapt+1","Enlightenment","hermit:Vantage","hermit:Determination","ReplayTheSpireMod:Splinters"],"relics":["hermit:Momento","War Paint","Turnip","reliquary:SilkGlove","hubris:DisguiseKit","reliquary:TuningFork","Ring of Fury","Ring of Hypnosis"],"acts_visited":["Exordium"],"potions_floor_usage":[8,16],"damage_taken":[{"damage":2,"enemies":"Cultist","floor":1,"turns":5},{"damage":4,"enemies":"conspire:RoseBush","floor":3,"turns":2},{"damage":0,"enemies":"Small Slimes","floor":5,"turns":2},{"damage":35,"enemies":"3 Sentries","floor":6,"turns":13},{"damage":14,"enemies":"Gremlin Nob","floor":8,"turns":4},{"damage":0,"enemies":"2 Fungi Beasts","floor":12,"turns":3},{"damage":9,"enemies":"Red Slaver","floor":13,"turns":4},{"damage":71,"enemies":"The Guardian","floor":16,"turns":6}],"seed_played":"-622517731567774332","potions_obtained":[{"floor":6,"key":"Guardian:BlockOnCardUsePotion"},{"floor":12,"key":"Elixir"},{"floor":13,"key":"SkillPotion"}],"is_trial":false,"path_per_floor":["M","?","M","$","M","E","R","E","T","R","?","M","M","?","R","B"],"character_chosen":"HERMIT","items_purchased":["War Paint","Turnip"],"campfire_rested":2,"item_purchase_floors":[4,4],"current_hp_per_floor":[80,72,68,68,68,33,57,43,43,43,49,49,40,40,66,0,0],"gold":35,"neow_bonus":"TEN_PERCENT_HP_BONUS","is_daily":false,"chose_seed":false,"campfire_upgraded":1,"win_rate":0.0,"timestamp":1613006684,"path_taken":["M","?","M","$","?","E","R","E","T","R","?","M","M","?","R","BOSS"],"items_purchased_type":["Relic","Relic"],"build_version":"2020-12-22","purchased_purges":0,"victory":false,"max_hp_per_floor":[82,82,82,82,82,82,82,82,82,82,88,88,88,88,88,88,88],"relic_stats":{"counters":[8,39],"Turnip":[1],"War Paint":["hermit:Defend_Hermit","hermit:Defend_Hermit"],"obtain_stats":[{"hubris:DisguiseKit":8,"reliquary:SilkGlove":6,"Ring of Hypnosis":14,"Ring of Fury":14,"Turnip":4,"reliquary:TuningFork":9,"War Paint":4,"hermit:Momento":0},{"hubris:DisguiseKit":5,"reliquary:SilkGlove":4,"Ring of Hypnosis":7,"Ring of Fury":7,"Turnip":2,"reliquary:TuningFork":5,"War Paint":2,"hermit:Momento":0},{"hubris:DisguiseKit":26,"reliquary:SilkGlove":22,"Ring of Hypnosis":33,"Ring of Fury":33,"Turnip":7,"reliquary:TuningFork":26,"War Paint":7,"hermit:Momento":0}]},"card_choices":[{"not_picked":["hermit:Spite","hermit:BodyArmor"],"picked":"hermit:Quickdraw","floor":1},{"not_picked":["hermit:TakeCover","hermit:SprayPray"],"picked":"hermit:Roulette","floor":3},{"not_picked":["hermit:NoHoldsBarred","hermit:Vantage"],"picked":"hermit:BigShot","floor":5},{"not_picked":["hermit:Dive","hermit:FlashPowder"],"picked":"hermit:Determination","floor":6},{"not_picked":["hermit:HoleUp","hermit:Virtue"],"picked":"hermit:Adapt","floor":8},{"not_picked":["hermit:SprayPray","hermit:ItchyTrigger","Sucker Punch"],"picked":"hermit:Vantage","floor":12},{"not_picked":["hermit:Midnight","hermit:ItchyTrigger","Calculated Gamble"],"picked":"hermit:Determination","floor":13}],"player_experience":404662,"relics_obtained":[{"floor":6,"key":"reliquary:SilkGlove"},{"floor":8,"key":"hubris:DisguiseKit"},{"floor":9,"key":"reliquary:TuningFork"},{"floor":14,"key":"Ring of Fury"},{"floor":14,"key":"Ring of Hypnosis"}],"event_choices":[{"damage_healed":0,"gold_gain":75,"player_choice":"Touch","damage_taken":8,"max_hp_gain":0,"max_hp_loss":0,"event_name":"FaceTrader","floor":2,"gold_loss":0},{"damage_healed":0,"gold_gain":0,"player_choice":"RENOUNCE","damage_taken":162,"max_hp_gain":0,"max_hp_loss":0,"event_name":"betterThird:BetterSerpent","floor":11,"gold_loss":162,"cards_obtained":["Enlightenment"]}],"is_beta":false,"boss_relics":[],"items_purged_floors":[],"is_endless":false,"potions_floor_spawned":[6,12,13],"killed_by":"The Guardian","ascension_level":0}}