{"host":"csv4uk4hw8wax4p9","time":1613014120,"event":{"mods":["Act Like it!","BaseMod","Challenge The Spire","KinomotoSakuraMod(Ä¾Ö®±¾Ó£)","Minty Spire (QoL Compilation)","Quick Restart","StSLib"],"gold_per_floor":[117,127,146,146,246,278,278,295,295,311,339,354,368,387,387,492,492,504,519,519,533,141,173,189,189,189,189,205,205,205,230,230,332,332,348,91,1,19,35,70,38,70,70,82,82,114,126,156,168,180,192,204,18,45,45],"floor_reached":56,"language":"ZHS","playtime":4149,"items_purged":["ClowCardTheFreeze","ClowCardTheErase"],"score":1366,"play_id":"be18698e-2785-4b39-af31-0d25cf55abbd","local_time":"20210211112840","is_ascension_mode":false,"campfire_choices":[{"floor":7.0,"key":"RECALL"},{"data":"ClowCardTheFreeze","floor":15.0,"key":"SMITH"},{"data":"ClowCardTheShield","floor":25.0,"key":"PURGE"},{"data":"ClowCardTheSword","floor":27.0,"key":"PURGE"},{"data":"ClowCardTheFloat","floor":32.0,"key":"SMITH"},{"data":"ClowCardTheWave","floor":45.0,"key":"SMITH"},{"data":"ClowCardTheFight","floor":47.0,"key":"SMITH"},{"data":"ClowCardTheFight","floor":49.0,"key":"SMITH"},{"data":"ClowCardTheFlower","floor":52.0,"key":"SMITH"}],"circlet_count":0,"master_deck":["SakuraCardTheEarthy+","SakuraCardTheIllusion+","SakuraCardTheSword+","ClowCardTheShield+1","SpellCardRelease","ClowCardTheFreeze+1","ClowCardTheSweet","ClowCardTheVoice","ClowCardTheFloat+1","ClowCardTheFight+1","CurseOfTheBell","ClowCardTheJump","ClowCardTheFlower+1","ClowCardTheMove","ClowCardTheFlower+1","ClowCardTheBig+1","ClowCardTheDash","ClowCardTheGlow+1","ClowCardTheWave+1","ClowCardTheFight+1","ClowCardTheGlow+1","ClowCardTheFight"],"relics":["KSMOD_SealedBook","KSMOD_SealedWand","Vajra","Pear","Calling Bell","Oddly Smooth Stone","InkBottle","Peace Pipe","KSMOD_TomoyosHeart","Ancient Tea Set","The Courier","KSMOD_YukitosBentoBox","Akabeko","Sozu","Bottled Lightning","HornCleat","Bag of Preparation","Omamori","MawBank","KSMOD_Compass"],"acts_visited":["Exordium","TheCity","TheBeyond","TheEnding"],"potions_floor_usage":[55,55],"damage_taken":[{"damage":0.0,"enemies":"2 Louse","floor":1.0,"turns":2.0},{"damage":0.0,"enemies":"Cultist","floor":2.0,"turns":4.0},{"damage":4.0,"enemies":"Small Slimes","floor":3.0,"turns":2.0},{"damage":16.0,"enemies":"Lagavulin","floor":6.0,"turns":5.0},{"damage":8.0,"enemies":"Blue Slaver","floor":8.0,"turns":3.0},{"damage":3.0,"enemies":"Exordium Thugs","floor":10.0,"turns":3.0},{"damage":15.0,"enemies":"3 Sentries","floor":11.0,"turns":5.0},{"damage":1.0,"enemies":"Red Slaver","floor":12.0,"turns":2.0},{"damage":8.0,"enemies":"Exordium Wildlife","floor":13.0,"turns":3.0},{"damage":6.0,"enemies":"Blue Slaver","floor":14.0,"turns":4.0},{"damage":3.0,"enemies":"Slime Boss","floor":16.0,"turns":8.0},{"damage":15.0,"enemies":"3 Byrds","floor":18.0,"turns":5.0},{"damage":3.0,"enemies":"Spheric Guardian","floor":19.0,"turns":5.0},{"damage":10.0,"enemies":"Centurion and Healer","floor":21.0,"turns":7.0},{"damage":18.0,"enemies":"Slavers","floor":23.0,"turns":8.0},{"damage":0.0,"enemies":"Snake Plant","floor":24.0,"turns":5.0},{"damage":0.0,"enemies":"Chosen and Byrds","floor":28.0,"turns":3.0},{"damage":0.0,"enemies":"Book of Stabbing","floor":31.0,"turns":4.0},{"damage":15.0,"enemies":"Collector","floor":33.0,"turns":7.0},{"damage":4.0,"enemies":"3 Shapes","floor":35.0,"turns":3.0},{"damage":0.0,"enemies":"Orb Walker","floor":38.0,"turns":1.0},{"damage":0.0,"enemies":"Spire Growth","floor":39.0,"turns":2.0},{"damage":0.0,"enemies":"Reptomancer","floor":40.0,"turns":2.0},{"damage":0.0,"enemies":"Nemesis","floor":42.0,"turns":1.0},{"damage":0.0,"enemies":"4 Shapes","floor":44.0,"turns":2.0},{"damage":0.0,"enemies":"Reptomancer","floor":46.0,"turns":3.0},{"damage":0.0,"enemies":"3 Darklings","floor":48.0,"turns":1.0},{"damage":17.0,"enemies":"Time Eater","floor":50.0,"turns":8.0},{"damage":0.0,"enemies":"Shield and Spear","floor":54.0,"turns":3.0},{"damage":14,"enemies":"The Heart","floor":55,"turns":5}],"seed_played":"3634033366719165997","potions_obtained":[{"floor":2.0,"key":"ColorlessPotion"},{"floor":3.0,"key":"DistilledChaos"},{"floor":6.0,"key":"Ancient Potion"},{"floor":13.0,"key":"Weak Potion"},{"floor":18.0,"key":"Energy Potion"},{"floor":31.0,"key":"EssenceOfSteel"},{"floor":33.0,"key":"Regen Potion"}],"is_trial":false,"path_per_floor":["M","M","M","?","?","E","R","M","T","M","E","M","M","M","R","B",null,"M","M","?","M","$","E","M","R","T","R","M","?","?","E","R","B",null,"M","$","?","M","M","E","$","E","T","M","R","E","R","M","R","B",null,"R","$","E","B",null],"character_chosen":"KINOMOTOSAKURA","items_purchased":["KSMOD_TomoyosHeart","Ancient Tea Set","Bottled Lightning","ClowCardTheWave","ClowCardTheFight"],"campfire_rested":0,"item_purchase_floors":[22,22,36,41,53],"current_hp_per_floor":[63,63,59,52,52,36,36,28,28,30,25,29,28,27,27,29,73,63,65,58,55,55,42,47,47,47,47,47,34,34,34,34,24,78,78,78,78,78,78,78,78,78,78,78,78,78,78,78,78,66,78,78,78,78,72],"gold":45,"neow_bonus":"REMOVE_TWO","is_daily":false,"chose_seed":false,"campfire_upgraded":6,"win_rate":0.0,"timestamp":1613014120,"path_taken":["M","M","M","?","?","E","R","M","T","?","E","M","?","M","R","BOSS","M","M","?","M","$","E","?","R","T","R","M","?","?","E","R","BOSS","M","$","?","M","M","E","?","E","T","?","R","E","R","M","R","BOSS","R","$","E","BOSS"],"items_purchased_type":["Relic","Relic","Relic","Card","Card"],"build_version":"2020-12-22","purchased_purges":2,"victory":true,"max_hp_per_floor":[63,63,63,63,63,63,63,63,63,63,73,73,73,73,73,73,73,73,73,73,73,73,73,73,73,73,73,73,78,78,78,78,78,78,78,78,78,78,78,78,78,78,78,78,78,78,78,78,78,78,78,78,78,78,78],"card_choices":[{"not_picked":["ClowCardTheCloud","ClowCardTheWave"],"picked":"ClowCardTheFreeze","floor":1.0},{"not_picked":["ClowCardTheSand","ClowCardTheShot"],"picked":"ClowCardTheEarthy","floor":2.0},{"not_picked":["ClowCardTheWood","ClowCardTheSnow","ClowCardTheSand"],"picked":"SKIP","floor":3.0},{"not_picked":["ClowCardTheSand","ClowCardTheSilent","ClowCardTheBig"],"picked":"SKIP","floor":6.0},{"not_picked":["ClowCardTheSnow","ClowCardTheMist"],"picked":"ClowCardTheSweet","floor":8.0},{"not_picked":["ClowCardTheChange","ClowCardTheSand"],"picked":"ClowCardTheErase","floor":10.0},{"not_picked":["ClowCardTheSnow","ClowCardTheLibra","ClowCardTheSand"],"picked":"SKIP","floor":11.0},{"not_picked":["ClowCardTheSweet","ClowCardTheThrough"],"picked":"ClowCardTheVoice","floor":12.0},{"not_picked":["ClowCardTheChange","ClowCardTheCloud"],"picked":"ClowCardTheIllusion","floor":13.0},{"not_picked":["ClowCardTheIllusion","ClowCardTheErase"],"picked":"ClowCardTheFloat","floor":14.0},{"not_picked":["ClowCardTheTwin","ClowCardTheThunder"],"picked":"ClowCardTheFight","floor":16.0},{"not_picked":["ClowCardTheChange","ClowCardTheShot+1"],"picked":"ClowCardTheJump","floor":18.0},{"not_picked":["ClowCardTheSweet","ClowCardTheMaze"],"picked":"ClowCardTheFlower+1","floor":19.0},{"not_picked":["ClowCardTheChange","ClowCardTheBig","ClowCardTheRain"],"picked":"SKIP","floor":21.0},{"not_picked":["ClowCardTheThrough","ClowCardTheErase"],"picked":"ClowCardTheFloat","floor":23.0},{"not_picked":["ClowCardTheSand","ClowCardTheChange","ClowCardTheStorm"],"picked":"SKIP","floor":24.0},{"not_picked":["ClowCardTheSand","ClowCardTheFirey"],"picked":"ClowCardTheMove","floor":28.0},{"not_picked":["ClowCardTheWindy","ClowCardTheVoice"],"picked":"ClowCardTheBig+1","floor":31.0},{"not_picked":["ClowCardTheReturn","ClowCardTheThrough"],"picked":"ClowCardTheDash","floor":33.0},{"not_picked":["ClowCardTheLibra+1","ClowCardTheLittle","ClowCardThePower+1"],"picked":"SKIP","floor":35.0},{"not_picked":["ClowCardTheLock","ClowCardTheWatery+1","ClowCardTheChange"],"picked":"SKIP","floor":38.0},{"not_picked":["ClowCardTheFloat+1","ClowCardTheSnow","ClowCardTheArrow"],"picked":"SKIP","floor":39.0},{"not_picked":["ClowCardTheBubbles+1","ClowCardTheSweet"],"picked":"ClowCardTheGlow+1","floor":40.0},{"not_picked":["ClowCardTheChange+1","ClowCardTheSnow+1","ClowCardTheJump"],"picked":"SKIP","floor":42.0},{"not_picked":["ClowCardTheLibra+1","ClowCardTheSand","ClowCardTheSilent"],"picked":"SKIP","floor":44.0},{"not_picked":["ClowCardThePower+1","ClowCardTheChange+1"],"picked":"ClowCardTheFight","floor":46.0},{"not_picked":["ClowCardTheSong+1","ClowCardTheLock"],"picked":"ClowCardTheGlow+1","floor":48.0},{"not_picked":["ClowCardTheBig","ClowCardTheWood+1","ClowCardTheDream+1"],"picked":"SKIP","floor":54.0}],"player_experience":492968,"relics_obtained":[{"floor":6.0,"key":"Vajra"},{"floor":11.0,"key":"Pear"},{"floor":17.0,"key":"Oddly Smooth Stone"},{"floor":17.0,"key":"InkBottle"},{"floor":17.0,"key":"Peace Pipe"},{"floor":23.0,"key":"The Courier"},{"floor":26.0,"key":"KSMOD_YukitosBentoBox"},{"floor":31.0,"key":"Akabeko"},{"floor":40.0,"key":"HornCleat"},{"floor":42.0,"key":"Bag of Preparation"},{"floor":43.0,"key":"Omamori"},{"floor":46.0,"key":"MawBank"},{"floor":54.0,"key":"KSMOD_Compass"}],"event_choices":[{"cards_removed":["ClowCardTheSword"],"damage_healed":0.0,"max_hp_gain":0.0,"max_hp_loss":0.0,"gold_gain":0.0,"event_name":"Golden Wing","player_choice":"Card Removal","floor":4.0,"gold_loss":0.0,"damage_taken":7.0},{"damage_healed":0.0,"max_hp_gain":0.0,"max_hp_loss":0.0,"gold_gain":100.0,"event_name":"Golden Shrine","player_choice":"Pray","floor":5.0,"gold_loss":0.0,"damage_taken":0.0},{"damage_healed":0.0,"max_hp_gain":0.0,"max_hp_loss":0.0,"gold_gain":0.0,"event_name":"Wheel of Change","player_choice":"Damaged","floor":20.0,"gold_loss":0.0,"damage_taken":7.0},{"damage_healed":0.0,"max_hp_gain":5.0,"max_hp_loss":0.0,"gold_gain":0.0,"event_name":"Forgotten Altar","player_choice":"Shed Blood","floor":29.0,"gold_loss":0.0,"damage_taken":18.0},{"damage_healed":0.0,"max_hp_gain":0.0,"max_hp_loss":0.0,"gold_gain":0.0,"cards_transformed":["ClowCardTheShield","ClowCardTheFloat"],"event_name":"Drug Dealer","player_choice":"Became Test Subject","floor":30.0,"gold_loss":0.0,"damage_taken":0.0,"cards_obtained":["ClowCardTheFlower","ClowCardTheFreeze"]},{"cards_removed":["SpellCardSeal"],"damage_healed":0.0,"max_hp_gain":0.0,"max_hp_loss":0.0,"gold_gain":0.0,"event_name":"Designer","player_choice":"Upgrade and Remove","floor":37.0,"gold_loss":90.0,"damage_taken":0.0,"cards_upgraded":["ClowCardTheShield"]}],"is_beta":false,"boss_relics":[{"not_picked":["Ectoplasm","SacredBark"],"picked":"Calling Bell"},{"not_picked":["Tiny House","Astrolabe"],"picked":"Sozu"}],"items_purged_floors":[36,53],"is_endless":false,"potions_floor_spawned":[2,3,6,13,18,21,31,33,38,40,46,48],"ascension_level":0}}