{"host":"7tvb1em0d2fx72q7","time":1613014628,"event":{"mods":["BaseMod","Challenge The Spire","Minty Spire (QoL Compilation)","StSLib","everything is the same but u backflip on backflip"],"gold_per_floor":[364,383,35,69,149,149,227,272,297,297,374,454,454,108,108,212,212,217,142,156,156,68,120,120,120,120],"floor_reached":25,"language":"ENG","playtime":1613,"items_purged":["Strike_G"],"score":438,"play_id":"3ff01617-ada7-4fb0-ab76-572614a663b3","local_time":"20210210223708","is_ascension_mode":true,"campfire_choices":[{"data":"HandOfGreed","floor":6.0,"key":"SMITH"},{"floor":10.0,"key":"REST"},{"data":"Dodge and Roll","floor":15.0,"key":"SMITH"},{"data":"Terror","floor":24,"key":"SMITH"}],"circlet_count":0,"master_deck":["AscendersBane","Strike_G+1","Strike_G+1","Strike_G+1","Defend_G+1","Defend_G+1","Defend_G+1","Defend_G+1","Defend_G+1","Survivor+1","Neutralize","All Out Attack","Poisoned Stab","HandOfGreed+1","Sucker Punch","Backflip","Corpse Explosion","Terror+1","Blade Dance","Bane","Dodge and Roll+1","Adrenaline","Tactician","Dagger Throw","Crippling Poison","Predator","Adrenaline","Noxious Fumes"],"relics":["Ring of the Snake","TwistedFunnel","Prayer Wheel","War Paint","Bag of Marbles","Omamori","Runic Pyramid","Boot"],"acts_visited":["Exordium","TheCity"],"potions_floor_usage":[23],"damage_taken":[{"damage":6.0,"enemies":"Small Slimes","floor":1.0,"turns":5.0},{"damage":0.0,"enemies":"2 Louse","floor":2.0,"turns":2.0},{"damage":2.0,"enemies":"Jaw Worm","floor":4.0,"turns":5.0},{"damage":21.0,"enemies":"Lots of Slimes","floor":5.0,"turns":9.0},{"damage":13.0,"enemies":"3 Sentries","floor":7.0,"turns":10.0},{"damage":9.0,"enemies":"Large Slime","floor":8.0,"turns":5.0},{"damage":12.0,"enemies":"Lagavulin Event","floor":12.0,"turns":4.0},{"damage":10.0,"enemies":"Hexaghost","floor":16.0,"turns":8.0},{"damage":9.0,"enemies":"2 Thieves","floor":18.0,"turns":4.0},{"damage":0.0,"enemies":"Chosen","floor":20.0,"turns":3.0},{"damage":17,"enemies":"Gremlin Leader","floor":23,"turns":7},{"damage":33,"enemies":"Snecko","floor":25,"turns":6}],"seed_played":"-2078821662598900878","potions_obtained":[{"floor":1.0,"key":"Dexterity Potion"},{"floor":2.0,"key":"PowerPotion"},{"floor":7.0,"key":"Regen Potion"},{"floor":12.0,"key":"Block Potion"},{"floor":18.0,"key":"SteroidPotion"},{"floor":23,"key":"Regen Potion"}],"is_trial":false,"path_per_floor":["M","M","$","M","M","R","E","M","T","R","?","?","?","$","R","B",null,"M","?","M","?","$","E","R","M"],"character_chosen":"THE_SILENT","items_purchased":["HandOfGreed","TwistedFunnel","Omamori","Dexterity Potion","Dodge and Roll","Adrenaline"],"campfire_rested":1,"item_purchase_floors":[3,3,14,14,14,22],"current_hp_per_floor":[53,53,53,51,30,30,17,20,20,38,38,26,26,26,26,16,49,40,40,40,40,40,23,23,0,0],"gold":120,"neow_bonus":"TWO_FIFTY_GOLD","is_daily":false,"chose_seed":false,"campfire_upgraded":3,"win_rate":0.0,"timestamp":1613014628,"path_taken":["M","M","$","M","M","R","E","M","T","R","?","?","?","$","R","BOSS","M","?","M","?","$","E","R","M"],"items_purchased_type":["Card","Relic","Relic","Potion","Card","Card"],"build_version":"2020-12-22","purchased_purges":1,"victory":false,"max_hp_per_floor":[60,60,60,60,60,60,60,60,60,60,60,60,60,60,60,60,60,60,60,60,60,60,60,60,60,60],"card_choices":[{"not_picked":["Deadly Poison","Slice"],"picked":"All Out Attack","floor":1.0},{"not_picked":["Dagger Spray","Dodge and Roll"],"picked":"Poisoned Stab","floor":2.0},{"not_picked":["Poisoned Stab","PiercingWail"],"picked":"Sucker Punch","floor":4.0},{"not_picked":["Acrobatics","Dodge and Roll"],"picked":"Backflip","floor":5.0},{"not_picked":["Backflip","Deflect"],"picked":"Corpse Explosion","floor":7.0},{"not_picked":["Blade Dance","Phantasmal Killer"],"picked":"Terror","floor":8.0},{"not_picked":["Expertise","Concentrate"],"picked":"Blade Dance","floor":8.0},{"not_picked":["Acrobatics","Terror"],"picked":"Bane","floor":12.0},{"not_picked":["Tools of the Trade","Envenom"],"picked":"Adrenaline","floor":16.0},{"not_picked":["Outmaneuver","Eviscerate"],"picked":"Tactician","floor":18.0},{"not_picked":["Quick Slash","Underhanded Strike"],"picked":"Dagger Throw","floor":18.0},{"not_picked":["Dagger Throw","Setup"],"picked":"Crippling Poison","floor":20.0},{"not_picked":["Dodge and Roll","Outmaneuver"],"picked":"Predator","floor":20.0},{"not_picked":["Setup","Blade Dance"],"picked":"Noxious Fumes","floor":23}],"player_experience":2050103,"relics_obtained":[{"floor":7.0,"key":"Prayer Wheel"},{"floor":9.0,"key":"War Paint"},{"floor":12.0,"key":"Bag of Marbles"},{"floor":23,"key":"Boot"}],"event_choices":[{"damage_healed":0.0,"max_hp_gain":0.0,"max_hp_loss":0.0,"gold_gain":77.0,"event_name":"Golden Wing","player_choice":"Gained Gold","floor":11.0,"gold_loss":0.0,"damage_taken":0.0},{"damage_healed":0.0,"max_hp_gain":0.0,"max_hp_loss":0.0,"gold_gain":0.0,"event_name":"Dead Adventurer","player_choice":"Searched \u00271\u0027 times","floor":12.0,"gold_loss":0.0,"damage_taken":0.0},{"damage_healed":0.0,"max_hp_gain":0.0,"max_hp_loss":0.0,"gold_gain":0.0,"event_name":"Liars Game","player_choice":"Ignored","floor":13.0,"gold_loss":0.0,"damage_taken":0.0},{"cards_removed":["Strike_G"],"damage_healed":0.0,"max_hp_gain":0.0,"max_hp_loss":0.0,"gold_gain":0.0,"event_name":"Beggar","player_choice":"Gave Gold","floor":19.0,"gold_loss":75.0,"damage_taken":0.0},{"damage_healed":0.0,"max_hp_gain":0.0,"max_hp_loss":0.0,"gold_gain":0.0,"event_name":"Back to Basics","player_choice":"Simplicity","floor":21.0,"gold_loss":0.0,"damage_taken":0.0,"cards_upgraded":["Strike_G","Strike_G","Strike_G","Defend_G","Defend_G","Defend_G","Defend_G"]}],"is_beta":false,"boss_relics":[{"not_picked":["WristBlade","Black Star"],"picked":"Runic Pyramid"}],"items_purged_floors":[14],"is_endless":false,"potions_floor_spawned":[1,2,7,12,18,23],"killed_by":"Snecko","ascension_level":20}}