{"host":"5rycm1ajjg5acc5q","time":1613065572,"event":{"mods":["BaseMod","Better Third Choice","Downfall","Highlight Path","Minty Spire (QoL Compilation)","Replay The Spire","StSLib"],"gold_per_floor":[113,131,131,145,161,161,186,186,186,214,19,37,37,53,53,156,156,173,173,102,102,102,102,102,102],"floor_reached":24,"language":"ENG","playtime":6440,"items_purged":["Burn"],"score":292,"play_id":"3868b831-5d50-4b0a-b680-c69276d5da84","local_time":"20210211114612","is_ascension_mode":true,"campfire_choices":[{"data":"Poisoned Strike","floor":6.0,"key":"SMITH"},{"data":"Apotheosis","floor":13.0,"key":"SMITH"},{"data":"Enlightenment","floor":15.0,"key":"SMITH"},{"floor":23,"key":"RECALL"}],"circlet_count":0,"master_deck":["Defend_G","Defend_G","Defend_G","Defend_G","Defend_G","Survivor","Neutralize","Poisoned Strike+1","Quick Slash","Quick Slash","Well Laid Plans","Corpse Explosion","ReplayTheSpireMod:Brewmster","Enlightenment+1","Apotheosis+1","Bouncing Flask","Calculated Gamble","ReplayTheSpireMod:Necrosis","CurseOfTheBell","Catalyst+1","Bite","Bite","Bite","Bite","Bite","Footwork","Shame","Cloak And Dagger"],"relics":["Ring of the Snake","Sundial","Eternal Feather","Quantum Egg","ReplayTheSpireMod:ShopPack","Vajra","Mercury Hourglass","Replay:PocketPolymizer","Shuriken","Nloth\u0027s Gift"],"acts_visited":["Exordium","TheCity"],"potions_floor_usage":[18,18,18,24],"damage_taken":[{"damage":0.0,"enemies":"2 Louse","floor":1.0,"turns":2.0},{"damage":0.0,"enemies":"Cultist","floor":2.0,"turns":3.0},{"damage":0.0,"enemies":"Small Slimes","floor":4.0,"turns":3.0},{"damage":2.0,"enemies":"Looter","floor":5.0,"turns":5.0},{"damage":0.0,"enemies":"Gremlin Nob","floor":7.0,"turns":3.0},{"damage":8.0,"enemies":"3 Sentries","floor":10.0,"turns":3.0},{"damage":9.0,"enemies":"3 Louse","floor":12.0,"turns":7.0},{"damage":0.0,"enemies":"Large Slime","floor":14.0,"turns":4.0},{"damage":15.0,"enemies":"Fading Forest","floor":16.0,"turns":11.0},{"damage":7,"enemies":"2 Thieves","floor":18,"turns":3},{"damage":59,"enemies":"Gremlin Leader","floor":24,"turns":5}],"seed_played":"4320944797843360925","potions_obtained":[{"floor":3.0,"key":"EntropicBrew"},{"floor":3.0,"key":"Toxic Potion"},{"floor":3.0,"key":"hexamod:SoulburnPotion"},{"floor":4.0,"key":"Poison Potion"},{"floor":16.0,"key":"Weak Potion"},{"floor":18,"key":"Milkshake"}],"is_trial":false,"path_per_floor":["M","M","?","M","M","R","E","?","T","E","$","M","R","M","R","B",null,"M","?","$","?","?","R","E"],"character_chosen":"THE_SILENT","items_purchased":["ReplayTheSpireMod:ShopPack","Footwork"],"campfire_rested":0,"item_purchase_floors":[11,20],"current_hp_per_floor":[49,49,49,49,47,47,47,47,47,39,39,30,42,42,54,70,70,63,49,49,49,49,49,0,0],"gold":102,"neow_bonus":"RANDOM_COLORLESS_2","is_daily":false,"chose_seed":false,"campfire_upgraded":3,"win_rate":0.0,"timestamp":1613065572,"path_taken":["M","M","?","M","?","R","E","?","T","E","$","M","R","M","R","BOSS","M","?","$","?","?","R","E"],"items_purchased_type":["Relic","Card"],"build_version":"2020-12-22","purchased_purges":1,"victory":false,"max_hp_per_floor":[70,70,70,70,70,70,70,70,70,70,70,70,70,70,70,70,70,70,49,49,49,49,49,49,49],"card_choices":[{"not_picked":["Thinking Ahead","Master of Strategy"],"picked":"Poisoned Strike","floor":0.0},{"not_picked":["Blade Dance","Underhanded Strike"],"picked":"Quick Slash","floor":1.0},{"not_picked":["Prepared","Dagger Throw"],"picked":"ReplayTheSpireMod:Tripwire","floor":2.0},{"not_picked":["Blade Dance","Cloak And Dagger"],"picked":"Quick Slash","floor":4.0},{"not_picked":["Quick Slash","Draining Mist"],"picked":"Well Laid Plans","floor":5.0},{"not_picked":["Dagger Spray","Toxin Wave"],"picked":"Corpse Explosion","floor":7.0},{"not_picked":["Dagger Spray","Deflect","Underhanded Strike"],"picked":"SKIP","floor":10.0},{"not_picked":["Flash of Steel","Purity"],"picked":"ReplayTheSpireMod:Brewmster","floor":11.0},{"not_picked":["ReplayTheSpireMod:Private Reserves","Impatience"],"picked":"Enlightenment","floor":11.0},{"not_picked":["Master of Strategy","ReplayTheSpireMod:Necrogeddon"],"picked":"Apotheosis","floor":11.0},{"not_picked":["Deflect","Dagger Spray"],"picked":"Bouncing Flask","floor":12.0},{"not_picked":["Dagger Spray","Tactician"],"picked":"Calculated Gamble","floor":14.0},{"not_picked":["Replay:Bag of Tricks","Phantasmal Killer"],"picked":"ReplayTheSpireMod:Necrosis","floor":16.0},{"not_picked":["Dagger Spray","Slice"],"picked":"Catalyst+1","floor":18}],"player_experience":506668,"relics_obtained":[{"floor":7.0,"key":"Sundial"},{"floor":9.0,"key":"Eternal Feather"},{"floor":10.0,"key":"Quantum Egg"},{"floor":17,"key":"Vajra"},{"floor":17,"key":"Mercury Hourglass"},{"floor":17,"key":"Replay:PocketPolymizer"}],"event_choices":[{"damage_healed":0.0,"max_hp_gain":0.0,"max_hp_loss":0.0,"gold_gain":0.0,"event_name":"Lab","player_choice":"Got Potions","floor":3.0,"gold_loss":0.0,"damage_taken":0.0},{"damage_healed":47.0,"max_hp_gain":0.0,"max_hp_loss":70.0,"gold_gain":0.0,"event_name":"betterThird:BetterShining","player_choice":"Embrace Burn","floor":8.0,"gold_loss":0.0,"damage_taken":0.0},{"damage_healed":0,"gold_gain":0,"player_choice":"Became a vampire","damage_taken":0,"max_hp_gain":0,"max_hp_loss":21,"event_name":"Vampires","floor":19,"gold_loss":0,"cards_obtained":["Bite","Bite","Bite","Bite","Bite"]},{"damage_healed":0,"gold_gain":0,"player_choice":"Stole Relic","damage_taken":0,"relics_obtained":["Shuriken"],"max_hp_gain":0,"max_hp_loss":0,"event_name":"Addict","floor":21,"gold_loss":0,"cards_obtained":["Shame"]},{"damage_healed":0,"gold_gain":0,"player_choice":"Traded Relic","damage_taken":0,"relics_obtained":["Nloth\u0027s Gift"],"max_hp_gain":0,"max_hp_loss":0,"event_name":"N\u0027loth","floor":22,"relics_lost":["Calling Bell"],"gold_loss":0}],"is_beta":false,"boss_relics":[{"not_picked":["Replay:Grab Bag","Pandora\u0027s Box"],"picked":"Calling Bell"}],"items_purged_floors":[11],"is_endless":false,"potions_floor_spawned":[4,5,16,18],"killed_by":"Gremlin Leader","ascension_level":1}}