{"host":"u0qetpmu4y58k1tf","time":1613015080,"event":{"mods":["AchievementEnabler","BaseMod","CapriCore","Colored Map","Colored Powertips","Hermit","Marisa£¨Ùöéë¡¡Øª×âÞÞ£©","Minty Spire (QoL Compilation)","Reliquary","Replay The Spire","StSLib","SuperFastMode","Td1madao Mod","The Bug Knight","The Cursed","The Gatherer","The Hierophant","The Immortal","The Runesmith"],"gold_per_floor":[110,120,120,131,306,306,306],"floor_reached":6,"language":"KOR","playtime":243,"items_purged":[],"score":43,"play_id":"c072238f-8e42-4c91-99b2-405b1313f32c","local_time":"20210211124440","is_ascension_mode":true,"campfire_choices":[],"circlet_count":0,"master_deck":["Strike_R","Strike_R","Strike_R","Strike_R","Strike_R","Defend_R","Defend_R","Defend_R","Defend_R","Bash","Havoc","Dark Embrace","Regret","Warcry","Doubt"],"relics":["Burning Blood","NeowsBlessing","Snack Pack"],"acts_visited":["Exordium"],"potions_floor_usage":[],"damage_taken":[{"damage":0,"enemies":"Cultist","floor":1,"turns":1},{"damage":0,"enemies":"2 Louse","floor":2,"turns":1},{"damage":0,"enemies":"Small Slimes","floor":4,"turns":1},{"damage":20,"enemies":"Lagavulin","floor":6,"turns":5}],"seed_played":"119647983820484437","potions_obtained":[{"floor":2,"key":"Cursed Concoction"}],"is_trial":false,"path_per_floor":["M","M","?","M","?","E"],"character_chosen":"IRONCLAD","items_purchased":[],"campfire_rested":0,"item_purchase_floors":[],"current_hp_per_floor":[80,80,80,80,80,60,60],"gold":306,"neow_bonus":"THREE_ENEMY_KILL","is_daily":false,"chose_seed":false,"campfire_upgraded":0,"win_rate":0.0,"timestamp":1613015080,"path_taken":["M","?","?","M","?","E"],"items_purchased_type":[],"build_version":"2020-12-22","purchased_purges":0,"victory":false,"max_hp_per_floor":[80,80,80,80,80,80,80],"card_choices":[{"not_picked":["Pommel Strike","Shrug It Off"],"picked":"Havoc","floor":1},{"not_picked":["ReplayReversal","Armaments"],"picked":"Dark Embrace","floor":2},{"not_picked":["ReplayTheSpireMod:Stacked","Shrug It Off"],"picked":"Warcry","floor":4}],"player_experience":95531,"relics_obtained":[],"event_choices":[{"damage_healed":0,"gold_gain":0,"player_choice":"Box","damage_taken":0,"relics_obtained":["Snack Pack"],"max_hp_gain":0,"max_hp_loss":0,"event_name":"Big Fish","floor":3,"gold_loss":0,"cards_obtained":["Regret"]},{"damage_healed":0,"gold_gain":175,"player_choice":"AGREE","damage_taken":0,"max_hp_gain":0,"max_hp_loss":0,"event_name":"Liars Game","floor":5,"gold_loss":0,"cards_obtained":["Doubt"]}],"is_beta":false,"boss_relics":[],"items_purged_floors":[],"is_endless":false,"potions_floor_spawned":[2],"killed_by":"Lagavulin","ascension_level":4}}