{"host":"knk89g45d3vzr5fm","time":1613035968,"event":{"mods":["2.2 Compatiblity","BaseMod","Downfall","Minty Spire (QoL Compilation)","Relic Stats","Reliquary","Replay The Spire","StSLib","The Marked"],"gold_per_floor":[99,110,125,139,152,180,180,180,194,194,194,194],"floor_reached":10,"language":"FRA","playtime":416,"items_purged":[],"score":84,"play_id":"0c0502b2-8498-4788-8bea-f3a8927c5ea7","local_time":"20210211103248","is_ascension_mode":true,"campfire_choices":[{"floor":1,"key":"DIG"}],"circlet_count":0,"master_deck":["Slimebound:Strike_Slimebound","Slimebound:Strike_Slimebound","Slimebound:Strike_Slimebound","Slimebound:Tackle","Slimebound:Defend_Slimebound","Slimebound:Defend_Slimebound","Slimebound:Defend_Slimebound","Slimebound:Split","Slimebound:CorrosiveSpit","Regret","Slimebound:Schlurp","Slimebound:LivingWall","Slimebound:Schlurp","Slimebound:FlameTackle","Slimebound:Schlurp","Slimebound:SamplingLick"],"relics":["Slimebound:AbsorbEndCombat","Replay:Multitool","Slimebound:MaxSlimesRelic","Pocketwatch","Bird Faced Urn"],"acts_visited":["Exordium"],"potions_floor_usage":[6],"damage_taken":[{"damage":7,"enemies":"2 Louse","floor":2,"turns":3},{"damage":5,"enemies":"Jaw Worm","floor":3,"turns":3},{"damage":6,"enemies":"Cultist","floor":4,"turns":4},{"damage":20,"enemies":"Gremlin Gang","floor":5,"turns":7},{"damage":27,"enemies":"Gremlin Nob","floor":6,"turns":4},{"damage":14,"enemies":"Exordium Thugs","floor":9,"turns":5},{"damage":16,"enemies":"3 Sentries","floor":10,"turns":2}],"seed_played":"-8974864084483839328","potions_obtained":[{"floor":3,"key":"GamblersBrew"},{"floor":9,"key":"Block Potion"}],"is_trial":false,"path_per_floor":["R","M","M","M","M","E","T","?","M","E"],"character_chosen":"SLIMEBOUND","items_purchased":[],"campfire_rested":0,"item_purchase_floors":[],"current_hp_per_floor":[65,60,59,55,43,22,22,22,10,0,0,0],"gold":194,"neow_bonus":"ONE_RARE_RELIC","is_daily":false,"chose_seed":false,"campfire_upgraded":0,"win_rate":0.0,"timestamp":1613035968,"path_taken":["R","M","M","M","M","E","T","?","M","E"],"items_purchased_type":[],"build_version":"2020-12-22","purchased_purges":0,"victory":false,"max_hp_per_floor":[65,65,65,65,65,65,65,65,65,65,65,65],"relic_stats":{"counters":[7,28],"Bird Faced Urn":[0],"obtain_stats":[{"Slimebound:MaxSlimesRelic":1,"Bird Faced Urn":7,"Slimebound:AbsorbEndCombat":0,"Replay:Multitool":0,"Pocketwatch":6},{"Slimebound:MaxSlimesRelic":0,"Bird Faced Urn":5,"Slimebound:AbsorbEndCombat":0,"Replay:Multitool":0,"Pocketwatch":5},{"Slimebound:MaxSlimesRelic":0,"Bird Faced Urn":21,"Slimebound:AbsorbEndCombat":0,"Replay:Multitool":0,"Pocketwatch":21}],"Pocketwatch":[6]},"card_choices":[{"not_picked":["Slimebound:AcidTongue","Slimebound:ViciousTackle"],"picked":"Slimebound:Schlurp","floor":2},{"not_picked":["Slimebound:GoopSpray","Slimebound:SplitLeeching"],"picked":"Slimebound:LivingWall","floor":3},{"not_picked":["Slimebound:SplitMire","Slimebound:SlimeSlap"],"picked":"Slimebound:Schlurp","floor":4},{"not_picked":["Slimebound:Replication","Slimebound:PressTheAttack"],"picked":"Slimebound:FlameTackle","floor":5},{"not_picked":["Slimebound:MinionMaster","Slimebound:PressTheAttack"],"picked":"Slimebound:Schlurp","floor":6},{"not_picked":["Slimebound:FinishingTackle","Slimebound:SlimeSpikes"],"picked":"Slimebound:SamplingLick","floor":9}],"player_experience":2108885,"relics_obtained":[{"floor":1,"key":"Slimebound:MaxSlimesRelic"},{"floor":6,"key":"Pocketwatch"},{"floor":7,"key":"Bird Faced Urn"}],"event_choices":[],"is_beta":false,"boss_relics":[],"items_purged_floors":[],"is_endless":false,"potions_floor_spawned":[3,9],"killed_by":"3 Sentries","ascension_level":4}}