{"host":"hw9lt6p3yhr90vz0","time":1613007478,"event":{"mods":["BaseMod","DeckTracker","Minty Spire (QoL Compilation)","Relic Stats"],"gold_per_floor":[111,131,142,154,154,154,154,72,72,85,99,131,131,148,148,148,148],"floor_reached":16,"language":"ENG","playtime":1736,"items_purged":[],"score":140,"play_id":"4553e59a-1b37-44f1-b0bb-79b503e887e3","local_time":"20210210203758","is_ascension_mode":true,"campfire_choices":[{"floor":6.0,"key":"REST"},{"floor":13.0,"key":"REST"},{"floor":15,"key":"RECALL"}],"circlet_count":0,"master_deck":["Strike_B","Strike_B","Strike_B+1","Strike_B","Defend_B","Defend_B","Defend_B","Defend_B","Zap","Dualcast+1","Defragment","Double Energy","Genetic Algorithm","Buffer","Redo","Heatsinks","Barrage","Aggregate"],"relics":["Cracked Core","Thread and Needle","Pear","Turnip"],"acts_visited":["Exordium"],"potions_floor_usage":[14],"damage_taken":[{"damage":0.0,"enemies":"Cultist","floor":1.0,"turns":4.0},{"damage":3.0,"enemies":"Jaw Worm","floor":2.0,"turns":3.0},{"damage":0.0,"enemies":"2 Louse","floor":3.0,"turns":3.0},{"damage":6.0,"enemies":"Large Slime","floor":4.0,"turns":5.0},{"damage":0.0,"enemies":"3 Louse","floor":10.0,"turns":4.0},{"damage":6.0,"enemies":"Gremlin Gang","floor":11.0,"turns":5.0},{"damage":34.0,"enemies":"3 Sentries","floor":12.0,"turns":10.0},{"damage":9,"enemies":"Exordium Wildlife","floor":14,"turns":2},{"damage":36,"enemies":"Hexaghost","floor":16,"turns":9}],"seed_played":"-7116034272331237068","potions_obtained":[{"floor":10.0,"key":"Strength Potion"},{"floor":11.0,"key":"Strength Potion"},{"floor":12.0,"key":"PowerPotion"}],"is_trial":false,"path_per_floor":["M","M","M","M","?","R","$","?","T","M","M","E","R","M","R","B"],"character_chosen":"DEFECT","items_purchased":[],"campfire_rested":2,"item_purchase_floors":[],"current_hp_per_floor":[50,47,47,41,26,48,48,58,58,58,52,18,43,34,34,0,0],"gold":148,"neow_bonus":"ONE_RARE_RELIC","is_daily":false,"chose_seed":false,"campfire_upgraded":0,"win_rate":0.0,"timestamp":1613007478,"path_taken":["M","?","M","M","?","R","?","?","T","?","M","E","R","M","R","BOSS"],"items_purchased_type":[],"build_version":"2020-12-22","purchased_purges":0,"victory":false,"max_hp_per_floor":[75,75,75,75,75,75,75,85,85,85,85,85,85,85,85,85,85],"relic_stats":{"counters":[9,45],"Turnip":[0],"obtain_stats":[{"Pear":8,"Thread and Needle":0,"Turnip":12,"Cracked Core":0},{"Pear":4,"Thread and Needle":0,"Turnip":7,"Cracked Core":0},{"Pear":15,"Thread and Needle":0,"Turnip":34,"Cracked Core":0}]},"card_choices":[{"not_picked":["Barrage","Steam"],"picked":"Defragment","floor":1.0},{"not_picked":["Leap","Redo"],"picked":"Double Energy","floor":2.0},{"not_picked":["Barrage","Hologram"],"picked":"Genetic Algorithm","floor":3.0},{"not_picked":["Redo","Rebound"],"picked":"Buffer","floor":4.0},{"not_picked":["Rip and Tear","Tempest"],"picked":"Redo","floor":10.0},{"not_picked":["Doom and Gloom","FTL"],"picked":"Heatsinks","floor":11.0},{"not_picked":["Reprogram","Cold Snap"],"picked":"Barrage","floor":12.0},{"not_picked":["Redo","Melter"],"picked":"Aggregate","floor":14}],"player_experience":1405300,"relics_obtained":[{"floor":12.0,"key":"Turnip"}],"event_choices":[{"damage_healed":0.0,"max_hp_gain":0.0,"max_hp_loss":0.0,"gold_gain":0.0,"event_name":"Shining Light","player_choice":"Entered Light","floor":5.0,"gold_loss":0.0,"damage_taken":15.0,"cards_upgraded":["Strike_B","Dualcast"]},{"damage_healed":0.0,"max_hp_gain":0.0,"max_hp_loss":0.0,"gold_gain":0.0,"event_name":"WeMeetAgain","player_choice":"Paid Gold","floor":8.0,"gold_loss":82.0,"damage_taken":0.0,"relics_obtained":["Pear"]}],"is_beta":false,"boss_relics":[],"items_purged_floors":[],"is_endless":false,"potions_floor_spawned":[10,11,12],"killed_by":"Hexaghost","ascension_level":7}}