{"host":"jz4ul6vrcxqkcr33","time":1613067448,"event":{"mods":["BaseMod","Minty Spire (QoL Compilation)","StSLib"],"gold_per_floor":[117,135,135,153,164,191,146,159,159,179,209,189,189,214,214,312,312,331,186,205,205,222,222,20,45,45,45,45,45],"floor_reached":28,"language":"ENG","playtime":1665,"items_purged":[],"score":382,"play_id":"eb0513d7-aeb3-4934-a7a0-5c456bb7da34","local_time":"20210211131728","is_ascension_mode":true,"campfire_choices":[{"floor":13,"key":"REST"},{"floor":15,"key":"REST"},{"data":"Buffer","floor":23,"key":"SMITH"},{"floor":27,"key":"REST"}],"circlet_count":0,"master_deck":["Strike_B","Strike_B","Defend_B","Defend_B","Zap","Dualcast","Defragment","Cold Snap","Coolheaded","Buffer+1","Defragment","Conserve Battery","Turbo","Auto Shields","Glacier","Core Surge","Aggregate+1","Machine Learning+1","Rip and Tear+1","Beam Cell","Scrape","Chill","Leap+1","Rip and Tear+1","Sweeping Beam","Compile Driver","Rebound","Gash","Gash","Turbo+1"],"relics":["Black Star","Gambling Chip","Shuriken","InkBottle","Kunai","Emotion Chip","Astrolabe","Orrery","Molten Egg 2","Bottled Tornado","The Courier"],"acts_visited":["Exordium","TheCity"],"potions_floor_usage":[16,16,16,16,25,25,25,25,28],"damage_taken":[{"damage":4.0,"enemies":"2 Louse","floor":1.0,"turns":4.0},{"damage":6.0,"enemies":"Cultist","floor":2.0,"turns":4.0},{"damage":2.0,"enemies":"Small Slimes","floor":4.0,"turns":5.0},{"damage":8.0,"enemies":"3 Louse","floor":5.0,"turns":6.0},{"damage":22.0,"enemies":"Gremlin Nob","floor":6.0,"turns":6.0},{"damage":2.0,"enemies":"Looter","floor":7.0,"turns":5.0},{"damage":9.0,"enemies":"Exordium Wildlife","floor":8.0,"turns":6.0},{"damage":5.0,"enemies":"Blue Slaver","floor":10.0,"turns":5.0},{"damage":0,"enemies":"Lagavulin","floor":14,"turns":10},{"damage":34,"enemies":"Hexaghost","floor":16,"turns":18},{"damage":0,"enemies":"Chosen","floor":18,"turns":5},{"damage":8,"enemies":"Shell Parasite","floor":20,"turns":11},{"damage":0,"enemies":"Shelled Parasite and Fungi","floor":22,"turns":10},{"damage":29,"enemies":"Gremlin Leader","floor":25,"turns":9},{"damage":48,"enemies":"Book of Stabbing","floor":28,"turns":7}],"seed_played":"7787156923374920629","potions_obtained":[{"floor":2.0,"key":"SkillPotion"},{"floor":8.0,"key":"Swift Potion"},{"floor":10.0,"key":"Energy Potion"},{"floor":14,"key":"EntropicBrew"},{"floor":18,"key":"Swift Potion"},{"floor":22,"key":"EntropicBrew"}],"is_trial":false,"path_per_floor":["M","M","?","M","M","E","M","M","T","M","?","?","R","E","R","B",null,"M","$","M","?","M","R","$","E","T","R","E"],"character_chosen":"DEFECT","items_purchased":["Scrape","Chill","Orrery","Gash"],"campfire_rested":3,"item_purchase_floors":[19,19,24,24],"current_hp_per_floor":[64,58,58,56,48,26,24,15,15,10,10,10,32,32,54,20,61,61,61,53,53,53,53,53,24,24,46,0,0],"gold":45,"neow_bonus":"BOSS_RELIC","is_daily":false,"chose_seed":false,"campfire_upgraded":1,"win_rate":0.0,"timestamp":1613067448,"path_taken":["M","M","?","?","M","E","M","M","T","M","?","?","R","E","R","BOSS","M","$","M","?","M","R","$","E","T","R","E"],"items_purchased_type":["Card","Card","Relic","Card"],"build_version":"2020-12-13","purchased_purges":0,"victory":false,"max_hp_per_floor":[75,75,75,75,75,75,75,75,75,75,75,75,75,75,75,75,75,75,75,75,75,75,75,75,75,75,75,75,75],"card_choices":[{"not_picked":["Barrage","Sweeping Beam"],"picked":"Defragment","floor":1.0},{"not_picked":["Beam Cell","Melter"],"picked":"Cold Snap","floor":2.0},{"not_picked":["Hologram","Ball Lightning"],"picked":"Coolheaded","floor":4.0},{"not_picked":["Defragment","Chill"],"picked":"Buffer","floor":5.0},{"not_picked":["Redo","Turbo"],"picked":"Defragment","floor":6.0},{"not_picked":["Rebound","Double Energy"],"picked":"Conserve Battery","floor":7.0},{"not_picked":["Cold Snap","Steam"],"picked":"Turbo","floor":8.0},{"not_picked":["Coolheaded","Ball Lightning"],"picked":"Auto Shields","floor":10.0},{"not_picked":["Capacitor","FTL"],"picked":"Glacier","floor":14},{"not_picked":["Creative AI","Buffer"],"picked":"Core Surge","floor":16},{"not_picked":["Hologram","Streamline"],"picked":"Beam Cell","floor":18},{"not_picked":["Turbo","Fusion"],"picked":"Leap+1","floor":20},{"not_picked":["Conserve Battery","Leap"],"picked":"Rip and Tear+1","floor":22},{"not_picked":["Chaos","Rebound"],"picked":"Sweeping Beam","floor":24},{"not_picked":["Double Energy","Recycle"],"picked":"Compile Driver","floor":24},{"not_picked":["Undo","Stack"],"picked":"Rebound","floor":24},{"not_picked":["Stack","Beam Cell"],"picked":"Gash","floor":24},{"not_picked":["Steam","Barrage+1"],"picked":"Turbo+1","floor":25}],"player_experience":221983,"relics_obtained":[{"floor":6.0,"key":"Gambling Chip"},{"floor":6.0,"key":"Shuriken"},{"floor":9.0,"key":"InkBottle"},{"floor":14,"key":"Kunai"},{"floor":14,"key":"Emotion Chip"},{"floor":25,"key":"Molten Egg 2"},{"floor":25,"key":"Bottled Tornado"},{"floor":26,"key":"The Courier"}],"event_choices":[{"cards_removed":["Strike_B"],"damage_healed":0.0,"max_hp_gain":0.0,"max_hp_loss":0.0,"gold_gain":0.0,"event_name":"Purifier","player_choice":"Purged","floor":3.0,"gold_loss":0.0,"damage_taken":0.0},{"damage_healed":0,"gold_gain":30,"player_choice":"Searched \u00271\u0027 times","damage_taken":0,"max_hp_gain":0,"max_hp_loss":0,"event_name":"Dead Adventurer","floor":11,"gold_loss":0},{"damage_healed":0,"gold_gain":0,"player_choice":"Left Gold","damage_taken":0,"max_hp_gain":0,"max_hp_loss":0,"event_name":"World of Goop","floor":12,"gold_loss":20},{"damage_healed":0,"gold_gain":0,"player_choice":"Ignored","damage_taken":0,"max_hp_gain":0,"max_hp_loss":0,"event_name":"Ghosts","floor":21,"gold_loss":0}],"is_beta":false,"boss_relics":[{"not_picked":["Tiny House","Ectoplasm"],"picked":"Astrolabe"}],"items_purged_floors":[],"is_endless":false,"potions_floor_spawned":[2,8,10,14,18,22],"killed_by":"Book of Stabbing","ascension_level":8}}