{"host":"pwrib9jhixfykg8d","time":1613017298,"event":{"mods":["Act Like it!","Astrologer","BaseMod","Custom Start","Downfall","Gold Saver","GungeonMod","Hallownest","Hermit","Infinite Spire","Lobotomy","Luminous","Marisa£®ÏF”Í°°ƒß¿Ì…≥£©","Minty Spire (QoL Compilation)","Quick Restart","Reliquary","Replay The Spire","Shop Mod","StSLib","The Animator","The Bug Knight","The Jungle","Youmu£®ªÍ∆«—˝√Œ£©"],"gold_per_floor":[117,467,467,482,75,75,85,99,125,161,176,193,193,42,42,163,163,193,193],"floor_reached":18,"language":"ZHS","playtime":2431,"items_purged":["Normality"],"score":164,"play_id":"96738d5c-4bde-44bb-abc7-112db3514e66","local_time":"20210211122138","is_ascension_mode":false,"campfire_choices":[{"data":"HollowMod:SoulEater","floor":6.0,"key":"SMITH"},{"data":"HollowMod:Weaversong","floor":15.0,"key":"SMITH"}],"circlet_count":0,"master_deck":["HollowMod:NailStrikeStart","HollowMod:NailStrikeStart","HollowMod:NailStrikeStart","HollowMod:NailStrikeStart+1","HollowMod:QuickDashStart","HollowMod:QuickDashStart","HollowMod:QuickDashStart","HollowMod:QuickDashStart","HollowMod:FocusHealStart","HollowMod:PogoStrike+1","HollowMod:SoulSplash","HollowMod:SoulEater+1","HollowMod:QuirrelsAssistance","HollowMod:SoulVessel","HollowMod:DreamGate","hermit:ImpendingDoom","HollowMod:PureNailStrike","HollowMod:Weaversong+1","HollowMod:CycloneSlash","Hallownest:curseDreamersLament","HollowMod:Hiveblood"],"relics":["HollowMod:VesselMask","Ring of Greed","infinitespire:Midas Blood","Old Coin","Hallownest:DreamNailRelic","Simple Rune","Replay:Baseball","reliquary:PartyBalloon","Pen Nib","Hallownest:TeacherSealRelic","Lantern","Empty Cage"],"acts_visited":["Hallownest:Greenpath","Hallownest:CityofTears"],"potions_floor_usage":[16,16],"damage_taken":[{"damage":2.0,"enemies":"Hallownest:2_MossCreeps","floor":1.0,"turns":4.0},{"damage":1.0,"enemies":"Hallownest:monsterHuskGuard","floor":4.0,"turns":4.0},{"damage":0.0,"enemies":"2_ Uuma","floor":7.0,"turns":3.0},{"damage":0.0,"enemies":"Hallownest:monsterAspidMother","floor":8.0,"turns":4.0},{"damage":14.0,"enemies":"Hallownest:eliteMossKnight","floor":10.0,"turns":7.0},{"damage":0.0,"enemies":"Hallownest:monsterMossCharger","floor":11.0,"turns":4.0},{"damage":10.0,"enemies":"Hallownest:MossCreep_and_Mosskin","floor":12.0,"turns":4.0},{"damage":47,"enemies":"Hallownest:BossBrokenVessel","floor":16,"turns":7},{"damage":52,"enemies":"Hallownest:2_Mistakes","floor":18,"turns":5}],"seed_played":"3281015857671469017","potions_obtained":[{"floor":1.0,"key":"AttackPotion"},{"floor":7.0,"key":"SkillPotion"},{"floor":10.0,"key":"FearPotion"}],"is_trial":false,"path_per_floor":["M","?","?","M","$","R","M","M","T","E","M","M","?","$","R","B",null,"M"],"character_chosen":"THE_BUGKNIGHT","items_purchased":["HollowMod:QuirrelsAssistance","Simple Rune","Replay:Baseball","Lantern"],"campfire_rested":0,"item_purchase_floors":[5,5,5,14],"current_hp_per_floor":[74,74,74,75,75,75,75,75,75,67,67,57,57,57,57,10,72,47,47],"gold":193,"neow_bonus":"UPGRADE_CARD","is_daily":false,"chose_seed":false,"campfire_upgraded":2,"win_rate":0.0,"timestamp":1613017298,"path_taken":["M","?","?","M","$","R","?","M","T","E","M","M","?","$","R","BOSS","M"],"items_purchased_type":["Card","Relic","Relic","Card"],"build_version":"2020-12-22","purchased_purges":1,"victory":false,"max_hp_per_floor":[75,75,75,75,75,75,75,75,75,75,75,75,75,75,75,75,72,72,72],"card_choices":[{"not_picked":["HollowMod:LifebloodCocoon","HollowMod:QuirrelsAssistance"],"picked":"HollowMod:SoulSplash","floor":1.0},{"not_picked":["HollowMod:RadiancesLament","HollowMod:HeavyBlow"],"picked":"HollowMod:SoulEater","floor":4.0},{"not_picked":["HollowMod:SoulShaman","HollowMod:DescendingDark"],"picked":"HollowMod:SoulVessel","floor":7.0},{"not_picked":["HollowMod:DoubleDash","HollowMod:NewLittleFool"],"picked":"HollowMod:DreamGate","floor":8.0},{"not_picked":["HollowMod:SharpenedShadows","HollowMod:BaldurShell"],"picked":"HollowMod:PureNailStrike","floor":10.0},{"not_picked":["HollowMod:CoiledNail","HollowMod:DreamGate"],"picked":"HollowMod:Weaversong","floor":11.0},{"not_picked":["HollowMod:NewJinnsSoul","HollowMod:GoodIntentions"],"picked":"HollowMod:CycloneSlash","floor":12.0},{"not_picked":["HollowMod:PureVessel","HollowMod:WhiteLadysBlessing"],"picked":"HollowMod:Hiveblood","floor":16},{"not_picked":["HollowMod:PureNailStrike","HollowMod:SoulStrike","HollowMod:SharpenedNail+1"],"picked":"SKIP","floor":18}],"player_experience":321032,"relics_obtained":[{"floor":2.0,"key":"Ring of Greed"},{"floor":2.0,"key":"infinitespire:Midas Blood"},{"floor":2.0,"key":"Old Coin"},{"floor":9.0,"key":"reliquary:PartyBalloon"},{"floor":10.0,"key":"Pen Nib"}],"event_choices":[],"is_beta":false,"boss_relics":[{"not_picked":["SacredBark","reliquary:RedCape"],"picked":"Empty Cage"}],"items_purged_floors":[5],"is_endless":false,"potions_floor_spawned":[1,7,10],"killed_by":"Hallownest:2_Mistakes","ascension_level":0}}