{"host":"3d7yvplr5ovcyppx","time":1613042160,"event":{"mods":["AchievementEnabler","BaseMod","Hermit","Jorbs\u0027s Wanderer Trilogy","Minty Spire (QoL Compilation)","Quick Restart","Somnambulant","StSLib","The Cursed","The Disciple","The Servant 0.9.4"],"gold_per_floor":[113,124,124,124,147,190,204,204,251,295,295,55,93,93,93,222,285,300,300,319,342,365,398,412,455,532,532,557,601,601,601],"floor_reached":30,"language":"ENG","playtime":1839,"items_purged":[],"score":323,"play_id":"bcaadafc-fbe8-4678-bd45-a44504693fd8","local_time":"20210211164600","is_ascension_mode":true,"campfire_choices":[{"floor":8,"key":"REST"},{"data":"Zap","floor":11,"key":"SMITH"},{"data":"Dualcast","floor":15,"key":"SMITH"}],"circlet_count":0,"master_deck":["Strike_B","Strike_B","Strike_B","Strike_B","Defend_B","Defend_B","Defend_B+1","Defend_B+1","Zap+1","Dualcast+1","Bandage Up+1","BootSequence","Streamline","Gash","Streamline","Core Surge","Bandage Up","Gash","Buffer","Sweeping Beam","Static Discharge","Compile Driver+1","Gash+1","Barrage","Loop+1","Redo","Stack+1","Rebound+1"],"relics":["Cracked Core","Golden Idol","InkBottle","PreservedInsect","Centennial Puzzle","Sundial","Blood Vial","Toy Ornithopter","Boot","Tiny House","War Paint","Pen Nib","Ancient Tea Set","Toxic Egg 2","Molten Egg 2"],"acts_visited":["Exordium","TheCity"],"potions_floor_usage":[6,13,13,25,25,28,29,30],"damage_taken":[{"damage":1,"enemies":"Cultist","floor":1,"turns":4},{"damage":5,"enemies":"Small Slimes","floor":2,"turns":3},{"damage":0,"enemies":"Jaw Worm","floor":5,"turns":2},{"damage":50,"enemies":"Gremlin Nob","floor":6,"turns":5},{"damage":0,"enemies":"Blue Slaver","floor":7,"turns":3},{"damage":18,"enemies":"3 Sentries","floor":10,"turns":4},{"damage":21,"enemies":"Lagavulin","floor":13,"turns":4},{"damage":20,"enemies":"Slime Boss","floor":16,"turns":10},{"damage":14,"enemies":"Chosen","floor":18,"turns":5},{"damage":12,"enemies":"Shell Parasite","floor":20,"turns":4},{"damage":19,"enemies":"Snecko","floor":22,"turns":5},{"damage":15,"enemies":"Book of Stabbing","floor":23,"turns":4},{"damage":25,"enemies":"Sentry and Sphere","floor":24,"turns":4},{"damage":45,"enemies":"Slavers","floor":25,"turns":4},{"damage":41,"enemies":"3 Cultists","floor":28,"turns":5},{"damage":16,"enemies":"Book of Stabbing","floor":29,"turns":4},{"damage":15,"enemies":"Snecko","floor":30,"turns":2}],"seed_played":"4171494868802630126","potions_obtained":[{"floor":1,"key":"AttackPotion"},{"floor":5,"key":"DuplicationPotion"},{"floor":6,"key":"AttackPotion"},{"floor":17,"key":"Swift Potion"},{"floor":22,"key":"CultistPotion"},{"floor":25,"key":"DuplicationPotion"},{"floor":28,"key":"Strength Potion"},{"floor":29,"key":"AttackPotion"}],"is_trial":false,"path_per_floor":["M","M","?","?","M","E","M","R","T","E","R","$","E","T","R","B",null,"M","?","M","T","M","E","M","E","T","?","M","E","M"],"character_chosen":"DEFECT","items_purchased":["Bandage Up","Blood Vial"],"campfire_rested":1,"item_purchase_floors":[12,12],"current_hp_per_floor":[75,70,52,49,53,7,11,33,33,19,19,19,12,12,12,2,80,66,80,72,72,65,62,49,26,26,26,2,3,0,0],"gold":601,"neow_bonus":"RANDOM_COLORLESS","is_daily":false,"chose_seed":false,"campfire_upgraded":2,"win_rate":0.0,"timestamp":1613042160,"path_taken":["M","?","?","?","M","E","M","R","T","E","R","?","E","?","R","BOSS","M","?","?","?","M","E","M","E","T","?","M","E","?"],"items_purchased_type":["Card","Relic"],"build_version":"2020-12-22","purchased_purges":0,"victory":false,"max_hp_per_floor":[75,75,75,75,75,75,75,75,75,75,75,75,75,75,75,75,80,80,80,80,80,80,80,80,80,80,80,80,80,80,80],"card_choices":[{"not_picked":["Trip","Deep Breath"],"picked":"Bandage Up","floor":0},{"not_picked":["Barrage","Conserve Battery"],"picked":"Recycle","floor":1},{"not_picked":["Redo","Scrape"],"picked":"BootSequence","floor":2},{"not_picked":["Turbo","Glacier"],"picked":"Streamline","floor":5},{"not_picked":["Hologram","Beam Cell"],"picked":"Gash","floor":6},{"not_picked":["Recycle","Barrage"],"picked":"Streamline","floor":7},{"not_picked":["Compile Driver","Seek"],"picked":"Core Surge","floor":10},{"not_picked":["Turbo","Reprogram"],"picked":"Gash","floor":13},{"not_picked":["Multi-Cast","Machine Learning"],"picked":"Buffer","floor":16},{"not_picked":["Steam","Darkness"],"picked":"Sweeping Beam","floor":17},{"not_picked":["Auto Shields","Turbo"],"picked":"Static Discharge","floor":18},{"not_picked":["Steam+1","Glacier"],"picked":"Compile Driver+1","floor":20},{"not_picked":["Melter+1","Turbo"],"picked":"Gash+1","floor":22},{"not_picked":["Auto Shields","Darkness"],"picked":"Barrage","floor":23},{"not_picked":["Fusion","Doom and Gloom"],"picked":"Loop+1","floor":24},{"not_picked":["Barrage","Creative AI"],"picked":"Redo","floor":25},{"not_picked":["Go for the Eyes","Ball Lightning"],"picked":"Stack+1","floor":28},{"not_picked":["Hologram+1","Storm"],"picked":"Rebound+1","floor":29}],"player_experience":12422,"relics_obtained":[{"floor":6,"key":"PreservedInsect"},{"floor":9,"key":"Centennial Puzzle"},{"floor":10,"key":"Sundial"},{"floor":13,"key":"Toy Ornithopter"},{"floor":14,"key":"Boot"},{"floor":21,"key":"War Paint"},{"floor":23,"key":"Pen Nib"},{"floor":25,"key":"Ancient Tea Set"},{"floor":26,"key":"Toxic Egg 2"},{"floor":29,"key":"Molten Egg 2"}],"event_choices":[{"damage_healed":0,"gold_gain":0,"player_choice":"Take Damage","damage_taken":18,"relics_obtained":["Golden Idol"],"max_hp_gain":0,"max_hp_loss":0,"event_name":"Golden Idol","floor":3,"gold_loss":0},{"damage_healed":0,"gold_gain":0,"player_choice":"Success","damage_taken":3,"relics_obtained":["InkBottle"],"max_hp_gain":0,"max_hp_loss":0,"event_name":"Scrap Ooze","floor":4,"gold_loss":0},{"cards_removed":["Recycle"],"damage_healed":14,"gold_gain":0,"player_choice":"Offered Uncommon","damage_taken":0,"max_hp_gain":0,"max_hp_loss":0,"event_name":"Bonfire Elementals","floor":19,"gold_loss":0},{"damage_healed":0,"gold_gain":0,"player_choice":"Ignored","damage_taken":0,"max_hp_gain":0,"max_hp_loss":0,"event_name":"Purifier","floor":27,"gold_loss":0}],"is_beta":false,"boss_relics":[{"not_picked":["Runic Pyramid","Runic Dome"],"picked":"Tiny House"}],"items_purged_floors":[],"is_endless":false,"potions_floor_spawned":[1,5,6,22,25,28,29],"killed_by":"Snecko","ascension_level":1}}