{"host":"o67iw34xdwlyp80a","time":1613043245,"event":{"mods":["BaseMod","Colored Map","Minty Spire (QoL Compilation)","Relic Stats","StSLib"],"gold_per_floor":[114,12,12,32,32,32,63,79,79,79,107,107,7,33,33,136,136,148,3,18,18,18,43,63,63,63,89,289,44,60,78,78,174,174,184,184,184,184],"floor_reached":37,"language":"ENG","playtime":2728,"items_purged":["Strike_P","Pain","Defend_P"],"score":523,"play_id":"e27482a4-6466-4204-86b9-3df134df236e","local_time":"20210211113405","is_ascension_mode":true,"campfire_choices":[{"data":"Eruption","floor":6,"key":"SMITH"},{"data":"PathToVictory","floor":10,"key":"SMITH"},{"data":"PathToVictory","floor":12,"key":"SMITH"},{"data":"Adaptation","floor":15,"key":"SMITH"},{"floor":25,"key":"REST"},{"floor":32,"key":"REST"}],"circlet_count":0,"master_deck":["Strike_P+1","Defend_P","Defend_P","Defend_P","Eruption+1","Vigilance","EmptyBody","EmptyFist","CrushJoints","PathToVictory+1","PathToVictory+1","ThirdEye","Adaptation+1","LessonLearned","JustLucky+1","PathToVictory","EmptyMind","WindmillStrike+1","Devotion","EmptyFist+1","Halt","CrushJoints","Consecrate","Devotion"],"relics":["HolyWater","NeowsBlessing","Blue Candle","WarpedTongs","Pear","Pantograph","Darkstone Periapt","Blood Vial","Membership Card","Girya","Mummified Hand","Centennial Puzzle","GoldenEye","TungstenRod","Sozu"],"acts_visited":["Exordium","TheCity","TheBeyond"],"potions_floor_usage":[14,16,18,33,37],"damage_taken":[{"damage":0,"enemies":"Small Slimes","floor":1,"turns":1},{"damage":0,"enemies":"2 Louse","floor":4,"turns":1},{"damage":1,"enemies":"Gremlin Nob","floor":7,"turns":1},{"damage":1,"enemies":"Cultist","floor":8,"turns":3},{"damage":18,"enemies":"Lagavulin","floor":11,"turns":4},{"damage":4,"enemies":"3 Sentries","floor":14,"turns":5},{"damage":0,"enemies":"Slime Boss","floor":16,"turns":8},{"damage":13,"enemies":"3 Byrds","floor":18,"turns":6},{"damage":15,"enemies":"2 Thieves","floor":20,"turns":3},{"damage":31,"enemies":"Gremlin Leader","floor":23,"turns":5},{"damage":14,"enemies":"Centurion and Healer","floor":24,"turns":5},{"damage":26,"enemies":"Book of Stabbing","floor":27,"turns":5},{"damage":0,"enemies":"Snake Plant","floor":30,"turns":3},{"damage":11,"enemies":"Sentry and Sphere","floor":31,"turns":6},{"damage":36,"enemies":"Champ","floor":33,"turns":8},{"damage":17,"enemies":"3 Darklings","floor":35,"turns":4},{"damage":81,"enemies":"2 Orb Walkers","floor":37,"turns":4}],"seed_played":"-4499378246022051853","potions_obtained":[{"floor":7,"key":"StancePotion"},{"floor":8,"key":"BottledMiracle"},{"floor":14,"key":"DuplicationPotion"},{"floor":27,"key":"BlessingOfTheForge"},{"floor":31,"key":"BlessingOfTheForge"},{"floor":33,"key":"CultistPotion"}],"is_trial":false,"path_per_floor":["M","$","?","M","?","R","E","M","T","R","E","R","$","E","R","B",null,"M","$","M","?","?","E","M","R","T","E","?","$","M","M","R","B",null,"M","?","?"],"character_chosen":"WATCHER","items_purchased":["EmptyFist","Membership Card","TungstenRod","Halt","CrushJoints"],"campfire_rested":2,"item_purchase_floors":[2,19,29,29,29],"current_hp_per_floor":[72,72,54,54,54,54,63,62,62,62,44,44,44,40,40,67,82,69,69,56,56,56,27,15,39,39,15,15,15,17,8,32,23,82,65,65,0,0],"gold":184,"neow_bonus":"THREE_ENEMY_KILL","is_daily":false,"chose_seed":false,"campfire_upgraded":4,"win_rate":0.0,"timestamp":1613043245,"path_taken":["M","$","?","M","?","R","E","?","T","R","E","R","$","E","R","BOSS","M","$","M","?","?","E","M","R","T","E","?","$","M","?","R","BOSS","M","?","?"],"items_purchased_type":["Card","Relic","Relic","Card","Card"],"build_version":"2020-12-22","purchased_purges":3,"victory":false,"max_hp_per_floor":[72,72,72,72,72,72,82,82,82,82,82,82,82,82,82,82,82,82,82,82,82,82,82,82,82,82,82,82,82,82,82,82,82,82,82,82,82,82],"relic_stats":{"Darkstone Periapt":0,"Blood Vial":18,"Sozu":0,"Centennial Puzzle":[15],"counters":[17,72],"Mummified Hand":[16],"Blue Candle":[2],"Pantograph":50,"GoldenEye":[20],"obtain_stats":[{"Darkstone Periapt":11,"Girya":21,"Pear":7,"NeowsBlessing":0,"Blue Candle":3,"GoldenEye":27,"WarpedTongs":5,"Blood Vial":14,"Sozu":34,"Centennial Puzzle":26,"Mummified Hand":23,"Pantograph":9,"HolyWater":17,"Membership Card":19,"PureWater":0,"TungstenRod":29},{"Darkstone Periapt":5,"Girya":9,"Pear":3,"NeowsBlessing":0,"Blue Candle":1,"GoldenEye":12,"WarpedTongs":2,"Blood Vial":6,"Sozu":15,"Centennial Puzzle":11,"Mummified Hand":10,"Pantograph":4,"HolyWater":7,"Membership Card":8,"PureWater":0,"TungstenRod":12},{"Darkstone Periapt":10,"Girya":32,"Pear":3,"NeowsBlessing":0,"Blue Candle":1,"GoldenEye":47,"WarpedTongs":2,"Blood Vial":15,"Sozu":64,"Centennial Puzzle":42,"Mummified Hand":37,"Pantograph":6,"HolyWater":23,"Membership Card":29,"PureWater":0,"TungstenRod":47}],"TungstenRod":18,"WarpedTongs":[69]},"card_choices":[{"not_picked":["CutThroughFate","JustLucky"],"picked":"EmptyBody","floor":1},{"not_picked":["Halt","Protect"],"picked":"CrushJoints","floor":4},{"not_picked":["FlurryOfBlows","CutThroughFate"],"picked":"PathToVictory","floor":7},{"not_picked":["Prostrate","FlurryOfBlows"],"picked":"PathToVictory","floor":8},{"not_picked":["Halt","Fasting2"],"picked":"ThirdEye","floor":11},{"not_picked":["Judgement","ThirdEye"],"picked":"Adaptation","floor":14},{"not_picked":["Ragnarok","Establishment"],"picked":"LessonLearned","floor":16},{"not_picked":["EmptyMind","Crescendo"],"picked":"JustLucky+1","floor":18},{"not_picked":["FollowUp","SashWhip"],"picked":"PathToVictory","floor":20},{"not_picked":["CutThroughFate+1","WreathOfFlame"],"picked":"Devotion","floor":23},{"not_picked":["Protect","EmptyFist","CrushJoints"],"picked":"SKIP","floor":24},{"not_picked":["Indignation+1","Sanctity"],"picked":"EmptyFist+1","floor":27},{"not_picked":["EmptyFist+1","ClearTheMind","SpiritShield"],"picked":"SKIP","floor":30},{"not_picked":["JustLucky+1","Indignation"],"picked":"Consecrate","floor":31},{"not_picked":["DevaForm","LessonLearned"],"picked":"Devotion","floor":33},{"not_picked":["Halt","Collect","ForeignInfluence"],"picked":"SKIP","floor":35}],"player_experience":1173044,"relics_obtained":[{"floor":7,"key":"Pear"},{"floor":9,"key":"Pantograph"},{"floor":11,"key":"Darkstone Periapt"},{"floor":14,"key":"Blood Vial"},{"floor":23,"key":"Mummified Hand"},{"floor":26,"key":"Centennial Puzzle"},{"floor":27,"key":"GoldenEye"}],"event_choices":[{"damage_healed":0,"gold_gain":0,"player_choice":"Success","damage_taken":18,"relics_obtained":["Blue Candle"],"max_hp_gain":0,"max_hp_loss":0,"event_name":"Scrap Ooze","floor":3,"gold_loss":0},{"damage_healed":0,"gold_gain":0,"player_choice":"Rummage","damage_taken":0,"relics_obtained":["WarpedTongs"],"max_hp_gain":0,"max_hp_loss":0,"event_name":"Accursed Blacksmith","floor":5,"gold_loss":0,"cards_obtained":["Pain"]},{"damage_healed":0,"gold_gain":0,"player_choice":"Opened","damage_taken":0,"relics_obtained":["Girya"],"max_hp_gain":0,"max_hp_loss":0,"event_name":"The Mausoleum","floor":21,"gold_loss":0},{"damage_healed":0,"gold_gain":0,"cards_transformed":["Strike_P","Strike_P"],"player_choice":"Became Test Subject","damage_taken":0,"max_hp_gain":0,"max_hp_loss":0,"event_name":"Drug Dealer","floor":22,"gold_loss":0,"cards_obtained":["EmptyMind","WindmillStrike"]},{"damage_healed":0,"gold_gain":200,"player_choice":"Gold","damage_taken":0,"max_hp_gain":0,"max_hp_loss":0,"event_name":"Wheel of Change","floor":28,"gold_loss":0},{"damage_healed":0,"gold_gain":0,"player_choice":"Ignored","damage_taken":0,"max_hp_gain":0,"max_hp_loss":0,"event_name":"Tomb of Lord Red Mask","floor":36,"gold_loss":0},{"damage_healed":0,"gold_gain":0,"player_choice":"Fight","damage_taken":0,"max_hp_gain":0,"max_hp_loss":0,"event_name":"Mysterious Sphere","floor":37,"gold_loss":0}],"is_beta":false,"boss_relics":[{"not_picked":["VioletLotus","SlaversCollar"],"picked":"HolyWater"},{"not_picked":["Runic Dome","Snecko Eye"],"picked":"Sozu"}],"items_purged_floors":[2,13,29],"is_endless":false,"potions_floor_spawned":[7,8,14,27,31,33],"killed_by":"2 Orb Walkers","ascension_level":1}}