{"host":"tpad8qsc9e0g0pa5","time":1613062817,"event":{"mods":["BaseMod","Downfall","Minty Spire (QoL Compilation)","Quick Restart","StSLib"],"gold_per_floor":[99,109,47,66,51,51,51,51,51,51,67,67,67,84,95,200,200,200,213,233,333,344,12,12,12,29,29,29,29,29,42,61,161,161,161,179,31,31,48,67,117,117,127,141,9,28,42,55,70,70],"floor_reached":51,"language":"ZHS","playtime":13872,"items_purged":[],"score":668,"play_id":"110b0fc4-b60a-47a7-b00f-4f5e6ce23a17","local_time":"20210212010017","is_ascension_mode":false,"campfire_choices":[{"data":"Slimebound:FlameTackle","floor":1.0,"key":"SMITH"},{"data":"Slimebound:Grow","floor":6.0,"key":"SMITH"},{"floor":10.0,"key":"REST"},{"data":"Slimebound:Teamwork","floor":18.0,"key":"SMITH"},{"data":"expansioncontent:DashGenerateEvil","floor":25.0,"key":"SMITH"},{"data":"Slimebound:Chomp","floor":30.0,"key":"SMITH"},{"data":"Slimebound:GoopSpray","floor":35.0,"key":"SMITH"}],"circlet_count":0,"master_deck":["Slimebound:Strike_Slimebound+1","Slimebound:Tackle","Slimebound:Defend_Slimebound","Slimebound:Defend_Slimebound","Slimebound:Defend_Slimebound","Slimebound:Defend_Slimebound","Slimebound:Split","Slimebound:CorrosiveSpit","Slimebound:FlameTackle+1","Slimebound:GoopTackle","Slimebound:ComboTackle+1","Slimebound:Grow+1","Slimebound:Prepare","Slimebound:BestDefense","Slimebound:SplitMire","Slimebound:Teamwork+1","Slimebound:GoopSpray+1","Slimebound:Chomp+1","Slimebound:OozeBath","expansioncontent:DashGenerateEvil+1","Iron Wave","Slimebound:RollThrough+1","Slimebound:BestDefense","Slimebound:Repurpose","Slimebound:LeechLife","Slimebound:SamplingLick+1","Parasite","Slimebound:FormOfPuddle+1","expansioncontent:PolyBeam","Slimebound:LeechEnergy"],"relics":["Slimebound:AbsorbEndCombatUpgraded","HornCleat","downfall:ShatteredFragment","Gremlin Horn","Philosopher\u0027s Stone","FossilizedHelix","Mercury Hourglass","InkBottle","downfall:RedIOU","Blue Candle","ClockworkSouvenir","Ancient Tea Set"],"acts_visited":["Exordium","TheCity","TheBeyond"],"potions_floor_usage":[43,47,47],"damage_taken":[{"damage":7.0,"enemies":"Cultist","floor":2.0,"turns":4.0},{"damage":3.0,"enemies":"downfall:FleeingMerchant","floor":3.0,"turns":4.0},{"damage":2.0,"enemies":"2 Louse","floor":4.0,"turns":3.0},{"damage":13.0,"enemies":"downfall:FleeingMerchant","floor":5.0,"turns":4.0},{"damage":0.0,"enemies":"Small Slimes","floor":11.0,"turns":2.0},{"damage":0.0,"enemies":"2 Fungi Beasts","floor":14.0,"turns":2.0},{"damage":0.0,"enemies":"Red Slaver","floor":15.0,"turns":2.0},{"damage":39.0,"enemies":"DF_ARCHETYPE_STREAMLINE","floor":16.0,"turns":6.0},{"damage":5.0,"enemies":"Shell Parasite","floor":19.0,"turns":3.0},{"damage":3.0,"enemies":"3 Byrds","floor":20.0,"turns":4.0},{"damage":13.0,"enemies":"SI_SHIV_ARCHETYPE","floor":21.0,"turns":5.0},{"damage":0.0,"enemies":"Snecko","floor":22.0,"turns":5.0},{"damage":17.0,"enemies":"downfall:FleeingMerchant","floor":23.0,"turns":4.0},{"damage":0.0,"enemies":"Snake Plant","floor":26.0,"turns":3.0},{"damage":0.0,"enemies":"downfall:FleeingMerchant","floor":31.0,"turns":4.0},{"damage":0.0,"enemies":"Shelled Parasite and Fungi","floor":32.0,"turns":3.0},{"damage":0.0,"enemies":"WA_ARCHETYPE_CALM","floor":33.0,"turns":5.0},{"damage":0.0,"enemies":"3 Darklings","floor":36.0,"turns":3.0},{"damage":0,"enemies":"3 Shapes","floor":39,"turns":2},{"damage":8,"enemies":"Writhing Mass","floor":40,"turns":6},{"damage":24,"enemies":"Transient","floor":43,"turns":5},{"damage":2,"enemies":"Spire Growth","floor":44,"turns":5},{"damage":11,"enemies":"Maw","floor":46,"turns":7},{"damage":10,"enemies":"Transient","floor":47,"turns":5},{"damage":1,"enemies":"Spire Growth","floor":48,"turns":3},{"damage":3,"enemies":"Sphere and 2 Shapes","floor":49,"turns":3},{"damage":11,"enemies":"SI_POISON_ARCHETYPE","floor":50,"turns":7}],"seed_played":"-7436521155930372196","potions_obtained":[{"floor":4.0,"key":"Ancient Potion"},{"floor":11.0,"key":"champ:CounterPotion"},{"floor":14.0,"key":"Dexterity Potion"},{"floor":15.0,"key":"Regen Potion"},{"floor":20.0,"key":"Fire Potion"},{"floor":21.0,"key":"Ancient Potion"},{"floor":33.0,"key":"AttackPotion"},{"floor":40,"key":"ColorlessPotion"},{"floor":43,"key":"SneckoOil"},{"floor":44,"key":"GamblersBrew"},{"floor":49,"key":"FearPotion"}],"is_trial":false,"path_per_floor":["R","M","$","M","$","R","T","?","?","R","M","?","?","M","M","B",null,"R","M","M","?","M","$","T","R","M","?","?","?","R","$","M","B",null,"R","M","$","$","M","M","T","?","M","M","$","M","M","M","M","B",null],"character_chosen":"SLIMEBOUND","items_purchased":["Slimebound:ComboTackle","expansioncontent:DashGenerateEvil","Whetstone","Slimebound:BestDefense","Blue Candle","ClockworkSouvenir","expansioncontent:PolyBeam","Slimebound:LeechEnergy"],"campfire_rested":1,"item_purchase_floors":[3,23,23,31,31,37,45,45],"current_hp_per_floor":[65,60,59,57,48,48,48,30,30,49,49,42,42,42,42,18,65,65,64,65,54,60,49,49,49,53,53,53,53,53,61,65,65,65,65,65,65,65,65,62,62,62,41,57,57,61,61,65,62,58],"gold":70,"neow_bonus":"THREE_CARDS","is_daily":false,"chose_seed":false,"campfire_upgraded":6,"win_rate":0.0,"timestamp":1613062817,"path_taken":["R","M","$","M","$","R","T","?","?","R","M","?","?","?","M","BOSS","R","M","M","?","M","$","T","R","M","?","?","?","R","$","M","BOSS","R","M","$","?","M","M","T","?","?","M","$","M","M","M","M","BOSS"],"items_purchased_type":["Card","Card","Relic","Card","Relic","Relic","Card","Card"],"build_version":"2020-12-22","purchased_purges":0,"victory":true,"max_hp_per_floor":[65,65,65,65,65,65,65,65,65,65,65,65,65,65,65,65,65,65,65,65,65,65,65,65,65,65,65,65,65,65,65,65,65,65,65,65,65,65,65,65,65,65,65,65,65,65,65,65,65,65],"card_choices":[{"not_picked":["Slimebound:GoopSpray","Slimebound:SlimeSpikes"],"picked":"Slimebound:FlameTackle","floor":0.0},{"not_picked":["Slimebound:SplitMire","Slimebound:LevelUp","Slimebound:SplitAcid"],"picked":"SKIP","floor":2.0},{"not_picked":["Slimebound:DouseInSlime","Slimebound:SplitMire"],"picked":"Slimebound:GoopTackle","floor":3.0},{"not_picked":["Slimebound:GoopSpray","Slimebound:Nibble"],"picked":"Slimebound:Grow","floor":4.0},{"not_picked":["Slimebound:GrowthPunch","Slimebound:RainOfGoop"],"picked":"Slimebound:Prepare","floor":5.0},{"not_picked":["Slimebound:SamplingLick","Slimebound:LevelUp"],"picked":"Slimebound:BestDefense","floor":11.0},{"not_picked":["Slimebound:TongueLash","Slimebound:LivingWall","Slimebound:SlimeBarrage"],"picked":"SKIP","floor":14.0},{"not_picked":["Slimebound:TongueLash","Slimebound:SplitLeeching","Slimebound:Repurpose"],"picked":"SKIP","floor":15.0},{"not_picked":["Slimebound:MassRepurpose","Slimebound:DouseInSlime"],"picked":"Slimebound:Teamwork","floor":16.0},{"not_picked":["Slimebound:LivingWall","Slimebound:LeechEnergy"],"picked":"Slimebound:GoopSpray","floor":19.0},{"not_picked":["Slimebound:GoopTackle","Slimebound:LevelUp"],"picked":"Slimebound:Chomp","floor":20.0},{"not_picked":["Slimebound:LeechEnergy+1","Slimebound:GoopTackle"],"picked":"Slimebound:OozeBath","floor":21.0},{"not_picked":["Slimebound:SlimeSpikes","Slimebound:SplitMire","Slimebound:LivingWall"],"picked":"SKIP","floor":22.0},{"not_picked":["Slimebound:ItLooksTasty","Slimebound:RejuvenatingLick","Slimebound:ComboTackle+1"],"picked":"SKIP","floor":23.0},{"not_picked":["Slimebound:SlimeSpikes","Slimebound:Prepare","Slimebound:GoopSpray+1"],"picked":"SKIP","floor":26.0},{"not_picked":["Slimebound:WasteNot","Slimebound:FinishingTackle+1"],"picked":"Slimebound:RollThrough+1","floor":31.0},{"not_picked":["Slimebound:Schlurp+1","Slimebound:HauntingLick+1"],"picked":"Slimebound:Repurpose","floor":32.0},{"not_picked":["Slimebound:MassRepurpose","Slimebound:DuplicatedForm"],"picked":"Slimebound:LeechLife","floor":33.0},{"not_picked":["Slimebound:DisruptingSlam","Slimebound:SlimeBarrage+1"],"picked":"Slimebound:SamplingLick+1","floor":36.0},{"not_picked":["Slimebound:SlimeSpikes","Slimebound:TongueLash","Slimebound:SplitMire"],"picked":"SKIP","floor":39},{"not_picked":["Slimebound:SamplingLick+1","Slimebound:SplitAcid"],"picked":"Slimebound:FormOfPuddle+1","floor":40},{"not_picked":["Slimebound:LeechingTouch+1","Slimebound:LevelUp","Slimebound:SlimeSpikes+1"],"picked":"SKIP","floor":43},{"not_picked":["Slimebound:SlimeTap+1","Slimebound:ProtectTheBoss+1","Slimebound:OneTwoCombo"],"picked":"SKIP","floor":44},{"not_picked":["Slimebound:GoopTackle","Slimebound:SplitBruiser+1","Slimebound:FinishingTackle+1"],"picked":"SKIP","floor":46},{"not_picked":["Slimebound:SplitMire+1","Slimebound:ItLooksTasty","Slimebound:TongueLash"],"picked":"SKIP","floor":47},{"not_picked":["Slimebound:LeechingTouch+1","Slimebound:SlimeSpikes","Slimebound:SplitBruiser+1"],"picked":"SKIP","floor":48},{"not_picked":["Slimebound:SlimeSpikes+1","Slimebound:RollThrough","Slimebound:Schlurp+1"],"picked":"SKIP","floor":49}],"player_experience":324546,"relics_obtained":[{"floor":7.0,"key":"HornCleat"},{"floor":21.0,"key":"FossilizedHelix"},{"floor":21.0,"key":"Mercury Hourglass"},{"floor":24.0,"key":"InkBottle"},{"floor":41,"key":"Ancient Tea Set"}],"event_choices":[{"damage_healed":0.0,"max_hp_gain":0.0,"max_hp_loss":0.0,"gold_gain":0.0,"event_name":"Scrap Ooze","player_choice":"Success","floor":12.0,"gold_loss":0.0,"damage_taken":7.0,"relics_obtained":["Gremlin Horn"]},{"damage_healed":0.0,"max_hp_gain":0.0,"max_hp_loss":0.0,"gold_gain":0.0,"event_name":"Ghosts","player_choice":"Ignored","floor":28.0,"gold_loss":0.0,"damage_taken":0.0},{"cards_removed":["Slimebound:Strike_Slimebound"],"damage_healed":0.0,"max_hp_gain":0.0,"max_hp_loss":0.0,"gold_gain":0.0,"event_name":"NoteForYourself","player_choice":"Took Card","floor":29.0,"gold_loss":0.0,"damage_taken":0.0,"cards_obtained":["Iron Wave"]}],"is_beta":false,"boss_relics":[{"not_picked":["Calling Bell","Astrolabe"],"picked":"Philosopher\u0027s Stone"},{"not_picked":["SlaversCollar","Tiny House"],"picked":"Slimebound:AbsorbEndCombatUpgraded"}],"items_purged_floors":[],"is_endless":false,"potions_floor_spawned":[4,11,14,15,20,21,33,40,43,44,49],"ascension_level":0}}