{"host":"0eklz5vo06iqimyp","time":1613077960,"event":{"mods":["AchievementEnabler","BaseMod","Minty Spire (QoL Compilation)","Relic Stats"],"gold_per_floor":[116,116,134,134,159,159,194,194,194,229,248,248,261,280,280,409,409,409],"floor_reached":17,"language":"ENG","playtime":648,"items_purged":[],"score":217,"play_id":"7244edda-6750-42c6-b4d1-13042defa833","local_time":"20210211151240","is_ascension_mode":true,"campfire_choices":[{"floor":6.0,"key":"REST"},{"floor":8.0,"key":"REST"},{"floor":12.0,"key":"REST"},{"floor":15.0,"key":"REST"}],"circlet_count":0,"master_deck":["Strike_B","Strike_B","Strike_B","Defend_B","Defend_B","Defend_B","Defend_B","Zap","Dualcast","Gash","Conserve Battery","Melter","Gash","Storm+1","Cold Snap+1","Rebound+1","Ball Lightning+1","Rainbow"],"relics":["Cracked Core","Golden Idol","Smiling Mask","Frozen Egg 2","Molten Egg 2","Snecko Eye"],"acts_visited":["Exordium","TheCity"],"potions_floor_usage":[16],"damage_taken":[{"damage":3.0,"enemies":"2 Louse","floor":1.0,"turns":3.0},{"damage":1.0,"enemies":"Cultist","floor":3.0,"turns":3.0},{"damage":9.0,"enemies":"Small Slimes","floor":5.0,"turns":3.0},{"damage":33.0,"enemies":"Lagavulin","floor":7.0,"turns":7.0},{"damage":3.0,"enemies":"3 Sentries","floor":10.0,"turns":7.0},{"damage":2.0,"enemies":"3 Louse","floor":11.0,"turns":3.0},{"damage":11.0,"enemies":"Gremlin Gang","floor":13.0,"turns":4.0},{"damage":1.0,"enemies":"Blue Slaver","floor":14.0,"turns":3.0},{"damage":39,"enemies":"Hexaghost","floor":16,"turns":9}],"seed_played":"-767685141469738353","potions_obtained":[{"floor":0.0,"key":"Fire Potion"},{"floor":0.0,"key":"Dexterity Potion"},{"floor":0.0,"key":"EntropicBrew"},{"floor":7.0,"key":"Block Potion"},{"floor":11.0,"key":"BlessingOfTheForge"},{"floor":14.0,"key":"DuplicationPotion"},{"floor":16,"key":"Ancient Potion"}],"is_trial":false,"path_per_floor":["M","?","M","?","M","R","E","R","T","E","M","R","M","M","R","B",null],"character_chosen":"DEFECT","items_purchased":[],"campfire_rested":4,"item_purchase_floors":[],"current_hp_per_floor":[65,47,46,46,37,59,26,48,48,45,43,65,54,53,75,36,65,65],"gold":409,"neow_bonus":"THREE_SMALL_POTIONS","is_daily":false,"chose_seed":false,"campfire_upgraded":0,"win_rate":0.0,"timestamp":1613077960,"path_taken":["M","?","M","?","?","R","E","R","T","E","M","R","M","M","R","BOSS"],"items_purchased_type":[],"build_version":"2020-12-22","purchased_purges":0,"victory":false,"max_hp_per_floor":[75,75,75,75,75,75,75,75,75,75,75,75,75,75,75,75,75,75],"relic_stats":{"counters":[9,42],"Golden Idol":60,"Snecko Eye":[0,0,0,0],"Smiling Mask":0,"obtain_stats":[{"Golden Idol":2,"Snecko Eye":17,"Molten Egg 2":10,"Frozen Egg 2":9,"Cracked Core":0,"Smiling Mask":7},{"Golden Idol":1,"Snecko Eye":9,"Molten Egg 2":5,"Frozen Egg 2":4,"Cracked Core":0,"Smiling Mask":4},{"Golden Idol":3,"Snecko Eye":42,"Molten Egg 2":23,"Frozen Egg 2":16,"Cracked Core":0,"Smiling Mask":16}]},"card_choices":[{"not_picked":["Scrape","Hello World"],"picked":"Gash","floor":1.0},{"not_picked":["Stack","Sweeping Beam"],"picked":"Conserve Battery","floor":3.0},{"not_picked":["Steam","Go for the Eyes"],"picked":"Melter","floor":5.0},{"not_picked":["Beam Cell","Doom and Gloom"],"picked":"Gash","floor":7.0},{"not_picked":["Compile Driver+1","Streamline+1"],"picked":"Storm+1","floor":10.0},{"not_picked":["Storm+1","Thunder Strike+1"],"picked":"Cold Snap+1","floor":11.0},{"not_picked":["Genetic Algorithm","Rip and Tear+1"],"picked":"Rebound+1","floor":13.0},{"not_picked":["Chaos","Compile Driver+1"],"picked":"Ball Lightning+1","floor":14.0},{"not_picked":["Seek","Meteor Strike+1"],"picked":"Rainbow","floor":16}],"player_experience":470715,"relics_obtained":[{"floor":7.0,"key":"Smiling Mask"},{"floor":9.0,"key":"Frozen Egg 2"},{"floor":10.0,"key":"Molten Egg 2"}],"event_choices":[{"damage_healed":0.0,"max_hp_gain":0.0,"max_hp_loss":0.0,"gold_gain":0.0,"event_name":"Golden Idol","player_choice":"Take Damage","floor":2.0,"gold_loss":0.0,"damage_taken":18.0,"relics_obtained":["Golden Idol"]},{"cards_removed":["Strike_B"],"damage_healed":0.0,"max_hp_gain":0.0,"max_hp_loss":0.0,"gold_gain":0.0,"event_name":"Bonfire Elementals","player_choice":"Offered Basic","floor":4.0,"gold_loss":0.0,"damage_taken":0.0}],"is_beta":false,"boss_relics":[{"not_picked":["Ectoplasm","Sozu"],"picked":"Snecko Eye"}],"items_purged_floors":[],"is_endless":false,"potions_floor_spawned":[5,7,11,14,16],"ascension_level":6}}