{"host":"zsf7u5n6ehqeseos","time":1613058127,"event":{"mods":["AchievementEnabler","BaseMod","Colored Map","Colored Powertips","Googly Eyes","Minty Spire (QoL Compilation)"],"gold_per_floor":[118,293,293,64,64,95,95,42,42,69,69,86,36,46,46,147,147,160,173,173,173,173,200,200,200,200,200,219,3,37,137,137,236,236,251,526,239,293,293,293,309,182,209,10,10,60,60,74,74,74],"floor_reached":51,"language":"ENG","playtime":2300,"items_purged":["Regret","Shame"],"score":1148,"play_id":"2792286d-5540-4b78-9b7e-b3e37125f6e9","local_time":"20210211164207","is_ascension_mode":true,"campfire_choices":[{"data":"Backstab","floor":15.0,"key":"SMITH"},{"floor":24.0,"key":"REST"},{"data":"Envenom","floor":27.0,"key":"SMITH"},{"data":"Crippling Poison","floor":32.0,"key":"SMITH"},{"data":"1","floor":40.0,"key":"LIFT"},{"data":"2","floor":45.0,"key":"LIFT"},{"data":"3","floor":47.0,"key":"LIFT"},{"data":"After Image","floor":49.0,"key":"SMITH"}],"circlet_count":0,"master_deck":["Strike_G+1","Strike_G+1","Strike_G+1","Defend_G+1","Defend_G+1","Defend_G+1","Defend_G+1","Defend_G+1","Survivor","Neutralize","Blade Dance","Poisoned Stab","Flying Knee","Prepared","Deadly Poison","Backstab+1","Deadly Poison","Bane","Envenom+1","Bouncing Flask+1","Calculated Gamble","Necronomicurse","Crippling Poison+1","Ghostly","Ghostly","Ghostly","Ghostly","Ghostly","Concentrate+1","Well Laid Plans","Endless Agony+1","After Image+1","Blade Dance+1","Noxious Fumes","Mayhem","Crippling Poison+1","Backstab+1","A Thousand Cuts","Noxious Fumes","Endless Agony+1"],"relics":["Ring of the Snake","NeowsBlessing","Toolbox","Omamori","Mummified Hand","The Specimen","Calling Bell","Juzu Bracelet","Pantograph","TungstenRod","InkBottle","Necronomicon","Molten Egg 2","Turnip","Membership Card","Happy Flower","Bird Faced Urn","StoneCalendar","Shuriken","Philosopher\u0027s Stone","Blood Vial","Girya","Lantern","Ice Cream","Pocketwatch"],"acts_visited":["Exordium","TheCity","TheBeyond"],"potions_floor_usage":[50,50],"damage_taken":[{"damage":0.0,"enemies":"Jaw Worm","floor":1.0,"turns":1.0},{"damage":0.0,"enemies":"3 Sentries","floor":6.0,"turns":1.0},{"damage":0.0,"enemies":"Lagavulin","floor":10.0,"turns":1.0},{"damage":0.0,"enemies":"Small Slimes","floor":12.0,"turns":3.0},{"damage":0.0,"enemies":"2 Louse","floor":14.0,"turns":1.0},{"damage":28.0,"enemies":"Hexaghost","floor":16.0,"turns":6.0},{"damage":0.0,"enemies":"3 Byrds","floor":18.0,"turns":3.0},{"damage":0.0,"enemies":"Spheric Guardian","floor":19.0,"turns":2.0},{"damage":23.0,"enemies":"Gremlin Leader","floor":23.0,"turns":5.0},{"damage":6.0,"enemies":"Centurion and Healer","floor":28.0,"turns":6.0},{"damage":0.0,"enemies":"Book of Stabbing","floor":30.0,"turns":5.0},{"damage":0.0,"enemies":"Colosseum Slavers","floor":31.0,"turns":4.0},{"damage":0.0,"enemies":"Colosseum Nobs","floor":31.0,"turns":5.0},{"damage":0.0,"enemies":"Collector","floor":33.0,"turns":7.0},{"damage":0.0,"enemies":"3 Shapes","floor":35.0,"turns":4.0},{"damage":15.0,"enemies":"2 Orb Walkers","floor":38.0,"turns":5.0},{"damage":0.0,"enemies":"Orb Walker","floor":41.0,"turns":3.0},{"damage":0.0,"enemies":"Mind Bloom Boss Battle","floor":46.0,"turns":4.0},{"damage":14.0,"enemies":"Maw","floor":48.0,"turns":5.0},{"damage":24,"enemies":"Time Eater","floor":50,"turns":7}],"seed_played":"2068412721922378288","potions_obtained":[{"floor":1.0,"key":"PowerPotion"},{"floor":10.0,"key":"EntropicBrew"},{"floor":14.0,"key":"FearPotion"},{"floor":19.0,"key":"FearPotion"},{"floor":23.0,"key":"AttackPotion"},{"floor":30.0,"key":"LiquidMemories"},{"floor":41.0,"key":"Regen Potion"},{"floor":48.0,"key":"Dexterity Potion"}],"is_trial":false,"path_per_floor":["M","?","?","$","?","E","?","$","T","E","?","M","?","M","R","B",null,"M","M","?","?","?","E","R","?","T","R","M","$","E","?","R","B",null,"M","?","$","?","?","R","M","$","T","$","R","?","R","M","R","B",null],"character_chosen":"THE_SILENT","items_purchased":["Toolbox","Poisoned Stab","Flying Knee","Deadly Poison","Membership Card","Happy Flower","Noxious Fumes","Mayhem","Blood Vial","CunningPotion","A Thousand Cuts","Ice Cream","Noxious Fumes","Strength Potion"],"campfire_rested":1,"item_purchase_floors":[4,4,4,8,29,29,37,37,37,37,42,44,44,44],"current_hp_per_floor":[70,70,56,56,49,49,66,66,66,66,66,66,66,66,66,38,62,62,62,62,50,50,27,48,35,35,35,29,29,29,35,35,35,35,35,35,35,20,20,20,30,30,30,30,30,33,33,33,33,13],"gold":74,"neow_bonus":"THREE_ENEMY_KILL","is_daily":false,"chose_seed":false,"campfire_upgraded":4,"win_rate":0.0,"timestamp":1613058127,"path_taken":["M","?","?","$","?","E","?","$","T","E","?","?","?","M","R","BOSS","M","M","?","?","?","E","R","?","T","R","M","$","E","?","R","BOSS","M","?","$","?","?","R","M","?","T","$","R","?","R","M","R","BOSS"],"items_purchased_type":["Relic","Card","Card","Card","Relic","Relic","Card","Card","Relic","Potion","Card","Relic","Card","Potion"],"build_version":"2020-12-22","purchased_purges":2,"victory":true,"max_hp_per_floor":[70,70,70,70,70,70,70,70,70,70,70,70,70,70,70,70,70,70,70,70,70,70,70,70,35,35,35,35,35,35,35,35,35,35,35,35,35,35,33,33,33,33,33,33,33,33,33,33,33,33],"card_choices":[{"not_picked":["Heel Hook","Quick Slash"],"picked":"Blade Dance","floor":1.0},{"not_picked":["Tactician","Predator"],"picked":"Prepared","floor":6.0},{"not_picked":["Deflect","Grand Finale"],"picked":"Backstab","floor":10.0},{"not_picked":["Dash","Leg Sweep"],"picked":"Deadly Poison","floor":12.0},{"not_picked":["Setup","Acrobatics"],"picked":"Bane","floor":14.0},{"not_picked":["Doppelganger","Phantasmal Killer"],"picked":"Envenom","floor":16.0},{"not_picked":["Finisher","PiercingWail"],"picked":"Bouncing Flask+1","floor":18.0},{"not_picked":["Concentrate","Bane"],"picked":"Calculated Gamble","floor":19.0},{"not_picked":["Acrobatics+1","Poisoned Stab+1"],"picked":"Crippling Poison","floor":23.0},{"not_picked":["Distraction","All Out Attack+1"],"picked":"Concentrate+1","floor":28.0},{"not_picked":["Unload+1","PiercingWail"],"picked":"Well Laid Plans","floor":30.0},{"not_picked":["Prepared","Backflip"],"picked":"Endless Agony+1","floor":31.0},{"not_picked":["Doppelganger","A Thousand Cuts"],"picked":"After Image","floor":33.0},{"not_picked":["Heel Hook+1","Deflect+1"],"picked":"Blade Dance+1","floor":35.0},{"not_picked":["Concentrate+1","Sucker Punch+1"],"picked":"Crippling Poison+1","floor":38.0},{"not_picked":["PiercingWail","Dagger Spray+1"],"picked":"Backstab+1","floor":41.0},{"not_picked":["Quick Slash+1","Backflip+1"],"picked":"Endless Agony+1","floor":46.0},{"not_picked":["Underhanded Strike+1","Dagger Spray+1","Riddle With Holes+1"],"picked":"SKIP","floor":48.0}],"player_experience":236101,"relics_obtained":[{"floor":6.0,"key":"Omamori"},{"floor":9.0,"key":"Mummified Hand"},{"floor":10.0,"key":"The Specimen"},{"floor":17.0,"key":"Juzu Bracelet"},{"floor":17.0,"key":"Pantograph"},{"floor":17.0,"key":"TungstenRod"},{"floor":21.0,"key":"Necronomicon"},{"floor":23.0,"key":"Molten Egg 2"},{"floor":26.0,"key":"Turnip"},{"floor":30.0,"key":"Bird Faced Urn"},{"floor":31.0,"key":"StoneCalendar"},{"floor":31.0,"key":"Shuriken"},{"floor":38.0,"key":"Girya"},{"floor":43.0,"key":"Lantern"},{"floor":46.0,"key":"Pocketwatch"}],"event_choices":[{"damage_healed":0.0,"max_hp_gain":0.0,"max_hp_loss":0.0,"gold_gain":175.0,"event_name":"Liars Game","player_choice":"AGREE","floor":2.0,"gold_loss":0.0,"damage_taken":0.0,"cards_obtained":["Doubt"]},{"damage_healed":0.0,"max_hp_gain":0.0,"max_hp_loss":0.0,"gold_gain":0.0,"event_name":"Shining Light","player_choice":"Entered Light","floor":3.0,"gold_loss":0.0,"damage_taken":14.0,"cards_upgraded":["Strike_G","Defend_G"]},{"cards_removed":["Doubt"],"damage_healed":0.0,"max_hp_gain":0.0,"max_hp_loss":0.0,"gold_gain":0.0,"event_name":"Golden Wing","player_choice":"Card Removal","floor":5.0,"gold_loss":0.0,"damage_taken":7.0},{"damage_healed":17.0,"max_hp_gain":0.0,"max_hp_loss":0.0,"gold_gain":0.0,"event_name":"Mushrooms","player_choice":"Healed and dodged fight","floor":7.0,"gold_loss":0.0,"damage_taken":0.0,"cards_obtained":["Parasite"]},{"cards_removed":["Strike_G"],"damage_healed":0.0,"max_hp_gain":0.0,"max_hp_loss":0.0,"gold_gain":0.0,"event_name":"Bonfire Elementals","player_choice":"Offered Basic","floor":11.0,"gold_loss":0.0,"damage_taken":0.0},{"cards_removed":["Strike_G"],"damage_healed":0.0,"max_hp_gain":0.0,"max_hp_loss":0.0,"gold_gain":0.0,"event_name":"The Cleric","player_choice":"Card Removal","floor":13.0,"gold_loss":50.0,"damage_taken":0.0},{"damage_healed":0.0,"max_hp_gain":0.0,"max_hp_loss":0.0,"gold_gain":0.0,"event_name":"Addict","player_choice":"Stole Relic","floor":20.0,"gold_loss":0.0,"damage_taken":0.0,"relics_obtained":["InkBottle"],"cards_obtained":["Shame"]},{"damage_healed":0.0,"max_hp_gain":0.0,"max_hp_loss":0.0,"gold_gain":0.0,"event_name":"Cursed Tome","player_choice":"Obtained Book","floor":21.0,"gold_loss":0.0,"damage_taken":16.0},{"damage_healed":0.0,"max_hp_gain":0.0,"max_hp_loss":0.0,"gold_gain":0.0,"event_name":"Back to Basics","player_choice":"Simplicity","floor":22.0,"gold_loss":0.0,"damage_taken":0.0,"cards_upgraded":["Strike_G","Strike_G","Defend_G","Defend_G","Defend_G","Defend_G"]},{"damage_healed":0.0,"max_hp_gain":0.0,"max_hp_loss":35.0,"gold_gain":0.0,"event_name":"Ghosts","player_choice":"Became a Ghost","floor":25.0,"gold_loss":0.0,"damage_taken":0.0,"cards_obtained":["Ghostly","Ghostly","Ghostly","Ghostly","Ghostly"]},{"damage_healed":0.0,"max_hp_gain":0.0,"max_hp_loss":0.0,"gold_gain":0.0,"event_name":"Colosseum","player_choice":"Fight","floor":31.0,"gold_loss":0.0,"damage_taken":0.0},{"damage_healed":0.0,"max_hp_gain":0.0,"max_hp_loss":0.0,"gold_gain":0.0,"event_name":"Colosseum","player_choice":"Fought Nobs","floor":31.0,"gold_loss":0.0,"damage_taken":0.0},{"damage_healed":0.0,"max_hp_gain":0.0,"max_hp_loss":0.0,"gold_gain":275.0,"event_name":"Golden Shrine","player_choice":"Desecrate","floor":36.0,"gold_loss":0.0,"damage_taken":0.0,"cards_obtained":["Regret"]},{"damage_healed":0.0,"max_hp_gain":0.0,"max_hp_loss":0.0,"gold_gain":0.0,"event_name":"Mysterious Sphere","player_choice":"Fight","floor":38.0,"gold_loss":0.0,"damage_taken":0.0},{"damage_healed":0.0,"max_hp_gain":0.0,"max_hp_loss":2.0,"gold_gain":0.0,"event_name":"Winding Halls","player_choice":"Max HP","floor":39.0,"gold_loss":0.0,"damage_taken":0.0},{"damage_healed":0.0,"max_hp_gain":0.0,"max_hp_loss":0.0,"gold_gain":0.0,"event_name":"MindBloom","player_choice":"Fight","floor":46.0,"gold_loss":0.0,"damage_taken":0.0}],"is_beta":false,"boss_relics":[{"not_picked":["Coffee Dripper","Runic Dome"],"picked":"Calling Bell"},{"not_picked":["Pandora\u0027s Box","Astrolabe"],"picked":"Philosopher\u0027s Stone"}],"items_purged_floors":[37,42],"is_endless":false,"potions_floor_spawned":[1,10,14,19,23,30,31,41,48],"ascension_level":5}}