{"host":"c6xy0a74zz7y4nf6","time":1613015382,"event":{"mods":["BaseMod","Colored Map","Downfall","Googly Eyes","Minty Spire (QoL Compilation)","Replay The Spire","Spire Arcade","StSLib","The Death Knight","The Exalted"],"gold_per_floor":[115,125,125,50,0,32,45,74,97,125,125,158,191,191,191,322,322,354,381,381,381,411,457,488,538,538,538,570,195,225,258,258,370,370,394,421,421,482,502,551,551,43,43,73,118,144,144,171,171,181,181,181,59,103,115],"floor_reached":56,"language":"ENG","playtime":4061,"items_purged":["Bromod:Strike_Bro","ReplayTheSpireMod:Restless Dread"],"score":1505,"play_id":"3c33a115-7306-413d-b360-9b45164704be","local_time":"20210210214942","is_ascension_mode":true,"campfire_choices":[{"floor":11,"key":"REST"},{"data":"Bromod:RadialBlind","floor":15,"key":"SMITH"},{"floor":27,"key":"RECALL"},{"data":"Thinking Ahead","floor":32,"key":"SMITH"},{"data":"Bromod:Redirection","floor":41,"key":"SMITH"},{"floor":49,"key":"REST"},{"data":"Bromod:Berserker","floor":52,"key":"SMITH"}],"circlet_count":0,"master_deck":["Bromod:Strike_Bro+1","Bromod:Defend_Bro","Bromod:Defend_Bro","Bromod:Defend_Bro","Bromod:Defend_Bro","Bromod:SlashDash","Bromod:SlashDash","Bromod:SlashDash","Bromod:FastHands+1","Bromod:RadialBlind+1","Bromod:SteelFiber","Bromod:ContagiousSpread","Bromod:ContagiousSpread","Bromod:SlashDash","Bromod:NoReturn","Bromod:Intensify+1","Bromod:Provoked+1","Bromod:FinishingTouch+1","Bromod:Redirection+1","Thinking Ahead+1","Bromod:SlashDash","Bromod:Berserker+1","Bromod:Redirection+1","Bromod:SlashDash","Bromod:Stretch+1","Bromod:NorthWind+1","Bromod:SlashDash"],"relics":["Bromod:Ordis","Bromod:AscarisDevice","Centennial Puzzle","Anchor","Unceasing Top","Replay:Bandana","ReplayTheSpireMod:Ninjato","Sozu","Vajra","Snack Pack","Omamori","Oddly Smooth Stone","Black Star","Du-Vu Doll","Pondfish Scales","Lantern","Garlic","Toxic Egg 2","Bromod:ArcaneGuardian","Onion Ring","The Courier","Replay:Accelerometer","Replay:Bottled Steam","Replay:Bottled Flurry"],"acts_visited":["Exordium","TheCity","TheBeyond","TheEnding"],"potions_floor_usage":[16,33,33,47],"damage_taken":[{"damage":0,"enemies":"Cultist","floor":1,"turns":3},{"damage":1,"enemies":"Jaw Worm","floor":2,"turns":4},{"damage":16,"enemies":"Lagavulin","floor":6,"turns":8},{"damage":0,"enemies":"2 Louse","floor":7,"turns":3},{"damage":1,"enemies":"Replay:BlueRogue","floor":8,"turns":5},{"damage":5,"enemies":"Looter","floor":10,"turns":3},{"damage":0,"enemies":"Blue Slaver","floor":12,"turns":3},{"damage":0,"enemies":"Lagavulin","floor":13,"turns":7},{"damage":0,"enemies":"Fading Forest","floor":16,"turns":11},{"damage":0,"enemies":"3 Byrds","floor":18,"turns":4},{"damage":0,"enemies":"2 Thieves","floor":19,"turns":4},{"damage":0,"enemies":"Snecko","floor":22,"turns":5},{"damage":2,"enemies":"Gremlin Leader","floor":23,"turns":4},{"damage":0,"enemies":"Centurion and Healer","floor":24,"turns":5},{"damage":0,"enemies":"Replay:Snechameleon","floor":25,"turns":3},{"damage":5,"enemies":"Snake Plant","floor":28,"turns":3},{"damage":0,"enemies":"Cultist and Chosen","floor":30,"turns":3},{"damage":0,"enemies":"Centurion and Healer","floor":31,"turns":5},{"damage":0,"enemies":"Pondfish","floor":33,"turns":8},{"damage":18,"enemies":"3 Darklings","floor":35,"turns":4},{"damage":16,"enemies":"3 Shapes","floor":36,"turns":5},{"damage":14,"enemies":"2 Orb Walkers","floor":38,"turns":4},{"damage":7,"enemies":"Sphere and 2 Shapes","floor":39,"turns":6},{"damage":0,"enemies":"R_Hoarder","floor":40,"turns":7},{"damage":5,"enemies":"3 Darklings","floor":44,"turns":4},{"damage":18,"enemies":"Reptomancer","floor":45,"turns":4},{"damage":0,"enemies":"Jaw Worm Horde","floor":46,"turns":4},{"damage":0,"enemies":"Spire Growth","floor":47,"turns":1},{"damage":0,"enemies":"3 Darklings","floor":48,"turns":6},{"damage":47,"enemies":"Awakened One","floor":50,"turns":12},{"damage":18,"enemies":"Shield and Spear","floor":54,"turns":8},{"damage":43,"enemies":"The Heart","floor":55,"turns":6}],"seed_played":"-9063283138422876193","potions_obtained":[{"floor":6,"key":"SmokeBomb"},{"floor":12,"key":"Bromod:EnergyRestore"},{"floor":13,"key":"Guardian:BlockOnCardUsePotion"},{"floor":16,"key":"Bromod:Endo"}],"is_trial":false,"path_per_floor":["M","M","?","$","?","E","M","E","T","M","R","M","E","?","R","B",null,"M","M","?","?","M","E","M","E","T","R","M","$","M","M","R","B",null,"M","M","?","?","M","E","R","$","T","M","E","M","M","M","R","B",null,"R","$","E","B",null],"character_chosen":"THE_EXALTED","items_purchased":["Oddly Smooth Stone","Thinking Ahead","Bromod:SlashDash","Toxic Egg 2","Bromod:ArcaneGuardian","Bromod:SlashDash"],"campfire_rested":2,"item_purchase_floors":[29,29,29,42,42,53],"current_hp_per_floor":[82,81,65,65,65,49,49,48,48,43,67,67,67,67,67,67,82,82,82,82,82,82,80,82,82,82,82,79,79,82,82,82,82,82,68,58,63,55,52,58,58,58,58,59,47,51,51,55,81,44,87,87,87,69,32],"gold":115,"neow_bonus":"TEN_PERCENT_HP_BONUS","is_daily":false,"chose_seed":false,"campfire_upgraded":4,"win_rate":0.0,"timestamp":1613015382,"path_taken":["M","?","?","$","?","E","M","E","T","M","R","?","E","?","R","BOSS","M","M","?","?","?","E","M","E","T","R","M","$","?","M","R","BOSS","M","M","?","?","M","E","R","$","T","M","E","M","M","M","R","BOSS","R","$","E","BOSS"],"items_purchased_type":["Relic","Card","Card","Relic","Relic","Card"],"build_version":"2020-12-22","purchased_purges":2,"victory":true,"max_hp_per_floor":[82,82,82,82,82,82,82,82,82,82,82,82,82,82,82,82,82,82,82,82,82,82,82,82,82,82,82,82,82,82,82,82,82,82,82,82,87,87,87,87,87,87,87,87,87,87,87,87,87,87,87,87,87,87,87],"card_choices":[{"not_picked":["Bromod:Vitality","Bromod:HornetStrike"],"picked":"Bromod:FastHands","floor":1},{"not_picked":["Bromod:Serration","Bromod:Reflection"],"picked":"Bromod:RadialBlind","floor":2},{"not_picked":["Bromod:Vitality","Bromod:EnergySiphon"],"picked":"Bromod:SteelFiber","floor":6},{"not_picked":["Bromod:Foundry","Bromod:SteelFiber"],"picked":"Bromod:ContagiousSpread","floor":7},{"not_picked":["Bromod:BulletJump","Bromod:FastHands","Bromod:OrganShatter"],"picked":"SKIP","floor":8},{"not_picked":["Bromod:EnergySiphon","Bromod:QuickDraw"],"picked":"Bromod:ContagiousSpread","floor":10},{"not_picked":["Bromod:FastHands","Bromod:BodyCount"],"picked":"Bromod:SlashDash","floor":12},{"not_picked":["Bromod:SlashDash","Bromod:QuickDraw"],"picked":"Bromod:NoReturn","floor":13},{"not_picked":["Bromod:ThermiteRounds","Bromod:Adaptation"],"picked":"Bromod:Intensify","floor":16},{"not_picked":["Bromod:ShatteringImpact","Bromod:QuickDraw"],"picked":"Bromod:Provoked+1","floor":18},{"not_picked":["Bromod:BulletJump","Bromod:FastHands+1"],"picked":"Bromod:FinishingTouch+1","floor":19},{"not_picked":["Bromod:Maglev+1","Bromod:QuickThinking","Bromod:Foundry"],"picked":"SKIP","floor":22},{"not_picked":["Bromod:BulletJump","Bromod:QuickDraw","Bromod:SteelFiber"],"picked":"SKIP","floor":23},{"not_picked":["Bromod:SlipMagazine","Bromod:Maglev+1","Bromod:BodyCount"],"picked":"SKIP","floor":24},{"not_picked":["Bromod:FinishingTouch","Bromod:QuickDraw"],"picked":"Bromod:Redirection+1","floor":25},{"not_picked":["Bromod:Redirection","Bromod:SteelCharge","Bromod:BodyCount"],"picked":"SKIP","floor":28},{"not_picked":["Bromod:FormaBlueprint","Bromod:HornetStrike","Bromod:PointBlank"],"picked":"SKIP","floor":30},{"not_picked":["Bromod:Fury","Bromod:FastHands","Bromod:Reflection+1"],"picked":"SKIP","floor":31},{"not_picked":["Bromod:SplitChamber","Bromod:ExaltedBlade"],"picked":"Bromod:Berserker","floor":33},{"not_picked":["Bromod:QuickDraw","Bromod:BulletJump+1","Bromod:ShatteringImpact"],"picked":"SKIP","floor":35},{"not_picked":["Bromod:Reflection+1","Bromod:SteelFiber+1"],"picked":"Bromod:Redirection","floor":36},{"not_picked":["Bromod:Vitality","Bromod:BulletJump"],"picked":"Bromod:SlashDash","floor":38},{"not_picked":["Bromod:KillingBlow","Bromod:Patagium"],"picked":"Bromod:Stretch+1","floor":39},{"not_picked":["Bromod:Foundry+1","Bromod:ShatteringImpact"],"picked":"Bromod:NorthWind+1","floor":40},{"not_picked":["Bromod:OrganShatter","Bromod:Fury+1","Bromod:Foundry+1"],"picked":"SKIP","floor":44},{"not_picked":["Bromod:FashionFrame+1","Bromod:SteelFiber+1","Bromod:SpeedTrigger+1"],"picked":"SKIP","floor":45},{"not_picked":["Bromod:FinishingTouch","Bromod:OrganShatter+1","Bromod:ReflexCoil+1"],"picked":"SKIP","floor":46},{"not_picked":["Bromod:BloodRush+1","Bromod:Vitality+1","Bromod:BodyCount+1"],"picked":"SKIP","floor":48},{"not_picked":["Bromod:PointBlank+1","Bromod:Provoked+1","Bromod:QuickDraw+1"],"picked":"SKIP","floor":54}],"player_experience":109339,"relics_obtained":[{"floor":6,"key":"Anchor"},{"floor":8,"key":"Unceasing Top"},{"floor":9,"key":"Replay:Bandana"},{"floor":13,"key":"ReplayTheSpireMod:Ninjato"},{"floor":21,"key":"Vajra"},{"floor":23,"key":"Snack Pack"},{"floor":25,"key":"Omamori"},{"floor":38,"key":"Pondfish Scales"},{"floor":40,"key":"Lantern"},{"floor":40,"key":"Garlic"},{"floor":43,"key":"Onion Ring"},{"floor":45,"key":"The Courier"},{"floor":45,"key":"Replay:Accelerometer"},{"floor":54,"key":"Replay:Bottled Steam"},{"floor":54,"key":"Replay:Bottled Flurry"}],"event_choices":[{"damage_healed":0,"gold_gain":0,"player_choice":"Entered Light","damage_taken":16,"max_hp_gain":0,"max_hp_loss":0,"event_name":"Shining Light","floor":3,"gold_loss":0,"cards_upgraded":["Bromod:Strike_Bro","Bromod:FastHands"]},{"damage_healed":0,"gold_gain":0,"player_choice":"Paid Gold","damage_taken":0,"relics_obtained":["Centennial Puzzle"],"max_hp_gain":0,"max_hp_loss":0,"event_name":"WeMeetAgain","floor":5,"gold_loss":50},{"cards_removed":["Bromod:Strike_Bro"],"damage_healed":0,"gold_gain":0,"player_choice":"Forget","damage_taken":0,"max_hp_gain":0,"max_hp_loss":0,"event_name":"Living Wall","floor":14,"gold_loss":0},{"damage_healed":0,"gold_gain":0,"player_choice":"Relic","damage_taken":0,"max_hp_gain":0,"max_hp_loss":0,"event_name":"Wheel of Change","floor":21,"gold_loss":0},{"damage_healed":0,"gold_gain":0,"player_choice":"Fight","damage_taken":0,"max_hp_gain":0,"max_hp_loss":0,"event_name":"Mysterious Sphere","floor":38,"gold_loss":0}],"is_beta":false,"boss_relics":[{"not_picked":["Runic Pyramid","Ectoplasm"],"picked":"Sozu"},{"not_picked":["Velvet Choker","Philosopher\u0027s Stone"],"picked":"Black Star"}],"items_purged_floors":[4,53],"is_endless":false,"potions_floor_spawned":[6,12,13,16,23,24,25,30,33,39,40,46,47,54],"ascension_level":1}}