{"host":"znuunkttinnn1f17","time":1613086954,"event":{"mods":["BaseMod","Colored Map","Downfall","Minty Spire (QoL Compilation)","Replay The Spire","StSLib"],"gold_per_floor":[99,117,135,45,45,59,59,72,91,91,191,201,201,201,216,316,316,216,227,35,48,62,94,117,132,132,149,168,188,188,16,35,135,135,135,154,164,176,226,241,294,294,306,326,326,326,326],"floor_reached":45,"language":"ENG","playtime":4722,"items_purged":["champ:Strike","Slimebound:Split+1"],"score":462,"play_id":"f46ec56a-eff4-4ae4-bd07-c2cd4659b13a","local_time":"20210212004234","is_ascension_mode":false,"campfire_choices":[{"data":"champ:Taunt","floor":1,"key":"SMITH"},{"data":"champ:Lariat","floor":10,"key":"SMITH"},{"data":"champ:Improvising","floor":18,"key":"SMITH"},{"floor":26,"key":"REST"},{"floor":30,"key":"REST"},{"data":"champ:PreciseThrust","floor":35,"key":"SMITH"},{"floor":42,"key":"REST"}],"circlet_count":0,"master_deck":["champ:Strike+1","champ:Strike+1","champ:Defend","champ:Execute","champ:Taunt+1","champ:Lariat+1","champ:PreciseThrust","champ:BerserkersShout","champ:PreciseThrust+1","champ:Backstep","downfall:Malfunctioning","champ:Improvising+1","champ:Haymaker","champ:StanceDance+1","champ:ShieldWall","champ:GladiatorStyle","champ:CalledShot+1","champ:TripleStrike","champ:BringItOn","champ:SteelEdge+1","champ:EnragedBash+1","champ:EndlessRage+1","Parasite"],"relics":["champ:ChampionCrown","Ring of Chaos","downfall:HeartBlessingBlue","Smiling Mask","ReplayTheSpireMod:Lightbulb","Lee\u0027s Waffle","Replay:Grab Bag","Philosopher\u0027s Stone","Painkiller Herb","Astrolabe","champ:GladiatorsBookOfMartialProwess","ReplayTheSpireMod:TigerMarble"],"acts_visited":["Exordium","TheCity","TheBeyond"],"potions_floor_usage":[4,16,16,25,29,29,32,33,33,33,39],"damage_taken":[{"damage":13,"enemies":"Jaw Worm","floor":2,"turns":4},{"damage":39,"enemies":"Cultist","floor":3,"turns":5},{"damage":20,"enemies":"downfall:FleeingMerchant","floor":4,"turns":4},{"damage":26,"enemies":"2 Louse","floor":6,"turns":3},{"damage":40,"enemies":"Large Slime","floor":8,"turns":5},{"damage":61,"enemies":"Gremlin Gang","floor":9,"turns":6},{"damage":13,"enemies":"2 Fungi Beasts","floor":12,"turns":3},{"damage":26,"enemies":"Blue Slaver","floor":15,"turns":4},{"damage":85,"enemies":"DF_ARCHETYPE_STREAMLINE","floor":16,"turns":9},{"damage":21,"enemies":"Spheric Guardian","floor":19,"turns":5},{"damage":5,"enemies":"downfall:FleeingMerchant","floor":20,"turns":4},{"damage":23,"enemies":"3 Byrds","floor":21,"turns":5},{"damage":45,"enemies":"Snecko","floor":22,"turns":4},{"damage":89,"enemies":"Slavers","floor":23,"turns":9},{"damage":26,"enemies":"Snake Plant","floor":25,"turns":5},{"damage":37,"enemies":"3 Cultists","floor":27,"turns":5},{"damage":29,"enemies":"Shelled Parasite and Fungi","floor":28,"turns":7},{"damage":9,"enemies":"Centurion and Healer","floor":29,"turns":6},{"damage":20,"enemies":"downfall:FleeingMerchant","floor":31,"turns":4},{"damage":42,"enemies":"Cultist and Chosen","floor":32,"turns":7},{"damage":96,"enemies":"SI_MIRROR_ARCHETYPE","floor":33,"turns":11},{"damage":37,"enemies":"3 Shapes","floor":36,"turns":6},{"damage":25,"enemies":"Orb Walker","floor":37,"turns":4},{"damage":78,"enemies":"Sphere and 2 Shapes","floor":38,"turns":5},{"damage":40,"enemies":"Sphere and 2 Shapes","floor":39,"turns":6},{"damage":56,"enemies":"Jaw Worm Horde","floor":40,"turns":5},{"damage":56,"enemies":"Maw","floor":43,"turns":8},{"damage":18,"enemies":"Writhing Mass","floor":44,"turns":7},{"damage":17,"enemies":"3 Darklings","floor":45,"turns":3}],"seed_played":"2276804485540850591","potions_obtained":[{"floor":3,"key":"LiquidBronze"},{"floor":6,"key":"BlessingOfTheForge"},{"floor":12,"key":"Block Potion"},{"floor":15,"key":"champ:UltimateStancePotion"},{"floor":22,"key":"FairyPotion"},{"floor":23,"key":"AttackPotion"},{"floor":28,"key":"PowerPotion"},{"floor":32,"key":"EntropicBrew"},{"floor":33,"key":"Energy Potion"},{"floor":36,"key":"SneckoOil"},{"floor":44,"key":"FearPotion"}],"is_trial":false,"path_per_floor":["R","M","M","$","?","M","T","M","M","R","?","M","?","?","M","B",null,"R","M","$","M","M","E","T","M","R","M","M","M","R","$","M","B",null,"T","?","?","?","?","?","T","T","?","?","?"],"character_chosen":"THE_CHAMP","items_purchased":["champ:ShieldWall","Lee\u0027s Waffle"],"campfire_rested":3,"item_purchase_floors":[20,31],"current_hp_per_floor":[99,96,87,87,87,86,86,86,60,60,60,52,85,85,69,39,99,109,103,103,90,65,31,31,15,47,30,9,8,40,116,89,23,116,116,89,79,39,39,8,8,42,10,8,0,0,0],"gold":326,"neow_bonus":"TEN_PERCENT_HP_BONUS","is_daily":false,"chose_seed":false,"campfire_upgraded":4,"win_rate":0.0,"timestamp":1613086954,"path_taken":["R","M","M","$","?","?","T","M","M","R","?","M","?","?","M","BOSS","R","M","$","M","M","E","T","M","R","M","M","M","R","$","M","BOSS","T","?","?","?","?","?","T","T","?","?","?"],"items_purchased_type":["Card","Relic"],"build_version":"2020-12-22","purchased_purges":2,"victory":false,"max_hp_per_floor":[99,99,99,99,99,99,99,99,99,99,99,99,99,99,99,99,99,109,109,109,109,109,109,109,109,109,109,109,109,109,116,116,116,116,116,116,116,116,116,116,116,116,116,116,116,116,116],"card_choices":[{"not_picked":["champ:TornadoPunch","champ:FalseCounter"],"picked":"champ:Lariat","floor":2},{"not_picked":["champ:CrookedStrike","champ:Encircle"],"picked":"champ:PreciseThrust","floor":3},{"not_picked":["champ:EnragedBash","champ:GladiatorForm"],"picked":"champ:BerserkersShout","floor":4},{"not_picked":["champ:RisingSlash","champ:FancyFootwork"],"picked":"champ:PreciseThrust","floor":6},{"not_picked":["champ:EnGarde","champ:Shatter"],"picked":"champ:Backstep","floor":8},{"not_picked":["champ:Shatter","champ:Backstep","champ:CalledShot"],"picked":"SKIP","floor":9},{"not_picked":["champ:Circumvent","champ:BladeFlurry","champ:FancyFootwork"],"picked":"SKIP","floor":12},{"not_picked":["champ:FancyFootwork","champ:AdrenalArmor","champ:ShieldSlam"],"picked":"SKIP","floor":15},{"not_picked":["champ:IgnorePain","champ:StrikeOfGenius"],"picked":"champ:Improvising","floor":16},{"not_picked":["champ:FanOfKnives","champ:EnragedBash+1"],"picked":"champ:Haymaker","floor":19},{"not_picked":["champ:UltimateStance","champ:BerserkersShout+1"],"picked":"champ:StanceDance+1","floor":20},{"not_picked":["champ:Duel+1","champ:TornadoPunch","champ:EndlessRage"],"picked":"SKIP","floor":21},{"not_picked":["champ:FlashCut","champ:Circumvent"],"picked":"champ:GladiatorStyle","floor":22},{"not_picked":["champ:StanceDance","champ:EnGarde+1"],"picked":"champ:CalledShot+1","floor":23},{"not_picked":["champ:StanceDance","champ:TornadoPunch","champ:FanOfKnives"],"picked":"SKIP","floor":25},{"not_picked":["champ:Haymaker","champ:FanOfKnives"],"picked":"champ:TripleStrike","floor":27},{"not_picked":["champ:FancyFootwork+1","champ:PreciseThrust+1","champ:FalseCounter"],"picked":"SKIP","floor":28},{"not_picked":["champ:Lariat","champ:Haymaker+1"],"picked":"champ:BringItOn","floor":29},{"not_picked":["champ:FlashCut","champ:Backstep+1","champ:BerserkersShout"],"picked":"SKIP","floor":31},{"not_picked":["champ:PreciseThrust","champ:Duel","champ:BringItOn"],"picked":"SKIP","floor":32},{"not_picked":["champ:DefensiveShout+1","champ:PreciseThrust+1","champ:DeathBlow+1"],"picked":"SKIP","floor":36},{"not_picked":["champ:GutPunch+1","champ:StanceDance+1","champ:Circumvent"],"picked":"SKIP","floor":37},{"not_picked":["champ:EnGarde+1","champ:FanOfKnives+1","champ:PerfectedStrike+1"],"picked":"SKIP","floor":38},{"not_picked":["champ:CalledShot","champ:Lariat+1","champ:BringItOn+1"],"picked":"SKIP","floor":40},{"not_picked":["champ:Shatter+1","champ:RisingSlash+1","champ:HeavySlash"],"picked":"SKIP","floor":43},{"not_picked":["champ:Encircle","champ:BringItOn+1","champ:RisingSlash+1"],"picked":"SKIP","floor":44}],"player_experience":213578,"relics_obtained":[{"floor":23,"key":"Smiling Mask"},{"floor":24,"key":"ReplayTheSpireMod:Lightbulb"},{"floor":39,"key":"champ:GladiatorsBookOfMartialProwess"},{"floor":41,"key":"ReplayTheSpireMod:TigerMarble"}],"event_choices":[{"cards_removed":["champ:Defend"],"damage_healed":0,"gold_gain":0,"player_choice":"Took Card","damage_taken":0,"max_hp_gain":0,"max_hp_loss":0,"event_name":"NoteForYourself","floor":5,"gold_loss":0,"cards_obtained":["Slimebound:Split"]},{"damage_healed":33,"gold_gain":0,"player_choice":"Banana","damage_taken":0,"max_hp_gain":0,"max_hp_loss":0,"event_name":"Big Fish","floor":13,"gold_loss":0}],"is_beta":false,"boss_relics":[{"not_picked":["champ:ChampionCrownUpgraded","Sozu"],"picked":"Ring of Chaos"},{"not_picked":["Replay:Ancient Bell","Busted Crown"],"picked":"Replay:Grab Bag"},{"not_picked":["Replay:Bronze Core","Replay:Wanted Poster"],"picked":"Philosopher\u0027s Stone"},{"not_picked":["ReplayTheSpireMod:DimensionalGlitch","bronze:MakeshiftBattery"],"picked":"Painkiller Herb"},{"not_picked":["Runic Pyramid","Snecko Eye"],"picked":"Astrolabe"}],"items_purged_floors":[4,20],"is_endless":false,"potions_floor_spawned":[3,6,12,15,22,23,28,32,33,36,44],"killed_by":"3 Darklings","ascension_level":0}}