{"host":"zjnmjbs15rdpqnz9","time":1613086112,"event":{"mods":["BaseMod","Downfall","Minty Spire (QoL Compilation)","StSLib"],"gold_per_floor":[99,111,129,142,242,98,123,123,157,168,168,53,53,78,96,194,194,194,214,68,68,68,87,87,104,104,4,4,36,36,61,75,177,177,77,87,99,113,48,48,48,56,106,106,177,187,87,104,124,124,124,153,103,103,103,103,103,103],"floor_reached":56,"language":"ENG","playtime":4004,"items_purged":["hexamod:Strike","downfall:Malfunctioning","hexamod:Defend+1","hexamod:SixthSeal","downfall:Bewildered","hexamod:FirstSeal"],"score":760,"play_id":"ec63247b-140d-4f3e-92c8-2bb089dff847","local_time":"20210211162832","is_ascension_mode":false,"campfire_choices":[{"data":"hexamod:Sear","floor":1,"key":"SMITH"},{"floor":11,"key":"REST"},{"floor":18,"key":"RECALL"},{"floor":27,"key":"REST"},{"floor":30,"key":"REST"},{"data":"hexamod:HexaLevel","floor":35,"key":"SMITH"},{"floor":40,"key":"REST"},{"floor":47,"key":"REST"},{"data":"hexamod:SpectersWail","floor":54,"key":"SMITH"}],"circlet_count":0,"master_deck":["hexamod:Strike+1","hexamod:Defend+1","hexamod:Defend+1","hexamod:Sear+1","hexamod:Float+1","hexamod:HeatShield+1","hexamod:FlamesFromBeyond+1","hexamod:AdvancingGuard+1","hexamod:FastForward+1","hexamod:NightmareStrike+1","hexamod:ChargedBarrage+1","hexamod:PhantomCloak+1","hexamod:VolcanoVisage+1","hexamod:PowerFromBeyond+1","hexamod:Hexaguard+1","hexamod:SearingWound+1","hexamod:HexaLevel+1","hexamod:SpectersWail+1","hexamod:FlamesFromBeyond+1"],"relics":["Astrolabe","Bag of Marbles","Whetstone","Smiling Mask","Philosopher\u0027s Stone","sneckomod:BabySnecko","Sundial","downfall:HeartBlessingRed","Incense Burner","Vajra","Runic Pyramid","downfall:HeartBlessingGreen","HornCleat","FossilizedHelix","Blue Candle","downfall:HeartBlessingBlue","Lantern"],"acts_visited":["Exordium","TheCity","TheBeyond","TheEnding"],"potions_floor_usage":[33,56,56,56],"damage_taken":[{"damage":6,"enemies":"Jaw Worm","floor":2,"turns":3},{"damage":12,"enemies":"2 Louse","floor":3,"turns":3},{"damage":0,"enemies":"Small Slimes","floor":4,"turns":4},{"damage":10,"enemies":"downfall:FleeingMerchant","floor":6,"turns":4},{"damage":11,"enemies":"Lagavulin","floor":9,"turns":8},{"damage":0,"enemies":"2 Fungi Beasts","floor":10,"turns":4},{"damage":7,"enemies":"downfall:FleeingMerchant","floor":12,"turns":4},{"damage":8,"enemies":"3 Louse","floor":15,"turns":3},{"damage":17,"enemies":"WA_ARCHETYPE_RETAIN","floor":16,"turns":6},{"damage":0,"enemies":"Shell Parasite","floor":19,"turns":3},{"damage":15,"enemies":"downfall:FleeingMerchant","floor":20,"turns":4},{"damage":12,"enemies":"3 Byrds","floor":23,"turns":3},{"damage":5,"enemies":"Snecko","floor":25,"turns":5},{"damage":35,"enemies":"Gremlin Leader","floor":29,"turns":7},{"damage":25,"enemies":"Slavers","floor":31,"turns":5},{"damage":0,"enemies":"Centurion and Healer","floor":32,"turns":4},{"damage":10,"enemies":"SI_MIRROR_ARCHETYPE","floor":33,"turns":6},{"damage":20,"enemies":"3 Darklings","floor":36,"turns":3},{"damage":16,"enemies":"Orb Walker","floor":37,"turns":4},{"damage":13,"enemies":"Writhing Mass","floor":38,"turns":4},{"damage":7,"enemies":"downfall:FleeingMerchant","floor":39,"turns":4},{"damage":23,"enemies":"downfall:FleeingMerchant","floor":42,"turns":3},{"damage":0,"enemies":"downfall:FleeingMerchant","floor":43,"turns":4},{"damage":0,"enemies":"Sphere and 2 Shapes","floor":46,"turns":2},{"damage":0,"enemies":"Transient","floor":48,"turns":5},{"damage":10,"enemies":"4 Shapes","floor":49,"turns":3},{"damage":42,"enemies":"DF_ARCHETYPE_ORBS","floor":50,"turns":6},{"damage":0,"enemies":"downfall:CharBossMerchant","floor":52,"turns":6},{"damage":66,"enemies":"downfall:NeowBoss","floor":55,"turns":12},{"damage":42,"enemies":"downfall:NeowBossFinal","floor":56,"turns":3}],"seed_played":"-2423778911199672866","potions_obtained":[{"floor":4,"key":"Explosive Potion"},{"floor":9,"key":"AttackPotion"},{"floor":10,"key":"Ancient Potion"},{"floor":33,"key":"SmokeBomb"},{"floor":52,"key":"FearPotion"}],"is_trial":false,"path_per_floor":["R","M","M","M","?","$","T","?","E","M","R","$","?","T","M","B",null,"R","M","$","?","?","M","T","M","?","R","?","E","R","E","M","B",null,"R","M","M","M","$","R","T","$","?","?","T","M","R","M","M","B",null,"E","$","R","B","B"],"character_chosen":"THE_SPIRIT","items_purchased":["hexamod:NightmareStrike","hexamod:FirstSeal","HornCleat","hexamod:SpectersWail"],"campfire_rested":5,"item_purchase_floors":[6,20,42,42],"current_hp_per_floor":[70,64,52,52,52,42,42,42,31,31,52,45,68,68,60,43,70,70,70,55,55,42,37,37,32,32,54,54,26,48,30,37,34,75,75,55,46,40,40,62,62,46,53,53,53,53,85,85,82,47,85,85,85,85,19,0,0,0],"gold":103,"neow_bonus":"BOSS_RELIC","is_daily":false,"chose_seed":false,"campfire_upgraded":3,"win_rate":0.0,"timestamp":1613086112,"path_taken":["R","M","M","M","?","$","T","?","E","M","R","$","?","?","M","BOSS","R","M","$","?","?","M","T","M","?","R","?","E","R","E","M","BOSS","R","M","M","M","$","R","T","$","?","?","?","M","R","M","M","BOSS","E","$","R","BOSS","BOSS"],"items_purchased_type":["Card","Card","Relic","Card"],"build_version":"2020-12-22","purchased_purges":6,"victory":false,"max_hp_per_floor":[70,70,70,70,70,70,70,70,70,70,70,70,70,70,70,70,70,70,70,70,70,75,75,75,75,75,75,75,75,75,75,75,75,75,75,75,75,75,75,75,75,75,75,75,75,75,85,85,85,85,85,85,85,85,85,85,85,85],"card_choices":[{"not_picked":["hexamod:InspiringFlames","hexamod:NightmareStrike"],"picked":"hexamod:AdvancingGuard","floor":2},{"not_picked":["hexamod:RetreatToShadows","hexamod:SpectralAdrenaline"],"picked":"hexamod:FastForward","floor":3},{"not_picked":["hexamod:GhostShield","hexamod:Firestarter","hexamod:SkipABeat"],"picked":"SKIP","floor":4},{"not_picked":["hexamod:InspiringFlames","hexamod:SwordOfDarkness","hexamod:AdvancingGuard"],"picked":"SKIP","floor":6},{"not_picked":["hexamod:AdvancingGuard","hexamod:HauntingEcho","hexamod:InspiringFlames"],"picked":"SKIP","floor":9},{"not_picked":["hexamod:ParanormalForm","hexamod:Hexaguard"],"picked":"hexamod:ChargedBarrage","floor":10},{"not_picked":["hexamod:GhostLash","hexamod:GhostShield","hexamod:Firestarter"],"picked":"SKIP","floor":12},{"not_picked":["hexamod:SwordOfDarkness","hexamod:GhostLash"],"picked":"hexamod:PhantomCloak","floor":15},{"not_picked":["hexamod:GhostOfSpirePresent","hexamod:GiftsFromTheDead"],"picked":"hexamod:VolcanoVisage","floor":16},{"not_picked":["hexamod:EtherealExpedition+1","hexamod:Again+1","hexamod:FastForward+1"],"picked":"SKIP","floor":19},{"not_picked":["hexamod:Again+1","hexamod:ChargedBarrage"],"picked":"hexamod:PowerFromBeyond+1","floor":20},{"not_picked":["hexamod:FlamesFromBeyond","hexamod:NightmareGuise+1"],"picked":"hexamod:Hexaguard+1","floor":23},{"not_picked":["hexamod:Rewind","hexamod:GhostflameBarrier+1","hexamod:NightmareStrike"],"picked":"SKIP","floor":25},{"not_picked":["hexamod:GhostOfSpirePast","hexamod:RecurringNightmare","hexamod:VolcanoVisage"],"picked":"SKIP","floor":29},{"not_picked":["hexamod:EmpoweredFlame","hexamod:FastForward"],"picked":"hexamod:SearingWound","floor":31},{"not_picked":["hexamod:AdvancingGuard","hexamod:FastForward","hexamod:DynamicBlow"],"picked":"SKIP","floor":32},{"not_picked":["hexamod:UnleashSpirits","hexamod:TurnItUp"],"picked":"hexamod:HexaLevel","floor":33},{"not_picked":["hexamod:GhostOfSpirePast+1","hexamod:ShieldOfDarkness","hexamod:BacktrackSmack+1"],"picked":"SKIP","floor":36},{"not_picked":["hexamod:NecessarySacrifice","hexamod:CatchUp","hexamod:SpectralAdrenaline"],"picked":"SKIP","floor":37},{"not_picked":["hexamod:InspiringFlames+1","hexamod:NightmareStrike+1","hexamod:RainOfEmbers+1"],"picked":"SKIP","floor":38},{"not_picked":["hexamod:ThermalTransfer+1","hexamod:NightmareGuise","hexamod:GhostflameInferno"],"picked":"SKIP","floor":39},{"not_picked":["hexamod:NightmareStrike+1","hexamod:TurnItUp","hexamod:EmpoweredFlame+1"],"picked":"SKIP","floor":42},{"not_picked":["hexamod:PowerFromBeyond","hexamod:ShieldOfDarkness"],"picked":"hexamod:FlamesFromBeyond+1","floor":46},{"not_picked":["hexamod:HauntingEcho+1","hexamod:SwordOfDarkness","hexamod:DynamicBlow+1"],"picked":"SKIP","floor":48},{"not_picked":["hexamod:SwordOfDarkness","hexamod:HeatMetal+1","hexamod:Again+1"],"picked":"SKIP","floor":49},{"not_picked":["hexamod:HeatCrush+1","hexamod:SkipABeat+1","hexamod:Rewind"],"picked":"SKIP","floor":52}],"player_experience":925444,"relics_obtained":[{"floor":7,"key":"Bag of Marbles"},{"floor":9,"key":"Whetstone"},{"floor":14,"key":"Smiling Mask"},{"floor":24,"key":"Sundial"},{"floor":29,"key":"Incense Burner"},{"floor":31,"key":"Vajra"},{"floor":43,"key":"FossilizedHelix"},{"floor":45,"key":"Blue Candle"},{"floor":52,"key":"Lantern"}],"event_choices":[{"damage_healed":23,"gold_gain":0,"player_choice":"Banana","damage_taken":0,"max_hp_gain":0,"max_hp_loss":0,"event_name":"Big Fish","floor":13,"gold_loss":0}],"is_beta":false,"boss_relics":[{"not_picked":["Empty Cage","Runic Dome"],"picked":"Philosopher\u0027s Stone"},{"not_picked":["Calling Bell","Busted Crown"],"picked":"Runic Pyramid"}],"items_purged_floors":[6,12,20,39,42,53],"is_endless":false,"potions_floor_spawned":[4,9,10,23,29,31,33,43,46,48,49,52],"killed_by":"downfall:NeowBossFinal","ascension_level":0}}