{"host":"vyiqbz5w606ur92t","time":1613011699,"event":{"mods":["BaseMod","Downfall","Minty Spire (QoL Compilation)","StSLib"],"gold_per_floor":[99,115,128,140,159,191,214,214,214,214],"floor_reached":8,"language":"ENG","playtime":585,"items_purged":[],"score":102,"play_id":"a2c36b91-f4e9-45b6-b54e-1d0394a06788","local_time":"20210211024819","is_ascension_mode":true,"campfire_choices":[{"data":"Flash of Steel","floor":1,"key":"SMITH"}],"circlet_count":0,"master_deck":["AscendersBane","Slimebound:Strike_Slimebound","Slimebound:Strike_Slimebound","Slimebound:Strike_Slimebound","Slimebound:Tackle","Slimebound:Defend_Slimebound","Slimebound:Defend_Slimebound","Slimebound:Defend_Slimebound","Slimebound:Defend_Slimebound","Slimebound:Split","Slimebound:CorrosiveSpit","Flash of Steel+1","Slimebound:Recollect","Slimebound:Chomp","Slimebound:SamplingLick","Slimebound:DouseInSlime"],"relics":["Slimebound:AbsorbEndCombat","Boot","Bronze Scales"],"acts_visited":["Exordium"],"potions_floor_usage":[8],"damage_taken":[{"damage":8,"enemies":"2 Louse","floor":2,"turns":3},{"damage":2,"enemies":"Cultist","floor":3,"turns":4},{"damage":2,"enemies":"Jaw Worm","floor":4,"turns":4},{"damage":24,"enemies":"3 Louse","floor":5,"turns":4},{"damage":21,"enemies":"3 Sentries","floor":6,"turns":10},{"damage":23,"enemies":"Gremlin Nob","floor":8,"turns":3}],"seed_played":"-419687652537059226","potions_obtained":[{"floor":2,"key":"Slimebound:SlimyTonguePotion"},{"floor":3,"key":"BlessingOfTheForge"},{"floor":6,"key":"SpeedPotion"}],"is_trial":false,"path_per_floor":["R","M","M","M","M","E","T","E"],"character_chosen":"SLIMEBOUND","items_purchased":[],"campfire_rested":0,"item_purchase_floors":[],"current_hp_per_floor":[53,47,47,51,31,12,12,0,0,0],"gold":214,"neow_bonus":"RANDOM_COLORLESS","is_daily":false,"chose_seed":false,"campfire_upgraded":1,"win_rate":0.0,"timestamp":1613011699,"path_taken":["R","M","M","M","M","E","T","E"],"items_purchased_type":[],"build_version":"2020-12-22","purchased_purges":0,"victory":false,"max_hp_per_floor":[59,59,59,59,59,59,59,59,59,59],"card_choices":[{"not_picked":["Forethought","Dark Shackles"],"picked":"Flash of Steel","floor":0},{"not_picked":["Slimebound:LivingWall","Slimebound:SamplingLick"],"picked":"Slimebound:Recollect","floor":2},{"not_picked":["Slimebound:FlameTackle","Slimebound:SplitLeeching","Slimebound:LeechEnergy"],"picked":"SKIP","floor":3},{"not_picked":["Slimebound:SplitBruiser","Slimebound:ComboTackle"],"picked":"Slimebound:Chomp","floor":4},{"not_picked":["Slimebound:RainOfGoop","Slimebound:ProtectTheBoss"],"picked":"Slimebound:SamplingLick","floor":5},{"not_picked":["Slimebound:LevelUp","Slimebound:SplitAcid"],"picked":"Slimebound:DouseInSlime","floor":6}],"player_experience":1733825,"relics_obtained":[{"floor":6,"key":"Boot"},{"floor":7,"key":"Bronze Scales"}],"event_choices":[],"is_beta":false,"boss_relics":[],"items_purged_floors":[],"is_endless":false,"potions_floor_spawned":[2,3,6],"killed_by":"Gremlin Nob","ascension_level":15}}