{"host":"i1fqlpve17okw40o","time":1613059066,"event":{"mods":["A Magickal Journey","Act Like it!","Aspiration","BaseMod","BetterRewards","CapriCore","Colored Map","Colored Powertips","Downfall","Elementarium","Energized Spire","Glutton Mod","Halation","Hermit","Highlight Path","Hubris","Koishi","Marisa????????","Mimic Mod","Minty Spire (QoL Compilation)","Quick Restart","Random Character Button","Relic Sorter","Reliquary","Replay The Spire","Retaliation","Reworked Bosses","Shade Mod","StSLib","SuperFastMode","Td1madao Mod","The Construct","The Disciple","The Forsaken","The Immortal","The Runesmith","The Senshi","The Servant 0.9.4"],"gold_per_floor":[115,40,140,160,87,116,131,151,451,451,451,451],"floor_reached":11,"language":"ENG","playtime":308,"items_purged":["Strike_P"],"score":73,"play_id":"91fdcfd1-5859-4f0b-8fab-36be6edb30b8","local_time":"20210211095746","is_ascension_mode":false,"campfire_choices":[{"floor":10,"key":"REST"}],"circlet_count":0,"master_deck":["Strike_P","Strike_P","Strike_P","Defend_P","Defend_P","Defend_P","Defend_P","Eruption+1","Vigilance","SignatureMove","EmptyFist","MentalFortress","DevaForm","Replay:Anticipation"],"relics":["PureWater","Old Coin"],"acts_visited":["Exordium"],"potions_floor_usage":[11],"damage_taken":[{"damage":0,"enemies":"2 Louse","floor":1,"turns":2},{"damage":0,"enemies":"Cultist","floor":4,"turns":4},{"damage":28,"enemies":"3 Sentries","floor":6,"turns":7},{"damage":0,"enemies":"Small Slimes","floor":7,"turns":3},{"damage":12,"enemies":"3 Louse","floor":8,"turns":3},{"damage":62,"enemies":"Lagavulin","floor":11,"turns":3}],"seed_played":"328421886240608994","potions_obtained":[{"floor":1,"key":"CultistPotion"},{"floor":7,"key":"SpeedPotion"}],"is_trial":false,"path_per_floor":["M","$","?","M","$","E","M","M","T","R","E"],"character_chosen":"WATCHER","items_purchased":["MentalFortress"],"campfire_rested":1,"item_purchase_floors":[5],"current_hp_per_floor":[72,72,72,72,72,44,44,32,32,53,0,0],"gold":451,"neow_bonus":"UPGRADE_CARD","is_daily":false,"chose_seed":false,"campfire_upgraded":0,"win_rate":0.0,"timestamp":1613059066,"path_taken":["M","$","?","M","$","E","M","M","T","R","E"],"items_purchased_type":["Card"],"build_version":"2020-12-22","purchased_purges":1,"victory":false,"max_hp_per_floor":[72,72,72,72,72,72,72,72,72,72,72,72],"card_choices":[{"not_picked":["Evaluate","Crescendo"],"picked":"SignatureMove","floor":1},{"not_picked":["JustLucky","ClearTheMind"],"picked":"EmptyFist","floor":4},{"not_picked":["Evaluate","PathToVictory"],"picked":"DevaForm","floor":6},{"not_picked":["Nirvana","PathToVictory","EmptyFist"],"picked":"SKIP","floor":7},{"not_picked":["Replay:AtTheReady","PathToVictory"],"picked":"Replay:Anticipation","floor":8}],"player_experience":425761,"relics_obtained":[{"floor":9,"key":"Old Coin"}],"event_choices":[{"damage_healed":0,"gold_gain":100,"player_choice":"Pray","damage_taken":0,"max_hp_gain":0,"max_hp_loss":0,"event_name":"Golden Shrine","floor":3,"gold_loss":0}],"is_beta":false,"boss_relics":[],"items_purged_floors":[2],"is_endless":false,"potions_floor_spawned":[1,7],"killed_by":"Lagavulin","ascension_level":0}}