{"host":"ad59wuc8ynh8u2z6","time":1613061946,"event":{"mods":["AchievementEnabler","BaseMod","Colored Powertips","DeckTracker","Highlight Path","Minty Spire (QoL Compilation)","Permanent Neow"],"gold_per_floor":[110,80,5,5,18,44,44,71,95,95,130,145,145,175,175,175,175],"floor_reached":16,"language":"ENG","playtime":583,"items_purged":["Strike_G"],"score":158,"play_id":"75fd7b5b-2c79-4cd8-8fe8-f07960c10973","local_time":"20210211174546","is_ascension_mode":true,"campfire_choices":[{"data":"Dagger Spray","floor":7.0,"key":"SMITH"},{"floor":10.0,"key":"REST"},{"data":"Neutralize","floor":13.0,"key":"SMITH"},{"data":"Survivor","floor":15,"key":"SMITH"}],"circlet_count":0,"master_deck":["Strike_G","Strike_G","Strike_G","Strike_G","Defend_G","Defend_G","Defend_G","Defend_G+1","Defend_G+1","Survivor+1","Neutralize+1","Dagger Spray+1","Backflip"],"relics":["Ring of the Snake","CaptainsWheel","Mummified Hand","Torii","War Paint","Vajra","Toy Ornithopter","Molten Egg 2"],"acts_visited":["Exordium"],"potions_floor_usage":[14],"damage_taken":[{"damage":4.0,"enemies":"Jaw Worm","floor":1.0,"turns":7.0},{"damage":0.0,"enemies":"Cultist","floor":5.0,"turns":4.0},{"damage":15.0,"enemies":"Lagavulin","floor":6.0,"turns":7.0},{"damage":12.0,"enemies":"3 Sentries","floor":8.0,"turns":6.0},{"damage":11.0,"enemies":"Gremlin Nob","floor":11.0,"turns":5.0},{"damage":0.0,"enemies":"Small Slimes","floor":12.0,"turns":1.0},{"damage":23,"enemies":"Lagavulin","floor":14,"turns":11},{"damage":30,"enemies":"Hexaghost","floor":16,"turns":15}],"seed_played":"-7053677229430399065","potions_obtained":[{"floor":1.0,"key":"Strength Potion"},{"floor":2.0,"key":"PowerPotion"},{"floor":2.0,"key":"EssenceOfSteel"},{"floor":12.0,"key":"FairyPotion"},{"floor":14,"key":"Block Potion"}],"is_trial":false,"path_per_floor":["M","?","$","T","M","E","R","E","T","R","E","M","R","E","R","B"],"character_chosen":"THE_SILENT","items_purchased":[],"campfire_rested":1,"item_purchase_floors":[],"current_hp_per_floor":[45,45,45,45,45,30,30,18,18,39,28,28,28,10,10,1,1],"gold":175,"neow_bonus":"ONE_RARE_RELIC","is_daily":false,"chose_seed":false,"campfire_upgraded":3,"win_rate":0.0,"timestamp":1613061946,"path_taken":["M","?","?","?","M","E","R","E","T","R","E","M","R","E","R","BOSS"],"items_purchased_type":[],"build_version":"2020-12-22","purchased_purges":1,"victory":false,"max_hp_per_floor":[70,70,70,70,70,70,70,70,70,70,70,70,70,70,70,70,70],"card_choices":[{"not_picked":["Expertise","Flying Knee"],"picked":"Dagger Spray","floor":1.0},{"not_picked":["Bane","PiercingWail"],"picked":"Backflip","floor":5.0},{"not_picked":["Deflect","Reflex","Bullet Time"],"picked":"SKIP","floor":6.0},{"not_picked":["Skewer","Dagger Spray","Sucker Punch"],"picked":"SKIP","floor":8.0},{"not_picked":["Finisher","Expertise","Outmaneuver"],"picked":"SKIP","floor":11.0},{"not_picked":["Blur","Dagger Spray","Acrobatics"],"picked":"SKIP","floor":12.0},{"not_picked":["Deflect","Deadly Poison","Setup"],"picked":"SKIP","floor":14}],"player_experience":87597,"relics_obtained":[{"floor":4.0,"key":"Mummified Hand"},{"floor":6.0,"key":"Torii"},{"floor":8.0,"key":"War Paint"},{"floor":9.0,"key":"Vajra"},{"floor":11.0,"key":"Toy Ornithopter"},{"floor":14,"key":"Molten Egg 2"}],"event_choices":[{"damage_healed":0.0,"max_hp_gain":0.0,"max_hp_loss":0.0,"gold_gain":0.0,"event_name":"The Woman in Blue","player_choice":"Bought 2 Potions","floor":2.0,"gold_loss":0.0,"damage_taken":0.0}],"is_beta":false,"boss_relics":[],"items_purged_floors":[3],"is_endless":false,"potions_floor_spawned":[1,12,14],"killed_by":"Hexaghost","ascension_level":5}}