{"host":"f2zkc2gsfwbibc34","time":1613057909,"event":{"mods":["AchievementEnabler","BaseMod","Better Note","Colored Map","Colored Powertips","Defuse TimeMaze Blight","Marisa????????","Minty Spire (QoL Compilation)","Permanent Neow","StSLib","SuperFastMode"],"gold_per_floor":[111,129,129,94,94,120,120,120,120,31,31,49,72,110,110,229,229,250,250,270,270,270,270,291,334,334,334,348,364,364,384,384,512,512,536,422,422,441,454,454,498,533,545,578,590,117,117,117,117,117],"floor_reached":51,"language":"ENG","playtime":1706,"items_purged":["Strike_MRS"],"score":780,"play_id":"bc044312-be10-4772-a202-031c3b1f4b61","local_time":"20210211163829","is_ascension_mode":false,"campfire_choices":[{"data":"MysteriousBeam","floor":7.0,"key":"SMITH"},{"floor":11.0,"key":"REST"},{"floor":15.0,"key":"DIG"},{"data":"CollectingQuirk","floor":23,"key":"SMITH"},{"data":"CasketOfStar","floor":27,"key":"SMITH"},{"floor":32,"key":"DIG"},{"floor":40,"key":"DIG"},{"floor":45,"key":"DIG"},{"floor":47,"key":"DIG"},{"floor":49,"key":"DIG"}],"circlet_count":0,"master_deck":["Strike_MRS","Strike_MRS","Strike_MRS","Defend_MRS","Defend_MRS+1","Defend_MRS","Defend_MRS+1","MasterSpark","UpSweep","MysteriousBeam+1","UnstableBomb","GalacticHalo","SporeBomb","StarBarrage","6A","Parasite","Parasite","PowerUp","CollectingQuirk+1","ChargingUp+1","GrandCross","CasketOfStar+1","DarkMatter","SprinkleStarSeal","GravityBeat","ManaRampage","GrandCross+1","DarkMatter","DragonMeteor","Madness","Madness","Singularity+1","MagicAbsorber","UnstableBomb+1","EnergyFlow","DarkMatter","Apotheosis","Wraith"],"relics":["MiniHakkero","Incense Burner","HornCleat","Golden Idol","Shovel","ShroomBag","Blood Vial","Sozu","Meat on the Bone","Ice Cream","Eternal Feather","Dream Catcher","Fusion Hammer","Pear","MawBank","Bottled Tornado","Letter Opener","Vajra","Ancient Tea Set","Nunchaku"],"acts_visited":["Exordium","TheCity","TheBeyond"],"potions_floor_usage":[],"damage_taken":[{"damage":1.0,"enemies":"2 Louse","floor":1.0,"turns":3.0},{"damage":3.0,"enemies":"Small Slimes","floor":2.0,"turns":3.0},{"damage":14.0,"enemies":"3 Sentries","floor":6.0,"turns":6.0},{"damage":3.0,"enemies":"Jaw Worm","floor":12.0,"turns":3.0},{"damage":0.0,"enemies":"2 Fungi Beasts","floor":13.0,"turns":3.0},{"damage":0.0,"enemies":"Gremlin Nob","floor":14.0,"turns":1.0},{"damage":17.0,"enemies":"Slime Boss","floor":16.0,"turns":8.0},{"damage":6.0,"enemies":"2 Thieves","floor":18.0,"turns":4.0},{"damage":0,"enemies":"Chosen","floor":20,"turns":2},{"damage":0,"enemies":"Snake Plant","floor":24,"turns":4},{"damage":25,"enemies":"Book of Stabbing","floor":25,"turns":4},{"damage":0,"enemies":"Centurion and Healer","floor":28,"turns":5},{"damage":4,"enemies":"Snecko","floor":29,"turns":4},{"damage":7,"enemies":"Chosen and Byrds","floor":31,"turns":4},{"damage":73,"enemies":"Collector","floor":33,"turns":10},{"damage":12,"enemies":"Orb Walker","floor":35,"turns":2},{"damage":25,"enemies":"3 Shapes","floor":38,"turns":3},{"damage":15,"enemies":"Jaw Worm Horde","floor":39,"turns":5},{"damage":71,"enemies":"Giant Head","floor":41,"turns":8},{"damage":0,"enemies":"3 Darklings","floor":42,"turns":4},{"damage":6,"enemies":"4 Shapes","floor":44,"turns":2},{"damage":51,"enemies":"Time Eater","floor":50,"turns":7}],"seed_played":"3164062935835525594","potions_obtained":[{"floor":2.0,"key":"Regen Potion"},{"floor":12.0,"key":"Strength Potion"},{"floor":13.0,"key":"FearPotion"},{"floor":14.0,"key":"EntropicBrew"}],"is_trial":false,"path_per_floor":["M","M","?","?","?","E","R","?","T","$","R","M","M","E","R","B",null,"M","?","M","?","?","R","M","E","T","R","M","M","?","M","R","B",null,"M","$","?","M","M","R","E","M","T","M","R","$","R","?","R","B",null],"character_chosen":"MARISA","items_purchased":["SporeBomb","StarBarrage","DarkMatter","DragonMeteor","Vajra","DarkMatter","Apotheosis"],"campfire_rested":1,"item_purchase_floors":[10,10,36,36,46,46,46],"current_hp_per_floor":[53,50,50,68,53,39,39,21,21,21,43,40,40,40,40,29,75,71,71,75,75,75,75,75,54,54,66,72,73,73,70,75,18,75,65,65,56,45,48,76,23,39,39,49,70,70,85,85,85,50],"gold":117,"neow_bonus":"ONE_RARE_RELIC","is_daily":false,"chose_seed":false,"campfire_upgraded":3,"win_rate":0.0,"timestamp":1613057909,"path_taken":["M","M","?","?","?","E","R","?","T","$","R","M","M","E","R","BOSS","M","?","M","?","?","R","M","E","T","R","M","?","?","M","R","BOSS","M","$","?","M","M","R","E","M","T","M","R","$","R","?","R","BOSS"],"items_purchased_type":["Card","Card","Card","Card","Relic","Card","Card"],"build_version":"2020-12-22","purchased_purges":1,"victory":true,"max_hp_per_floor":[75,75,75,75,75,75,75,75,75,75,75,75,75,75,75,75,75,75,75,75,75,75,75,75,75,75,75,75,75,75,75,75,75,75,75,75,75,75,75,85,85,85,85,85,85,85,85,85,85,85],"card_choices":[{"not_picked":["Acceleration","6A"],"picked":"MysteriousBeam","floor":1.0},{"not_picked":["MysteriousBeam","LuminesStrike"],"picked":"UnstableBomb","floor":2.0},{"not_picked":["AbsoluteMagnitude","SuperNova"],"picked":"GalacticHalo","floor":6.0},{"not_picked":["GalacticHalo","LuminesStrike"],"picked":"6A","floor":12.0},{"not_picked":["SatelliteIllusion","GalacticHalo","MysteriousBeam"],"picked":"SKIP","floor":13.0},{"not_picked":["BlazeAway","LuminesStrike"],"picked":"PowerUp","floor":14.0},{"not_picked":["BigCrunch","BlazingStar"],"picked":"CollectingQuirk","floor":16.0},{"not_picked":["DarkMatter","DoubleSpark"],"picked":"ChargingUp+1","floor":18.0},{"not_picked":["LuminesStrike+1","GravityBeat"],"picked":"GrandCross","floor":20},{"not_picked":["WitchOfGreed","WitchLeyline"],"picked":"CasketOfStar","floor":24},{"not_picked":["NonDirectionalLaser","LuminesStrike","GalacticHalo"],"picked":"SKIP","floor":25},{"not_picked":["Acceleration","MeteoricShower","Orbital"],"picked":"SKIP","floor":28},{"not_picked":["UnstableBomb","StarlightTyphoon"],"picked":"DarkMatter","floor":29},{"not_picked":["DoubleSpark","WitchOfGreed"],"picked":"GravityBeat","floor":31},{"not_picked":["UltimateShortwave","FinalSpark"],"picked":"ManaRampage","floor":33},{"not_picked":["GravityBeat+1","ShootTheMoon+1"],"picked":"GrandCross+1","floor":35},{"not_picked":["6A","MachineGunSpark+1"],"picked":"Singularity+1","floor":38},{"not_picked":["ShootingEcho","ShootTheMoon+1"],"picked":"MagicAbsorber","floor":39},{"not_picked":["6A","GasGiant"],"picked":"UnstableBomb+1","floor":41},{"not_picked":["NonDirectionalLaser+1","SporeBomb","GasGiant"],"picked":"SKIP","floor":42},{"not_picked":["LuminesStrike","SporeBomb"],"picked":"EnergyFlow","floor":44}],"player_experience":92044,"relics_obtained":[{"floor":6.0,"key":"HornCleat"},{"floor":9.0,"key":"Shovel"},{"floor":14.0,"key":"ShroomBag"},{"floor":15.0,"key":"Blood Vial"},{"floor":25,"key":"Ice Cream"},{"floor":26,"key":"Eternal Feather"},{"floor":32,"key":"Dream Catcher"},{"floor":40,"key":"Pear"},{"floor":41,"key":"MawBank"},{"floor":43,"key":"Bottled Tornado"},{"floor":45,"key":"Letter Opener"},{"floor":47,"key":"Ancient Tea Set"},{"floor":49,"key":"Nunchaku"}],"event_choices":[{"damage_healed":0.0,"max_hp_gain":0.0,"max_hp_loss":0.0,"gold_gain":0.0,"event_name":"Liars Game","player_choice":"Ignored","floor":3.0,"gold_loss":0.0,"damage_taken":0.0},{"damage_healed":18.0,"max_hp_gain":0.0,"max_hp_loss":0.0,"gold_gain":0.0,"event_name":"The Cleric","player_choice":"Healed","floor":4.0,"gold_loss":35.0,"damage_taken":0.0},{"damage_healed":0.0,"max_hp_gain":0.0,"max_hp_loss":0.0,"gold_gain":0.0,"event_name":"Shining Light","player_choice":"Entered Light","floor":5.0,"gold_loss":0.0,"damage_taken":15.0,"cards_upgraded":["Defend_MRS","Defend_MRS"]},{"damage_healed":0.0,"max_hp_gain":0.0,"max_hp_loss":0.0,"gold_gain":0.0,"event_name":"Golden Idol","player_choice":"Take Damage","floor":8.0,"gold_loss":0.0,"damage_taken":18.0,"relics_obtained":["Golden Idol"]},{"damage_healed":0,"gold_gain":0,"player_choice":"Ignored","damage_taken":0,"max_hp_gain":0,"max_hp_loss":0,"event_name":"betterNote:BetterNote","floor":19,"gold_loss":0,"cards_obtained":["DevaForm"]},{"damage_healed":0,"gold_gain":0,"player_choice":"Opened","damage_taken":0,"relics_obtained":["Meat on the Bone"],"max_hp_gain":0,"max_hp_loss":0,"event_name":"The Mausoleum","floor":21,"gold_loss":0},{"damage_healed":0,"gold_gain":0,"player_choice":"Ignored","damage_taken":0,"max_hp_gain":0,"max_hp_loss":0,"event_name":"Ghosts","floor":22,"gold_loss":0},{"damage_healed":0,"gold_gain":0,"player_choice":"Read","damage_taken":0,"max_hp_gain":0,"max_hp_loss":0,"event_name":"The Library","floor":30,"gold_loss":0,"cards_obtained":["SprinkleStarSeal"]},{"damage_healed":0,"gold_gain":0,"player_choice":"Embrace Madness","damage_taken":9,"max_hp_gain":0,"max_hp_loss":0,"event_name":"Winding Halls","floor":37,"gold_loss":0,"cards_obtained":["Madness","Madness"]},{"damage_healed":0,"gold_gain":0,"player_choice":"Ignored","damage_taken":0,"max_hp_gain":0,"max_hp_loss":0,"event_name":"OrinTheCat","floor":48,"gold_loss":0}],"is_beta":false,"boss_relics":[{"not_picked":["Snecko Eye","Astrolabe"],"picked":"Sozu"},{"not_picked":["Tiny House","SacredBark"],"picked":"Fusion Hammer"}],"items_purged_floors":[46],"is_endless":false,"potions_floor_spawned":[2,12,13,14,18,25,29,39,41],"ascension_level":0}}