{"host":"mqhvlr3kpxebko0t","time":1613026866,"event":{"mods":["AchievementEnabler","BaseMod","Colored Map","Colored Powertips","KOR Keyword Fix","Keyboard Shortcuts","Minty Spire (QoL Compilation)","StSLib","SuperFastMode"],"gold_per_floor":[110,110,126,126,141,182,202,202,284,284,284,323,348,12,12,108,108,129,29,45,45,61,61,61,76,76,76,76,76],"floor_reached":28,"language":"KOR","playtime":370,"items_purged":["Strike_B","Defend_B"],"score":410,"play_id":"ecc0caf1-4c0e-4a04-958a-7ad38b0c3d07","local_time":"20210211160106","is_ascension_mode":true,"campfire_choices":[{"floor":11,"key":"REST"},{"floor":15,"key":"REST"},{"floor":23,"key":"REST"}],"circlet_count":0,"master_deck":["AscendersBane","Defend_B","Defend_B","Zap","Dualcast","Sweeping Beam","Biased Cognition","Conserve Battery","Recycle","Cold Snap","Streamline","Defragment","Electrodynamics","Undo","Go for the Eyes"],"relics":["Cracked Core","NeowsBlessing","Golden Idol","DataDisk","Happy Flower","Matryoshka","HornCleat","Runic Capacitor","Empty Cage","Orichalcum","The Courier"],"acts_visited":["Exordium","TheCity"],"potions_floor_usage":[16,22],"damage_taken":[{"damage":0.0,"enemies":"Jaw Worm","floor":1.0,"turns":1.0},{"damage":0.0,"enemies":"Cultist","floor":3.0,"turns":1.0},{"damage":0,"enemies":"Small Slimes","floor":5,"turns":1},{"damage":47,"enemies":"Gremlin Nob","floor":6,"turns":5},{"damage":2,"enemies":"Red Slaver","floor":7,"turns":2},{"damage":31,"enemies":"Lagavulin","floor":12,"turns":7},{"damage":1,"enemies":"Looter","floor":13,"turns":3},{"damage":50,"enemies":"Slime Boss","floor":16,"turns":11},{"damage":12,"enemies":"Chosen","floor":18,"turns":4},{"damage":0,"enemies":"Spheric Guardian","floor":20,"turns":3},{"damage":32,"enemies":"Centurion and Healer","floor":22,"turns":5},{"damage":17,"enemies":"Snake Plant","floor":25,"turns":4},{"damage":0,"enemies":"Slavers","floor":28,"turns":1}],"seed_played":"4322076547958854538","potions_obtained":[{"floor":3,"key":"FairyPotion"},{"floor":6,"key":"PowerPotion"},{"floor":7,"key":"PowerPotion"},{"floor":10,"key":"Block Potion"},{"floor":16,"key":"AttackPotion"},{"floor":18,"key":"Energy Potion"},{"floor":22,"key":"SpeedPotion"}],"is_trial":false,"path_per_floor":["M","?","M","?","M","E","M","T","T","?","R","E","M","$","R","B",null,"M","$","M","?","M","R","?","M","T","?","E"],"character_chosen":"DEFECT","items_purchased":["Defragment","Runic Capacitor"],"campfire_rested":3,"item_purchase_floors":[14,14],"current_hp_per_floor":[64,64,64,64,64,17,15,15,15,15,34,3,2,2,21,1,48,36,36,36,36,4,23,23,6,6,6,6,6],"gold":76,"neow_bonus":"THREE_ENEMY_KILL","is_daily":false,"chose_seed":false,"campfire_upgraded":0,"win_rate":0.0,"timestamp":1613026866,"path_taken":["M","?","?","?","M","E","M","?","T","?","R","E","M","$","R","BOSS","M","?","?","?","M","R","?","M","T","?","E"],"items_purchased_type":["Card","Relic"],"build_version":"2020-12-22","purchased_purges":2,"victory":false,"max_hp_per_floor":[71,71,71,64,64,64,64,64,64,64,64,64,64,64,64,64,64,64,64,64,64,64,64,64,64,64,64,64,64],"card_choices":[{"not_picked":["Leap","Beam Cell"],"picked":"Sweeping Beam","floor":1.0},{"not_picked":["White Noise","Stack"],"picked":"Biased Cognition","floor":3},{"not_picked":["Beam Cell","Doom and Gloom"],"picked":"Conserve Battery","floor":5},{"not_picked":["Biased Cognition","Doom and Gloom"],"picked":"Recycle","floor":6},{"not_picked":["Hologram","Conserve Battery"],"picked":"Cold Snap","floor":7},{"not_picked":["Barrage","Beam Cell","Amplify"],"picked":"SKIP","floor":12},{"not_picked":["Redo","Lockon"],"picked":"Streamline","floor":13},{"not_picked":["Hyperbeam","Machine Learning"],"picked":"Electrodynamics","floor":16},{"not_picked":["Chaos","Genetic Algorithm"],"picked":"Undo","floor":18},{"not_picked":["Compile Driver+1","Cold Snap","Leap"],"picked":"SKIP","floor":20},{"not_picked":["Rebound","Force Field","Steam"],"picked":"SKIP","floor":22},{"not_picked":["Redo","Turbo+1"],"picked":"Go for the Eyes","floor":25}],"player_experience":707414,"relics_obtained":[{"floor":6,"key":"DataDisk"},{"floor":8,"key":"Happy Flower"},{"floor":9,"key":"Matryoshka"},{"floor":12,"key":"HornCleat"},{"floor":26,"key":"Orichalcum"},{"floor":26,"key":"The Courier"}],"event_choices":[{"cards_removed":["Strike_B"],"damage_healed":0.0,"max_hp_gain":0.0,"max_hp_loss":0.0,"gold_gain":0.0,"event_name":"Purifier","player_choice":"Purged","floor":2.0,"gold_loss":0.0,"damage_taken":0.0},{"damage_healed":0,"gold_gain":0,"player_choice":"Lose Max HP","damage_taken":0,"relics_obtained":["Golden Idol"],"max_hp_gain":0,"max_hp_loss":7,"event_name":"Golden Idol","floor":4,"gold_loss":0},{"damage_healed":0,"gold_gain":0,"player_choice":"Got Potions","damage_taken":0,"max_hp_gain":0,"max_hp_loss":0,"event_name":"Lab","floor":10,"gold_loss":0},{"damage_healed":0,"gold_gain":0,"player_choice":"Ignored","damage_taken":0,"max_hp_gain":0,"max_hp_loss":0,"event_name":"The Mausoleum","floor":21,"gold_loss":0},{"cards_removed":["Defend_B"],"damage_healed":0,"gold_gain":0,"player_choice":"Elegance","damage_taken":0,"max_hp_gain":0,"max_hp_loss":0,"event_name":"Back to Basics","floor":24,"gold_loss":0},{"damage_healed":0,"gold_gain":0,"player_choice":"0 cards matched","damage_taken":0,"max_hp_gain":0,"max_hp_loss":0,"event_name":"Match and Keep!","floor":27,"gold_loss":0,"cards_obtained":[]}],"is_beta":false,"boss_relics":[{"not_picked":["Sozu","SlaversCollar"],"picked":"Empty Cage"}],"items_purged_floors":[14,19],"is_endless":false,"potions_floor_spawned":[3,6,7,16,18,20,22],"killed_by":"Slavers","ascension_level":16}}