{"host":"8e3sp1tozjyrh64l","time":1613013996,"event":{"mods":["BaseMod","Better Altar","Better Match","Better Note","Better Sensory Stone","Better Silent Start","Better Skull","Better Third Choice","BetterRewards","Curses Come First","Defuse TimeMaze Blight","Infinite Spire","Minty Spire (QoL Compilation)","Permanent Neow","Rare Cards Sparkle","Relic Sorter","Reliquary","Replay The Spire","Shop Mod","Spicy Shops","StSLib","SuperFastMode","Wandering Minibosses"],"gold_per_floor":[113,129,43,118,128,160,179,179,206,206,206,220,246,246,246,341,341,357,371,21,21,21,21,35,35,35,62,142,142,142,174,174,174,174],"floor_reached":33,"language":"ENG","playtime":902,"items_purged":[],"score":379,"play_id":"92111549-cfe9-4551-8eb5-7c3f5aa4e06a","local_time":"20210210202636","is_ascension_mode":true,"campfire_choices":[{"data":"Neutralize","floor":11,"key":"SMITH"},{"data":"Terror","floor":15,"key":"SMITH"},{"data":"Caltrops","floor":23,"key":"SMITH"},{"data":"Specialist","floor":25,"key":"SMITH"},{"data":"Noxious Fumes","floor":29,"key":"SMITH"},{"data":"ReplayTheSpireMod:Private Reserves","floor":32,"key":"SMITH"}],"circlet_count":0,"master_deck":["Strike_G","Strike_G","Strike_G","Strike_G","Defend_G","Defend_G","Defend_G","Defend_G","Survivor","Neutralize+1","ReplayTheSpireMod:Private Reserves+1","Dash+1","Specialist+1","Fluid Movement","Fluid Movement","Terror+1","Glass Knife","Caltrops+1","Flying Knee+1","Deadly Poison+1","Choke","Bane+1","Noxious Fumes+1"],"relics":["PreservedInsect","Pen Nib","Sizzling Blood","ReplayFunnel","Painkiller Herb","MerchantsRug","ClockworkSouvenir","HornCleat","reliquary:SharkskinSheath","reliquary:OuijaBoard"],"acts_visited":["Exordium","TheCity"],"potions_floor_usage":[13],"damage_taken":[{"damage":0,"enemies":"2 Louse","floor":1,"turns":4},{"damage":0,"enemies":"Cultist","floor":2,"turns":4},{"damage":9,"enemies":"Jaw Worm","floor":5,"turns":6},{"damage":40,"enemies":"3 Sentries","floor":6,"turns":12},{"damage":8,"enemies":"3 Louse","floor":7,"turns":5},{"damage":5,"enemies":"2 Fungi Beasts","floor":12,"turns":5},{"damage":0,"enemies":"Lagavulin","floor":13,"turns":5},{"damage":28,"enemies":"The Guardian","floor":16,"turns":12},{"damage":27,"enemies":"Spheric Guardian","floor":18,"turns":6},{"damage":2,"enemies":"Chosen","floor":19,"turns":4},{"damage":11,"enemies":"Snake Plant","floor":24,"turns":6},{"damage":6,"enemies":"Replay:Snechameleon","floor":27,"turns":3},{"damage":19,"enemies":"Book of Stabbing","floor":31,"turns":4},{"damage":20,"enemies":"Automaton","floor":33,"turns":6}],"seed_played":"5442075118591333528","potions_obtained":[{"floor":1,"key":"FairyPotion"},{"floor":6,"key":"SpeedPotion"},{"floor":13,"key":"Elixir"},{"floor":16,"key":"Dexterity Potion"},{"floor":27,"key":"Elixir"}],"is_trial":false,"path_per_floor":["M","M","$","?","M","E","M","?","T","?","R","M","E","?","R","B",null,"?","?","T","?","?","T","?","T","T","E","?","T","?","E","T","B"],"character_chosen":"THE_SILENT","items_purchased":["Specialist","MerchantsRug","ClockworkSouvenir","Caltrops"],"campfire_rested":0,"item_purchase_floors":[3,20,20,20],"current_hp_per_floor":[70,70,70,63,54,14,6,6,6,10,10,9,13,74,74,50,74,51,53,53,53,53,53,46,46,46,44,15,15,6,14,14,0,0],"gold":174,"neow_bonus":"RANDOM_COLORLESS","is_daily":false,"chose_seed":false,"campfire_upgraded":6,"win_rate":0.0,"timestamp":1613013996,"path_taken":["M","M","$","?","?","E","M","?","T","?","R","M","E","?","R","BOSS","?","?","T","?","?","T","?","T","T","E","?","T","?","E","T","BOSS"],"items_purchased_type":["Card","Relic","Relic","Card"],"build_version":"2020-12-22","purchased_purges":0,"victory":false,"max_hp_per_floor":[70,70,70,70,70,70,70,70,70,74,74,74,74,74,74,74,74,74,74,74,74,74,74,74,74,74,74,74,74,74,74,74,74,74],"card_choices":[{"not_picked":["Swift Strike","Replay:Sssssssssshield"],"picked":"ReplayTheSpireMod:Private Reserves","floor":0},{"not_picked":["Reflex","Dagger Throw"],"picked":"Dash","floor":1},{"not_picked":["Deflect","Endless Agony","Heel Hook"],"picked":"SKIP","floor":2},{"not_picked":["Dodge and Roll","Bane"],"picked":"Fluid Movement","floor":5},{"not_picked":["Deflect","ReplayTheSpireMod:Shiv Toss"],"picked":"Fluid Movement","floor":6},{"not_picked":["PiercingWail","Replay:Poison Smokescreen","Outmaneuver"],"picked":"SKIP","floor":7},{"not_picked":["Calculated Gamble","Blade Dance"],"picked":"Terror","floor":12},{"not_picked":["Deadly Poison","Dodge and Roll","Dagger Throw"],"picked":"SKIP","floor":13},{"not_picked":["Doppelganger","Tools of the Trade"],"picked":"Glass Knife","floor":16},{"not_picked":["Sucker Punch","Quick Slash+1","Terror+1"],"picked":"SKIP","floor":18},{"not_picked":["Quick Slash","Flying Knee+1","Sneak Up+1"],"picked":"SKIP","floor":19},{"not_picked":["Flechettes","Endless Agony+1"],"picked":"Flying Knee+1","floor":24},{"not_picked":["Night Terror","Deadly Poison+1","Blur+1"],"picked":"SKIP","floor":27},{"not_picked":["Night Terror","Blur+1"],"picked":"Deadly Poison+1","floor":27},{"not_picked":["Deadly Poison+1","Flechettes"],"picked":"Choke","floor":28},{"not_picked":["Sneak Up","Finisher"],"picked":"Bane+1","floor":28},{"not_picked":["Bane","Escape Plan"],"picked":"Noxious Fumes","floor":28},{"not_picked":["Wraith Form v2","Underhanded Strike","Blade Dance"],"picked":"SKIP","floor":31}],"player_experience":924708,"relics_obtained":[{"floor":6,"key":"PreservedInsect"},{"floor":9,"key":"Pen Nib"},{"floor":13,"key":"ReplayFunnel"},{"floor":26,"key":"HornCleat"},{"floor":27,"key":"reliquary:SharkskinSheath"},{"floor":31,"key":"reliquary:OuijaBoard"}],"event_choices":[{"damage_healed":0,"gold_gain":75,"player_choice":"Touch","damage_taken":7,"max_hp_gain":0,"max_hp_loss":0,"event_name":"FaceTrader","floor":4,"gold_loss":0},{"damage_healed":0,"gold_gain":0,"player_choice":"Grow","damage_taken":0,"max_hp_gain":0,"max_hp_loss":0,"event_name":"Living Wall","floor":8,"gold_loss":0,"cards_upgraded":["Dash"]},{"damage_healed":61,"gold_gain":0,"player_choice":"Full Heal","damage_taken":0,"max_hp_gain":0,"max_hp_loss":0,"event_name":"Wheel of Change","floor":14,"gold_loss":0},{"damage_healed":0,"gold_gain":0,"player_choice":"Ignored","damage_taken":0,"max_hp_gain":0,"max_hp_loss":0,"event_name":"betterNote:BetterNote","floor":21,"gold_loss":0,"cards_obtained":["Accuracy"]},{"damage_healed":0,"gold_gain":0,"player_choice":"Ignored","damage_taken":0,"max_hp_gain":0,"max_hp_loss":0,"event_name":"Vampires","floor":22,"gold_loss":0},{"damage_healed":0,"gold_gain":0,"player_choice":"Stopped","damage_taken":9,"max_hp_gain":0,"max_hp_loss":0,"event_name":"Cursed Tome","floor":30,"gold_loss":0}],"is_beta":false,"boss_relics":[{"not_picked":["ChewingGum","Replay:Ancient Bell"],"picked":"Painkiller Herb"}],"items_purged_floors":[],"is_endless":false,"potions_floor_spawned":[1,6,13,16,18,27],"killed_by":"Automaton","ascension_level":4}}