{"host":"a3wpq7kyokchzawk","time":1613082281,"event":{"mods":["BaseMod","Colored Map","Highlight Path","Minty Spire (QoL Compilation)","Permanent Neow","Potion Indicator Mod","Relic Stats","Weighted Paths"],"gold_per_floor":[113,123,137,62,75,75,85,85,109,109,140,140,160,172,172,246,246,263,288,288,208,208],"floor_reached":21,"language":"ENG","playtime":2032,"items_purged":["Strike_R"],"score":362,"play_id":"3d40c0f3-d109-468c-8372-ddae08db76f8","local_time":"20210211202441","is_ascension_mode":true,"campfire_choices":[{"data":"Bash","floor":6.0,"key":"SMITH"},{"floor":8.0,"key":"REST"},{"data":"Armaments","floor":12.0,"key":"SMITH"},{"data":"Juggernaut","floor":15.0,"key":"SMITH"}],"circlet_count":0,"master_deck":["AscendersBane","Strike_R","Strike_R","Strike_R","Strike_R","Defend_R","Defend_R","Defend_R","Defend_R","Bash+1","Juggernaut+1","Flame Barrier","Flame Barrier","Battle Trance","Sword Boomerang","Cleave","Armaments+1","Sword Boomerang","Metallicize","Berserk","Feel No Pain","Uppercut"],"relics":["Burning Blood","Orichalcum","Bag of Preparation","Runic Cube","Red Mask"],"acts_visited":["Exordium","TheCity"],"potions_floor_usage":[19,19],"damage_taken":[{"damage":12.0,"enemies":"Cultist","floor":1.0,"turns":4.0},{"damage":16.0,"enemies":"Small Slimes","floor":2.0,"turns":4.0},{"damage":12.0,"enemies":"Jaw Worm","floor":3.0,"turns":5.0},{"damage":15.0,"enemies":"Exordium Wildlife","floor":5.0,"turns":7.0},{"damage":32.0,"enemies":"Exordium Thugs","floor":7.0,"turns":6.0},{"damage":16.0,"enemies":"3 Sentries","floor":11.0,"turns":7.0},{"damage":10.0,"enemies":"Large Slime","floor":13.0,"turns":7.0},{"damage":1.0,"enemies":"3 Louse","floor":14.0,"turns":3.0},{"damage":22.0,"enemies":"The Guardian","floor":16.0,"turns":11.0},{"damage":18.0,"enemies":"Spheric Guardian","floor":18.0,"turns":6.0},{"damage":39,"enemies":"Masked Bandits","floor":19,"turns":4},{"damage":8,"enemies":"2 Thieves","floor":21,"turns":2}],"seed_played":"-4389785078231616676","potions_obtained":[{"floor":2.0,"key":"BlessingOfTheForge"},{"floor":3.0,"key":"Weak Potion"},{"floor":7.0,"key":"SkillPotion"},{"floor":13.0,"key":"Block Potion"},{"floor":18.0,"key":"Dexterity Potion"}],"is_trial":false,"path_per_floor":["M","M","M","$","M","R","M","R","T","?","E","R","M","M","R","B",null,"M","?","?","M"],"character_chosen":"IRONCLAD","items_purchased":[],"campfire_rested":1,"item_purchase_floors":[],"current_hp_per_floor":[62,52,46,46,37,37,11,33,33,33,23,23,19,24,24,8,58,46,13,7,0,0],"gold":208,"neow_bonus":"ONE_RANDOM_RARE_CARD","is_daily":false,"chose_seed":false,"campfire_upgraded":3,"win_rate":0.0,"timestamp":1613082281,"path_taken":["M","M","M","?","M","R","M","R","T","?","E","R","M","M","R","BOSS","M","?","?","?"],"items_purchased_type":[],"build_version":"2020-12-22","purchased_purges":1,"victory":false,"max_hp_per_floor":[75,75,75,75,75,75,75,75,75,75,75,75,75,75,75,75,75,75,75,75,75,75],"relic_stats":{"counters":[12,66],"Bag of Preparation":[12],"Orichalcum":[60],"obtain_stats":[{"Bag of Preparation":11,"Red Mask":19,"Orichalcum":9,"Burning Blood":0,"Runic Cube":17},{"Bag of Preparation":6,"Red Mask":11,"Orichalcum":5,"Burning Blood":0,"Runic Cube":9},{"Bag of Preparation":33,"Red Mask":64,"Orichalcum":26,"Burning Blood":0,"Runic Cube":54}],"Burning Blood":66,"Runic Cube":[10]},"card_choices":[{"not_picked":["True Grit","Whirlwind"],"picked":"Flame Barrier","floor":1.0},{"not_picked":["Headbutt","Rampage"],"picked":"Flame Barrier","floor":2.0},{"not_picked":["Pommel Strike","Dropkick"],"picked":"Battle Trance","floor":3.0},{"not_picked":["Pummel","Thunderclap"],"picked":"Sword Boomerang","floor":5.0},{"not_picked":["Heavy Blade","Carnage"],"picked":"Cleave","floor":7.0},{"not_picked":["Twin Strike","Warcry"],"picked":"Armaments","floor":11.0},{"not_picked":["Pummel","Twin Strike"],"picked":"Sword Boomerang","floor":13.0},{"not_picked":["Fire Breathing","Searing Blow"],"picked":"Metallicize","floor":14.0},{"not_picked":["Double Tap","Bludgeon"],"picked":"Berserk","floor":16.0},{"not_picked":["Pummel","Metallicize"],"picked":"Feel No Pain","floor":18.0},{"not_picked":["Dropkick","Flex"],"picked":"Uppercut","floor":19}],"player_experience":2687200,"relics_obtained":[{"floor":9.0,"key":"Orichalcum"},{"floor":11.0,"key":"Bag of Preparation"},{"floor":19,"key":"Red Mask"}],"event_choices":[{"damage_healed":0.0,"max_hp_gain":0.0,"max_hp_loss":0.0,"gold_gain":0.0,"event_name":"Golden Idol","player_choice":"Ignored","floor":10.0,"gold_loss":0.0,"damage_taken":0.0},{"damage_healed":0,"gold_gain":0,"player_choice":"Fought Bandits","damage_taken":0,"max_hp_gain":0,"max_hp_loss":0,"event_name":"Masked Bandits","floor":19,"gold_loss":0},{"damage_healed":0,"gold_gain":0,"player_choice":"","damage_taken":6,"max_hp_gain":0,"max_hp_loss":0,"event_name":"Knowing Skull","floor":20,"potions_obtained":[],"gold_loss":0,"cards_obtained":[]}],"is_beta":false,"boss_relics":[{"not_picked":["Sozu","Empty Cage"],"picked":"Runic Cube"}],"items_purged_floors":[4],"is_endless":false,"potions_floor_spawned":[2,3,7,13,14,16,18],"killed_by":"2 Thieves","ascension_level":20}}