{"host":"7tt2d6z13843lcxh","time":1613046134,"event":{"mods":["BaseMod","Colored Map","Downfall","Minty Spire (QoL Compilation)","Reliquary","Replay The Spire","StSLib","[IsaacMod]ÒÔÈö¼âËþ"],"gold_per_floor":[99,99,99,99,99,134,134,169,27,44,61,61,122,133,146,251,251,251,271,271,289,303,303,377,377,406,422,455,455,455,2,20,120,120,120,133,133,133,133,133],"floor_reached":38,"language":"ZHS","playtime":2122,"items_purged":[],"score":445,"play_id":"a41c2a6e-5e77-42d6-bab5-f7e67803c35f","local_time":"20210211202214","is_ascension_mode":false,"campfire_choices":[{"floor":1,"key":"DIG"},{"data":"Slimebound:SplitAcid","floor":12,"key":"SMITH"},{"data":"Slimebound:Schlurp","floor":18,"key":"SMITH"},{"data":"Slimebound:MegaLick","floor":23,"key":"SMITH"},{"data":"Slimebound:LeechEnergy","floor":29,"key":"SMITH"},{"data":"Slimebound:Teamwork","floor":35,"key":"SMITH"}],"circlet_count":0,"master_deck":["Slimebound:Strike_Slimebound+1","Slimebound:Strike_Slimebound+1","Slimebound:Tackle","Slimebound:Defend_Slimebound+1","Slimebound:Defend_Slimebound+1","Slimebound:Defend_Slimebound+1","Slimebound:Defend_Slimebound+1","Slimebound:Split","Slimebound:CorrosiveSpit","Slimebound:LeadByExample","Slimebound:SplitAcid+1","Slimebound:OozeBath","Slimebound:LeechingTouch+1","Slimebound:Gluttony+1","Slimebound:Nibble","Slimebound:Schlurp+1","Slimebound:Repurpose","Slimebound:Gluttony+1","Slimebound:Prepare","Slimebound:Teamwork+1","Slimebound:AcidTongue+1","Slimebound:LeechEnergy+1","Slimebound:MegaLick+1","Slimebound:LeechEnergy+1","Slimebound:SamplingLick","Slimebound:Repurpose","expansioncontent:QuickStudy","Slimebound:DuplicatedForm+1"],"relics":["Slimebound:AbsorbEndCombat","HushsDoor","downfall:HeartsMalice","reliquary:PorcupineQuills","reliquary:RoseTintedGlasses","Frozen Egg 2","Centennial Puzzle","TheBible","CaptainsWheel","Slimebound:TarBlob","sneckomod:BabySnecko","Slimebound:MaxSlimesRelic","Darkstone Periapt","reliquary:JackalopeAntler","bronze:MakeshiftBattery"],"acts_visited":["Exordium","TheCity","TheBeyond"],"potions_floor_usage":[10,16],"damage_taken":[{"damage":0,"enemies":"2 Louse","floor":2,"turns":1},{"damage":0,"enemies":"Jaw Worm","floor":5,"turns":1},{"damage":0,"enemies":"Gremlin Nob","floor":6,"turns":1},{"damage":51,"enemies":"3 Sentries","floor":8,"turns":6},{"damage":3,"enemies":"downfall:FleeingMerchant","floor":9,"turns":4},{"damage":4,"enemies":"Cultist","floor":10,"turns":4},{"damage":4,"enemies":"Exordium Thugs","floor":11,"turns":5},{"damage":5,"enemies":"Lagavulin Event","floor":13,"turns":5},{"damage":10,"enemies":"3 Louse","floor":14,"turns":4},{"damage":10,"enemies":"Blue Slaver","floor":15,"turns":3},{"damage":19,"enemies":"IC_STATUS_ARCHETYPE","floor":16,"turns":9},{"damage":10,"enemies":"Shell Parasite","floor":19,"turns":4},{"damage":7,"enemies":"Spheric Guardian","floor":21,"turns":5},{"damage":9,"enemies":"3 Cultists","floor":22,"turns":5},{"damage":5,"enemies":"Gremlin Leader","floor":26,"turns":5},{"damage":23,"enemies":"Snake Plant","floor":27,"turns":4},{"damage":4,"enemies":"Book of Stabbing","floor":28,"turns":5},{"damage":4,"enemies":"downfall:FleeingMerchant","floor":31,"turns":4},{"damage":6,"enemies":"Cultist and Chosen","floor":32,"turns":4},{"damage":33,"enemies":"DF_ARCHETYPE_CLAW","floor":33,"turns":6},{"damage":18,"enemies":"3 Shapes","floor":36,"turns":4},{"damage":75,"enemies":"downfall:FleeingMerchant","floor":38,"turns":1}],"seed_played":"1577491457247067174","potions_obtained":[{"floor":10,"key":"Fruit Juice"},{"floor":11,"key":"Fire Potion"},{"floor":13,"key":"Languid Potion"},{"floor":15,"key":"Ancient Potion"},{"floor":21,"key":"Strength Potion"},{"floor":27,"key":"Adrenaline Potion"}],"is_trial":false,"path_per_floor":["R_BF","M","?","?","M","E","T","E","$","M","M","R","?","M","M","B",null,"R","M","?","M","M","R","T","?","E","M","E","R","?","$","M","B",null,"R","M","?","$"],"character_chosen":"SLIMEBOUND","items_purchased":["Slimebound:Nibble","Slimebound:Schlurp","expansioncontent:QuickStudy","reliquary:JackalopeAntler"],"campfire_rested":0,"item_purchase_floors":[9,9,31,31],"current_hp_per_floor":[65,65,65,65,65,65,65,16,17,22,26,26,29,23,19,8,70,70,66,66,59,58,58,58,58,61,40,44,44,44,48,48,23,70,70,69,69,0,0,0],"gold":133,"neow_bonus":"THREE_ENEMY_KILL","is_daily":false,"chose_seed":false,"campfire_upgraded":5,"win_rate":0.0,"timestamp":1613046134,"path_taken":["R_BF","M","?","?","?","E","T","E","?","M","M","R","?","M","M","BOSS","R","M","?","M","M","R","T","?","E","M","E","R","?","?","M","BOSS","R","M","?","$"],"items_purchased_type":["Card","Card","Card","Relic"],"build_version":"2020-12-22","purchased_purges":0,"victory":false,"max_hp_per_floor":[65,65,65,65,65,65,65,65,65,70,70,70,70,70,70,70,70,70,70,70,70,70,70,70,70,70,70,70,70,70,70,70,70,70,70,70,70,70,70,70],"card_choices":[{"not_picked":[],"picked":"ChaosCard","floor":0},{"not_picked":["Slimebound:LeechEnergy","Slimebound:Repurpose"],"picked":"Slimebound:LeadByExample","floor":2},{"not_picked":["Slimebound:ItLooksTasty","Slimebound:SlimeSpikes"],"picked":"Slimebound:SplitAcid","floor":5},{"not_picked":["Slimebound:ComboTackle","Slimebound:SpikyOuterGoop"],"picked":"Slimebound:OozeBath","floor":6},{"not_picked":["Slimebound:SplitMire","Slimebound:SlimeTap"],"picked":"Slimebound:LeechingTouch","floor":8},{"not_picked":["Slimebound:SamplingLick","Bomb"],"picked":"Slimebound:Gluttony+1","floor":9},{"not_picked":["Slimebound:SplitLeeching","Slimebound:LeechingTouch","Slimebound:PressTheAttack"],"picked":"SKIP","floor":10},{"not_picked":["Slimebound:SplitLeeching","Slimebound:FirmFortitude"],"picked":"Slimebound:Repurpose","floor":11},{"not_picked":["Slimebound:SplitBruiser","Bomb"],"picked":"Slimebound:Gluttony+1","floor":13},{"not_picked":["Slimebound:FinishingTackle","Slimebound:SplitLeeching","Slimebound:LeechingTouch"],"picked":"SKIP","floor":14},{"not_picked":["Slimebound:FinishingTackle","Slimebound:ItLooksTasty"],"picked":"Slimebound:Prepare","floor":15},{"not_picked":["Slimebound:PrepareCrush","Slimebound:OneTwoCombo"],"picked":"Slimebound:Teamwork","floor":16},{"not_picked":["Slimebound:SplitLeeching+1","Slimebound:SplitAcid"],"picked":"Slimebound:AcidTongue+1","floor":19},{"not_picked":["Slimebound:Chomp","Slimebound:SlimeBrawl"],"picked":"Slimebound:LeechEnergy","floor":21},{"not_picked":["Slimebound:DisruptingSlam","Slimebound:Schlurp"],"picked":"Slimebound:MegaLick","floor":22},{"not_picked":["Slimebound:HauntingLick","Slimebound:LeechingTouch+1"],"picked":"Slimebound:LeechEnergy+1","floor":26},{"not_picked":["Slimebound:Prepare+1","Slimebound:SplitMire+1","Slimebound:GoopSpray"],"picked":"SKIP","floor":27},{"not_picked":["Slimebound:Prepare+1","Slimebound:Equalize"],"picked":"Slimebound:SamplingLick","floor":28},{"not_picked":["Slimebound:GoopTackle","Slimebound:RollThrough"],"picked":"Slimebound:Repurpose","floor":31},{"not_picked":["Slimebound:Schlurp","Slimebound:BestDefense+1","Slimebound:FinishingTackle"],"picked":"SKIP","floor":32},{"not_picked":["Slimebound:SelfFormingGoo+1","Slimebound:OneTwoCombo"],"picked":"Slimebound:DuplicatedForm+1","floor":33},{"not_picked":["Slimebound:LeechEnergy+1","Slimebound:GoopTackle","Slimebound:RollThrough+1"],"picked":"SKIP","floor":36}],"player_experience":484809,"relics_obtained":[{"floor":1,"key":"reliquary:PorcupineQuills"},{"floor":6,"key":"reliquary:RoseTintedGlasses"},{"floor":7,"key":"Frozen Egg 2"},{"floor":8,"key":"Centennial Puzzle"},{"floor":13,"key":"CaptainsWheel"},{"floor":24,"key":"Slimebound:MaxSlimesRelic"},{"floor":26,"key":"Darkstone Periapt"}],"event_choices":[],"is_beta":false,"boss_relics":[{"not_picked":["reliquary:RedPaperclip","Calling Bell"],"picked":"Slimebound:TarBlob"},{"not_picked":[]},{"not_picked":["Fusion Hammer","Busted Crown"],"picked":"bronze:MakeshiftBattery"},{"not_picked":[]}],"items_purged_floors":[],"is_endless":false,"potions_floor_spawned":[10,11,13,15,21,22,27,33],"killed_by":"downfall:FleeingMerchant","ascension_level":0}}