{"host":"7bu9q13m6bmpbxjk","time":1613082824,"event":{"mods":["BaseMod","Colored Powertips","Highlight Path","Minty Spire (QoL Compilation)","Random Character Button","Relic Stats","StSLib"],"gold_per_floor":[115,115,115,0,0,25,25,38,61,71,88,88,99,99,99,198,198,209,226,226,242,262,262,288,288,288,305,305,319,332,350,350,350,350],"floor_reached":33,"language":"ENG","playtime":1942,"items_purged":[],"score":271,"play_id":"9a5bda47-fbca-45c5-9248-10bc71cef754","local_time":"20210211233344","is_ascension_mode":false,"campfire_choices":[{"floor":12,"key":"REST"},{"data":"Defragment","floor":15,"key":"SMITH"},{"floor":23,"key":"REST"},{"floor":25,"key":"REST"},{"floor":32,"key":"RECALL"}],"circlet_count":0,"master_deck":["Strike_B","Strike_B","Strike_B","Defend_B","Defend_B","Defend_B","Zap","Dualcast","Conserve Battery","Storm","Defragment+1","Chill","Ball Lightning","Chill","Dark Shackles","Echo Form","Conserve Battery","Heatsinks"],"relics":["Cracked Core","Juzu Bracelet","Eternal Feather","MealTicket","Mercury Hourglass","Busted Crown","White Beast Statue","Ice Cream","InkBottle","MutagenicStrength"],"acts_visited":["TheCity"],"potions_floor_usage":[18,19,24,24,29,30,31,33],"damage_taken":[{"damage":7,"enemies":"2 Louse","floor":1,"turns":3},{"damage":29,"enemies":"Gremlin Nob","floor":6,"turns":5},{"damage":0,"enemies":"Cultist","floor":8,"turns":3},{"damage":4,"enemies":"Jaw Worm","floor":10,"turns":3},{"damage":1,"enemies":"2 Fungi Beasts","floor":11,"turns":3},{"damage":1,"enemies":"Lots of Slimes","floor":13,"turns":3},{"damage":3,"enemies":"Slime Boss","floor":16,"turns":8},{"damage":2,"enemies":"Shell Parasite","floor":18,"turns":4},{"damage":21,"enemies":"2 Thieves","floor":19,"turns":4},{"damage":21,"enemies":"Cultist and Chosen","floor":21,"turns":5},{"damage":10,"enemies":"Centurion and Healer","floor":22,"turns":5},{"damage":30,"enemies":"Book of Stabbing","floor":24,"turns":6},{"damage":6,"enemies":"Sentry and Sphere","floor":27,"turns":5},{"damage":6,"enemies":"3 Cultists","floor":29,"turns":4},{"damage":1,"enemies":"Centurion and Healer","floor":30,"turns":6},{"damage":0,"enemies":"Cultist and Chosen","floor":31,"turns":5},{"damage":63,"enemies":"Collector","floor":33,"turns":9}],"seed_played":"50761616209884516","potions_obtained":[{"floor":10,"key":"AttackPotion"},{"floor":13,"key":"EssenceOfDarkness"},{"floor":18,"key":"Weak Potion"},{"floor":21,"key":"Strength Potion"},{"floor":22,"key":"Block Potion"},{"floor":24,"key":"Energy Potion"},{"floor":27,"key":"Explosive Potion"},{"floor":29,"key":"Dexterity Potion"},{"floor":30,"key":"Regen Potion"},{"floor":31,"key":"EssenceOfSteel"}],"is_trial":false,"path_per_floor":["M","?","?","$","?","E","?","M","T","M","M","R","M","?","R","B",null,"M","M","T","M","M","R","E","R","T","M","?","M","M","M","R","B"],"character_chosen":"DEFECT","items_purchased":["Storm","Redo"],"campfire_rested":3,"item_purchase_floors":[4,4],"current_hp_per_floor":[68,68,61,61,54,25,25,25,25,21,20,48,47,47,56,53,75,73,52,52,31,21,52,22,53,53,47,47,41,40,45,54,0,0],"gold":350,"neow_bonus":"RANDOM_COMMON_RELIC","is_daily":false,"chose_seed":false,"campfire_upgraded":1,"win_rate":0.0,"timestamp":1613082824,"path_taken":["M","?","?","$","?","E","?","M","T","M","M","R","M","?","R","BOSS","M","M","?","M","M","R","E","R","T","M","?","M","M","M","R","BOSS"],"items_purchased_type":["Card","Card"],"build_version":"2020-12-22","purchased_purges":0,"victory":false,"max_hp_per_floor":[75,75,75,75,75,75,75,75,75,75,75,75,75,75,75,75,75,75,75,75,75,75,75,75,75,75,75,75,75,75,75,75,75,75],"relic_stats":{"Busted Crown":18,"counters":[17,81],"Eternal Feather":42,"MealTicket":0,"Juzu Bracelet":2,"obtain_stats":[{"Ice Cream":24,"Busted Crown":17,"MutagenicStrength":28,"Eternal Feather":5,"MealTicket":6,"Juzu Bracelet":0,"Cracked Core":0,"White Beast Statue":20,"InkBottle":26,"Mercury Hourglass":7},{"Ice Cream":12,"Busted Crown":7,"MutagenicStrength":13,"Eternal Feather":1,"MealTicket":2,"Juzu Bracelet":0,"Cracked Core":0,"White Beast Statue":9,"InkBottle":12,"Mercury Hourglass":2},{"Ice Cream":52,"Busted Crown":28,"MutagenicStrength":57,"Eternal Feather":3,"MealTicket":8,"Juzu Bracelet":0,"Cracked Core":0,"White Beast Statue":36,"InkBottle":52,"Mercury Hourglass":8}],"InkBottle":[11],"Mercury Hourglass":[335]},"card_choices":[{"not_picked":["Sweeping Beam","Lockon"],"picked":"Conserve Battery","floor":1},{"not_picked":["Go for the Eyes","Glacier","Hologram"],"picked":"SKIP","floor":6},{"not_picked":["Tempest","Gash"],"picked":"Defragment","floor":8},{"not_picked":["Chill","Doom and Gloom","Tempest"],"picked":"SKIP","floor":10},{"not_picked":["Doom and Gloom","Tempest"],"picked":"Chill","floor":10},{"not_picked":["All For One","Rebound"],"picked":"Ball Lightning","floor":11},{"not_picked":["Coolheaded","Barrage","Cold Snap"],"picked":"SKIP","floor":13},{"not_picked":["All For One","Biased Cognition"],"picked":"Echo Form","floor":16},{"not_picked":["Beam Cell"],"picked":"SKIP","floor":18},{"not_picked":["Doom and Gloom"],"picked":"SKIP","floor":19},{"not_picked":[],"picked":"Conserve Battery","floor":21},{"not_picked":["Stack+1"],"picked":"SKIP","floor":22},{"not_picked":[],"picked":"Heatsinks","floor":24},{"not_picked":["Undo"],"picked":"SKIP","floor":27},{"not_picked":["Go for the Eyes"],"picked":"SKIP","floor":29},{"not_picked":["Coolheaded+1"],"picked":"SKIP","floor":30},{"not_picked":["FTL+1"],"picked":"SKIP","floor":31}],"player_experience":526704,"relics_obtained":[{"floor":6,"key":"MealTicket"},{"floor":20,"key":"White Beast Statue"},{"floor":24,"key":"Ice Cream"},{"floor":26,"key":"InkBottle"}],"event_choices":[{"cards_removed":["Strike_B"],"damage_healed":0,"gold_gain":0,"player_choice":"Purged","damage_taken":0,"max_hp_gain":0,"max_hp_loss":0,"event_name":"Purifier","floor":2,"gold_loss":0},{"cards_removed":["Defend_B"],"damage_healed":0,"gold_gain":0,"player_choice":"Card Removal","damage_taken":7,"max_hp_gain":0,"max_hp_loss":0,"event_name":"Golden Wing","floor":3,"gold_loss":0},{"damage_healed":0,"gold_gain":0,"player_choice":"Success","damage_taken":7,"relics_obtained":["Eternal Feather"],"max_hp_gain":0,"max_hp_loss":0,"event_name":"Scrap Ooze","floor":5,"gold_loss":0},{"cards_removed":["Redo"],"damage_healed":0,"gold_gain":0,"player_choice":"Gave Card","damage_taken":0,"relics_obtained":["Mercury Hourglass"],"max_hp_gain":0,"max_hp_loss":0,"event_name":"WeMeetAgain","floor":7,"gold_loss":0},{"damage_healed":0,"gold_gain":0,"player_choice":"2 cards matched","damage_taken":0,"max_hp_gain":0,"max_hp_loss":0,"event_name":"Match and Keep!","floor":14,"gold_loss":0,"cards_obtained":["Chill","Dark Shackles"]},{"damage_healed":0,"gold_gain":0,"player_choice":"Inject Mutagens","damage_taken":0,"relics_obtained":["MutagenicStrength"],"max_hp_gain":0,"max_hp_loss":0,"event_name":"Drug Dealer","floor":28,"gold_loss":0}],"is_beta":false,"boss_relics":[{"not_picked":["Snecko Eye","Tiny House"],"picked":"Busted Crown"}],"items_purged_floors":[],"is_endless":false,"potions_floor_spawned":[10,13,18,21,22,24,27,29,30,31],"killed_by":"Collector","ascension_level":0}}