{"host":"3po7ngt2j61s4rmj","time":1613017533,"event":{"mods":["BaseMod","Minty Spire (QoL Compilation)","Relic Stats","Replay The Spire","StSLib"],"gold_per_floor":[113,182,12,30,53,97,97,97,143,143,166,186,210,210,210,290,299,327,336,364,392,352,352,386,408,431,431,431],"floor_reached":27,"language":"ENG","playtime":1636,"items_purged":[],"score":516,"play_id":"e1d3d618-0af0-4618-bc3b-58b690c55350","local_time":"20210210212533","is_ascension_mode":true,"campfire_choices":[{"data":"Mirror Shield","floor":7,"key":"SMITH"},{"data":"Crystallizer","floor":10,"key":"SMITH"},{"data":"Heatsinks","floor":15,"key":"SMITH"},{"data":"Fusion","floor":23,"key":"SMITH"}],"circlet_count":0,"master_deck":["AscendersBane","Strike_B","Strike_B","Defend_B","Defend_B","Defend_B","Defend_B","Zap","Dualcast","Steam","Gash","Self Repair","Pain","Mirror Shield+1","Crystallizer+1","Heatsinks+1","Gash","Conserve Battery","Electrodynamics","AbeCurse","Ball Lightning","ReplayRNGCard","Fusion+1","Storm","Machine Learning","Genetic Algorithm"],"relics":["Cracked Core","NeowsBlessing","Blood Vial","ReplayTheSpireMod:CursedCoin","Letter Opener","CeramicFish","Pondfish Scales","Quantum Egg","PreservedInsect","Abe\u0027s Treasure","Potion Belt","Bronze Scales"],"acts_visited":["Exordium","TheCity"],"potions_floor_usage":[16,16,20,24,24,25],"damage_taken":[{"damage":0,"enemies":"Small Slimes","floor":1,"turns":1},{"damage":0,"enemies":"Cultist","floor":4,"turns":1},{"damage":0,"enemies":"Lagavulin","floor":6,"turns":1},{"damage":0,"enemies":"Jaw Worm","floor":11,"turns":2},{"damage":13,"enemies":"Red Slaver","floor":12,"turns":4},{"damage":9,"enemies":"2 Fungi Beasts","floor":13,"turns":4},{"damage":31,"enemies":"Slime Boss","floor":16,"turns":13},{"damage":3,"enemies":"Chosen","floor":18,"turns":3},{"damage":14,"enemies":"Spheric Guardian","floor":20,"turns":4},{"damage":36,"enemies":"Cultist and Chosen","floor":21,"turns":7},{"damage":22,"enemies":"Book of Stabbing","floor":24,"turns":4},{"damage":20,"enemies":"Snake Plant","floor":25,"turns":3},{"damage":17,"enemies":"Chosen and Byrds","floor":27,"turns":2}],"seed_played":"4252195260551019146","potions_obtained":[{"floor":4,"key":"ColorlessPotion"},{"floor":11,"key":"DistilledChaos"},{"floor":18,"key":"Adrenaline Potion"},{"floor":21,"key":"Regen Potion"},{"floor":22,"key":"LifebloodPotion"},{"floor":24,"key":"Weak Potion"}],"is_trial":false,"path_per_floor":["M","?","$","M","T","E","R","?","T","R","M","M","M","?","R","B",null,"M","?","M","M","?","R","E","M","T","M"],"character_chosen":"DEFECT","items_purchased":["ReplayTheSpireMod:CursedCoin","Letter Opener","Weak Potion"],"campfire_rested":0,"item_purchase_floors":[3,3,3],"current_hp_per_floor":[64,36,36,45,45,54,54,43,43,43,45,41,41,41,41,19,58,64,64,59,32,32,32,26,15,15,0,0],"gold":431,"neow_bonus":"THREE_ENEMY_KILL","is_daily":false,"chose_seed":false,"campfire_upgraded":4,"win_rate":0.0,"timestamp":1613017533,"path_taken":["M","?","?","?","?","E","R","?","T","R","M","M","M","?","R","BOSS","M","?","?","M","?","R","E","M","T","M"],"items_purchased_type":["Relic","Relic","Potion"],"build_version":"2020-12-22","purchased_purges":0,"victory":false,"max_hp_per_floor":[71,71,71,71,71,71,71,71,71,71,71,71,71,71,71,71,71,71,71,71,71,71,71,71,71,71,71,71],"relic_stats":{"Blood Vial":24,"counters":[13,49],"CeramicFish":108,"Bronze Scales":[17],"PreservedInsect":43,"Letter Opener":[61],"obtain_stats":[{"Blood Vial":2,"Potion Belt":24,"Pondfish Scales":6,"NeowsBlessing":0,"ReplayTheSpireMod:CursedCoin":3,"CeramicFish":5,"Quantum Egg":8,"Bronze Scales":26,"PreservedInsect":9,"Letter Opener":3,"Cracked Core":0,"Abe\u0027s Treasure":17},{"Blood Vial":1,"Potion Belt":11,"Pondfish Scales":3,"NeowsBlessing":0,"ReplayTheSpireMod:CursedCoin":1,"CeramicFish":2,"Quantum Egg":3,"Bronze Scales":12,"PreservedInsect":3,"Letter Opener":1,"Cracked Core":0,"Abe\u0027s Treasure":7},{"Blood Vial":1,"Potion Belt":44,"Pondfish Scales":3,"NeowsBlessing":0,"ReplayTheSpireMod:CursedCoin":1,"CeramicFish":2,"Quantum Egg":3,"Bronze Scales":47,"PreservedInsect":3,"Letter Opener":1,"Cracked Core":0,"Abe\u0027s Treasure":26}]},"card_choices":[{"not_picked":["Skim","Redo"],"picked":"Steam","floor":1},{"not_picked":["Coolheaded","Redo"],"picked":"Gash","floor":2},{"not_picked":["Streamline","Tempest"],"picked":"Self Repair","floor":2},{"not_picked":["ReplaySolidLightProjector","BasicCrystalCard"],"picked":"Mirror Shield","floor":4},{"not_picked":["Turbo","Barrage"],"picked":"Crystallizer","floor":6},{"not_picked":["Double Energy","Skim"],"picked":"Heatsinks","floor":11},{"not_picked":["Go for the Eyes","Turbo"],"picked":"Gash","floor":12},{"not_picked":["Rebound","Beam Cell"],"picked":"Conserve Battery","floor":13},{"not_picked":["Biased Cognition","All For One"],"picked":"Electrodynamics","floor":16},{"not_picked":["Turbo","Compile Driver"],"picked":"Ball Lightning","floor":18},{"not_picked":["Barrage","Compile Driver"],"picked":"Fusion","floor":20},{"not_picked":["FTL","Leap"],"picked":"Storm","floor":21},{"not_picked":["Ball Lightning","Redo+1"],"picked":"Machine Learning","floor":24},{"not_picked":["Steam Power","Conserve Battery"],"picked":"Genetic Algorithm","floor":25}],"player_experience":897028,"relics_obtained":[{"floor":2,"key":"Blood Vial"},{"floor":5,"key":"CeramicFish"},{"floor":6,"key":"Pondfish Scales"},{"floor":9,"key":"PreservedInsect"},{"floor":24,"key":"Potion Belt"},{"floor":26,"key":"Bronze Scales"}],"event_choices":[{"damage_healed":0,"gold_gain":0,"player_choice":"Success","damage_taken":11,"relics_obtained":["Quantum Egg"],"max_hp_gain":0,"max_hp_loss":0,"event_name":"Scrap Ooze","floor":8,"gold_loss":0},{"damage_healed":0,"gold_gain":0,"cards_transformed":["Strike_B"],"player_choice":"Transformed","damage_taken":0,"max_hp_gain":0,"max_hp_loss":0,"event_name":"Transmorgrifier","floor":19,"gold_loss":0,"cards_obtained":["ReplayRNGCard"]},{"damage_healed":0,"gold_gain":0,"player_choice":"Bought 3 Potions","damage_taken":0,"max_hp_gain":0,"max_hp_loss":0,"event_name":"The Woman in Blue","floor":22,"gold_loss":0}],"is_beta":false,"boss_relics":[{"not_picked":["FrozenCore","Pandora\u0027s Box"],"picked":"Abe\u0027s Treasure"}],"items_purged_floors":[],"is_endless":false,"potions_floor_spawned":[4,11,13,18,21,24],"killed_by":"Chosen and Byrds","ascension_level":20}}