{"host":"14itbdr21u872c1w","time":1613046492,"event":{"mods":["AchievementEnabler","BaseMod","Minty Spire (QoL Compilation)","StSLib","SuperFastMode","everything is the same but u backflip on backflip"],"gold_per_floor":[118,118,118,136,152,182,182,196,222,233,253,282,232,250,250,324,324,336,435,455,455,455],"floor_reached":21,"language":"KOR","playtime":471,"items_purged":[],"score":311,"play_id":"a165512b-e8b1-45e4-97b7-ba4acc810c19","local_time":"20210211212812","is_ascension_mode":true,"campfire_choices":[{"data":"Evolve","floor":7,"key":"SMITH"},{"data":"Heavy Blade","floor":15,"key":"SMITH"}],"circlet_count":0,"master_deck":["AscendersBane","Strike_R","Strike_R","Strike_R","Defend_R","Defend_R","Defend_R","Defend_R","Bash","Evolve+1","Second Wind","Spot Weakness","Pommel Strike","Heavy Blade+1","Demon Form","Entrench"],"relics":["Burning Blood","Pen Nib","Omamori","Odd Mushroom","Sozu"],"acts_visited":["Exordium","TheCity"],"potions_floor_usage":[6,16,18,18],"damage_taken":[{"damage":9.0,"enemies":"2 Louse","floor":1.0,"turns":3.0},{"damage":0.0,"enemies":"Small Slimes","floor":4.0,"turns":3.0},{"damage":6.0,"enemies":"Cultist","floor":5.0,"turns":3.0},{"damage":23,"enemies":"Gremlin Nob","floor":6,"turns":4},{"damage":19,"enemies":"Blue Slaver","floor":8,"turns":4},{"damage":0,"enemies":"Large Slime","floor":10,"turns":5},{"damage":13,"enemies":"Exordium Thugs","floor":11,"turns":4},{"damage":15,"enemies":"The Mushroom Lair","floor":12,"turns":4},{"damage":7,"enemies":"Looter","floor":14,"turns":3},{"damage":23,"enemies":"Slime Boss","floor":16,"turns":6},{"damage":12,"enemies":"3 Byrds","floor":18,"turns":4},{"damage":29,"enemies":"Shell Parasite","floor":20,"turns":5},{"damage":32,"enemies":"Snake Plant","floor":21,"turns":3}],"seed_played":"-2877253104847998952","potions_obtained":[{"floor":1.0,"key":"Explosive Potion"},{"floor":4.0,"key":"SpeedPotion"},{"floor":5.0,"key":"SkillPotion"},{"floor":14,"key":"SteroidPotion"},{"floor":16,"key":"Explosive Potion"}],"is_trial":false,"path_per_floor":["M","?","?","M","M","E","R","M","T","M","M","?","?","M","R","B",null,"M","?","M","M"],"character_chosen":"IRONCLAD","items_purchased":[],"campfire_rested":0,"item_purchase_floors":[],"current_hp_per_floor":[65,65,65,71,71,54,54,41,41,47,40,31,31,30,30,13,60,54,54,31,0,0],"gold":455,"neow_bonus":"RANDOM_COMMON_RELIC","is_daily":false,"chose_seed":false,"campfire_upgraded":2,"win_rate":0.0,"timestamp":1613046492,"path_taken":["M","?","?","M","M","E","R","M","T","?","M","?","?","?","R","BOSS","M","?","M","M"],"items_purchased_type":[],"build_version":"2020-12-22","purchased_purges":0,"victory":false,"max_hp_per_floor":[75,75,75,75,75,75,75,75,75,75,75,75,75,75,75,75,75,75,75,75,75,75],"card_choices":[{"not_picked":["Entrench","Clash"],"picked":"Evolve","floor":1.0},{"not_picked":["Perfected Strike","Disarm"],"picked":"Pommel Strike","floor":4.0},{"not_picked":["Havoc","Clash","Heavy Blade"],"picked":"SKIP","floor":5.0},{"not_picked":["Reckless Charge","Dropkick","Infernal Blade"],"picked":"SKIP","floor":6},{"not_picked":["Pommel Strike","Twin Strike","Flex"],"picked":"SKIP","floor":8},{"not_picked":["Thunderclap","Havoc","Sword Boomerang"],"picked":"SKIP","floor":10},{"not_picked":["Twin Strike","Sword Boomerang","Warcry"],"picked":"SKIP","floor":11},{"not_picked":["Rampage","Cleave"],"picked":"Heavy Blade","floor":14},{"not_picked":["Fiend Fire","Impervious"],"picked":"Demon Form","floor":16},{"not_picked":["Heavy Blade","Dual Wield","Havoc"],"picked":"SKIP","floor":18},{"not_picked":["Metallicize","Cleave"],"picked":"Entrench","floor":20}],"player_experience":345338,"relics_obtained":[{"floor":6,"key":"Omamori"},{"floor":12,"key":"Odd Mushroom"}],"event_choices":[{"damage_healed":0.0,"max_hp_gain":0.0,"max_hp_loss":0.0,"gold_gain":0.0,"cards_transformed":["Strike_R"],"event_name":"Living Wall","player_choice":"Change","floor":2.0,"gold_loss":0.0,"damage_taken":0.0,"cards_obtained":["Second Wind"]},{"damage_healed":0.0,"max_hp_gain":0.0,"max_hp_loss":0.0,"gold_gain":0.0,"event_name":"Match and Keep!","player_choice":"1 cards matched","floor":3.0,"gold_loss":0.0,"damage_taken":0.0,"cards_obtained":["Spot Weakness"]},{"damage_healed":0,"gold_gain":0,"player_choice":"Fought Mushrooms","damage_taken":0,"max_hp_gain":0,"max_hp_loss":0,"event_name":"Mushrooms","floor":12,"gold_loss":0},{"cards_removed":["Strike_R"],"damage_healed":0,"gold_gain":0,"player_choice":"Card Removal","damage_taken":0,"max_hp_gain":0,"max_hp_loss":0,"event_name":"The Cleric","floor":13,"gold_loss":50},{"damage_healed":0,"gold_gain":99,"player_choice":"Stole From Cult","damage_taken":0,"max_hp_gain":0,"max_hp_loss":0,"event_name":"Nest","floor":19,"gold_loss":0}],"is_beta":false,"boss_relics":[{"not_picked":["Black Blood","Coffee Dripper"],"picked":"Sozu"}],"items_purged_floors":[],"is_endless":false,"potions_floor_spawned":[1,4,5,14,16,20],"killed_by":"Snake Plant","ascension_level":14}}