{"host":"xp5rvh2jwe2ejyfm","time":1613053124,"event":{"mods":["2.2 Compatiblity","Aspiration","BaseMod","Better Altar","Better Match","Better Note","Better Sensory Stone","Better Skull","BetterRewards","Colored Powertips","Conspire","Downfall","GifTheSpireLib","Gremlin Mod","GungeonMod","Hermit","Hubris","Jorbs\u0027s Wanderer Trilogy","Minty Spire (QoL Compilation)","Potionbrewer","Quick Restart","Replay The Spire","Robot Space Explorer","Shade Mod","Somnambulant","StSLib","The Bug Knight","The Clintock","The Construct","The Cursed","The Disciple","The Forsaken","The Hierophant","The Necromancer","The Runesmith","The Servant 0.9.4","The Valiant","The Witch","TheFirefly","thorton"],"gold_per_floor":[115,10,10,24,24,49,49,81,81,81,113,131,194,214,214,313,313,326,326,47,61,91,91,126,195,222,255,7,7,23,23,23,123,123,139,33,46,59,59,89,104,104,157,157,184,484,494,509,509,509,509,509,43,72,72,72],"floor_reached":55,"language":"ENG","playtime":2711,"items_purged":[],"score":1106,"play_id":"74051e14-6b0a-46b6-8dd4-655cbf20249d","local_time":"20210211091844","is_ascension_mode":false,"campfire_choices":[{"data":"Shade:SensePrey","floor":7,"key":"SMITH"},{"floor":10,"key":"REST"},{"data":"Shade:GreaterAnimation","floor":15,"key":"SMITH"},{"floor":23,"key":"REST"},{"floor":29,"key":"RECALL"},{"floor":32,"key":"DIG"},{"floor":42,"key":"DIG"},{"floor":49,"key":"DIG"},{"floor":52,"key":"DIG"}],"circlet_count":0,"master_deck":["Shade:Strike_Shade","Shade:Strike_Shade","Shade:Strike_Shade","Shade:Defend_Shade","Shade:Defend_Shade","Shade:Defend_Shade","Shade:Defend_Shade","Shade:AnimateDead","Shade:CarefulCut","Shade:OpenGraves","Shade:FreshBones","Shade:SensePrey+1","Shade:Carnophage","Shade:Carnophage","Shade:WallOfFlesh","Shade:PoundOfFlesh","Shade:Trample","Shade:FleshToFlesh","Shade:FleshToFlesh","Shade:GreaterAnimation+1","Shade:SkeletonHug","Shade:Putrefaction","Shade:FreshBones","Shade:AnimateDead+1","Shade:AuraOfUnlife","Shade:Bonestorm","Shade:ExtraLimbs","Shade:WallOfFlesh","Shade:OpenGraves","Shade:GraveStillness","Shade:ScuttlingHand","Shade:UnbarTheGrave","Shade:PressTheAttack+1","Shade:Bite_Shade","Shade:Trample","Shade:FleshToFlesh+1","Shade:Brains","Shade:Brains+1","Shade:GraveStillness+1","Shade:FuneraryJewels","Shade:AuraOfUnlife+1"],"relics":["Shade:YorickPolishedSkull","HandDrill","DemoMod:Relodestone","Shovel","Simple Rune","potionbrewer:BhaskarasWheel","aspiration:VileToxins","Red Mask","Blood Vial","DemoMod:SerJunkan","DemoMod:Junk","Vajra","DemoMod:MeltedRock","Blue Candle","aspiration:SeaSaltIceCream","Shade:YorickSkull","ClockworkSouvenir"],"acts_visited":["Exordium","TheCity","TheBeyond","TheEnding"],"potions_floor_usage":[6,8,22,30,45,45,48,50],"damage_taken":[{"damage":2,"enemies":"conspire:RoseBush","floor":1,"turns":3},{"damage":0,"enemies":"Jaw Worm","floor":4,"turns":5},{"damage":0,"enemies":"Replay:BlueRogue","floor":6,"turns":8},{"damage":16,"enemies":"HollowMod:MossKnight","floor":8,"turns":6},{"damage":0,"enemies":"Replay:BlueRogue","floor":11,"turns":8},{"damage":0,"enemies":"2 Louse","floor":12,"turns":2},{"damage":0,"enemies":"Looter","floor":14,"turns":3},{"damage":0,"enemies":"Fading Forest","floor":16,"turns":11},{"damage":1,"enemies":"Shell Parasite","floor":18,"turns":7},{"damage":5,"enemies":"Spheric Guardian","floor":21,"turns":5},{"damage":27,"enemies":"Masked Bandits","floor":22,"turns":4},{"damage":10,"enemies":"Gremlin Leader","floor":24,"turns":4},{"damage":0,"enemies":"conspire:SneckoGhost","floor":27,"turns":6},{"damage":0,"enemies":"Snake Plant","floor":30,"turns":3},{"damage":5,"enemies":"Automaton","floor":33,"turns":9},{"damage":5,"enemies":"3 Darklings","floor":35,"turns":5},{"damage":0,"enemies":"3 Shapes","floor":37,"turns":2},{"damage":15,"enemies":"3 Darklings","floor":38,"turns":4},{"damage":3,"enemies":"HollowMod:StalkingDevout","floor":40,"turns":7},{"damage":13,"enemies":"Spire Growth","floor":41,"turns":6},{"damage":5,"enemies":"Nemesis","floor":45,"turns":5},{"damage":0,"enemies":"Transient","floor":47,"turns":5},{"damage":0,"enemies":"Maw","floor":48,"turns":6},{"damage":10,"enemies":"hubris:GrandSnecko","floor":50,"turns":11},{"damage":28,"enemies":"Shield and Spear","floor":54,"turns":4},{"damage":39,"enemies":"The Heart","floor":55,"turns":5}],"seed_played":"3683863714286351714","potions_obtained":[{"floor":1,"key":"LiquidBronze"},{"floor":4,"key":"AttackPotion"},{"floor":11,"key":"Adrenaline Potion"},{"floor":12,"key":"potionbrewer:CleansingPotion"},{"floor":16,"key":"potionbrewer:AcidPotion"},{"floor":22,"key":"SteroidPotion"},{"floor":27,"key":"AttackPotion"},{"floor":38,"key":"BlessingOfTheForge"},{"floor":41,"key":"PowerPotion"},{"floor":47,"key":"sneckomod:MuddlingPotion"}],"is_trial":false,"path_per_floor":["M","$","?","M","$","E","R","E","T","R","E","M","?","M","R","B",null,"M","?","$","M","?","R","E","T","T","E","$","R","M","$","R","B",null,"M","$","M","M","$","E","M","R","T","?","E","?","M","M","R","B",null,"R","$","E","B"],"character_chosen":"SHADE","items_purchased":["HandDrill","Shade:OpenGraves","Shade:FreshBones","Shade:Carnophage","Shade:WallOfFlesh","aspiration:VileToxins","Shade:AuraOfUnlife","Shade:Bonestorm","DemoMod:MeltedRock","Shade:Bite_Shade","Shade:Trample","aspiration:SeaSaltIceCream","Shade:FuneraryJewels","ClockworkSouvenir"],"campfire_rested":2,"item_purchase_floors":[0,0,0,2,2,20,20,20,28,36,36,53,53,53],"current_hp_per_floor":[56,56,56,56,56,56,56,40,40,59,59,59,59,59,59,65,65,64,64,64,59,32,51,41,41,41,43,43,43,45,45,45,42,65,60,60,62,50,50,51,42,42,42,37,36,36,40,44,44,38,65,65,65,37,0,0],"gold":72,"neow_bonus":"","is_daily":false,"chose_seed":false,"campfire_upgraded":2,"win_rate":0.0,"timestamp":1613053124,"path_taken":["M","$","?","M","?","E","R","E","T","R","E","M","?","M","R","BOSS","M","?","$","M","?","R","E","?","T","E","?","R","M","$","R","BOSS","M","$","M","M","$","E","M","R","T","?","E","?","M","?","R","BOSS","R","$","E","BOSS"],"items_purchased_type":["Relic","Card","Card","Card","Card","Relic","Card","Card","Relic","Card","Card","Relic","Card","Relic"],"build_version":"2020-12-22","purchased_purges":0,"victory":false,"max_hp_per_floor":[65,65,65,65,65,65,65,65,65,65,65,65,65,65,65,65,65,65,65,65,65,65,65,65,65,65,65,65,65,65,65,65,65,65,65,65,65,65,65,65,65,65,65,65,65,65,65,65,65,65,65,65,65,65,65,65],"card_choices":[{"not_picked":["Shade:AblativeArmor","Shade:Premonition"],"picked":"Shade:SensePrey","floor":1},{"not_picked":["Shade:FeralStrike","Shade:GreyBargain"],"picked":"Shade:PoundOfFlesh","floor":4},{"not_picked":["Shade:Premonition","Shade:SoulPierce"],"picked":"Shade:Trample","floor":6},{"not_picked":["Shade:GraveStillness","Shade:FleshOffering"],"picked":"Shade:FleshToFlesh","floor":8},{"not_picked":["Shade:CoffinDance","Shade:CommandSoldier"],"picked":"Shade:FleshToFlesh","floor":11},{"not_picked":["Shade:Doomsay","Shade:ExtraLimbs"],"picked":"Shade:GreaterAnimation","floor":12},{"not_picked":["Shade:FleshLikeOak","Shade:FeralStrike"],"picked":"Shade:SkeletonHug","floor":14},{"not_picked":["Shade:SelfBurial","Shade:Consume"],"picked":"Shade:Putrefaction","floor":16},{"not_picked":["Shade:Premonition+1","Shade:FeralStrike"],"picked":"Shade:FreshBones","floor":18},{"not_picked":["Shade:GoDigging","Shade:GreyBargain+1"],"picked":"Shade:ExtraLimbs","floor":21},{"not_picked":["Shade:FuneraryArmor","Shade:PressTheAttack+1"],"picked":"Shade:WallOfFlesh","floor":22},{"not_picked":["Shade:ClawBack","Shade:Doomsay+1"],"picked":"Shade:OpenGraves","floor":24},{"not_picked":["Shade:SkeletonArmy","Shade:ScuttlingHand"],"picked":"Shade:GraveStillness","floor":27},{"not_picked":["Shade:AncientSpear","Shade:FleshOffering+1"],"picked":"Shade:ScuttlingHand","floor":30},{"not_picked":["Shade:Consume","Shade:OminousRitual"],"picked":"Shade:UnbarTheGrave","floor":33},{"not_picked":["Shade:Frenzy+1","Shade:BoneShards+1"],"picked":"Shade:PressTheAttack+1","floor":35},{"not_picked":["Shade:WallOfFlesh+1","Shade:FeralStrike+1"],"picked":"Shade:FleshToFlesh+1","floor":37},{"not_picked":["Shade:FuneraryArmor+1","Shade:SoulPierce"],"picked":"Shade:Brains","floor":38},{"not_picked":["Shade:AncientSpear+1","Shade:Doomsay+1"],"picked":"Shade:Brains+1","floor":40},{"not_picked":["Shade:SpontaneousRitual+1","Shade:Frenzy","Shade:Awaken+1"],"picked":"SKIP","floor":41},{"not_picked":["Shade:RavenousHorde+1","Shade:Premonition+1","Shade:ExtraLimbs+1"],"picked":"SKIP","floor":45},{"not_picked":["Shade:CommandSoldier+1","Shade:Awaken+1"],"picked":"Shade:GraveStillness+1","floor":47},{"not_picked":["Shade:SoulToxin+1","Shade:LyeBath+1","Shade:Frenzy"],"picked":"SKIP","floor":48},{"not_picked":["Shade:SoulToxin","Shade:DangerousRitual"],"picked":"Shade:AuraOfUnlife+1","floor":54}],"player_experience":484582,"relics_obtained":[{"floor":6,"key":"DemoMod:Relodestone"},{"floor":8,"key":"Shovel"},{"floor":11,"key":"Simple Rune"},{"floor":22,"key":"Red Mask"},{"floor":24,"key":"Blood Vial"},{"floor":25,"key":"DemoMod:SerJunkan"},{"floor":26,"key":"DemoMod:Junk"},{"floor":27,"key":"Vajra"},{"floor":32,"key":"DemoMod:Junk"},{"floor":40,"key":"DemoMod:Junk"},{"floor":42,"key":"DemoMod:Junk"},{"floor":43,"key":"DemoMod:Junk"},{"floor":45,"key":"DemoMod:Junk"},{"floor":49,"key":"DemoMod:Junk"},{"floor":52,"key":"DemoMod:Junk"},{"floor":54,"key":"DemoMod:Junk"}],"event_choices":[{"cards_removed":["Shade:Strike_Shade"],"damage_healed":0,"gold_gain":0,"player_choice":"Offered Basic","damage_taken":0,"max_hp_gain":0,"max_hp_loss":0,"event_name":"Bonfire Elementals","floor":3,"gold_loss":0},{"damage_healed":0,"gold_gain":63,"player_choice":"Gained Gold","damage_taken":0,"max_hp_gain":0,"max_hp_loss":0,"event_name":"Golden Wing","floor":13,"gold_loss":0},{"damage_healed":0,"gold_gain":0,"player_choice":"Take","damage_taken":0,"max_hp_gain":0,"max_hp_loss":0,"event_name":"betterNote:BetterNote","floor":19,"gold_loss":0,"cards_obtained":["Shade:AnimateDead"]},{"damage_healed":0,"gold_gain":0,"player_choice":"Fought Bandits","damage_taken":0,"max_hp_gain":0,"max_hp_loss":0,"event_name":"Masked Bandits","floor":22,"gold_loss":0},{"damage_healed":0,"gold_gain":300,"player_choice":"Gold","damage_taken":0,"max_hp_gain":0,"max_hp_loss":0,"event_name":"Wheel of Change","floor":46,"gold_loss":0}],"is_beta":false,"boss_relics":[{"not_picked":["conspire:SeveredTorchhead","Astrolabe"],"picked":"potionbrewer:BhaskarasWheel"},{"not_picked":["Busted Crown","Runic Pyramid"],"picked":"Shade:YorickPolishedSkull"}],"items_purged_floors":[],"is_endless":false,"potions_floor_spawned":[1,4,11,12,16,22,27,38,40,41,47],"killed_by":"The Heart","ascension_level":0}}