{"host":"nzc89rt2v0ulh15o","time":1613010550,"event":{"mods":["2.2 Compatiblity","BaseMod","Downfall","Hermit","Hubris","Minty Spire (QoL Compilation)","Replay The Spire","Shop Mod","StSLib","The Bug Knight","The Construct","The Cursed","The Disciple","The Hierophant","The Runesmith","The Servant 0.9.4"],"gold_per_floor":[99,113,132,45,45,58,58,58,58,58,73,58,58,43,43,43,66,173,185,197,221,233,245,257,269,269,269],"floor_reached":25,"language":"SPA","playtime":1205,"items_purged":[],"score":196,"play_id":"28053d5e-8326-4296-aee2-796e321fa5c3","local_time":"20210210202910","is_ascension_mode":true,"campfire_choices":[{"data":"Slimebound:CorrosiveSpit","floor":1.0,"key":"SMITH"},{"data":"Slimebound:Equalize","floor":8,"key":"SMITH"},{"data":"Slimebound:SplitBruiser","floor":15,"key":"SMITH"},{"data":"Slimebound:MassRepurpose","floor":20,"key":"SMITH"}],"circlet_count":0,"master_deck":["Slimebound:Strike_Slimebound","Slimebound:Strike_Slimebound","Slimebound:Tackle","Slimebound:Defend_Slimebound","Slimebound:Defend_Slimebound","Slimebound:Defend_Slimebound","Slimebound:Defend_Slimebound","Slimebound:Split+1","Slimebound:CorrosiveSpit+1","Slimebound:LeechEnergy","Slimebound:SplitBruiser+1","Slimebound:Equalize+1","Parasite","Slimebound:LivingWall","Slimebound:MegaLick","Slimebound:SplitBruiser+1","Slimebound:Schlurp","Slimebound:MassRepurpose+1","Injury","Sickly","Clumsy"],"relics":["Slimebound:AbsorbEndCombat","hubris:BottledRain","MawBank","Replay:Ancient Bell","HollowMod:PaleOreRelic","ReplayTheSpireMod:Shallot","hubris:Potato","Blue Candle"],"acts_visited":["TheCity"],"potions_floor_usage":[25],"damage_taken":[{"damage":0.0,"enemies":"Cultist","floor":2.0,"turns":4.0},{"damage":2.0,"enemies":"2 Louse","floor":3.0,"turns":3.0},{"damage":0.0,"enemies":"downfall:FleeingMerchant","floor":4.0,"turns":4.0},{"damage":10.0,"enemies":"Jaw Worm","floor":6.0,"turns":4.0},{"damage":11,"enemies":"Red Slaver","floor":11,"turns":3},{"damage":5,"enemies":"downfall:FleeingMerchant","floor":12,"turns":4},{"damage":8,"enemies":"downfall:FleeingMerchant","floor":14,"turns":4},{"damage":10,"enemies":"2 Fungi Beasts","floor":17,"turns":3},{"damage":22,"enemies":"SI_SHIV_ARCHETYPE","floor":18,"turns":6},{"damage":16,"enemies":"Shell Parasite","floor":21,"turns":3},{"damage":36,"enemies":"Book of Stabbing","floor":25,"turns":3}],"seed_played":"7992975110031349547","potions_obtained":[{"floor":11,"key":"Strength Potion"},{"floor":17,"key":"Fire Potion"},{"floor":18,"key":"Elixir"},{"floor":22,"key":"CultistPotion"}],"is_trial":false,"path_per_floor":["R","M","M","$","?","M","T","R","PTL","PTL","M","$","?","$","R","?","M","B",null,"R","M","?","?","?","E"],"character_chosen":"SLIMEBOUND","items_purchased":["Slimebound:Equalize"],"campfire_rested":0,"item_purchase_floors":[4],"current_hp_per_floor":[71,71,71,71,71,63,63,63,63,63,60,63,63,67,67,60,52,50,71,71,57,57,15,10,0,0,0],"gold":269,"neow_bonus":"TEN_PERCENT_HP_BONUS","is_daily":false,"chose_seed":false,"campfire_upgraded":4,"win_rate":0.0,"timestamp":1613010550,"path_taken":["R","M","M","?","?","?","T","R","PTL","PTL","M","$","?","?","R","?","M","BOSS","R","M","?","?","?","E"],"items_purchased_type":["Card"],"build_version":"2020-12-22","purchased_purges":0,"victory":false,"max_hp_per_floor":[71,71,71,71,71,71,71,71,71,71,71,71,71,71,71,71,71,71,71,71,71,71,71,71,71,71,71],"card_choices":[{"not_picked":["Slimebound:SamplingLick","Slimebound:RollThrough"],"picked":"Slimebound:LeechEnergy","floor":2.0},{"not_picked":["Slimebound:ComboTackle","Slimebound:ProtectTheBoss"],"picked":"Slimebound:SplitBruiser","floor":3.0},{"not_picked":["Slimebound:SplitAcid","Slimebound:Grow","Slimebound:TagTeam"],"picked":"SKIP","floor":4.0},{"not_picked":["Slimebound:LeechEnergy","Slimebound:Recollect"],"picked":"Slimebound:LivingWall","floor":6.0},{"not_picked":["Slimebound:SpikyOuterGoop","Slimebound:LeadByExample","Slimebound:LivingWall"],"picked":"SKIP","floor":11},{"not_picked":["Slimebound:Schlurp","Slimebound:Repurpose"],"picked":"Slimebound:MegaLick","floor":12},{"not_picked":["Slimebound:LivingWall","Slimebound:TagTeam"],"picked":"Slimebound:SplitBruiser","floor":14},{"not_picked":["Slimebound:Prepare","Slimebound:HauntingLick"],"picked":"Slimebound:Schlurp","floor":17},{"not_picked":["Slimebound:WasteNot","Slimebound:OneTwoCombo"],"picked":"Slimebound:MassRepurpose","floor":18},{"not_picked":["CommonCold","hubris:Compulsion"],"picked":"Injury","floor":19},{"not_picked":["ReplayTheSpireMod:Doomed","Spreading Infection"],"picked":"Sickly","floor":19},{"not_picked":["Languid","Overencumbered"],"picked":"Clumsy","floor":19},{"not_picked":["Slimebound:ComboTackle","Slimebound:Recollect","Slimebound:BestDefense"],"picked":"SKIP","floor":21}],"player_experience":476395,"relics_obtained":[{"floor":7,"key":"hubris:BottledRain"}],"event_choices":[{"cards_removed":["Slimebound:Strike_Slimebound"],"damage_healed":0,"gold_gain":0,"player_choice":"Card Removal","damage_taken":0,"max_hp_gain":0,"max_hp_loss":0,"event_name":"The Cleric","floor":13,"gold_loss":0},{"damage_healed":0,"gold_gain":0,"player_choice":"Success","damage_taken":7,"relics_obtained":["MawBank"],"max_hp_gain":0,"max_hp_loss":0,"event_name":"Scrap Ooze","floor":16,"gold_loss":0}],"is_beta":false,"boss_relics":[{"not_picked":["Velvet Choker","construct:WeddingRing"],"picked":"Replay:Ancient Bell"},{"not_picked":["Replay:Mystery Machine","Replay:Bandana"],"picked":"HollowMod:PaleOreRelic"},{"not_picked":["Molten Egg 2","Quantum Egg"],"picked":"ReplayTheSpireMod:Shallot"},{"not_picked":["Incense Burner","hubris:Zylophone"],"picked":"hubris:Potato"}],"items_purged_floors":[],"is_endless":false,"potions_floor_spawned":[11,17,18],"killed_by":"Book of Stabbing","ascension_level":1}}