{"host":"zoyu9oa60f8m99tp","time":1613018524,"event":{"mods":["Act Like it!","BaseMod","Colored Map","Gensokyo","Good Game Mod","Minty Spire (QoL Compilation)","Shop Mod","StSLib","The Alterego"],"gold_per_floor":[113,113,124,140,140,140,150,150,231,249,249,249,89,103,103,103,103],"floor_reached":16,"language":"ZHS","playtime":1021,"items_purged":[],"score":92,"play_id":"18120039-d3ba-436a-bf76-a30f522c30c8","local_time":"20210211124204","is_ascension_mode":false,"campfire_choices":[{"data":"alterego_mod:DiscoLights","floor":6,"key":"SMITH"},{"data":"alterego_mod:BrynhildrsRune","floor":8,"key":"SMITH"},{"data":"alterego_mod:Pet","floor":15,"key":"SMITH"}],"circlet_count":0,"master_deck":["alterego_mod:Strike","alterego_mod:Strike","alterego_mod:Strike","alterego_mod:Strike","alterego_mod:Defend","alterego_mod:Defend","alterego_mod:Defend","alterego_mod:Defend","alterego_mod:Impale","alterego_mod:BigMeatyClaws","alterego_mod:BrynhildrsRune+1","alterego_mod:DiscoLights+1","alterego_mod:Birthday","alterego_mod:AlterEgo","Clumsy","alterego_mod:Rip","alterego_mod:Bounce","alterego_mod:Pet+1","alterego_mod:Birthday","alterego_mod:Birthday"],"relics":["alterego_mod:MasochisticConstitution","REME:ComplimentaryCards","NeowsBlessing","Gensokyo:NagashiBinaDoll","Meat on the Bone","Sundial","Enchiridion"],"acts_visited":["Exordium"],"potions_floor_usage":[16],"damage_taken":[{"damage":0,"enemies":"Gensokyo:Gryphon","floor":1,"turns":1},{"damage":0,"enemies":"Gensokyo:3_Fairies","floor":3,"turns":1},{"damage":0,"enemies":"Gensokyo:Python","floor":4,"turns":1},{"damage":32,"enemies":"Gensokyo:5_Fairies","floor":7,"turns":9},{"damage":24,"enemies":"Gensokyo:2_Rabbits","floor":10,"turns":6},{"damage":4,"enemies":"Gensokyo:VengefulSpirit","floor":14,"turns":5},{"damage":51,"enemies":"Gensokyo:Yukari","floor":16,"turns":9}],"seed_played":"9033955615912345973","potions_obtained":[{"floor":14,"key":"Ancient Potion"}],"is_trial":false,"path_per_floor":["M","?","M","M","?","R","M","R","T","M","?","T","?","M","R","B"],"character_chosen":"The_Alterego","items_purchased":[],"campfire_rested":0,"item_purchase_floors":[],"current_hp_per_floor":[70,77,77,77,77,77,48,48,48,41,41,41,41,42,42,0,0],"gold":103,"neow_bonus":"THREE_ENEMY_KILL","is_daily":false,"chose_seed":false,"campfire_upgraded":3,"win_rate":0.0,"timestamp":1613018524,"path_taken":["M","?","?","M","?","R","?","R","T","M","?","?","?","M","R","BOSS"],"items_purchased_type":[],"build_version":"2020-12-22","purchased_purges":0,"victory":false,"max_hp_per_floor":[70,77,77,77,77,77,78,78,78,79,79,79,79,80,80,80,80],"card_choices":[{"not_picked":["alterego_mod:MagicResistance","alterego_mod:GoddessCore"],"picked":"alterego_mod:DiscoLights","floor":1},{"not_picked":["alterego_mod:Santa","alterego_mod:HighServant"],"picked":"alterego_mod:Birthday","floor":3},{"not_picked":["alterego_mod:Complex","alterego_mod:IndependentAction"],"picked":"alterego_mod:AlterEgo","floor":4},{"not_picked":["alterego_mod:PerceptionDisorder","alterego_mod:1TonWallop"],"picked":"alterego_mod:Rip","floor":7},{"not_picked":["alterego_mod:DiscoLights","alterego_mod:Skirt"],"picked":"alterego_mod:Bounce","floor":10},{"not_picked":["alterego_mod:BiFurious","alterego_mod:GoddessCore"],"picked":"alterego_mod:Pet","floor":11},{"not_picked":["alterego_mod:PurpleHair","alterego_mod:HighServant"],"picked":"alterego_mod:Birthday","floor":11},{"not_picked":["alterego_mod:BeGentle","alterego_mod:PerceptionDisorder"],"picked":"alterego_mod:Birthday","floor":14}],"player_experience":4911,"relics_obtained":[{"floor":9,"key":"Meat on the Bone"},{"floor":12,"key":"Sundial"}],"event_choices":[],"is_beta":false,"boss_relics":[],"items_purged_floors":[],"is_endless":false,"potions_floor_spawned":[14],"killed_by":"Gensokyo:Yukari","ascension_level":0}}