{"host":"1bzbl1adcbkdzqlf","time":1613086822,"event":{"mods":["BaseMod","Minty Spire (QoL Compilation)","Slay the Relics Exporter"],"gold_per_floor":[118,136,61,81,96,129,129,139,188,206,235,235,252,252,252,323,323,333,343,362,115,115,131,141,172,223,223,253,253,269,301,301,301,301],"floor_reached":33,"language":"ENG","playtime":2558,"items_purged":["Parasite","Strike_R"],"score":546,"play_id":"6fd4e5a6-1326-4af1-821a-5b3321feb8b8","local_time":"20210211174022","is_ascension_mode":true,"campfire_choices":[{"data":"Uppercut","floor":7,"key":"SMITH"},{"data":"Flame Barrier","floor":12,"key":"SMITH"},{"data":"Immolate","floor":15,"key":"SMITH"},{"floor":27,"key":"REST"},{"floor":29,"key":"REST"},{"data":"Dark Embrace","floor":32,"key":"SMITH"}],"circlet_count":0,"master_deck":["AscendersBane","Strike_R","Strike_R","Defend_R","Defend_R","Defend_R","Defend_R","Bash","Immolate+1","Fire Breathing","Iron Wave","Thunderclap","Flame Barrier+1","Uppercut+1","Headbutt","Dark Embrace+1","Warcry","Entrench","Corruption","CurseOfTheBell","Disarm","Wild Strike","Cleave","Searing Blow","Armaments","Shrug It Off","Shockwave"],"relics":["Burning Blood","Bag of Preparation","Red Skull","Bottled Tornado","Calling Bell","Anchor","HornCleat","Champion Belt","Pen Nib","Happy Flower","Lantern","The Courier","Centennial Puzzle"],"acts_visited":["Exordium","TheCity"],"potions_floor_usage":[6,10,11,16,16,18,24,25,31,33],"damage_taken":[{"damage":4,"enemies":"Jaw Worm","floor":1,"turns":5},{"damage":0,"enemies":"Cultist","floor":2,"turns":2},{"damage":3,"enemies":"2 Louse","floor":4,"turns":3},{"damage":12,"enemies":"Lots of Slimes","floor":5,"turns":3},{"damage":18,"enemies":"3 Sentries","floor":6,"turns":5},{"damage":0,"enemies":"Exordium Wildlife","floor":8,"turns":3},{"damage":2,"enemies":"Looter","floor":10,"turns":4},{"damage":9,"enemies":"Gremlin Nob","floor":11,"turns":4},{"damage":14,"enemies":"Red Slaver","floor":13,"turns":2},{"damage":24,"enemies":"Slime Boss","floor":16,"turns":8},{"damage":0,"enemies":"3 Byrds","floor":18,"turns":4},{"damage":23,"enemies":"Shell Parasite","floor":19,"turns":8},{"damage":0,"enemies":"Snecko","floor":20,"turns":4},{"damage":36,"enemies":"Sentry and Sphere","floor":23,"turns":5},{"damage":11,"enemies":"Centurion and Healer","floor":24,"turns":5},{"damage":12,"enemies":"Gremlin Leader","floor":25,"turns":4},{"damage":36,"enemies":"Book of Stabbing","floor":28,"turns":7},{"damage":0,"enemies":"3 Cultists","floor":30,"turns":3},{"damage":8,"enemies":"Slavers","floor":31,"turns":2},{"damage":47,"enemies":"Collector","floor":33,"turns":6}],"seed_played":"8809756253376143879","potions_obtained":[{"floor":2,"key":"Energy Potion"},{"floor":5,"key":"FearPotion"},{"floor":8,"key":"EssenceOfSteel"},{"floor":11,"key":"Regen Potion"},{"floor":13,"key":"Fire Potion"},{"floor":16,"key":"GamblersBrew"},{"floor":23,"key":"SteroidPotion"},{"floor":24,"key":"SkillPotion"},{"floor":30,"key":"Swift Potion"},{"floor":31,"key":"FearPotion"}],"is_trial":false,"path_per_floor":["M","M","$","M","M","E","R","M","T","M","E","R","M","?","R","B",null,"M","M","M","$","?","M","M","E","T","R","E","R","M","E","R","B"],"character_chosen":"IRONCLAD","items_purchased":["Pen Nib"],"campfire_rested":2,"item_purchase_floors":[21],"current_hp_per_floor":[70,75,72,72,66,54,54,60,60,64,61,61,53,53,53,49,66,72,55,61,61,61,31,26,20,20,41,11,32,38,36,36,0,0],"gold":301,"neow_bonus":"THREE_RARE_CARDS","is_daily":false,"chose_seed":false,"campfire_upgraded":4,"win_rate":0.0,"timestamp":1613086822,"path_taken":["M","M","$","M","M","E","R","M","T","M","E","R","M","?","R","BOSS","M","M","?","$","?","M","M","E","T","R","E","R","M","E","R","BOSS"],"items_purchased_type":["Relic"],"build_version":"2020-12-22","purchased_purges":2,"victory":false,"max_hp_per_floor":[75,75,72,72,72,72,72,72,72,72,72,72,72,72,72,72,72,72,72,72,72,72,72,72,72,72,72,72,72,72,72,72,72,72],"card_choices":[{"not_picked":["Brutality","Bludgeon"],"picked":"Immolate","floor":0},{"not_picked":["Warcry","Searing Blow"],"picked":"Fire Breathing","floor":1},{"not_picked":["Perfected Strike","Anger"],"picked":"Iron Wave","floor":2},{"not_picked":["Sword Boomerang","Spot Weakness"],"picked":"Thunderclap","floor":4},{"not_picked":["Heavy Blade","Perfected Strike"],"picked":"Flame Barrier","floor":5},{"not_picked":["Impervious","Searing Blow"],"picked":"Uppercut","floor":6},{"not_picked":["Thunderclap","Rage"],"picked":"Headbutt","floor":8},{"not_picked":["Dropkick","Infernal Blade","Clothesline"],"picked":"SKIP","floor":10},{"not_picked":["Sentinel","Clothesline"],"picked":"Dark Embrace","floor":11},{"not_picked":["Searing Blow","Burning Pact"],"picked":"Warcry","floor":13},{"not_picked":["Demon Form","Juggernaut"],"picked":"Corruption","floor":16},{"not_picked":["Sword Boomerang","Flex+1"],"picked":"Disarm","floor":18},{"not_picked":["Whirlwind","Shrug It Off"],"picked":"Wild Strike","floor":19},{"not_picked":["Blood for Blood","Rupture"],"picked":"Cleave","floor":20},{"not_picked":["Dark Embrace","Sword Boomerang","Limit Break"],"picked":"SKIP","floor":23},{"not_picked":["Clothesline","Perfected Strike+1"],"picked":"Armaments","floor":24},{"not_picked":["Pommel Strike","Iron Wave"],"picked":"Shrug It Off","floor":25},{"not_picked":["Clash","Sever Soul"],"picked":"Shockwave","floor":28},{"not_picked":["Shrug It Off","Rupture+1","Rage"],"picked":"SKIP","floor":30},{"not_picked":["Carnage","Intimidate","Heavy Blade"],"picked":"SKIP","floor":31}],"player_experience":450990,"relics_obtained":[{"floor":6,"key":"Bag of Preparation"},{"floor":9,"key":"Red Skull"},{"floor":11,"key":"Bottled Tornado"},{"floor":17,"key":"Anchor"},{"floor":17,"key":"HornCleat"},{"floor":17,"key":"Champion Belt"},{"floor":25,"key":"Happy Flower"},{"floor":26,"key":"Lantern"},{"floor":28,"key":"The Courier"},{"floor":31,"key":"Centennial Puzzle"}],"event_choices":[{"damage_healed":0,"gold_gain":0,"cards_transformed":["Strike_R"],"player_choice":"Transformed","damage_taken":0,"max_hp_gain":0,"max_hp_loss":0,"event_name":"Transmorgrifier","floor":14,"gold_loss":0,"cards_obtained":["Entrench"]},{"damage_healed":0,"gold_gain":0,"cards_transformed":["Strike_R"],"player_choice":"Transformed","damage_taken":0,"max_hp_gain":0,"max_hp_loss":0,"event_name":"Transmorgrifier","floor":22,"gold_loss":0,"cards_obtained":["Searing Blow"]}],"is_beta":false,"boss_relics":[{"not_picked":["SacredBark","Philosopher\u0027s Stone"],"picked":"Calling Bell"}],"items_purged_floors":[3,21],"is_endless":false,"potions_floor_spawned":[2,5,8,11,13,16,23,24,30,31],"killed_by":"Collector","ascension_level":14}}