{"host":"w14xfy17z3c5mpoi","time":1613008355,"event":{"mods":["AchievementEnabler","BaseMod","Minty Spire (QoL Compilation)","Relic Stats"],"gold_per_floor":[362,376,226,226,49,79,79,97,165,165,165,200,211,224,224,327,327,340,352,352,366,381,381,381,381],"floor_reached":24,"language":"ENG","playtime":1949,"items_purged":["Strike_B","Strike_B"],"score":270,"play_id":"e3fb1eef-e45d-4388-a79b-13510862705c","local_time":"20210210205235","is_ascension_mode":true,"campfire_choices":[{"data":"Defragment","floor":7,"key":"SMITH"},{"floor":10,"key":"REST"},{"data":"Zap","floor":15,"key":"SMITH"},{"floor":23,"key":"REST"}],"circlet_count":0,"master_deck":["Strike_B","Strike_B","Defend_B","Defend_B","Defend_B","Defend_B","Zap+1","Dualcast","Defragment+1","Coolheaded","Glacier","Ball Lightning","Compile Driver","Capacitor","Barrage","Go for the Eyes+1","Capacitor","Conserve Battery","Doom and Gloom","Echo Form+1","BootSequence","Conserve Battery+1"],"relics":["Cracked Core","Art of War","Dream Catcher","Darkstone Periapt","Omamori","Philosopher\u0027s Stone"],"acts_visited":["Exordium","TheCity"],"potions_floor_usage":[22,24],"damage_taken":[{"damage":0,"enemies":"Cultist","floor":1,"turns":3},{"damage":9,"enemies":"Small Slimes","floor":2,"turns":3},{"damage":9,"enemies":"3 Sentries","floor":6,"turns":7},{"damage":5,"enemies":"2 Louse","floor":8,"turns":2},{"damage":10,"enemies":"Gremlin Nob","floor":12,"turns":5},{"damage":10,"enemies":"Exordium Thugs","floor":13,"turns":5},{"damage":5,"enemies":"2 Fungi Beasts","floor":14,"turns":3},{"damage":5,"enemies":"Hexaghost","floor":16,"turns":9},{"damage":8,"enemies":"Shell Parasite","floor":18,"turns":5},{"damage":9,"enemies":"Chosen","floor":19,"turns":5},{"damage":30,"enemies":"Shelled Parasite and Fungi","floor":21,"turns":6},{"damage":3,"enemies":"Centurion and Healer","floor":22,"turns":6},{"damage":27,"enemies":"Gremlin Leader","floor":24,"turns":4}],"seed_played":"374688840168560217","potions_obtained":[{"floor":6,"key":"LiquidMemories"},{"floor":12,"key":"Ancient Potion"},{"floor":14,"key":"DuplicationPotion"},{"floor":22,"key":"Explosive Potion"}],"is_trial":false,"path_per_floor":["M","M","$","?","$","E","R","M","T","R","?","E","M","M","R","B",null,"M","M","?","M","M","R","E"],"character_chosen":"DEFECT","items_purchased":["Glacier","Ball Lightning","Compile Driver"],"campfire_rested":2,"item_purchase_floors":[3,5,5],"current_hp_per_floor":[68,59,59,34,34,25,25,20,20,40,40,30,20,15,15,10,54,46,37,37,7,4,24,0,0],"gold":381,"neow_bonus":"TWO_FIFTY_GOLD","is_daily":false,"chose_seed":false,"campfire_upgraded":2,"win_rate":0.0,"timestamp":1613008355,"path_taken":["M","?","$","?","$","E","R","M","T","R","?","E","M","?","R","BOSS","M","M","?","?","?","R","E"],"items_purchased_type":["Card","Card","Card"],"build_version":"2020-12-22","purchased_purges":2,"victory":false,"max_hp_per_floor":[68,68,68,68,68,68,68,68,68,68,68,68,68,68,68,68,68,68,68,68,68,68,68,68,68],"relic_stats":{"Darkstone Periapt":0,"Dream Catcher":2,"counters":[13,63],"Art of War":[14],"obtain_stats":[{"Darkstone Periapt":9,"Dream Catcher":6,"Philosopher\u0027s Stone":17,"Art of War":4,"Omamori":12,"Cracked Core":0},{"Darkstone Periapt":4,"Dream Catcher":3,"Philosopher\u0027s Stone":8,"Art of War":2,"Omamori":5,"Cracked Core":0},{"Darkstone Periapt":15,"Dream Catcher":13,"Philosopher\u0027s Stone":37,"Art of War":6,"Omamori":20,"Cracked Core":0}]},"card_choices":[{"not_picked":["Compile Driver","Cold Snap"],"picked":"Defragment","floor":1},{"not_picked":["Compile Driver","Fusion"],"picked":"Coolheaded","floor":2},{"not_picked":["Reinforced Body","Auto Shields"],"picked":"Capacitor","floor":6},{"not_picked":["Consume","Reprogram"],"picked":"Barrage","floor":8},{"not_picked":["Compile Driver","Rebound"],"picked":"Go for the Eyes","floor":10},{"not_picked":["Turbo","Fusion"],"picked":"Capacitor","floor":12},{"not_picked":["Streamline","Reprogram"],"picked":"Conserve Battery","floor":13},{"not_picked":["Hologram","Coolheaded"],"picked":"Doom and Gloom","floor":14},{"not_picked":["Meteor Strike","Hyperbeam"],"picked":"Echo Form","floor":16},{"not_picked":["Stack","Leap","Steam"],"picked":"SKIP","floor":18},{"not_picked":["Leap","Redo","All For One"],"picked":"SKIP","floor":19},{"not_picked":["Reprogram","Coolheaded"],"picked":"BootSequence","floor":21},{"not_picked":["Force Field","Sunder"],"picked":"Conserve Battery+1","floor":22}],"player_experience":618521,"relics_obtained":[{"floor":6,"key":"Dream Catcher"},{"floor":9,"key":"Darkstone Periapt"},{"floor":12,"key":"Omamori"}],"event_choices":[{"damage_healed":0,"gold_gain":0,"player_choice":"Success","damage_taken":25,"relics_obtained":["Art of War"],"max_hp_gain":0,"max_hp_loss":0,"event_name":"Scrap Ooze","floor":4,"gold_loss":0},{"damage_healed":0,"gold_gain":0,"player_choice":"Upgraded","damage_taken":0,"max_hp_gain":0,"max_hp_loss":0,"event_name":"Upgrade Shrine","floor":11,"gold_loss":0,"cards_upgraded":["Go for the Eyes"]},{"damage_healed":0,"gold_gain":0,"player_choice":"Forge","damage_taken":0,"max_hp_gain":0,"max_hp_loss":0,"event_name":"Accursed Blacksmith","floor":20,"gold_loss":0,"cards_upgraded":["Echo Form"]}],"is_beta":false,"boss_relics":[{"not_picked":["SacredBark","Fusion Hammer"],"picked":"Philosopher\u0027s Stone"}],"items_purged_floors":[3,5],"is_endless":false,"potions_floor_spawned":[6,12,14,16,19,22],"killed_by":"Gremlin Leader","ascension_level":6}}