{"host":"17u3w43rikeuspxs","time":1613005239,"event":{"mods":["BaseMod","BetterRewards","Curses Come First","Infinite Spire","Minty Spire (QoL Compilation)","StSLib"],"gold_per_floor":[112,62,75,75,75,75,113,113,113,137,89,89,129,38,38,161,161,175,190,215,215,233,271,271,271,296,329,343,343,368,77,77,202,202,222,247,266,279,300,341,341,376,422,422,422,422,445,77,77,77],"floor_reached":51,"language":"ENG","playtime":2216,"items_purged":["Strike_R","Strike_R","Strike_R","Strike_R"],"score":1126,"play_id":"0527e1b0-b74d-418b-ada4-1344c7ec0ea4","local_time":"20210210200039","is_ascension_mode":true,"campfire_choices":[{"data":"Apotheosis","floor":6.0,"key":"SMITH"},{"data":"Limit Break","floor":8.0,"key":"SMITH"},{"floor":12.0,"key":"REST"},{"data":"Flame Barrier","floor":15.0,"key":"SMITH"},{"data":"Offering","floor":24,"key":"SMITH"},{"floor":32,"key":"REST"},{"data":"Impervious","floor":41,"key":"SMITH"},{"floor":44,"key":"REST"},{"data":"Rage","floor":49,"key":"SMITH"}],"circlet_count":0,"master_deck":["Defend_R","Defend_R","Defend_R","Defend_R","Bash","Apotheosis+1","Spot Weakness","Inflame","Flame Barrier+1","Limit Break+1","Rage+1","Pommel Strike+1","Flex","Flash of Steel+1","Offering+1","Dropkick+1","Cleave+1","Rupture","Heavy Blade+1","Feed+1","Twin Strike+1","True Grit","Reaper+1","infinitespire:OneForAll+1","Spot Weakness+1","Impervious+1","Ghostly Armor+1","Rage+1"],"relics":["Burning Blood","Bird Faced Urn","Meat on the Bone","Golden Idol","Pen Nib","Letter Opener","Molten Egg 2","Bronze Scales","Sozu","Anchor","infinitespire:BottledMercury","Potion Belt","infinitespire:Lucky Rock","Oddly Smooth Stone","Medical Kit","Philosopher\u0027s Stone","Toy Ornithopter","Blood Vial","Strawberry","infinitespire:EmpoweringShard","Paper Frog"],"acts_visited":["Exordium","TheCity","TheBeyond"],"potions_floor_usage":[],"damage_taken":[{"damage":8.0,"enemies":"Small Slimes","floor":1.0,"turns":3.0},{"damage":0.0,"enemies":"2 Louse","floor":3.0,"turns":2.0},{"damage":42.0,"enemies":"Gremlin Nob","floor":7.0,"turns":5.0},{"damage":0.0,"enemies":"Jaw Worm","floor":10.0,"turns":4.0},{"damage":9.0,"enemies":"3 Sentries","floor":13.0,"turns":4.0},{"damage":15.0,"enemies":"Hexaghost","floor":16.0,"turns":5.0},{"damage":6.0,"enemies":"3 Byrds","floor":18.0,"turns":3.0},{"damage":6.0,"enemies":"Shell Parasite","floor":19.0,"turns":3.0},{"damage":16.0,"enemies":"Sentry and Sphere","floor":20.0,"turns":4.0},{"damage":15.0,"enemies":"Centurion and Healer","floor":22.0,"turns":3.0},{"damage":11,"enemies":"Slavers","floor":23,"turns":3},{"damage":16,"enemies":"Book of Stabbing","floor":27,"turns":4},{"damage":14,"enemies":"3 Cultists","floor":28,"turns":4},{"damage":28,"enemies":"Shelled Parasite and Fungi","floor":30,"turns":4},{"damage":18,"enemies":"Automaton","floor":33,"turns":4},{"damage":3,"enemies":"Orb Walker","floor":35,"turns":3},{"damage":17,"enemies":"3 Darklings","floor":36,"turns":3},{"damage":8,"enemies":"4 Shapes","floor":37,"turns":1},{"damage":46,"enemies":"Transient","floor":38,"turns":5},{"damage":26,"enemies":"3 Darklings","floor":39,"turns":3},{"damage":6,"enemies":"Giant Head","floor":40,"turns":5},{"damage":75,"enemies":"Reptomancer","floor":42,"turns":5},{"damage":8,"enemies":"4 Shapes","floor":47,"turns":3},{"damage":55,"enemies":"Awakened One","floor":50,"turns":6}],"seed_played":"-944383590551483585","potions_obtained":[{"floor":1.0,"key":"Explosive Potion"},{"floor":7.0,"key":"Energy Potion"},{"floor":10.0,"key":"DuplicationPotion"}],"is_trial":false,"path_per_floor":["M","?","M","?","?","R","E","R","T","M","$","R","E","$","R","B",null,"M","M","M","?","M","E","R","T","T","E","M","AVR","M","$","R","B",null,"M","M","M","M","M","E","R","E","T","R","T","?","M","$","R","B",null],"character_chosen":"IRONCLAD","items_purchased":["Apotheosis","Spot Weakness","Inflame","Pommel Strike+1","Flash of Steel+1","Medical Kit","True Grit","Paper Frog"],"campfire_rested":3,"item_purchase_floors":[0,0,0,11,14,31,31,48],"current_hp_per_floor":[53,53,59,59,59,59,37,37,37,45,45,67,66,66,66,59,74,74,74,66,66,59,58,58,58,58,52,52,52,50,50,74,66,82,86,77,86,60,70,86,86,38,45,74,74,74,99,99,99,81],"gold":77,"neow_bonus":"","is_daily":false,"chose_seed":false,"campfire_upgraded":6,"win_rate":0.0,"timestamp":1613005239,"path_taken":["M","?","M","?","?","R","E","R","T","M","$","R","E","?","R","BOSS","M","M","?","?","M","E","R","?","T","E","M","AVR","M","?","R","BOSS","M","M","M","?","M","E","R","E","T","R","?","?","M","$","R","BOSS"],"items_purchased_type":["Card","Card","Card","Card","Card","Relic","Card","Relic"],"build_version":"2020-12-22","purchased_purges":4,"victory":true,"max_hp_per_floor":[80,80,80,74,74,74,74,74,74,74,74,74,74,74,74,74,74,74,74,74,74,74,74,74,74,74,74,78,78,82,82,82,82,82,86,86,86,86,90,90,90,90,97,97,97,97,101,101,101,101],"card_choices":[{"not_picked":["Metallicize","Twin Strike"],"picked":"Flame Barrier","floor":1.0},{"not_picked":["Evolve","Perfected Strike","Shrug It Off"],"picked":"SKIP","floor":3.0},{"not_picked":["Evolve","Dual Wield"],"picked":"Limit Break","floor":7.0},{"not_picked":["Perfected Strike+1","Anger+1"],"picked":"Rage","floor":10.0},{"not_picked":["Dual Wield","True Grit"],"picked":"Flex","floor":13.0},{"not_picked":["Double Tap","Brutality"],"picked":"Offering","floor":16.0},{"not_picked":["Carnage+1","Power Through"],"picked":"Dropkick+1","floor":18.0},{"not_picked":["Searing Blow+1","Wild Strike+1"],"picked":"Cleave+1","floor":19.0},{"not_picked":["Iron Wave+1","Fire Breathing"],"picked":"Rupture","floor":20.0},{"not_picked":["Warcry","Fire Breathing","Clash+1"],"picked":"SKIP","floor":22.0},{"not_picked":["Shockwave","Clothesline+1"],"picked":"Feed+1","floor":23},{"not_picked":["Spot Weakness","Sentinel","Infernal Blade"],"picked":"SKIP","floor":27},{"not_picked":["Clothesline+1","Sword Boomerang+1","Cleave+1"],"picked":"SKIP","floor":28},{"not_picked":["Ghostly Armor+1","Perfected Strike+1"],"picked":"Twin Strike+1","floor":30},{"not_picked":["Offering","Fiend Fire+1"],"picked":"Reaper+1","floor":33},{"not_picked":["Cleave+1","Sword Boomerang+1","Twin Strike+1"],"picked":"SKIP","floor":35},{"not_picked":["Warcry+1","Blood for Blood+1","Twin Strike+1"],"picked":"SKIP","floor":36},{"not_picked":["Infernal Blade","Power Through+1"],"picked":"infinitespire:OneForAll+1","floor":37},{"not_picked":["Sword Boomerang+1","Searing Blow+1"],"picked":"Spot Weakness+1","floor":38},{"not_picked":["Warcry","Cleave+1"],"picked":"Impervious","floor":39},{"not_picked":["Heavy Blade+1","Headbutt+1"],"picked":"Ghostly Armor+1","floor":40},{"not_picked":["Juggernaut","Heavy Blade+1","Evolve+1"],"picked":"SKIP","floor":42},{"not_picked":["Sentinel","Perfected Strike+1"],"picked":"Rage+1","floor":47}],"player_experience":94600,"relics_obtained":[{"floor":5.0,"key":"Pen Nib"},{"floor":7.0,"key":"Letter Opener"},{"floor":9.0,"key":"Molten Egg 2"},{"floor":13.0,"key":"Bronze Scales"},{"floor":23,"key":"Anchor"},{"floor":25,"key":"infinitespire:BottledMercury"},{"floor":26,"key":"Potion Belt"},{"floor":27,"key":"infinitespire:Lucky Rock"},{"floor":40,"key":"Toy Ornithopter"},{"floor":42,"key":"Blood Vial"},{"floor":43,"key":"Strawberry"},{"floor":45,"key":"infinitespire:EmpoweringShard"}],"event_choices":[{"cards_removed":["Strike_R"],"damage_healed":0.0,"max_hp_gain":0.0,"max_hp_loss":0.0,"gold_gain":0.0,"event_name":"The Cleric","player_choice":"Card Removal","floor":2.0,"gold_loss":50.0,"damage_taken":0.0},{"damage_healed":0.0,"max_hp_gain":0.0,"max_hp_loss":6.0,"gold_gain":0.0,"event_name":"Golden Idol","player_choice":"Lose Max HP","floor":4.0,"gold_loss":0.0,"damage_taken":0.0,"relics_obtained":["Golden Idol"]},{"damage_healed":0.0,"max_hp_gain":0.0,"max_hp_loss":0.0,"gold_gain":0.0,"event_name":"The Library","player_choice":"Read","floor":21.0,"gold_loss":0.0,"damage_taken":0.0,"cards_obtained":["Heavy Blade"]},{"damage_healed":0,"gold_gain":0,"player_choice":"0 cards matched","damage_taken":0,"max_hp_gain":0,"max_hp_loss":0,"event_name":"Match and Keep!","floor":46,"gold_loss":0,"cards_obtained":[]}],"is_beta":false,"boss_relics":[{"not_picked":["Tiny House","SacredBark"],"picked":"Sozu"},{"not_picked":["Velvet Choker","Mark of Pain"],"picked":"Philosopher\u0027s Stone"}],"items_purged_floors":[0,29,31,48],"is_endless":false,"potions_floor_spawned":[1,7,10,20,23,28,33,35,37,38,40,42],"ascension_level":2}}