{"host":"eedodlo27pfhzv3w","time":1613040526,"event":{"mods":["BaseMod","Colored Map","Downfall","Minty Spire (QoL Compilation)","StSLib","SuperFastMode","The Death Knight","The Necromancer","Yuri Mod"],"gold_per_floor":[99,99,116,132,145,45,45,57,232,232,251,190,190,205,223,223,223,223],"floor_reached":16,"language":"ENG","playtime":618,"items_purged":[],"score":94,"play_id":"948a7c22-a29e-44a1-a036-c754655947ca","local_time":"20210211114846","is_ascension_mode":false,"campfire_choices":[{"floor":1,"key":"RECALL"},{"data":"bronze:Terminator","floor":6,"key":"SMITH"},{"floor":13,"key":"REST"}],"circlet_count":0,"master_deck":["bronze:Strike","bronze:Strike","bronze:Strike","bronze:Strike","bronze:Defend","bronze:Defend","bronze:Defend","bronze:Defend","bronze:Replicate","bronze:Goto","bronze:Constructor","bronze:Terminator+1","bronze:Turbo","bronze:DelayedGuard","Doubt","bronze:Repair","bronze:DelayedSlice","bronze:Separator","bronze:NullPointer","bronze:InfiniteBeams","bronze:Invalidate"],"relics":["bronze:BronzeCore","Blood Vial","downfall:HeartBlessingRed","Dream Catcher"],"acts_visited":["Exordium"],"potions_floor_usage":[11,15,16,16],"damage_taken":[{"damage":1,"enemies":"Small Slimes","floor":3,"turns":3},{"damage":0,"enemies":"Cultist","floor":4,"turns":5},{"damage":11,"enemies":"Jaw Worm","floor":5,"turns":6},{"damage":26,"enemies":"Gremlin Gang","floor":8,"turns":5},{"damage":27,"enemies":"Exordium Thugs","floor":11,"turns":6},{"damage":0,"enemies":"downfall:FleeingMerchant","floor":12,"turns":4},{"damage":0,"enemies":"Large Slime","floor":14,"turns":5},{"damage":8,"enemies":"3 Louse","floor":15,"turns":3},{"damage":77,"enemies":"WA_ARCHETYPE_RETAIN","floor":16,"turns":7}],"seed_played":"-7954567420457597714","potions_obtained":[{"floor":4,"key":"SteroidPotion"},{"floor":8,"key":"bronze:CleanCodePotion"},{"floor":14,"key":"EssenceOfSteel"},{"floor":15,"key":"Block Potion"}],"is_trial":false,"path_per_floor":["R","?","M","M","M","R","T","M","?","T","M","$","R","M","M","B"],"character_chosen":"THE_AUTOMATON","items_purchased":["bronze:Separator"],"campfire_rested":1,"item_purchase_floors":[12],"current_hp_per_floor":[70,70,69,70,59,59,59,35,35,35,10,19,40,49,50,0,0,0],"gold":223,"neow_bonus":"RANDOM_COMMON_RELIC","is_daily":false,"chose_seed":false,"campfire_upgraded":1,"win_rate":0.0,"timestamp":1613040526,"path_taken":["R","?","?","M","M","R","T","M","?","?","M","$","R","M","M","BOSS"],"items_purchased_type":["Card"],"build_version":"2020-12-22","purchased_purges":0,"victory":false,"max_hp_per_floor":[70,70,70,70,70,70,70,70,70,70,70,70,70,70,70,70,70,70],"card_choices":[{"not_picked":["bronze:Deprecate","bronze:Branch"],"picked":"bronze:Constructor","floor":3},{"not_picked":["bronze:MaxOutput","bronze:BuggyMess"],"picked":"bronze:Terminator","floor":4},{"not_picked":["bronze:DelayedGuard","bronze:Deprecate"],"picked":"bronze:Turbo","floor":5},{"not_picked":["bronze:BugBarrage","bronze:Terminator"],"picked":"bronze:DelayedGuard","floor":8},{"not_picked":["bronze:GetLatest","bronze:Optimize"],"picked":"bronze:Repair","floor":11},{"not_picked":["bronze:BronzeOrb","bronze:HyperBeam"],"picked":"bronze:DelayedSlice","floor":12},{"not_picked":["bronze:OilSpill","bronze:Invalidate"],"picked":"bronze:NullPointer","floor":13},{"not_picked":["bronze:Invalidate","bronze:WildBeam"],"picked":"bronze:InfiniteBeams","floor":14},{"not_picked":["bronze:Constructor","bronze:FineTuning"],"picked":"bronze:Invalidate","floor":15}],"player_experience":227272,"relics_obtained":[{"floor":10,"key":"Dream Catcher"}],"event_choices":[{"damage_healed":0,"gold_gain":0,"player_choice":"Ignored","damage_taken":0,"max_hp_gain":0,"max_hp_loss":0,"event_name":"NoteForYourself","floor":2,"gold_loss":0}],"is_beta":false,"boss_relics":[],"items_purged_floors":[],"is_endless":false,"potions_floor_spawned":[4,8,14,15],"killed_by":"WA_ARCHETYPE_RETAIN","ascension_level":0}}