{"host":"l15sdf2mmi0nobpi","time":1613026919,"event":{"mods":["ATMod(°¢èªMod)","BaseMod","Highlight Path","Minty Spire (QoL Compilation)","Quick Restart","StSLib","The Runesmith"],"gold_per_floor":[116,116,116,134,16,47,47,68,93,117,132,145,145,70,70,199,199,219,219,239,24,39,39,72,93,93,111,111,111],"floor_reached":28,"language":"ZHS","playtime":1965,"items_purged":["Runesmith:Strike_RS","Runesmith:Malloc+1"],"score":360,"play_id":"e8f5e15b-2fe3-4836-85f1-15726cf17d79","local_time":"20210211150159","is_ascension_mode":true,"campfire_choices":[{"data":"Runesmith:BackupBattery","floor":7.0,"key":"SMITH"},{"data":"AT_FamilyPortrait","floor":13.0,"key":"SMITH"},{"data":"Runesmith:BackupBattery+1","floor":15.0,"key":"SMITH"},{"data":"Runesmith:Permafrost","floor":23.0,"key":"SMITH"}],"circlet_count":0,"master_deck":["Runesmith:Defend_RS","Runesmith:Defend_RS","Runesmith:Defend_RS","Runesmith:Defend_RS","Runesmith:CraftFirestone","Runesmith:Fortify","AT_FamilyPortrait+1","Runesmith:BackupBattery+2","Runesmith:Firewall","Runesmith:CraftProtectio+1","Runesmith:CraftMagma","Runesmith:CreatorForm","Runesmith:Terraform+1","Runesmith:PoweredAnvil+1","Runesmith:GoWithTheFlow","Runesmith:RunicBlueprint+1","Runesmith:Permafrost+1","Runesmith:Repurpose","Runesmith:Firestorm+1"],"relics":["Runesmith:BrokenRuby","AT_ATBox","NeowsBlessing","Golden Idol","Bronze Scales","Mango","Oddly Smooth Stone","Nloth\u0027s Gift","Happy Flower","Eternal Feather"],"acts_visited":["Exordium","TheCity"],"potions_floor_usage":[],"damage_taken":[{"damage":0.0,"enemies":"Jaw Worm","floor":1.0,"turns":1.0},{"damage":0.0,"enemies":"Small Slimes","floor":4.0,"turns":1.0},{"damage":0.0,"enemies":"Gremlin Nob","floor":6.0,"turns":1.0},{"damage":0.0,"enemies":"Cultist","floor":8.0,"turns":3.0},{"damage":2.0,"enemies":"Exordium Thugs","floor":10.0,"turns":5.0},{"damage":0.0,"enemies":"Blue Slaver","floor":11.0,"turns":6.0},{"damage":5.0,"enemies":"Looter","floor":12.0,"turns":3.0},{"damage":18.0,"enemies":"Slime Boss","floor":16.0,"turns":12.0},{"damage":3.0,"enemies":"Spheric Guardian","floor":18.0,"turns":5.0},{"damage":0.0,"enemies":"Chosen","floor":20.0,"turns":7.0},{"damage":16.0,"enemies":"Centurion and Healer","floor":22.0,"turns":10.0},{"damage":5.0,"enemies":"Gremlin Leader","floor":24.0,"turns":7.0},{"damage":0.0,"enemies":"Snecko","floor":25.0,"turns":7.0},{"damage":5.0,"enemies":"Cultist and Chosen","floor":27.0,"turns":8.0},{"damage":48,"enemies":"Slavers","floor":28,"turns":5}],"seed_played":"3087661455097671094","potions_obtained":[{"floor":1.0,"key":"SpeedPotion"},{"floor":6.0,"key":"SkillPotion"},{"floor":10.0,"key":"DistilledChaos"}],"is_trial":false,"path_per_floor":["M","?","?","M","$","E","R","M","T","M","M","M","R","$","R","B",null,"M","?","M","$","M","R","E","M","T","M","E"],"character_chosen":"RUNESMITH_CLASS","items_purchased":["Runesmith:Firewall","PowerPotion","Runesmith:Permafrost","Runesmith:Repurpose"],"campfire_rested":0,"item_purchase_floors":[5,5,21,21],"current_hp_per_floor":[63,46,46,46,46,60,60,60,60,58,58,53,53,53,53,35,72,69,69,69,69,53,53,48,48,48,43,0,0],"gold":111,"neow_bonus":"THREE_ENEMY_KILL","is_daily":false,"chose_seed":false,"campfire_upgraded":4,"win_rate":0.0,"timestamp":1613026919,"path_taken":["M","?","?","M","$","E","R","?","T","M","M","M","R","$","R","BOSS","M","?","?","$","M","R","E","M","T","M","E"],"items_purchased_type":["Card","Potion","Card","Card"],"build_version":"2020-12-22","purchased_purges":2,"victory":false,"max_hp_per_floor":[70,70,70,70,70,84,84,84,84,84,84,84,84,84,84,84,84,84,84,84,84,84,84,84,84,84,84,84,84],"card_choices":[{"not_picked":["Runesmith:Discharge","Runesmith:HammerAndChisel","Runesmith:Empowerment"],"picked":"SKIP","floor":1.0},{"not_picked":["Runesmith:StaticCage","Runesmith:Malloc"],"picked":"Runesmith:BackupBattery","floor":4.0},{"not_picked":["Runesmith:HeatedChisel","Runesmith:Overpower"],"picked":"Runesmith:CraftProtectio","floor":6.0},{"not_picked":["Runesmith:ShiftingStrike","Runesmith:Refine","Runesmith:ChiselStab"],"picked":"SKIP","floor":8.0},{"not_picked":["Runesmith:Overpower","Runesmith:ShiftingStrike","Runesmith:UnstableHammer"],"picked":"SKIP","floor":10.0},{"not_picked":["Runesmith:ChiselStab","Runesmith:StaticCage"],"picked":"Runesmith:CraftMagma","floor":11.0},{"not_picked":["Runesmith:UnstableHammer","Runesmith:FrozenChisel","Runesmith:ShiftingStrike"],"picked":"SKIP","floor":12.0},{"not_picked":["Runesmith:UnlimitedPower","Runesmith:Duplicate"],"picked":"Runesmith:CreatorForm","floor":16.0},{"not_picked":["Runesmith:HammerThrow","Runesmith:Firewall+1"],"picked":"Runesmith:GoWithTheFlow","floor":18.0},{"not_picked":["Runesmith:RunicBlueprint+1","Runesmith:GoWithTheFlow","Runesmith:ShiftingStrike"],"picked":"SKIP","floor":20.0},{"not_picked":["Runesmith:GoWithTheFlow","Runesmith:ShiftingStrike"],"picked":"Runesmith:RunicBlueprint+1","floor":20.0},{"not_picked":["Runesmith:UnlimitedPower","Runesmith:Repurpose+1","Runesmith:HeatExchange"],"picked":"SKIP","floor":22.0},{"not_picked":["Runesmith:GoWithTheFlow","Runesmith:EarthShield"],"picked":"Runesmith:Firestorm+1","floor":24.0},{"not_picked":["Runesmith:Augment","Runesmith:BackupBattery","Runesmith:CraftIncendium"],"picked":"SKIP","floor":25.0},{"not_picked":["Runesmith:HammerTime+1","Runesmith:RunicBlueprint","Runesmith:EarthShield+1"],"picked":"SKIP","floor":27.0}],"player_experience":590102,"relics_obtained":[{"floor":6.0,"key":"Mango"},{"floor":9.0,"key":"Oddly Smooth Stone"},{"floor":24.0,"key":"Happy Flower"},{"floor":26.0,"key":"Eternal Feather"}],"event_choices":[{"damage_healed":0.0,"max_hp_gain":0.0,"max_hp_loss":0.0,"gold_gain":0.0,"event_name":"Golden Idol","player_choice":"Take Damage","floor":2.0,"gold_loss":0.0,"damage_taken":17.0,"relics_obtained":["Golden Idol"]},{"damage_healed":0.0,"max_hp_gain":0.0,"max_hp_loss":0.0,"gold_gain":0.0,"event_name":"WeMeetAgain","player_choice":"Gave Potion","floor":3.0,"gold_loss":0.0,"damage_taken":0.0,"relics_obtained":["Bronze Scales"]},{"damage_healed":0.0,"max_hp_gain":0.0,"max_hp_loss":0.0,"gold_gain":0.0,"event_name":"N\u0027loth","player_choice":"Traded Relic","floor":19.0,"relics_lost":["Astrolabe"],"gold_loss":0.0,"damage_taken":0.0,"relics_obtained":["Nloth\u0027s Gift"]}],"is_beta":false,"boss_relics":[{"not_picked":["Coffee Dripper","SacredBark"],"picked":"Astrolabe"}],"items_purged_floors":[14,21],"is_endless":false,"potions_floor_spawned":[1,6,10,16,18],"killed_by":"Slavers","ascension_level":7}}