{"host":"j5j96s76v36ug78u","time":1613034804,"event":{"mods":["BaseMod","Better Third Choice","Hermit","Highlight Path","JesterMod","Jorbs\u0027s Wanderer Trilogy","Marisa????????","Minty Spire (QoL Compilation)","Onozuka Komachi Mod","Potion Indicator Mod","Reliquary","Robot Space Explorer","StSLib","The Animator","The Blue Laboratory","The Bug Knight","The Clintock","The Cursed","The Hayseed","The Marked","The Spell Scribe","The Valiant"],"gold_per_floor":[25,41,54,54,67,99,99,99,99],"floor_reached":8,"language":"ENG","playtime":2256,"items_purged":[],"score":67,"play_id":"3a08b368-2468-47aa-a8d3-287dc09480e2","local_time":"20210211061324","is_ascension_mode":true,"campfire_choices":[],"circlet_count":0,"master_deck":["animator:Strike_GATE","animator:Defend_GATE","animator:Strike","animator:Strike","animator:Defend","animator:TukaLunaMarceau","animator:Kuribayashi","animator:LeleiLaLalena","animator:Tyuule","animator:LeleiLaLalena","animator:Megumin+1","Decay"],"relics":["animator:LivingPicture","animator:TheMissingPiece","animator:PurgingStone","animator:Buoy"],"acts_visited":["Exordium"],"potions_floor_usage":[5],"damage_taken":[{"damage":4,"enemies":"Cultist","floor":1,"turns":3},{"damage":5,"enemies":"Small Slimes","floor":2,"turns":5},{"damage":0,"enemies":"Jaw Worm","floor":3,"turns":6},{"damage":1,"enemies":"Red Slaver","floor":5,"turns":3},{"damage":22,"enemies":"Lagavulin","floor":6,"turns":12},{"damage":28,"enemies":"Gremlin Nob","floor":8,"turns":5}],"seed_played":"-2162954044314971994","potions_obtained":[{"floor":1,"key":"blueLaboratory:BubblePotion"},{"floor":6,"key":"Ancient Potion"}],"is_trial":false,"path_per_floor":["M","M","M","?","M","E","?","E"],"character_chosen":"THE_ANIMATOR","items_purchased":[],"campfire_rested":0,"item_purchase_floors":[],"current_hp_per_floor":[62,58,58,51,50,28,28,0,0],"gold":99,"neow_bonus":"REMOVE_TWO","is_daily":false,"chose_seed":false,"campfire_upgraded":0,"win_rate":0.0,"timestamp":1613034804,"path_taken":["M","?","?","?","M","E","?","E"],"items_purchased_type":[],"build_version":"2020-12-22","purchased_purges":0,"victory":false,"max_hp_per_floor":[66,67,67,67,67,67,67,67,67],"card_choices":[{"not_picked":["animator:RinTohsaka","animator:Tyuule"],"picked":"animator:LeleiLaLalena","floor":1},{"not_picked":["animator:Ciel","animator:Raven"],"picked":"animator:Tyuule","floor":2},{"not_picked":["animator:TsurugaMeisai","animator:Mitsurugi","animator:ElricEdward"],"picked":"SKIP","floor":3},{"not_picked":["animator:Tyuule","animator:Kuribayashi"],"picked":"animator:LeleiLaLalena","floor":5},{"not_picked":["animator:NarberalGamma","animator:RoryMercury"],"picked":"animator:Megumin","floor":6}],"player_experience":199686,"relics_obtained":[{"floor":6,"key":"animator:Buoy"}],"event_choices":[{"cards_removed":["animator:Defend"],"damage_healed":0,"gold_gain":0,"player_choice":"Card Removal","damage_taken":7,"max_hp_gain":0,"max_hp_loss":0,"event_name":"Golden Wing","floor":4,"gold_loss":0},{"damage_healed":0,"gold_gain":0,"player_choice":"Cursed","damage_taken":0,"max_hp_gain":0,"max_hp_loss":0,"event_name":"Wheel of Change","floor":7,"gold_loss":0,"cards_obtained":["Decay"]}],"is_beta":false,"boss_relics":[],"items_purged_floors":[],"is_endless":false,"potions_floor_spawned":[1,6],"killed_by":"Gremlin Nob","ascension_level":3}}