{"host":"ls51t9cob9m2p2s9","time":1613046435,"event":{"mods":["AchievementEnabler","BaseMod","Become a monster ???","Better Third Choice","Challenge The Spire","Colored Powertips","Conspire","Downfall","Hermit","Highlight Path","Lobotomy","Mimic Mod","Minty Spire (QoL Compilation)","Quick Restart","Random Character Button","Rare Cards Sparkle","Reliquary","Replay The Spire","StSLib","TheBandit","Uncapped"],"gold_per_floor":[99,99,99,99,99,124,124,137,166,186,22,46,61,61,61,88,101,196,196,96,116,116,116,118,118,118],"floor_reached":24,"language":"ENG","playtime":3638,"items_purged":[],"score":247,"play_id":"aafaf6b7-5c4d-4447-be63-6479a3cf486a","local_time":"20210211122715","is_ascension_mode":true,"campfire_choices":[{"floor":1,"key":"RECALL"}],"circlet_count":0,"master_deck":["sneckomod:Strike","sneckomod:Strike","sneckomod:Strike","sneckomod:Defend","sneckomod:Defend","sneckomod:Defend","sneckomod:TailWhip","sneckomod:SnekBite","sneckomod:Unknown","sneckomod:Unknown","sneckomod:UnknownDraw","Languid","sneckomod:UnknownCommonSkill","sneckomod:UnknownCommonSkill","sneckomod:DiceBlock","sneckomod:SoulDraw","sneckomod:MorePower","sneckomod:Unknown1Cost+1","sneckomod:Unknown1Cost","sneckomod:UnknownRareAttack+1","sneckomod:Mudshield","sneckomod:UnknownRarePower+1","sneckomod:SoulDraw","sneckomod:UnknownUncommonSkill+1","sneckomod:Unknown3Cost","bronze:Turbo","sneckomod:UnknownClassAngela+1","sneckomod:UnknownBlock+1","sneckomod:Unknown3Cost","sneckomod:Unknown","Sickly"],"relics":["sneckomod:SneckoSoul","downfall:HeartsMalice","ReplayTheSpireMod:Ring of Addiction","Ring of Peace","Toy Ornithopter","Chameleon Ring","Unceasing Top","reliquary:PorcupineQuills","Membership Card","Boot","conspire:TopHat","conspire:SpecialSausage","downfall:HeartBlessingBlue"],"acts_visited":["Exordium","TheCity"],"potions_floor_usage":[8,9,9,18,21,24],"damage_taken":[{"damage":0,"enemies":"2 Louse","floor":2,"turns":1},{"damage":0,"enemies":"Cultist","floor":5,"turns":1},{"damage":0,"enemies":"Lagavulin","floor":6,"turns":1},{"damage":0,"enemies":"Jaw Worm","floor":8,"turns":5},{"damage":11,"enemies":"Gremlin Nob","floor":9,"turns":6},{"damage":0,"enemies":"Red Slaver","floor":10,"turns":4},{"damage":0,"enemies":"downfall:FleeingMerchant","floor":11,"turns":4},{"damage":5,"enemies":"3 Louse","floor":13,"turns":4},{"damage":30,"enemies":"3 Sentries","floor":16,"turns":14},{"damage":14,"enemies":"Exordium Wildlife","floor":17,"turns":4},{"damage":41,"enemies":"IC_STATUS_ARCHETYPE","floor":18,"turns":13},{"damage":44,"enemies":"Shell Parasite","floor":21,"turns":17},{"damage":45,"enemies":"3 Cultists","floor":24,"turns":5}],"seed_played":"7351581699181608967","potions_obtained":[{"floor":3,"key":"sneckomod:MuddlingPotion"},{"floor":3,"key":"Flashbang"},{"floor":3,"key":"sneckomod:DiceRollPotion"},{"floor":4,"key":"downfall:CursedFountainPotion"},{"floor":6,"key":"conspire:TimeTravelPotion"},{"floor":9,"key":"CultistPotion"},{"floor":13,"key":"DistilledChaos"},{"floor":18,"key":"Fire Potion"},{"floor":21,"key":"Milkshake"}],"is_trial":false,"path_per_floor":["R","M","?","?","M","E","T","M","E","M","$","T","M","PTL","PTL","E","M","B",null,"R","M","?","?","M"],"character_chosen":"THE_SNECKO","items_purchased":["Membership Card"],"campfire_rested":0,"item_purchase_floors":[11],"current_hp_per_floor":[90,90,90,90,90,90,88,88,88,88,88,88,81,81,81,51,37,1,84,94,50,31,31,0,0,0],"gold":118,"neow_bonus":"THREE_ENEMY_KILL","is_daily":false,"chose_seed":false,"campfire_upgraded":0,"win_rate":0.0,"timestamp":1613046435,"path_taken":["R","M","?","?","M","E","T","M","E","?","$","?","M","PTL","PTL","E","M","BOSS","R","M","?","?","?"],"items_purchased_type":["Relic"],"build_version":"2020-12-22","purchased_purges":0,"victory":false,"max_hp_per_floor":[90,90,90,90,90,90,88,88,88,88,88,88,86,86,86,84,84,84,84,94,94,99,99,99,99,99],"card_choices":[{"not_picked":["sneckomod:DiceCrush","sneckomod:DiceBlock"],"picked":"sneckomod:UnknownDraw","floor":2},{"not_picked":["sneckomod:UnknownCommonAttack","sneckomod:QuickBite"],"picked":"sneckomod:UnknownCommonSkill","floor":5},{"not_picked":["sneckomod:UnknownDraw","sneckomod:Unknown2Cost"],"picked":"sneckomod:UnknownCommonSkill","floor":6},{"not_picked":["sneckomod:QuickMove","sneckomod:UnknownDraw"],"picked":"sneckomod:UnknownCommonSkill","floor":8},{"not_picked":["sneckomod:SoulRoll","sneckomod:Unknown1Cost"],"picked":"sneckomod:DiceBlock","floor":9},{"not_picked":["sneckomod:TrashToTreasure","sneckomod:DangerNoodle"],"picked":"sneckomod:SoulDraw","floor":10},{"not_picked":["sneckomod:UnknownDraw","sneckomod:SoulRoll"],"picked":"sneckomod:MorePower","floor":11},{"not_picked":["sneckomod:UnknownStrike+1","sneckomod:UnknownCommonSkill+1"],"picked":"sneckomod:Unknown1Cost+1","floor":13},{"not_picked":["sneckomod:UnknownCommonAttack","sneckomod:UnknownVulnerable"],"picked":"sneckomod:Unknown1Cost","floor":13},{"not_picked":["sneckomod:UnknownVulnerable+1","sneckomod:Unknown2Cost+1"],"picked":"sneckomod:UnknownRareAttack+1","floor":16},{"not_picked":["sneckomod:RainOfDice","sneckomod:IronFang"],"picked":"sneckomod:Mudshield","floor":16},{"not_picked":["sneckomod:UnknownStrike+1","sneckomod:UnknownDraw+1"],"picked":"sneckomod:UnknownRarePower+1","floor":17},{"not_picked":["sneckomod:UnknownBlock","sneckomod:UnknownX"],"picked":"sneckomod:SoulDraw","floor":17},{"not_picked":["sneckomod:Unknown1Cost+1","sneckomod:Unknown0Cost+1"],"picked":"sneckomod:UnknownUncommonSkill+1","floor":18},{"not_picked":["sneckomod:UnknownRareAttack","sneckomod:Restock"],"picked":"sneckomod:Unknown3Cost","floor":18},{"not_picked":["sneckomod:UnknownRareAttack+1","sneckomod:UnknownCommonAttack+1"],"picked":"sneckomod:UnknownClassAngela+1","floor":21},{"not_picked":["sneckomod:RainOfDice","sneckomod:UnknownX"],"picked":"sneckomod:UnknownBlock+1","floor":21}],"player_experience":425015,"relics_obtained":[{"floor":3,"key":"ReplayTheSpireMod:Ring of Addiction"},{"floor":3,"key":"Ring of Peace"},{"floor":3,"key":"Toy Ornithopter"},{"floor":3,"key":"Chameleon Ring"},{"floor":6,"key":"Unceasing Top"},{"floor":9,"key":"reliquary:PorcupineQuills"},{"floor":12,"key":"Boot"},{"floor":16,"key":"conspire:TopHat"}],"event_choices":[],"is_beta":false,"boss_relics":[{"not_picked":["reliquary:WritOfMandamus","Runic Pyramid"],"picked":"conspire:SpecialSausage"}],"items_purged_floors":[],"is_endless":false,"potions_floor_spawned":[6,9,13,18,21],"killed_by":"3 Cultists","ascension_level":1}}