{"host":"hjajo0rafoe1e6c4","time":1613013528,"event":{"mods":["AchievementEnabler","BaseMod","Bestiary","Colored Map","Colored Powertips","Downfall","Highlight Path","Minty Spire (QoL Compilation)","Relic Stats","StSLib"],"gold_per_floor":[99,99,99,155,155,155,182,215,226,19,19,38,38,58,74,173,173,73,73,154,167,167,201,226,261,273,273,293,293,320,330,340,441,441,241,261,281,281,191,201,201,227,227,227,227,227,227,261,278,278,278,303,17,17,17,17],"floor_reached":57,"language":"ENG","playtime":4462,"items_purged":[],"score":1263,"play_id":"b357e615-4e2a-4772-854d-661dfd034aef","local_time":"20210210221848","is_ascension_mode":true,"campfire_choices":[{"floor":1,"key":"RECALL"},{"data":"Guardian:GemFire","floor":13,"key":"SMITH"},{"data":"Guardian:TwinSlam","floor":18,"key":"SMITH"},{"data":"Guardian:StasisField","floor":27,"key":"SMITH"},{"data":"Guardian:TemporalShield","floor":29,"key":"SMITH"},{"data":"Guardian:Suspension","floor":35,"key":"SMITH"},{"floor":54,"key":"REST"}],"circlet_count":0,"master_deck":["Guardian:Defend_Guardian","Guardian:Defend_Guardian","Guardian:Defend_Guardian+1","Guardian:Defend_Guardian","Guardian:CurlUp+1","Guardian:TwinSlam+1","Guardian:TimeBomb","Guardian:PrismaticBarrier+1","Guardian:ChargeCore","Guardian:GemFire+1","Guardian:ShieldCharger","Guardian:SentryBeam","Bite","Bite","Bite","Bite","Bite","Guardian:TemporalShield+1","Guardian:StasisField+1","Guardian:Incinerate","Guardian:Reroute+1","Guardian:Suspension+1","Guardian:Planning+1","Guardian:AncientConstruct+1","Guardian:Incinerate+1","Guardian:PrimingBeam","Guardian:MultiBeam","Guardian:Planning+1","Guardian:TemporalStrike","Guardian:Incinerate"],"relics":["Guardian:ModeShifter","downfall:HeartsMalice","Bronze Scales","Pocketwatch","Orichalcum","Potion Belt","Frozen Egg 2","SlaversCollar","downfall:HeartBlessingRed","InkBottle","Ancient Tea Set","Oddly Smooth Stone","Thread and Needle","Philosopher\u0027s Stone","downfall:HeartBlessingGreen","downfall:HeartBlessingBlue","Toxic Egg 2","Guardian:PickAxe","Blue Candle","The Courier","Pen Nib","Blood Vial","Vajra"],"acts_visited":["Exordium","TheCity","TheBeyond","TheEnding"],"potions_floor_usage":[8,25,37,42,42,48,48,50,56,56,56,56,56],"damage_taken":[{"damage":0,"enemies":"2 Louse","floor":2,"turns":1},{"damage":0,"enemies":"Small Slimes","floor":3,"turns":1},{"damage":0,"enemies":"Lagavulin Event","floor":4,"turns":1},{"damage":3,"enemies":"Lagavulin","floor":8,"turns":6},{"damage":6,"enemies":"Jaw Worm","floor":9,"turns":3},{"damage":4,"enemies":"downfall:FleeingMerchant","floor":10,"turns":4},{"damage":6,"enemies":"Blue Slaver","floor":12,"turns":3},{"damage":0,"enemies":"2 Fungi Beasts","floor":14,"turns":2},{"damage":0,"enemies":"Exordium Thugs","floor":15,"turns":1},{"damage":7,"enemies":"SI_SHIV_ARCHETYPE","floor":16,"turns":4},{"damage":0,"enemies":"Spheric Guardian","floor":21,"turns":3},{"damage":16,"enemies":"Slavers","floor":23,"turns":5},{"damage":9,"enemies":"Gremlin Leader","floor":25,"turns":4},{"damage":2,"enemies":"Shell Parasite","floor":26,"turns":3},{"damage":10,"enemies":"Shelled Parasite and Fungi","floor":28,"turns":3},{"damage":2,"enemies":"Slavers","floor":30,"turns":3},{"damage":1,"enemies":"Snake Plant","floor":31,"turns":2},{"damage":0,"enemies":"Snecko","floor":32,"turns":2},{"damage":13,"enemies":"IC_MUSHROOM_ARCHETYPE","floor":33,"turns":5},{"damage":0,"enemies":"3 Darklings","floor":36,"turns":2},{"damage":0,"enemies":"Orb Walker","floor":37,"turns":2},{"damage":0,"enemies":"downfall:FleeingMerchant","floor":39,"turns":4},{"damage":8,"enemies":"Writhing Mass","floor":40,"turns":4},{"damage":13,"enemies":"Giant Head","floor":42,"turns":8},{"damage":10,"enemies":"Reptomancer","floor":48,"turns":3},{"damage":0,"enemies":"Sphere and 2 Shapes","floor":49,"turns":3},{"damage":39,"enemies":"WA_ARCHETYPE_DIVINITY","floor":50,"turns":17},{"damage":30,"enemies":"downfall:CharBossMerchant","floor":52,"turns":8},{"damage":29,"enemies":"downfall:NeowBoss","floor":55,"turns":27},{"damage":97,"enemies":"downfall:NeowBossFinal","floor":56,"turns":13}],"seed_played":"4552809023129127066","potions_obtained":[{"floor":4,"key":"Slimebound:ThreeZeroPotion"},{"floor":9,"key":"ColorlessPotion"},{"floor":16,"key":"Block Potion"},{"floor":26,"key":"EntropicBrew"},{"floor":30,"key":"Explosive Potion"},{"floor":31,"key":"BlessingOfTheForge"},{"floor":32,"key":"SkillPotion"},{"floor":36,"key":"Weak Potion"},{"floor":37,"key":"FearPotion"},{"floor":42,"key":"Weak Potion"},{"floor":49,"key":"Fruit Juice"},{"floor":52,"key":"sneckomod:MuddlingPotion"}],"is_trial":false,"path_per_floor":["R","M","M","?","?","?","T","E","M","$","T","M","R","M","M","B",null,"R","?","T","M","?","E","T","E","M","R","M","R","E","M","M","B",null,"R","M","M","?","$","M","T","E","R","?","?","R","?","E","M","B",null,"E","$","R","B","B",null],"character_chosen":"GUARDIAN","items_purchased":["Guardian:Gem_White","Guardian:GemFire","Guardian:MultiBeam","Blood Vial","Vajra","Guardian:Gem_Cyan"],"campfire_rested":1,"item_purchase_floors":[10,10,39,53,53,53],"current_hp_per_floor":[80,80,80,80,80,68,68,65,59,55,55,49,49,49,49,42,80,80,56,56,56,56,48,48,49,51,51,47,47,55,56,56,53,56,66,66,66,66,66,60,60,59,59,54,63,63,63,59,63,63,80,60,60,80,76,14],"gold":17,"neow_bonus":"THREE_ENEMY_KILL","is_daily":false,"chose_seed":false,"campfire_upgraded":5,"win_rate":0.0,"timestamp":1613013528,"path_taken":["R","M","M","?","?","?","T","E","M","?","?","?","R","M","M","BOSS","R","?","?","?","?","E","T","E","M","R","M","R","E","M","M","BOSS","R","M","M","?","$","M","T","E","R","?","?","R","?","E","M","BOSS","E","$","R","BOSS","BOSS"],"items_purchased_type":["Card","Card","Card","Relic","Relic","Card"],"build_version":"2020-12-22","purchased_purges":0,"victory":true,"max_hp_per_floor":[80,80,80,80,80,80,80,80,80,80,80,80,80,80,80,80,80,80,56,56,56,56,56,56,56,56,56,56,56,56,56,56,56,56,66,66,66,66,66,66,66,66,66,66,75,75,75,75,75,80,80,80,80,80,80,80],"relic_stats":{"Blood Vial":2,"counters":[30,144],"Bronze Scales":[377],"Blue Candle":[9],"Pen Nib":[10],"Orichalcum":[66],"obtain_stats":[{"Potion Belt":8,"downfall:HeartBlessingRed":18,"Blue Candle":44,"Guardian:ModeShifter":0,"Oddly Smooth Stone":25,"Vajra":53,"downfall:HeartsMalice":0,"Thread and Needle":30,"downfall:HeartBlessingGreen":35,"The Courier":48,"Pen Nib":52,"Orichalcum":7,"Frozen Egg 2":11,"Ancient Tea Set":23,"Guardian:PickAxe":42,"Blood Vial":53,"SlaversCollar":17,"downfall:HeartBlessingBlue":35,"Bronze Scales":4,"Philosopher\u0027s Stone":34,"Toxic Egg 2":41,"InkBottle":20,"Pocketwatch":6},{"Potion Belt":4,"downfall:HeartBlessingRed":10,"Blue Candle":24,"Guardian:ModeShifter":0,"Oddly Smooth Stone":13,"Vajra":28,"downfall:HeartsMalice":0,"Thread and Needle":16,"downfall:HeartBlessingGreen":19,"The Courier":25,"Pen Nib":28,"Orichalcum":3,"Frozen Egg 2":6,"Ancient Tea Set":12,"Guardian:PickAxe":24,"Blood Vial":28,"SlaversCollar":10,"downfall:HeartBlessingBlue":19,"Bronze Scales":3,"Philosopher\u0027s Stone":19,"Toxic Egg 2":23,"InkBottle":10,"Pocketwatch":3},{"Potion Belt":6,"downfall:HeartBlessingRed":23,"Blue Candle":73,"Guardian:ModeShifter":0,"Oddly Smooth Stone":35,"Vajra":104,"downfall:HeartsMalice":0,"Thread and Needle":44,"downfall:HeartBlessingGreen":53,"The Courier":76,"Pen Nib":104,"Orichalcum":0,"Frozen Egg 2":13,"Ancient Tea Set":31,"Guardian:PickAxe":73,"Blood Vial":104,"SlaversCollar":23,"downfall:HeartBlessingBlue":53,"Bronze Scales":0,"Philosopher\u0027s Stone":53,"Toxic Egg 2":65,"InkBottle":23,"Pocketwatch":0}],"InkBottle":[64],"Pocketwatch":[80]},"card_choices":[{"not_picked":["Guardian:SpikerProtocol","Guardian:TemporalShield"],"picked":"Guardian:Gem_Fragmented","floor":2},{"not_picked":["Guardian:DonusPower","Guardian:RollAttack"],"picked":"Guardian:TimeBomb","floor":3},{"not_picked":["Guardian:Gem_Red","Guardian:Planning"],"picked":"Guardian:PrismaticBarrier","floor":4},{"not_picked":["Guardian:TemporalShield","Guardian:RollAttack"],"picked":"Guardian:ChargeCore","floor":8},{"not_picked":["Guardian:Reroute","Guardian:Gem_Green"],"picked":"Guardian:Gem_Red","floor":9},{"not_picked":["Guardian:PiercingHide","Guardian:FloatingOrbs"],"picked":"Guardian:Gem_Fragmented","floor":10},{"not_picked":["Guardian:ConstructionForm+1","Guardian:PiercingHide"],"picked":"Guardian:Gem_Crimson","floor":12},{"not_picked":["Guardian:BronzeArmor","Guardian:SpikerProtocol+1"],"picked":"Guardian:ShieldCharger","floor":14},{"not_picked":["Guardian:BodySlam","Guardian:ShieldSpikes"],"picked":"Guardian:SentryBeam","floor":15},{"not_picked":["Guardian:GemFinder+1","Guardian:GemFire"],"picked":"Guardian:Gem_Orange","floor":16},{"not_picked":["Guardian:WalkerClaw","Guardian:ShieldSpikes"],"picked":"Guardian:Gem_Lightblue","floor":21},{"not_picked":["Guardian:ShieldSpikes","Guardian:ConstructionForm+1"],"picked":"Guardian:TemporalShield","floor":23},{"not_picked":["Guardian:ShieldCharger","Guardian:Gem_Lightblue"],"picked":"Guardian:StasisField","floor":25},{"not_picked":["Guardian:Planning","Guardian:WalkerClaw"],"picked":"Guardian:Incinerate","floor":26},{"not_picked":["Guardian:SpikerProtocol+1","Guardian:DecasProtection+1"],"picked":"Guardian:Reroute+1","floor":28},{"not_picked":["Guardian:Recover","Guardian:RefractedBeam+1"],"picked":"Guardian:Suspension","floor":30},{"not_picked":["Guardian:Recover","Guardian:HyperBeam_Guardian"],"picked":"Guardian:Planning+1","floor":31},{"not_picked":["Guardian:TemporalShield+1","Guardian:Harden"],"picked":"Guardian:Gem_Red","floor":32},{"not_picked":["Guardian:FierceBash","Guardian:RevengeProtocol+1"],"picked":"Guardian:AncientConstruct+1","floor":33},{"not_picked":["Guardian:Planning","Guardian:DonusPower+1"],"picked":"Guardian:Incinerate+1","floor":36},{"not_picked":["Guardian:Emergency","Guardian:Preprogram"],"picked":"Guardian:PrimingBeam","floor":37},{"not_picked":["Guardian:Orbwalk+1","Guardian:Planning+1"],"picked":"Guardian:Gem_Red","floor":39},{"not_picked":["Guardian:Orbwalk+1","Guardian:StasisStrike"],"picked":"Guardian:Gem_Green","floor":40},{"not_picked":["Guardian:ShieldSpikes+1","Guardian:WalkerClaw"],"picked":"Guardian:Planning+1","floor":42},{"not_picked":["Guardian:Emergency+1","Guardian:BronzeArmor+1"],"picked":"Guardian:TemporalStrike","floor":48},{"not_picked":["Guardian:Harden+1","Guardian:Gem_Lightblue","Guardian:Gem_Green"],"picked":"SKIP","floor":49},{"not_picked":["Guardian:PiercingHide+1","Guardian:Gem_Cyan"],"picked":"Guardian:Incinerate","floor":52}],"player_experience":276615,"relics_obtained":[{"floor":4,"key":"Bronze Scales"},{"floor":7,"key":"Orichalcum"},{"floor":8,"key":"Potion Belt"},{"floor":11,"key":"Frozen Egg 2"},{"floor":20,"key":"InkBottle"},{"floor":23,"key":"Ancient Tea Set"},{"floor":25,"key":"Oddly Smooth Stone"},{"floor":30,"key":"Thread and Needle"},{"floor":41,"key":"Toxic Egg 2"},{"floor":42,"key":"Guardian:PickAxe"},{"floor":48,"key":"The Courier"},{"floor":52,"key":"Pen Nib"}],"event_choices":[{"damage_healed":0,"gold_gain":0,"player_choice":"Success","damage_taken":12,"relics_obtained":["Pocketwatch"],"max_hp_gain":0,"max_hp_loss":0,"event_name":"Scrap Ooze","floor":6,"gold_loss":0},{"damage_healed":0,"gold_gain":0,"player_choice":"Became a vampire","damage_taken":0,"max_hp_gain":0,"max_hp_loss":24,"event_name":"Vampires","floor":19,"gold_loss":0,"cards_obtained":["Bite","Bite","Bite","Bite","Bite"]}],"is_beta":false,"boss_relics":[{"not_picked":["Calling Bell","Velvet Choker"],"picked":"SlaversCollar"},{"not_picked":["Cursed Key","SacredBark"],"picked":"Philosopher\u0027s Stone"}],"items_purged_floors":[],"is_endless":false,"potions_floor_spawned":[4,9,16,26,30,31,32,36,37,42,49,52],"ascension_level":1}}