{"host":"8is2j71l4wmybkoi","time":1613040502,"event":{"mods":["AchievementEnabler","BaseMod","Colored Map","Minty Spire (QoL Compilation)","Rare Cards Sparkle","StSLib","SuperFastMode"],"gold_per_floor":[109,259,278,28,103,131,131,131,131],"floor_reached":8,"language":"KOR","playtime":198,"items_purged":["Doubt"],"score":95,"play_id":"7d2611b3-eb51-4fde-83bb-b9ff7923bc8e","local_time":"20210211194822","is_ascension_mode":true,"campfire_choices":[{"floor":7,"key":"REST"}],"circlet_count":0,"master_deck":["AscendersBane","Strike_R","Strike_R","Strike_R","Defend_R","Defend_R","Defend_R","Defend_R","Bash","Seeing Red","Whirlwind","Shrug It Off","Inflame"],"relics":["Burning Blood","Sling","Molten Egg 2"],"acts_visited":["Exordium"],"potions_floor_usage":[6],"damage_taken":[{"damage":14,"enemies":"Jaw Worm","floor":1,"turns":3},{"damage":4,"enemies":"Small Slimes","floor":3,"turns":5},{"damage":45,"enemies":"Lagavulin","floor":6,"turns":7},{"damage":35,"enemies":"3 Sentries","floor":8,"turns":4}],"seed_played":"8473560781510625646","potions_obtained":[{"floor":1,"key":"GamblersBrew"}],"is_trial":false,"path_per_floor":["M","?","M","$","?","E","R","E"],"character_chosen":"IRONCLAD","items_purchased":["Shrug It Off","Sling"],"campfire_rested":1,"item_purchase_floors":[4,4],"current_hp_per_floor":[60,60,62,62,51,12,32,0,0],"gold":131,"neow_bonus":"REMOVE_TWO","is_daily":false,"chose_seed":false,"campfire_upgraded":0,"win_rate":0.0,"timestamp":1613040502,"path_taken":["M","?","M","$","?","E","R","E"],"items_purchased_type":["Card","Relic"],"build_version":"2020-12-22","purchased_purges":1,"victory":false,"max_hp_per_floor":[68,68,68,68,68,68,68,68,68],"card_choices":[{"not_picked":["Battle Trance","Intimidate"],"picked":"Seeing Red","floor":1},{"not_picked":["Pommel Strike","Clothesline"],"picked":"Whirlwind","floor":3},{"not_picked":["Burning Pact","Shrug It Off"],"picked":"Inflame","floor":6}],"player_experience":1136996,"relics_obtained":[{"floor":6,"key":"Molten Egg 2"}],"event_choices":[{"damage_healed":0,"gold_gain":150,"player_choice":"AGREE","damage_taken":0,"max_hp_gain":0,"max_hp_loss":0,"event_name":"Liars Game","floor":2,"gold_loss":0,"cards_obtained":["Doubt"]},{"damage_healed":0,"gold_gain":75,"player_choice":"Gather Gold","damage_taken":11,"max_hp_gain":0,"max_hp_loss":0,"event_name":"World of Goop","floor":5,"gold_loss":0}],"is_beta":false,"boss_relics":[],"items_purged_floors":[4],"is_endless":false,"potions_floor_spawned":[1],"killed_by":"3 Sentries","ascension_level":15}}