{"host":"02t2xvao3cghmwgs","time":1613027423,"event":{"mods":["2.2 Compatiblity","Act Like it!","BaseMod","Better Note","Colored Powertips","Friendly Minions","Googly Eyes","Hermit","Highlight Path","Kiyohime????","Marisa????????","Minty Spire (QoL Compilation)","READ ME - Guardian Mod","Rare Cards Sparkle","Reimu??????","Remilia??????","StSLib","Synergy Search","The Animator","The Bug Knight","The Marked","The Mystic","The Senshi","The Wild Card","Yuyuko"],"gold_per_floor":[112,112,132,158,62,62,95,95,95,121,121,46,128,153,153,309,309,344,370,43,118,153,153,171,171],"floor_reached":24,"language":"ENG","playtime":3242,"items_purged":["Injury","animator:Strike_OwariNoSeraph+1"],"score":221,"play_id":"a9cc52fd-313f-4b24-9fc5-9845a4a96bed","local_time":"20210211021023","is_ascension_mode":false,"campfire_choices":[{"data":"animator:Guy","floor":6,"key":"SMITH"},{"data":"animator:Chris","floor":11,"key":"SMITH"},{"data":"animator:Kazuma","floor":15,"key":"SMITH"},{"data":"animator:Kira","floor":23,"key":"SMITH"}],"circlet_count":0,"master_deck":["animator:Strike_Konosuba","animator:Defend_Konosuba","animator:Kazuma","animator:Aqua","animator:Kira+1","animator:UneriGinkaku","animator:TukaLunaMarceau","animator:Guy+1","animator:Strike_AccelWorld","animator:Strike_Overlord","animator:Defend_NoGameNoLife","animator:Defend_OwariNoSeraph","animator:Defend_GATE","animator:Kazuma+1","animator:Chris+1","animator:Lu+1","animator:Darkness","animator:Rimuru","animator:Verdia","animator:EmiyaShirou"],"relics":["animator:VividPicture","animator:TheMissingPiece","animator:PurgingStone","Darkstone Periapt","Golden Idol","Happy Flower","Pear","Whetstone"],"acts_visited":["Exordium","TheCity"],"potions_floor_usage":[16,16,19,19,24],"damage_taken":[{"damage":0,"enemies":"Small Slimes","floor":1,"turns":2},{"damage":6,"enemies":"Jaw Worm","floor":3,"turns":2},{"damage":0,"enemies":"Cultist","floor":4,"turns":4},{"damage":9,"enemies":"Lagavulin","floor":7,"turns":5},{"damage":2,"enemies":"2 Fungi Beasts","floor":10,"turns":4},{"damage":16,"enemies":"3 Sentries","floor":13,"turns":12},{"damage":7,"enemies":"Gremlin Gang","floor":14,"turns":4},{"damage":41,"enemies":"Hexaghost","floor":16,"turns":7},{"damage":0,"enemies":"Spheric Guardian","floor":18,"turns":1},{"damage":10,"enemies":"3 Byrds","floor":19,"turns":3},{"damage":16,"enemies":"Centurion and Healer","floor":22,"turns":6},{"damage":37,"enemies":"animator:HornedBat","floor":24,"turns":11}],"seed_played":"-4583822328124723442","potions_obtained":[{"floor":4,"key":"CultistPotion"},{"floor":10,"key":"AttackPotion"},{"floor":16,"key":"ColorlessPotion"},{"floor":18,"key":"Fruit Juice"},{"floor":22,"key":"Weak Potion"}],"is_trial":false,"path_per_floor":["M","?","M","M","?","R","E","?","T","M","R","$","?","M","R","B",null,"M","M","$","?","M","R","E"],"character_chosen":"THE_ANIMATOR","items_purchased":["animator:EmiyaShirou","Whetstone"],"campfire_rested":0,"item_purchase_floors":[20,20],"current_hp_per_floor":[60,65,59,61,61,61,54,60,60,60,60,60,56,52,52,13,82,82,77,77,69,55,55,21,21],"gold":171,"neow_bonus":"RANDOM_COLORLESS_2","is_daily":false,"chose_seed":false,"campfire_upgraded":4,"win_rate":0.0,"timestamp":1613027423,"path_taken":["M","?","M","M","?","R","E","?","T","?","R","$","?","M","R","BOSS","M","M","$","?","M","R","E"],"items_purchased_type":["Card","Relic"],"build_version":"2020-12-22","purchased_purges":2,"victory":false,"max_hp_per_floor":[60,65,65,65,65,65,65,71,71,71,71,71,81,82,82,82,82,82,87,87,87,87,87,87,87],"card_choices":[{"not_picked":["animator:Hibiki","animator:Emilia"],"picked":"animator:Kira","floor":0},{"not_picked":["animator:ZankiKiguchi","animator:YuiTsuruno"],"picked":"animator:UneriGinkaku","floor":1},{"not_picked":["animator:NagisaMomoe","animator:Laby"],"picked":"animator:TukaLunaMarceau","floor":3},{"not_picked":["animator:Hakurou","animator:Chung"],"picked":"animator:Guy","floor":4},{"not_picked":["animator:YunYun","animator:Aqua"],"picked":"animator:Kazuma","floor":7},{"not_picked":["animator:Guy","animator:ZankiKiguchi"],"picked":"animator:Chris","floor":10},{"not_picked":["animator:CowGirl","animator:Verdia"],"picked":"animator:Lu","floor":13},{"not_picked":["animator:Assassin","animator:YuiTsuruno"],"picked":"animator:Darkness","floor":14},{"not_picked":["animator:SwordMaiden","animator:HigakiRinne"],"picked":"animator:Rimuru","floor":16},{"not_picked":["animator:Vanir","animator:Megumin"],"picked":"animator:Verdia","floor":18},{"not_picked":["animator:Layla","animator:SayakaMiki","animator:IrohaTamaki"],"picked":"SKIP","floor":19},{"not_picked":["animator:ZankiKiguchi","animator:Souei","animator:Shion"],"picked":"SKIP","floor":22}],"player_experience":332399,"relics_obtained":[{"floor":7,"key":"Darkstone Periapt"},{"floor":9,"key":"Happy Flower"},{"floor":13,"key":"Pear"}],"event_choices":[{"damage_healed":0,"gold_gain":0,"player_choice":"Donut","damage_taken":0,"max_hp_gain":5,"max_hp_loss":0,"event_name":"Big Fish","floor":2,"gold_loss":0},{"damage_healed":0,"gold_gain":0,"player_choice":"Take Wound","damage_taken":0,"relics_obtained":["Golden Idol"],"max_hp_gain":0,"max_hp_loss":0,"event_name":"Golden Idol","floor":8,"gold_loss":0,"cards_obtained":["Injury"]},{"damage_healed":0,"gold_gain":0,"player_choice":"Searched \u00272\u0027 times","damage_taken":0,"max_hp_gain":0,"max_hp_loss":0,"event_name":"Dead Adventurer","floor":13,"gold_loss":0},{"damage_healed":0,"gold_gain":75,"player_choice":"Touch","damage_taken":8,"max_hp_gain":0,"max_hp_loss":0,"event_name":"FaceTrader","floor":21,"gold_loss":0}],"is_beta":false,"boss_relics":[{"not_picked":["Mark of Pain","Runic Dome"],"picked":"animator:VividPicture"}],"items_purged_floors":[12,20],"is_endless":false,"potions_floor_spawned":[4,10,16,18,22],"killed_by":"animator:HornedBat","ascension_level":0}}