{"host":"unahupgi85cj6bxp","time":1613008530,"event":{"mods":["Act Like it!","Aspiration","BaseMod","Card Forge","Conspire","Downfall","Energized Spire","Hubris","Infinite Spire","Minty Spire (QoL Compilation)","Replay The Spire","StSLib"],"gold_per_floor":[99,110,130,145,145,159,159,159,59,85,22,48,48,33,49,148,148,48,65,81,99,118,133,186,186,197,197,229,129,129,148,167,272,272,272,285,299,319,369,404,404,404,404,404,431,442,442,461,472,472,472,472],"floor_reached":50,"language":"ENG","playtime":6034,"items_purged":[],"score":554,"play_id":"ffa74050-8bf2-4c9c-ba8c-c7bef9285f0e","local_time":"20210210175530","is_ascension_mode":true,"campfire_choices":[{"floor":1,"key":"RECALL"},{"floor":9,"key":"REST"},{"floor":13,"key":"REST"},{"data":"Guardian:FierceBash","floor":18,"key":"SMITH"},{"floor":29,"key":"REST"},{"data":"Guardian:GatlingBeam","floor":35,"key":"SMITH"},{"floor":47,"key":"REST"}],"circlet_count":0,"master_deck":["Guardian:Strike_Guardian+1","Guardian:Strike_Guardian+1","Guardian:Strike_Guardian+1","Guardian:Strike_Guardian+1","Guardian:Defend_Guardian+1","Guardian:Defend_Guardian+1","Guardian:Defend_Guardian+1","Guardian:Defend_Guardian+1","Guardian:CurlUp+1","Guardian:TwinSlam+1","Guardian:Orbwalk+1","Guardian:ShieldCharger+1","Guardian:Planning+1","ReplayTheSpireMod:Doomed","Guardian:Orbwalk+1","Guardian:PrimingBeam+1","Guardian:FierceBash+1","Guardian:TemporalShield+1","Guardian:MultiBeam+1","Guardian:GuardianWhirl+1","Guardian:Recover+1","Guardian:TimeSifter+1","Guardian:PiercingHide+1","Guardian:Suspension+1","Guardian:GatlingBeam+1","Guardian:Reroute+1","Guardian:Gem_Cyan","Guardian:DecasProtection+1","Guardian:Gem_Purple","Guardian:TimeCapacitor+1","Guardian:TemporalStrike+1","Guardian:Orbwalk+1","Guardian:PrimingBeam"],"relics":["Guardian:ModeShifterPlus","Hammer of Thor","Seething Fire","Anvil of the Gods","aspiration:HiddenCompartment","WarpedTongs","downfall:HeartBlessingRed","infinitespire:WardingShard","hubris:ToyBattleship","ReplayTheSpireMod:DimensionalGlitch","downfall:HeartBlessingGreen","Nunchaku","Garlic","conspire:Flyswatter","downfall:HeartBlessingBlue","hubris:EvacipatedBox","hubris:Spice","Guardian:PickAxe","Juzu Bracelet","infinitespire:Lychee Nut","Pear","Replay:Towering Pillar of Hats"],"acts_visited":["Exordium","TheCity","TheBeyond"],"potions_floor_usage":[11,14,22,23,26,33,45,49,50],"damage_taken":[{"damage":5,"enemies":"Small Slimes","floor":2,"turns":5},{"damage":4,"enemies":"infinitespire:Voidling","floor":3,"turns":3},{"damage":5,"enemies":"2 Louse","floor":4,"turns":2},{"damage":16,"enemies":"Exordium Thugs","floor":6,"turns":6},{"damage":12,"enemies":"Replay:BlueRogue","floor":10,"turns":5},{"damage":0,"enemies":"downfall:FleeingMerchant","floor":11,"turns":4},{"damage":0,"enemies":"downfall:FleeingMerchant","floor":14,"turns":4},{"damage":0,"enemies":"Exordium Wildlife","floor":15,"turns":4},{"damage":1,"enemies":"IC_STATUS_ARCHETYPE","floor":16,"turns":8},{"damage":11,"enemies":"Shell Parasite","floor":19,"turns":4},{"damage":26,"enemies":"Cultist and Chosen","floor":20,"turns":5},{"damage":0,"enemies":"Centurion and Healer","floor":21,"turns":4},{"damage":0,"enemies":"Snecko","floor":22,"turns":3},{"damage":0,"enemies":"conspire:HollyBat","floor":23,"turns":6},{"damage":5,"enemies":"Centurion and Healer","floor":26,"turns":6},{"damage":23,"enemies":"Slavers","floor":28,"turns":3},{"damage":0,"enemies":"Cultist and Chosen","floor":31,"turns":4},{"damage":0,"enemies":"Snake Plant","floor":32,"turns":4},{"damage":10,"enemies":"SI_MIRROR_ARCHETYPE","floor":33,"turns":9},{"damage":3,"enemies":"Orb Walker","floor":36,"turns":3},{"damage":11,"enemies":"3 Shapes","floor":37,"turns":4},{"damage":38,"enemies":"Maw","floor":38,"turns":8},{"damage":0,"enemies":"Maw","floor":39,"turns":6},{"damage":15,"enemies":"Reptomancer","floor":40,"turns":6},{"damage":17,"enemies":"Nightmare","floor":45,"turns":7},{"damage":0,"enemies":"3 Darklings","floor":46,"turns":3},{"damage":0,"enemies":"Writhing Mass","floor":48,"turns":5},{"damage":31,"enemies":"Sphere and 2 Shapes","floor":49,"turns":4},{"damage":46,"enemies":"DF_ARCHETYPE_ORBS","floor":50,"turns":7}],"seed_played":"-7571822475493720174","potions_obtained":[{"floor":3,"key":"Swift Potion"},{"floor":6,"key":"SpeedPotion"},{"floor":10,"key":"Adrenaline Potion"},{"floor":20,"key":"Weak Potion"},{"floor":21,"key":"SkillPotion"},{"floor":22,"key":"SkillPotion"},{"floor":37,"key":"Ancient Potion"},{"floor":38,"key":"Elixir"},{"floor":40,"key":"DistilledChaos"},{"floor":48,"key":"Weak Potion"}],"is_trial":false,"path_per_floor":["R","M","M","M","?","M","T","?","R","E","$","T","R","$","M","B",null,"R","M","M","M","M","M","T","T","M","?","E","R","$","M","M","B",null,"R","M","M","M","?","E","T","R","?","T","NM","M","R","M","M","B"],"character_chosen":"GUARDIAN","items_purchased":["Guardian:Gem_Lightblue","hubris:EvacipatedBox"],"campfire_rested":4,"item_purchase_floors":[11,30],"current_hp_per_floor":[80,75,75,70,70,54,54,54,78,66,66,66,80,80,80,79,80,80,69,43,43,43,43,43,43,38,38,15,52,33,33,33,23,90,90,87,76,38,46,31,31,31,31,41,28,31,55,59,32,0,0,0],"gold":472,"neow_bonus":"RANDOM_COMMON_RELIC","is_daily":false,"chose_seed":false,"campfire_upgraded":2,"win_rate":0.0,"timestamp":1613008530,"path_taken":["R","M","M","M","?","?","T","?","R","E","$","?","R","?","M","BOSS","R","M","?","M","?","M","T","?","M","?","E","R","?","?","M","BOSS","R","M","M","M","?","E","T","R","?","?","NM","M","R","M","M","BOSS"],"items_purchased_type":["Card","Relic"],"build_version":"2020-12-22","purchased_purges":0,"victory":false,"max_hp_per_floor":[80,80,80,80,80,80,80,80,80,80,80,80,80,80,80,80,80,80,80,80,80,80,80,80,80,80,80,80,90,90,90,90,90,90,90,90,90,90,98,98,98,98,73,83,83,83,83,83,83,83,83,83],"card_choices":[{"not_picked":["Guardian:TemporalStrike","Guardian:Harden"],"picked":"Guardian:Gem_Red","floor":2},{"not_picked":["Guardian:PiercingHide","Guardian:BronzeOrb"],"picked":"Guardian:Orbwalk","floor":3},{"not_picked":["Guardian:WalkerClaw","Guardian:ChargeCore"],"picked":"Guardian:ShieldCharger","floor":4},{"not_picked":["Guardian:TimeCapacitor","Guardian:RollAttack"],"picked":"Guardian:Planning","floor":6},{"not_picked":["Guardian:Suspension","Guardian:ExploitGems"],"picked":"Guardian:Gem_Green","floor":10},{"not_picked":["Guardian:ChargeCore","Guardian:ShieldCharger"],"picked":"Guardian:Orbwalk","floor":11},{"not_picked":["Guardian:CrystalBeam","Guardian:Incinerate"],"picked":"Guardian:PrimingBeam","floor":14},{"not_picked":["Guardian:Orbwalk","Guardian:Gem_Crimson"],"picked":"Guardian:Gem_Blue","floor":15},{"not_picked":["Guardian:StasisField","Guardian:Gem_Synthetic"],"picked":"Guardian:FierceBash","floor":16},{"not_picked":["Guardian:Recover","Guardian:Emergency"],"picked":"Guardian:TemporalShield","floor":19},{"not_picked":["Guardian:VentSteam","Guardian:Planning"],"picked":"Guardian:MultiBeam","floor":20},{"not_picked":["Guardian:Clone","Guardian:Gem_Cyan"],"picked":"Guardian:Gem_White","floor":21},{"not_picked":["Guardian:ChargeCore","Guardian:ShieldCharger"],"picked":"Guardian:GuardianWhirl","floor":22},{"not_picked":["Guardian:GuardianWhirl","Guardian:ChargeCore+1"],"picked":"Guardian:Recover","floor":23},{"not_picked":["Guardian:Harden","Guardian:PrimingBeam+1"],"picked":"Guardian:TimeSifter","floor":26},{"not_picked":["Guardian:PrimingBeam","Guardian:GuardianWhirl"],"picked":"Guardian:PiercingHide","floor":28},{"not_picked":["Guardian:Preprogram+1","Guardian:CrystalBeam+1"],"picked":"Guardian:Suspension+1","floor":31},{"not_picked":["Guardian:Gem_Cyan","Guardian:TemporalShield"],"picked":"Guardian:Gem_Synthetic","floor":32},{"not_picked":["Guardian:AncientConstruct","Guardian:FastForward"],"picked":"Guardian:GatlingBeam","floor":33},{"not_picked":["Guardian:Gem_Yellow","Guardian:Recover"],"picked":"Guardian:Reroute","floor":36},{"not_picked":["Guardian:Gem_Yellow","Guardian:Reroute"],"picked":"Guardian:Gem_Cyan","floor":37},{"not_picked":["Guardian:FastForward","Guardian:PrismaticBarrier+1"],"picked":"Guardian:Gem_Red","floor":38},{"not_picked":["Guardian:BodySlam","Guardian:SpikerProtocol+1"],"picked":"Guardian:DecasProtection+1","floor":39},{"not_picked":["Guardian:ArmoredProtocol","Guardian:ShieldSpikes"],"picked":"Guardian:Gem_Red","floor":40},{"not_picked":["Guardian:Harden+1","Guardian:PrismaticBeam"],"picked":"Guardian:TimeCapacitor","floor":45},{"not_picked":["Guardian:Preprogram+1","Guardian:WalkerClaw"],"picked":"Guardian:TemporalStrike+1","floor":46},{"not_picked":["Guardian:TemporalShield+1","Guardian:PiercingHide+1"],"picked":"Guardian:Orbwalk+1","floor":48},{"not_picked":["Guardian:DecasProtection+1","Guardian:Repulse+1"],"picked":"Guardian:PrimingBeam","floor":49}],"player_experience":898228,"relics_obtained":[{"floor":10,"key":"infinitespire:WardingShard"},{"floor":12,"key":"hubris:ToyBattleship"},{"floor":24,"key":"Nunchaku"},{"floor":25,"key":"Garlic"},{"floor":28,"key":"conspire:Flyswatter"},{"floor":39,"key":"hubris:Spice"},{"floor":40,"key":"Guardian:PickAxe"},{"floor":41,"key":"Juzu Bracelet"},{"floor":43,"key":"infinitespire:Lychee Nut"},{"floor":44,"key":"Pear"},{"floor":45,"key":"Replay:Towering Pillar of Hats"}],"event_choices":[{"damage_healed":0,"gold_gain":0,"player_choice":"Leave","damage_taken":0,"max_hp_gain":0,"max_hp_loss":0,"event_name":"conspire:Investor","floor":27,"gold_loss":0}],"is_beta":false,"boss_relics":[{"not_picked":["Astrolabe","Replay:Drink Me"],"picked":"ReplayTheSpireMod:DimensionalGlitch"},{"not_picked":["Black Star","energizedSpire:MagnifyingGlass","Velvet Choker"],"picked":"Guardian:ModeShifterPlus"}],"items_purged_floors":[],"is_endless":true,"potions_floor_spawned":[3,6,10,20,21,22,37,38,40,48],"killed_by":"DF_ARCHETYPE_ORBS","ascension_level":1}}