{"host":"czen9m7c7ttmirt2","time":1613027901,"event":{"mods":["AchievementEnabler","Aspiration","BaseMod","Better Third Choice","Colored Map","Colored Powertips","Conspire","Hubris","Minty Spire (QoL Compilation)","Replay The Spire","StSLib"],"gold_per_floor":[10,28,28,48,60,60,78,78,129,129,139,151,131,146,146,146,146],"floor_reached":16,"language":"ENG","playtime":845,"items_purged":[],"score":110,"play_id":"614667ff-3910-400d-a4d0-8a06463af8b6","local_time":"20210211011821","is_ascension_mode":true,"campfire_choices":[{"floor":6,"key":"RECALL"},{"floor":15,"key":"REST"}],"circlet_count":0,"master_deck":["Strike_B","Strike_B+1","Strike_B","Strike_B","Defend_B+1","Defend_B","Defend_B","Defend_B","Zap","Dualcast+1","Static Discharge","Leap","Coolheaded","Stack","Echo Form","hubris:PowerSurge","Conserve Battery","Sweeping Beam"],"relics":["Cracked Core","Peace Pipe","Gremlin Food"],"acts_visited":["Exordium"],"potions_floor_usage":[14,16,16,16,16,16],"damage_taken":[{"damage":0,"enemies":"Small Slimes","floor":1,"turns":3},{"damage":0,"enemies":"conspire:RoseBush","floor":2,"turns":3},{"damage":0,"enemies":"Cultist","floor":4,"turns":3},{"damage":0,"enemies":"Large Slime","floor":5,"turns":7},{"damage":6,"enemies":"2 Fungi Beasts","floor":7,"turns":3},{"damage":1,"enemies":"Looter","floor":11,"turns":4},{"damage":10,"enemies":"Exordium Thugs","floor":12,"turns":5},{"damage":0,"enemies":"3 Louse","floor":14,"turns":1},{"damage":79,"enemies":"Fading Forest","floor":16,"turns":11}],"seed_played":"2281792686383307861","potions_obtained":[{"floor":4,"key":"FearPotion"},{"floor":5,"key":"Explosive Potion"},{"floor":13,"key":"Elixir"},{"floor":14,"key":"LiquidBronze"}],"is_trial":false,"path_per_floor":["M","M","?","M","M","R","M","?","T","?","M","M","?","M","R","B"],"character_chosen":"DEFECT","items_purchased":[],"campfire_rested":1,"item_purchase_floors":[],"current_hp_per_floor":[75,75,60,60,60,60,54,54,54,54,53,43,43,43,65,0,0],"gold":146,"neow_bonus":"ONE_RARE_RELIC","is_daily":false,"chose_seed":false,"campfire_upgraded":0,"win_rate":0.0,"timestamp":1613027901,"path_taken":["M","M","?","M","M","R","M","?","T","?","M","M","?","?","R","BOSS"],"items_purchased_type":[],"build_version":"2020-12-22","purchased_purges":0,"victory":false,"max_hp_per_floor":[75,75,75,75,75,75,75,75,75,75,75,75,75,75,75,75,75],"card_choices":[{"not_picked":["Barrage","Streamline"],"picked":"Static Discharge","floor":1},{"not_picked":["Streamline","BasicCrystalCard"],"picked":"Leap","floor":2},{"not_picked":["Compile Driver","Gash"],"picked":"Coolheaded","floor":4},{"not_picked":["Beam Cell","ReplayTheSpireMod:Reroute Power"],"picked":"Stack","floor":5},{"not_picked":["Ball Lightning","Leap"],"picked":"Echo Form","floor":7},{"not_picked":["aspiration:Polymerization","BasicCrystalCard"],"picked":"hubris:PowerSurge","floor":11},{"not_picked":["Go for the Eyes","Sweeping Beam"],"picked":"Conserve Battery","floor":12},{"not_picked":["Rebound","BasicCrystalCard"],"picked":"Sweeping Beam","floor":14}],"player_experience":213040,"relics_obtained":[],"event_choices":[{"damage_healed":75,"gold_gain":0,"player_choice":"Upgrade","damage_taken":15,"max_hp_gain":0,"max_hp_loss":75,"event_name":"betterThird:BetterShining","floor":3,"gold_loss":0,"cards_upgraded":["Strike_B","Dualcast"]},{"damage_healed":0,"gold_gain":0,"player_choice":"Searched \u00271\u0027 times","damage_taken":0,"relics_obtained":["Gremlin Food"],"max_hp_gain":0,"max_hp_loss":0,"event_name":"Dead Adventurer","floor":8,"gold_loss":0},{"damage_healed":0,"gold_gain":0,"player_choice":"Ignored","damage_taken":0,"max_hp_gain":0,"max_hp_loss":0,"event_name":"Golden Wing","floor":10,"gold_loss":0},{"damage_healed":0,"gold_gain":0,"player_choice":"Bought 1 Potion","damage_taken":0,"max_hp_gain":0,"max_hp_loss":0,"event_name":"The Woman in Blue","floor":13,"gold_loss":0}],"is_beta":false,"boss_relics":[],"items_purged_floors":[],"is_endless":false,"potions_floor_spawned":[4,5,14],"killed_by":"Fading Forest","ascension_level":3}}