{"host":"gqhy17d1xpb1p3ki","time":1613004124,"event":{"mods":["2.2 Compatiblity","AchievementEnabler","BaseMod","Bestiary","BetterRewards","Colored Map","Colored Powertips","Conspire","Curses Come First","Custom Start","DeckTracker","Downfall","Duelist Mod","Hermit","Highlight Path","Hubris","Infinite Spire","Marisa????????","Minty Spire (QoL Compilation)","Quick Restart","Rare Cards Sparkle","Relic Stats","Remilia??????","Robot Space Explorer","Shop Mod","StSLib","Td1madao Mod","The Animator","The Bug Knight","The Cursed","The Disciple","The Hierophant","The Jungle","The Marked","The Mystic","The Necromancer","The Runesmith","The Senshi","The Servant 0.9.4","The Witch","TheBandit","WarShipGirlsR/????R mod","Yuri Mod","ojb\u0027s Info Mod"],"gold_per_floor":[111,125,200,213,213,213,213,213,284,284,303,303,319,331,331,429,429,439,364,364,382,393,393,427,427,427,427,442,442,456,473,473,578,578,597,616,632,632,652,652,652],"floor_reached":40,"language":"ENG","playtime":2206,"items_purged":[],"score":402,"play_id":"a5c5dda9-5922-4dfc-a857-ede64bd019b8","local_time":"20210210194204","is_ascension_mode":false,"campfire_choices":[{"data":"Beam Cell","floor":6,"key":"SMITH"},{"data":"Zap","floor":10,"key":"SMITH"},{"data":"Dualcast","floor":15,"key":"SMITH"},{"data":"Echo Form","floor":23,"key":"SMITH"},{"floor":25,"key":"REST"},{"floor":32,"key":"REST"}],"circlet_count":0,"master_deck":["Strike_B","Defend_B","Defend_B","Defend_B","Defend_B","Zap+1","Dualcast+1","Leap","Beam Cell+1","Gash","infinitespire:UltimateForm","Leap","Gash","Coolheaded","Machine Learning","Go for the Eyes+1","Blizzard","Echo Form+1","Thunder Strike","Chaos+1","Envy_TH","All For One","Gash","Rainbow","Conserve Battery+1","Go for the Eyes"],"relics":["Cracked Core","NeowsBlessing","Pocketwatch","Centennial Puzzle","Nuclear Battery","Nloth\u0027s Gift","theSenshi:SailorFukuRelic","infinitespire:CheckeredPen","Black Star","infinitespire:EmpoweringShard","conspire:RoyalGoblet"],"acts_visited":["Exordium","TheCity","TheBeyond"],"potions_floor_usage":[22,33,37,39,39],"damage_taken":[{"damage":0,"enemies":"Jaw Worm","floor":1,"turns":1},{"damage":0,"enemies":"Small Slimes","floor":2,"turns":1},{"damage":0,"enemies":"2 Louse","floor":4,"turns":1},{"damage":0,"enemies":"Looter","floor":11,"turns":3},{"damage":7,"enemies":"3 Louse","floor":13,"turns":4},{"damage":0,"enemies":"Exordium Thugs","floor":14,"turns":4},{"damage":38,"enemies":"The Guardian","floor":16,"turns":10},{"damage":5,"enemies":"Shell Parasite","floor":18,"turns":4},{"damage":5,"enemies":"3 Byrds","floor":21,"turns":4},{"damage":13,"enemies":"Snake Plant","floor":22,"turns":5},{"damage":30,"enemies":"theDuelist:KaibaA2","floor":24,"turns":8},{"damage":0,"enemies":"Centurion and Healer","floor":28,"turns":5},{"damage":17,"enemies":"Sentry and Sphere","floor":30,"turns":5},{"damage":0,"enemies":"conspire:HollyBat","floor":31,"turns":5},{"damage":19,"enemies":"conspire:MysteriousRune","floor":33,"turns":8},{"damage":16,"enemies":"3 Darklings","floor":35,"turns":4},{"damage":10,"enemies":"3 Shapes","floor":36,"turns":4},{"damage":10,"enemies":"Transient","floor":37,"turns":5},{"damage":42,"enemies":"Spire Growth","floor":39,"turns":6},{"damage":4,"enemies":"Reptomancer","floor":40,"turns":1}],"seed_played":"-5939751052822517621","potions_obtained":[{"floor":4,"key":"Slimebound:ThreeZeroPotion"},{"floor":11,"key":"Fruit Juice"},{"floor":16,"key":"Block Potion"},{"floor":22,"key":"EntropicBrew"},{"floor":35,"key":"LiquidMemories"}],"is_trial":false,"path_per_floor":["M","M","?","M","?","R","T","?","T","R","M","?","M","M","R","B",null,"M","?","?","M","M","R","E","R","T","AVR","M","?","M","M","R","B",null,"M","M","M","?","M","E"],"character_chosen":"DEFECT","items_purchased":[],"campfire_rested":2,"item_purchase_floors":[],"current_hp_per_floor":[75,75,64,64,46,46,46,34,34,40,40,40,33,33,42,4,75,70,70,70,65,52,52,22,44,44,44,44,44,27,27,49,30,75,59,49,39,39,2,0,0],"gold":652,"neow_bonus":"THREE_ENEMY_KILL","is_daily":false,"chose_seed":false,"campfire_upgraded":4,"win_rate":0.0,"timestamp":1613004124,"path_taken":["M","M","?","M","?","R","?","?","T","R","M","?","M","M","R","BOSS","M","?","?","?","M","R","E","R","T","AVR","M","?","M","M","R","BOSS","M","M","M","?","M","E"],"items_purchased_type":[],"build_version":"2020-12-22","purchased_purges":0,"victory":false,"max_hp_per_floor":[75,75,75,75,75,75,75,75,75,75,75,75,75,75,75,75,75,75,75,75,75,75,75,75,75,75,75,75,75,75,75,75,75,75,75,75,75,71,76,76,76],"relic_stats":{"Centennial Puzzle":[36],"counters":[20,88],"Nloth\u0027s Gift":3,"Black Star":0,"obtain_stats":[{"Centennial Puzzle":8,"NeowsBlessing":0,"conspire:RoyalGoblet":34,"Eternal Feather":9,"Nloth\u0027s Gift":20,"Black Star":27,"infinitespire:EmpoweringShard":27,"infinitespire:CheckeredPen":26,"theSenshi:SailorFukuRelic":24,"Cracked Core":0,"Pocketwatch":7,"Nuclear Battery":17},{"Centennial Puzzle":3,"NeowsBlessing":0,"conspire:RoyalGoblet":15,"Eternal Feather":3,"Nloth\u0027s Gift":8,"Black Star":11,"infinitespire:EmpoweringShard":11,"infinitespire:CheckeredPen":11,"theSenshi:SailorFukuRelic":11,"Cracked Core":0,"Pocketwatch":3,"Nuclear Battery":7},{"Centennial Puzzle":3,"NeowsBlessing":0,"conspire:RoyalGoblet":68,"Eternal Feather":3,"Nloth\u0027s Gift":28,"Black Star":45,"infinitespire:EmpoweringShard":45,"infinitespire:CheckeredPen":45,"theSenshi:SailorFukuRelic":45,"Cracked Core":0,"Pocketwatch":3,"Nuclear Battery":24}],"Pocketwatch":[51]},"card_choices":[{"not_picked":["Ball Lightning","Rebound"],"picked":"Leap","floor":1},{"not_picked":["Leap","BootSequence"],"picked":"Beam Cell","floor":2},{"not_picked":["Barrage","Beam Cell"],"picked":"Gash","floor":4},{"not_picked":["infinitespire:FinalStrike","infinitespire:DeathsTouch"],"picked":"infinitespire:UltimateForm","floor":5},{"not_picked":["Steam Power","Redo"],"picked":"Leap","floor":11},{"not_picked":["Ball Lightning","hubris:PowerSurge"],"picked":"Coolheaded","floor":13},{"not_picked":["Genetic Algorithm","Sunder","Self Repair"],"picked":"SKIP","floor":14},{"not_picked":["Core Surge","Amplify"],"picked":"Machine Learning","floor":16},{"not_picked":["Reinforced Body","Redo"],"picked":"Go for the Eyes+1","floor":18},{"not_picked":["Sunder+1","Stack"],"picked":"Blizzard","floor":21},{"not_picked":["Auto Shields","Steam"],"picked":"Echo Form","floor":22},{"not_picked":["Barrage","Biased Cognition"],"picked":"Thunder Strike","floor":24},{"not_picked":["Steam+1","Double Energy"],"picked":"Chaos+1","floor":28},{"not_picked":["Go for the Eyes","Barrage"],"picked":"All For One","floor":30},{"not_picked":["Go for the Eyes","Streamline"],"picked":"Gash","floor":31},{"not_picked":["Buffer","Electrodynamics"],"picked":"Rainbow","floor":33},{"not_picked":["Barrage+1","Sweeping Beam"],"picked":"Conserve Battery+1","floor":35},{"not_picked":["Ball Lightning+1","Sunder+1","Recycle+1"],"picked":"SKIP","floor":36},{"not_picked":["Tempest","Buffer","Turbo+1"],"picked":"SKIP","floor":37},{"not_picked":["Ball Lightning+1","Tempest+1"],"picked":"Go for the Eyes","floor":39}],"player_experience":506269,"relics_obtained":[{"floor":7,"key":"Pocketwatch"},{"floor":9,"key":"Eternal Feather"},{"floor":24,"key":"theSenshi:SailorFukuRelic"},{"floor":26,"key":"infinitespire:CheckeredPen"}],"event_choices":[{"damage_healed":0,"gold_gain":75,"player_choice":"Gather Gold","damage_taken":11,"max_hp_gain":0,"max_hp_loss":0,"event_name":"World of Goop","floor":3,"gold_loss":0},{"damage_healed":0,"gold_gain":0,"player_choice":"Success","damage_taken":12,"relics_obtained":["Centennial Puzzle"],"max_hp_gain":0,"max_hp_loss":0,"event_name":"Scrap Ooze","floor":8,"gold_loss":0},{"cards_removed":["Strike_B"],"damage_healed":0,"gold_gain":0,"player_choice":"Gave Gold","damage_taken":0,"max_hp_gain":0,"max_hp_loss":0,"event_name":"Beggar","floor":19,"gold_loss":75},{"damage_healed":0,"gold_gain":0,"player_choice":"Traded Relic","damage_taken":0,"relics_obtained":["Nloth\u0027s Gift"],"max_hp_gain":0,"max_hp_loss":0,"event_name":"N\u0027loth","floor":20,"relics_lost":["Eternal Feather"],"gold_loss":0},{"damage_healed":0,"gold_gain":0,"player_choice":"Max HP","damage_taken":0,"max_hp_gain":0,"max_hp_loss":4,"event_name":"Winding Halls","floor":38,"gold_loss":0}],"is_beta":false,"boss_relics":[{"not_picked":["hubris:Backtick","Tiny House"],"picked":"Nuclear Battery"},{"not_picked":["conspire:SlowCooker","SacredBark"],"picked":"conspire:RoyalGoblet"}],"items_purged_floors":[],"is_endless":false,"potions_floor_spawned":[4,11,16,22,24,28,35,39],"killed_by":"Reptomancer","ascension_level":0}}