{"host":"c97twqu0op5dg8i4","time":1613010879,"event":{"mods":["AchievementEnabler","BaseMod","Colored Map","Minty Spire (QoL Compilation)","Permanent Neow"],"gold_per_floor":[118,118,137,155,170,170,199,215,215,71,83,83,95,122,122,223,223,238,238,238,163,163,163,7,7,7,25,25,25,25],"floor_reached":29,"language":"ENG","playtime":690,"items_purged":[],"score":417,"play_id":"e13a10b1-1284-4c96-b340-4127f4de7aea","local_time":"20210210213439","is_ascension_mode":true,"campfire_choices":[{"data":"Perfected Strike","floor":6.0,"key":"SMITH"},{"data":"Perfected Strike","floor":12.0,"key":"SMITH"},{"floor":15.0,"key":"REST"},{"floor":25,"key":"REST"},{"floor":28,"key":"REST"}],"circlet_count":0,"master_deck":["AscendersBane","Strike_R","Strike_R","Strike_R","Strike_R","Defend_R","Defend_R","Defend_R","Defend_R","Battle Trance","Perfected Strike+1","Perfected Strike+1","Slice","Melter","Core Surge","Bloodletting+1","Armaments+1","Crippling Poison+1"],"relics":["Burning Blood","Pear","Mango","PrismaticShard","Blue Candle","Astrolabe","Medical Kit","Mercury Hourglass"],"acts_visited":["Exordium","TheCity"],"potions_floor_usage":[23],"damage_taken":[{"damage":7.0,"enemies":"Small Slimes","floor":1.0,"turns":4.0},{"damage":2.0,"enemies":"Cultist","floor":3.0,"turns":2.0},{"damage":14.0,"enemies":"Jaw Worm","floor":4.0,"turns":2.0},{"damage":2.0,"enemies":"2 Fungi Beasts","floor":5.0,"turns":4.0},{"damage":34.0,"enemies":"Gremlin Nob","floor":7.0,"turns":4.0},{"damage":10.0,"enemies":"Blue Slaver","floor":8.0,"turns":2.0},{"damage":9.0,"enemies":"Exordium Thugs","floor":11.0,"turns":4.0},{"damage":8.0,"enemies":"Looter","floor":13.0,"turns":2.0},{"damage":34.0,"enemies":"Lagavulin","floor":14.0,"turns":5.0},{"damage":54.0,"enemies":"The Guardian","floor":16.0,"turns":10.0},{"damage":6.0,"enemies":"Spheric Guardian","floor":18.0,"turns":3.0},{"damage":36,"enemies":"Gremlin Leader","floor":23,"turns":8},{"damage":29,"enemies":"3 Byrds","floor":27,"turns":5},{"damage":0,"enemies":"Slavers","floor":29,"turns":1}],"seed_played":"5272239125211219497","potions_obtained":[{"floor":2.0,"key":"SmokeBomb"},{"floor":2.0,"key":"FairyPotion"}],"is_trial":false,"path_per_floor":["M","?","M","M","M","R","E","M","T","$","M","R","M","E","R","B",null,"M","?","?","?","?","E","$","R","T","M","R","E"],"character_chosen":"IRONCLAD","items_purchased":["PrismaticShard","Medical Kit"],"campfire_rested":3,"item_purchase_floors":[10,24],"current_hp_per_floor":[71,71,75,67,71,71,53,49,63,63,60,60,58,30,61,13,81,81,81,81,81,60,30,30,62,62,39,71,71,71],"gold":25,"neow_bonus":"TRANSFORM_CARD","is_daily":false,"chose_seed":false,"campfire_upgraded":2,"win_rate":0.0,"timestamp":1613010879,"path_taken":["M","?","?","M","M","R","E","M","T","$","M","R","M","E","R","BOSS","M","?","?","?","?","E","$","R","T","?","R","E"],"items_purchased_type":["Relic","Relic"],"build_version":"2020-12-22","purchased_purges":0,"victory":false,"max_hp_per_floor":[80,80,80,80,80,80,90,90,104,104,104,104,104,104,104,104,104,104,104,104,104,109,109,109,109,109,109,109,109,109],"card_choices":[{"not_picked":["Shrug It Off","Seeing Red"],"picked":"Hemokinesis","floor":1.0},{"not_picked":["Thunderclap","Havoc"],"picked":"Battle Trance","floor":3.0},{"not_picked":["Clash","Second Wind"],"picked":"Perfected Strike","floor":4.0},{"not_picked":["Flex","Uppercut","Headbutt"],"picked":"SKIP","floor":5.0},{"not_picked":["Fiend Fire","Warcry","Infernal Blade"],"picked":"SKIP","floor":7.0},{"not_picked":["Sentinel","Warcry","Entrench"],"picked":"SKIP","floor":8.0},{"not_picked":["Bane","Protect"],"picked":"Perfected Strike","floor":11.0},{"not_picked":["White Noise","Quick Slash"],"picked":"Slice","floor":13.0},{"not_picked":["Double Tap","ClearTheMind"],"picked":"Melter","floor":14.0},{"not_picked":["Demon Form","Transmutation"],"picked":"Core Surge","floor":16.0},{"not_picked":["Entrench","Streamline","Steam Power"],"picked":"SKIP","floor":18.0},{"not_picked":["Flex","ThirdEye"],"picked":"Crippling Poison+1","floor":27}],"player_experience":378119,"relics_obtained":[{"floor":7.0,"key":"Pear"},{"floor":9.0,"key":"Mango"},{"floor":14.0,"key":"Blue Candle"},{"floor":26,"key":"Mercury Hourglass"}],"event_choices":[{"damage_healed":0.0,"max_hp_gain":0.0,"max_hp_loss":0.0,"gold_gain":0.0,"event_name":"Lab","player_choice":"Got Potions","floor":2.0,"gold_loss":0.0,"damage_taken":0.0},{"damage_healed":0.0,"max_hp_gain":0.0,"max_hp_loss":0.0,"gold_gain":0.0,"event_name":"Vampires","player_choice":"Ignored","floor":19.0,"gold_loss":0.0,"damage_taken":0.0},{"damage_healed":0.0,"max_hp_gain":0.0,"max_hp_loss":0.0,"gold_gain":0.0,"event_name":"Ghosts","player_choice":"Ignored","floor":20.0,"gold_loss":0.0,"damage_taken":0.0},{"cards_removed":["Dropkick"],"damage_healed":0.0,"max_hp_gain":0.0,"max_hp_loss":0.0,"gold_gain":0.0,"event_name":"Beggar","player_choice":"Gave Gold","floor":21.0,"gold_loss":75.0,"damage_taken":0.0},{"damage_healed":0.0,"max_hp_gain":5.0,"max_hp_loss":0.0,"gold_gain":0.0,"event_name":"Forgotten Altar","player_choice":"Shed Blood","floor":22.0,"gold_loss":0.0,"damage_taken":26.0}],"is_beta":false,"boss_relics":[{"not_picked":["Pandora\u0027s Box","Black Star"],"picked":"Astrolabe"}],"items_purged_floors":[],"is_endless":false,"potions_floor_spawned":[3,5,11,13,16,18],"killed_by":"Slavers","ascension_level":11}}