{"host":"4epvxsx6d4oxmc67","time":1613086990,"event":{"mods":["AchievementEnabler","BaseMod","Colored Map","Highlight Path","Minty Spire (QoL Compilation)"],"gold_per_floor":[10,24,43,43,64,64,99,122,172,195,39,39,54,54,54,179,179,195,210,228,73,88,88,88,88],"floor_reached":24,"language":"ENG","playtime":1307,"items_purged":["Strike_R"],"score":292,"play_id":"76bbd57e-7ae5-4be9-879b-dd09f454187d","local_time":"20210211234310","is_ascension_mode":true,"campfire_choices":[{"data":"Uppercut","floor":6.0,"key":"SMITH"},{"data":"Feed","floor":12.0,"key":"SMITH"},{"data":"Flex","floor":15.0,"key":"SMITH"},{"data":"Reaper","floor":23.0,"key":"SMITH"}],"circlet_count":0,"master_deck":["Strike_R","Strike_R","Defend_R","Defend_R","Defend_R","Defend_R","Bash","Flex+1","Iron Wave","Heavy Blade","Injury","Uppercut+1","Dropkick","Feed+1","Fire Breathing","Inflame","Impervious","Iron Wave+1","Headbutt","Reaper+1","Sword Boomerang","True Grit","Thunderclap"],"relics":["Black Blood","Golden Idol","Mango","Centennial Puzzle"],"acts_visited":["Exordium","TheCity"],"potions_floor_usage":[24],"damage_taken":[{"damage":2.0,"enemies":"2 Louse","floor":1.0,"turns":4.0},{"damage":8.0,"enemies":"Jaw Worm","floor":2.0,"turns":5.0},{"damage":4.0,"enemies":"Small Slimes","floor":3.0,"turns":4.0},{"damage":13.0,"enemies":"Exordium Wildlife","floor":5.0,"turns":4.0},{"damage":35.0,"enemies":"3 Sentries","floor":7.0,"turns":12.0},{"damage":0.0,"enemies":"2 Fungi Beasts","floor":8.0,"turns":5.0},{"damage":4.0,"enemies":"Looter","floor":10.0,"turns":3.0},{"damage":19.0,"enemies":"Large Slime","floor":13.0,"turns":6.0},{"damage":47.0,"enemies":"Hexaghost","floor":16.0,"turns":9.0},{"damage":28.0,"enemies":"Spheric Guardian","floor":18.0,"turns":7.0},{"damage":50.0,"enemies":"3 Byrds","floor":19.0,"turns":9.0},{"damage":32.0,"enemies":"Centurion and Healer","floor":20.0,"turns":9.0},{"damage":17.0,"enemies":"Snecko","floor":22.0,"turns":5.0},{"damage":55,"enemies":"Book of Stabbing","floor":24,"turns":7}],"seed_played":"-1865715024401041414","potions_obtained":[{"floor":1.0,"key":"Ancient Potion"},{"floor":8.0,"key":"Regen Potion"},{"floor":13.0,"key":"Block Potion"},{"floor":22.0,"key":"PowerPotion"}],"is_trial":false,"path_per_floor":["M","M","M","?","M","R","E","M","T","M","$","R","M","?","R","B",null,"M","M","M","$","M","R","E"],"character_chosen":"IRONCLAD","items_purchased":["Fire Breathing","Sword Boomerang","Regen Potion","True Grit"],"campfire_rested":0,"item_purchase_floors":[11,21,21,21],"current_hp_per_floor":[80,78,80,80,73,73,58,64,64,69,69,69,60,60,60,33,101,89,55,39,39,52,52,0,0],"gold":88,"neow_bonus":"REMOVE_TWO","is_daily":false,"chose_seed":false,"campfire_upgraded":4,"win_rate":0.0,"timestamp":1613086990,"path_taken":["M","M","M","?","M","R","E","M","T","M","$","R","M","?","R","BOSS","M","M","M","$","M","R","E"],"items_purchased_type":["Card","Card","Potion","Card"],"build_version":"2020-12-22","purchased_purges":1,"victory":false,"max_hp_per_floor":[80,80,80,80,80,80,94,94,94,97,97,97,101,101,101,101,101,105,109,113,113,117,117,117,117],"card_choices":[{"not_picked":["Spot Weakness","Headbutt"],"picked":"Flex","floor":1.0},{"not_picked":["Wild Strike","Clash"],"picked":"Iron Wave","floor":2.0},{"not_picked":["Shrug It Off","Combust"],"picked":"Heavy Blade","floor":3.0},{"not_picked":["Pommel Strike","Perfected Strike"],"picked":"Uppercut","floor":5.0},{"not_picked":["Warcry","Searing Blow"],"picked":"Dropkick","floor":7.0},{"not_picked":["Sentinel","Cleave"],"picked":"Feed","floor":8.0},{"not_picked":["Clothesline","Clash","Warcry"],"picked":"SKIP","floor":10.0},{"not_picked":["Dropkick","Headbutt"],"picked":"Inflame","floor":13.0},{"not_picked":["Offering","Exhume"],"picked":"Impervious","floor":16.0},{"not_picked":["Twin Strike","Bloodletting"],"picked":"Iron Wave+1","floor":18.0},{"not_picked":["Wild Strike","Entrench+1"],"picked":"Headbutt","floor":19.0},{"not_picked":["Sword Boomerang","Sever Soul"],"picked":"Reaper","floor":20.0},{"not_picked":["True Grit","Combust+1"],"picked":"Thunderclap","floor":22.0}],"player_experience":86358,"relics_obtained":[{"floor":7.0,"key":"Mango"},{"floor":9.0,"key":"Centennial Puzzle"}],"event_choices":[{"damage_healed":0.0,"max_hp_gain":0.0,"max_hp_loss":0.0,"gold_gain":0.0,"event_name":"Golden Idol","player_choice":"Take Wound","floor":4.0,"gold_loss":0.0,"damage_taken":0.0,"relics_obtained":["Golden Idol"],"cards_obtained":["Injury"]},{"damage_healed":0.0,"max_hp_gain":0.0,"max_hp_loss":0.0,"gold_gain":0.0,"event_name":"Liars Game","player_choice":"Ignored","floor":14.0,"gold_loss":0.0,"damage_taken":0.0}],"is_beta":false,"boss_relics":[{"not_picked":["Philosopher\u0027s Stone","Astrolabe"],"picked":"Black Blood"}],"items_purged_floors":[11],"is_endless":false,"potions_floor_spawned":[1,8,13,22],"killed_by":"Book of Stabbing","ascension_level":4}}