{"host":"0flpm62pz1oti8w0","time":1613046619,"event":{"mods":["ATMod(ªü½@Mod)","AchievementEnabler","Act Like it!","Arknights","BaseMod","Conspire","Downfall","FanaticalFans","Hermit","Minty Spire (QoL Compilation)","Reimu¡]³Õ???¡^","Remilia¡]Á¢¦Ì²ú?¡^","Spicy Shops","StSLib","The Animator","Waifu the Spire","Youmu¡]»î¾z§¯?¡^","êº¤õ«ü«n"],"gold_per_floor":[9998319,9998459,9998459,9996968,9996968,9996968],"floor_reached":4,"language":"ZHS","playtime":534,"items_purged":[],"score":195,"play_id":"3886013a-e37c-497d-b859-c88b563546d4","local_time":"20210211203019","is_ascension_mode":false,"campfire_choices":[],"circlet_count":0,"master_deck":["Slimebound:Strike_Slimebound","Slimebound:Strike_Slimebound","Slimebound:Strike_Slimebound","Slimebound:Tackle","Slimebound:Defend_Slimebound","Slimebound:Defend_Slimebound","Slimebound:Defend_Slimebound","Slimebound:Defend_Slimebound","Slimebound:Split","Slimebound:CorrosiveSpit","Slimebound:Gluttony","Slimebound:SplitLeeching","Slimebound:SplitAcid","Slimebound:ItLooksTasty","HandOfGreed","expansioncontent:InvincibleStrength","Slimebound:PressTheAttack","Slimebound:RejuvenatingLick","Slimebound:RollThrough","expansioncontent:DashGenerateEvil","Slimebound:SlimeBarrage","Slimebound:SlimeBrawl","Slimebound:Gluttony","expansioncontent:YouAreMine","ASingleThoughtAndInfiniteKalpas","ASingleThoughtAndInfiniteKalpas","ObsessionSword"],"relics":["Slimebound:AbsorbEndCombatUpgraded","Fans:FanaticalFans","AT_ATBox","conspire:TreasureMap","ClockworkSouvenir","Smiling Mask","Unceasing Top","Slimebound:AggressiveSlimeRelic","AT_BellowingDragoncrestRing","Nunchaku","Tiny Chest","Ornamental Fan","OrangePellets","Frozen Eye"],"acts_visited":["Exordium","TheBeyond","Exordium","Exordium","TheCity","TheBeyond"],"potions_floor_usage":[],"damage_taken":[{"damage":0,"enemies":"SI_MIRROR_ARCHETYPE","floor":2,"turns":1}],"seed_played":"8892982118531522104","potions_obtained":[],"is_trial":false,"path_per_floor":["R","M",null,"R"],"character_chosen":"SLIMEBOUND","items_purchased":["conspire:TreasureMap","ClockworkSouvenir","Smiling Mask","Unceasing Top","Slimebound:AggressiveSlimeRelic","AT_BellowingDragoncrestRing","Slimebound:Gluttony","Slimebound:SplitLeeching","Slimebound:SplitAcid","Slimebound:ItLooksTasty","HandOfGreed","expansioncontent:InvincibleStrength","Slimebound:PressTheAttack","Slimebound:RejuvenatingLick","Slimebound:RollThrough","expansioncontent:DashGenerateEvil","Slimebound:SlimeBarrage","Nunchaku","Tiny Chest","Ornamental Fan","OrangePellets","Frozen Eye","Slimebound:SlimeBrawl","Slimebound:Gluttony","expansioncontent:YouAreMine"],"campfire_rested":0,"item_purchase_floors":[1,1,1,1,1,1,1,1,1,1,1,1,1,4,4,4,4,4,4,4,4,4,4,4,4],"current_hp_per_floor":[71,85,85,85,85,85],"gold":9996968,"neow_bonus":"TEN_PERCENT_HP_BONUS","is_daily":false,"chose_seed":false,"campfire_upgraded":0,"win_rate":0.0,"timestamp":1613046619,"path_taken":["R","M","BOSS","R"],"items_purchased_type":["Relic","Relic","Relic","Relic","Relic","Relic","Card","Card","Card","Card","Card","Card","Card","Card","Card","Card","Card","Relic","Relic","Relic","Relic","Relic","Card","Card","Card"],"build_version":"2020-12-22","purchased_purges":0,"victory":false,"max_hp_per_floor":[71,85,85,85,85,85],"card_choices":[],"player_experience":141270,"relics_obtained":[],"event_choices":[],"is_beta":false,"boss_relics":[{"not_picked":["Cursed Key","Busted Crown"],"picked":"Slimebound:AbsorbEndCombatUpgraded"}],"items_purged_floors":[],"is_endless":false,"potions_floor_spawned":[],"ascension_level":0}}