{"host":"mz5hf7l9u79ze5ha","time":1613058206,"event":{"mods":["AchievementEnabler","BaseMod","Bestiary","Better Third Choice","BetterRewards","Colored Map","Colored Powertips","Curses Come First","Downfall","Googly Eyes","Hermit","Hubris","Minty Spire (QoL Compilation)","Quick Restart","Rare Cards Sparkle","Relic Stats","Reliquary","Replay The Spire","StSLib","The Bladedancer","The Bug Knight","The Cursed","The Hierophant","The Marked","Unceasing Turn Reminder"],"gold_per_floor":[99,113,124,134,145,21,45,45,77,77,77,107,119,119,134,233,233,133,146,161,175,193,210,258,158,186,201,57,57,57,89,99,204,204,104,104,104,104,119,69,84,96,96,116,24,43,43,43,43,43,43],"floor_reached":49,"language":"ENG","playtime":4489,"items_purged":["Guardian:Defend_Guardian"],"score":691,"play_id":"b1937363-c09e-4186-89c3-3fccd1851c2c","local_time":"20210211174326","is_ascension_mode":false,"campfire_choices":[{"floor":1,"key":"RECALL"},{"data":"Guardian:FloatingOrbs","floor":8,"key":"SMITH"},{"data":"Guardian:CurlUp","floor":11,"key":"SMITH"},{"data":"Guardian:WalkerClaw","floor":25,"key":"SMITH"},{"data":"Guardian:StasisStrike","floor":29,"key":"SMITH"},{"data":"Guardian:AncientConstruct","floor":35,"key":"SMITH"},{"data":"Guardian:ShieldCharger","floor":37,"key":"SMITH"}],"circlet_count":0,"master_deck":["Guardian:Strike_Guardian","Guardian:Strike_Guardian","Guardian:Strike_Guardian","Guardian:Strike_Guardian","Guardian:Defend_Guardian","Guardian:Defend_Guardian","Guardian:Defend_Guardian","Guardian:CurlUp+1","Guardian:TwinSlam+1","Guardian:FloatingOrbs+1","Guardian:Suspension","Guardian:PiercingHide","Guardian:PiercingHide","Guardian:GuardianWhirl+1","Guardian:ShieldCharger+1","Guardian:StasisStrike+1","Guardian:WalkerClaw+1","Guardian:BodySlam+1","Guardian:RollAttack","Guardian:TemporalStrike+1","Guardian:PiercingHide","Guardian:DecasProtection+1","Guardian:SentryBeam+1","Guardian:AncientConstruct+1","Guardian:CrystalBeam","Guardian:Emergency+1","Guardian:DonusPower+1","Guardian:Gem_Cyan","Replay:Bootleg Shield Generator","Guardian:MultiBeam"],"relics":["Guardian:ModeShifter","Whetstone","hubris:Spice","Guardian:PickAxe","reliquary:Stiletto","downfall:HeartBlessingRed","downfall:HeartBlessingBlue","reliquary:ExpiredCoupon","Nilry\u0027s Codex","downfall:HeartBlessingGreen","downfall:TeleportStone","Mango","hubris:Towel"],"acts_visited":["Exordium","TheCity","TheBeyond","TheEnding"],"potions_floor_usage":[10,21,28,31,33,33,42,44,47,47],"damage_taken":[{"damage":5,"enemies":"Cultist","floor":2,"turns":5},{"damage":5,"enemies":"Small Slimes","floor":3,"turns":4},{"damage":1,"enemies":"Jaw Worm","floor":4,"turns":4},{"damage":13,"enemies":"Large Slime","floor":5,"turns":8},{"damage":5,"enemies":"downfall:FleeingMerchant","floor":6,"turns":4},{"damage":14,"enemies":"Gremlin Nob","floor":9,"turns":4},{"damage":0,"enemies":"Gremlin Nob","floor":10,"turns":3},{"damage":0,"enemies":"Lagavulin","floor":12,"turns":6},{"damage":9,"enemies":"Exordium Thugs","floor":13,"turns":4},{"damage":0,"enemies":"Lots of Slimes","floor":15,"turns":4},{"damage":3,"enemies":"WA_ARCHETYPE_RETAIN","floor":16,"turns":5},{"damage":7,"enemies":"Shell Parasite","floor":19,"turns":4},{"damage":0,"enemies":"Chosen","floor":20,"turns":4},{"damage":3,"enemies":"3 Cultists","floor":21,"turns":4},{"damage":0,"enemies":"Chosen and Byrds","floor":22,"turns":5},{"damage":3,"enemies":"Centurion and Healer","floor":23,"turns":6},{"damage":10,"enemies":"Slavers","floor":26,"turns":5},{"damage":0,"enemies":"Sentry and Sphere","floor":27,"turns":3},{"damage":0,"enemies":"downfall:FleeingMerchant","floor":28,"turns":4},{"damage":19,"enemies":"Book of Stabbing","floor":31,"turns":4},{"damage":1,"enemies":"Snake Plant","floor":32,"turns":4},{"damage":22,"enemies":"IC_MUSHROOM_ARCHETYPE","floor":33,"turns":6},{"damage":0,"enemies":"3 Shapes","floor":39,"turns":4},{"damage":5,"enemies":"downfall:FleeingMerchant","floor":40,"turns":3},{"damage":6,"enemies":"3 Darklings","floor":41,"turns":3},{"damage":0,"enemies":"Spire Growth","floor":42,"turns":3},{"damage":0,"enemies":"Jaw Worm Horde","floor":44,"turns":3},{"damage":0,"enemies":"4 Shapes","floor":46,"turns":5},{"damage":32,"enemies":"DF_ARCHETYPE_ORBS","floor":47,"turns":6},{"damage":118,"enemies":"downfall:CharBossMerchant","floor":49,"turns":8}],"seed_played":"6871896039648523521","potions_obtained":[{"floor":3,"key":"ColorlessPotion"},{"floor":4,"key":"Explosive Potion"},{"floor":12,"key":"Explosive Potion"},{"floor":15,"key":"Languid Potion"},{"floor":22,"key":"champ:CounterPotion"},{"floor":27,"key":"PowerPotion"},{"floor":31,"key":"Slimebound:ThreeZeroPotion"},{"floor":33,"key":"Explosive Potion"},{"floor":39,"key":"Block Potion"},{"floor":41,"key":"PowerPotion"},{"floor":42,"key":"Block Potion"}],"is_trial":false,"path_per_floor":["R_BF","M","M","M","M","$","T","R","E","?","R","E","M","?","M","B",null,"R_BF","M","M","M","M","M","T","R","E","M","$","R","?","E","M","B",null,"R","?","R","T","M","$","M","M","?","M","$","M","B",null,"E"],"character_chosen":"GUARDIAN","items_purchased":["Guardian:PiercingHide","Guardian:GuardianWhirl","Guardian:SentryBeam+1","LifebloodPotion","hubris:Spice","Replay:Bootleg Shield Generator"],"campfire_rested":0,"item_purchase_floors":[6,6,28,40,40,45],"current_hp_per_floor":[88,83,78,77,64,59,59,59,53,53,53,53,44,44,44,41,104,83,76,76,73,73,70,70,80,70,70,70,70,54,35,34,12,95,95,95,95,109,109,101,95,95,95,95,95,95,63,101,0,0,0],"gold":43,"neow_bonus":"TEN_PERCENT_HP_BONUS","is_daily":false,"chose_seed":false,"campfire_upgraded":6,"win_rate":0.0,"timestamp":1613058206,"path_taken":["R_BF","M","?","M","M","$","T","R","E","?","R","E","M","?","M","BOSS","R_BF","M","M","M","M","?","T","R","E","M","$","R","?","E","M","BOSS","R","?","R","T","M","$","M","?","?","M","$","M","BOSS","E"],"items_purchased_type":["Card","Card","Card","Potion","Relic","Card"],"build_version":"2020-12-22","purchased_purges":1,"victory":false,"max_hp_per_floor":[88,88,88,88,88,88,88,88,96,96,96,96,96,96,96,96,104,109,101,101,101,101,93,93,103,103,103,103,103,103,103,103,103,95,95,95,95,109,109,101,101,101,101,101,101,101,101,101,101,101,101],"relic_stats":{"counters":[30,135],"Whetstone":["Guardian:GuardianWhirl","Guardian:TwinSlam"],"obtain_stats":[{"downfall:HeartBlessingRed":18,"Nilry\u0027s Codex":30,"Guardian:ModeShifter":0,"downfall:HeartBlessingGreen":35,"Mango":38,"downfall:TeleportStone":36,"Whetstone":7,"hubris:Towel":43,"Guardian:PickAxe":10,"reliquary:ExpiredCoupon":26,"hubris:Spice":9,"downfall:HeartBlessingBlue":25,"reliquary:Stiletto":12},{"downfall:HeartBlessingRed":11,"Nilry\u0027s Codex":19,"Guardian:ModeShifter":0,"downfall:HeartBlessingGreen":22,"Mango":22,"downfall:TeleportStone":22,"Whetstone":5,"hubris:Towel":26,"Guardian:PickAxe":7,"reliquary:ExpiredCoupon":17,"hubris:Spice":6,"downfall:HeartBlessingBlue":16,"reliquary:Stiletto":8},{"downfall:HeartBlessingRed":51,"Nilry\u0027s Codex":86,"Guardian:ModeShifter":0,"downfall:HeartBlessingGreen":100,"Mango":100,"downfall:TeleportStone":100,"Whetstone":25,"hubris:Towel":113,"Guardian:PickAxe":32,"reliquary:ExpiredCoupon":79,"hubris:Spice":29,"downfall:HeartBlessingBlue":74,"reliquary:Stiletto":38}]},"card_choices":[{"not_picked":["Guardian:RollAttack","Guardian:FloatingOrbs"],"picked":"Guardian:Gem_Crimson","floor":2},{"not_picked":["Guardian:Emergency","Guardian:Planning"],"picked":"Guardian:Gem_Fragmented","floor":3},{"not_picked":["Guardian:SentryBeam","Guardian:Reroute"],"picked":"Guardian:FloatingOrbs","floor":4},{"not_picked":["Guardian:Gem_Blue","Guardian:WalkerClaw"],"picked":"Guardian:Suspension","floor":5},{"not_picked":["Guardian:Incinerate","Guardian:Gem_Green"],"picked":"Guardian:Gem_Purple","floor":6},{"not_picked":["Guardian:Reroute","Guardian:Gem_Cyan"],"picked":"Guardian:ShieldCharger","floor":9},{"not_picked":["Guardian:StasisField","Guardian:Planning"],"picked":"Guardian:StasisStrike","floor":12},{"not_picked":["Guardian:GuardianWhirl","Guardian:Reroute","Guardian:CrystalBeam"],"picked":"SKIP","floor":13},{"not_picked":["Guardian:BronzeOrb","Guardian:Clone"],"picked":"Guardian:WalkerClaw","floor":15},{"not_picked":["Guardian:SphericShield","Guardian:BaubleBeam"],"picked":"Guardian:Gem_Orange","floor":16},{"not_picked":["Guardian:Harden+1","Guardian:PiercingHide+1"],"picked":"hubris:SpiceAddiction","floor":19},{"not_picked":["Guardian:ChargeCore","Guardian:PiercingHide"],"picked":"Guardian:BodySlam+1","floor":20},{"not_picked":["Guardian:Reroute+1","Guardian:MultiBeam"],"picked":"Guardian:RollAttack","floor":21},{"not_picked":["Guardian:PrimingBeam","Guardian:Recover"],"picked":"Guardian:TemporalStrike+1","floor":22},{"not_picked":["Guardian:Gem_Red","Guardian:StasisStrike"],"picked":"hubris:SpiceAddiction","floor":23},{"not_picked":["Guardian:PiercingHide","Guardian:Reroute+1"],"picked":"Guardian:Gem_Lightblue","floor":26},{"not_picked":["Guardian:Gem_Crimson","Guardian:TemporalShield+1"],"picked":"Guardian:PiercingHide","floor":27},{"not_picked":["Guardian:ChargeCore","Guardian:PiercingHide"],"picked":"Guardian:DecasProtection+1","floor":28},{"not_picked":["Guardian:PolyBeam","Guardian:SpikerProtocol"],"picked":"Guardian:AncientConstruct","floor":31},{"not_picked":["Guardian:Planning","Guardian:GuardianWhirl+1","Guardian:Harden"],"picked":"SKIP","floor":32},{"not_picked":["Guardian:ChargeCore+1","hubris:SpiceAddiction"],"picked":"Guardian:CrystalBeam","floor":39},{"not_picked":["hubris:SpiceAddiction","Guardian:RefractedBeam","hubris:SpiceAddiction"],"picked":"SKIP","floor":40},{"not_picked":["Guardian:Clone","Guardian:Incinerate"],"picked":"Guardian:Emergency+1","floor":41},{"not_picked":["Guardian:TimeBomb+1","Guardian:TemporalShield"],"picked":"Guardian:DonusPower+1","floor":42},{"not_picked":["hubris:SpiceAddiction","Guardian:Reroute"],"picked":"Guardian:Gem_Cyan","floor":44},{"not_picked":["Guardian:Reroute+1","Guardian:BodySlam"],"picked":"Guardian:MultiBeam","floor":46}],"player_experience":165381,"relics_obtained":[{"floor":7,"key":"Whetstone"},{"floor":9,"key":"hubris:Spice"},{"floor":12,"key":"reliquary:Stiletto"},{"floor":26,"key":"reliquary:ExpiredCoupon"},{"floor":30,"key":"Nilry\u0027s Codex"},{"floor":38,"key":"Mango"}],"event_choices":[],"is_beta":false,"boss_relics":[{"not_picked":["reliquary:KinkedSpring","Painkiller Herb"],"picked":"hubris:Spice"},{"not_picked":["hubris:Spice","Astrolabe"],"picked":"hubris:Spice"}],"items_purged_floors":[28],"is_endless":false,"potions_floor_spawned":[3,4,12,15,16,22,27,31,33,39,41,42],"killed_by":"downfall:CharBossMerchant","ascension_level":0}}