{"host":"b4oqa93y40rb9616","time":1613074711,"event":{"mods":["BaseMod","Colored Map","Custom Start","DeckTracker","Keyboard Shortcuts","Minty Spire (QoL Compilation)","Permanent Neow","Quick Restart","StSLib","SuperFastMode","everything is the same but u backflip on backflip"],"gold_per_floor":[19,19,40,40,59,59,80,80,105,105,105,175,225,246,246,336,336,352,402,153,203,103,103,128,128,128],"floor_reached":25,"language":"KOR","playtime":695,"items_purged":["Defend_R","Bite"],"score":388,"play_id":"97181047-0489-4583-995d-6f6d694ca538","local_time":"20210212051831","is_ascension_mode":true,"campfire_choices":[{"data":"Perfected Strike","floor":6.0,"key":"SMITH"},{"data":"Demon Form","floor":8.0,"key":"SMITH"},{"data":"Power Through","floor":10.0,"key":"SMITH"},{"floor":15.0,"key":"REST"},{"data":"Dark Embrace","floor":23.0,"key":"SMITH"}],"circlet_count":0,"master_deck":["AscendersBane","Defend_R","Defend_R","Defend_R","Bash+1","Demon Form+1","Second Wind+1","Perfected Strike+1","Power Through+1","Anger","Evolve+1","Body Slam","Pummel","Bite","Bite","Bite","Bite","Dark Embrace+1","Dark Shackles"],"relics":["Burning Blood","Golden Idol","Whetstone","SsserpentHead","Sozu"],"acts_visited":["Exordium","TheCity"],"potions_floor_usage":[25],"damage_taken":[{"damage":11.0,"enemies":"Jaw Worm","floor":1.0,"turns":6.0},{"damage":9.0,"enemies":"2 Louse","floor":3.0,"turns":4.0},{"damage":1.0,"enemies":"Cultist","floor":5.0,"turns":3.0},{"damage":16.0,"enemies":"Blue Slaver","floor":7.0,"turns":4.0},{"damage":10.0,"enemies":"Exordium Thugs","floor":12.0,"turns":4.0},{"damage":11.0,"enemies":"Gremlin Gang","floor":14.0,"turns":4.0},{"damage":12.0,"enemies":"Slime Boss","floor":16.0,"turns":11.0},{"damage":43.0,"enemies":"Spheric Guardian","floor":18.0,"turns":6.0},{"damage":5.0,"enemies":"3 Byrds","floor":24.0,"turns":6.0},{"damage":53,"enemies":"Slavers","floor":25,"turns":4}],"seed_played":"-6709946725549516741","potions_obtained":[{"floor":3.0,"key":"BlessingOfTheForge"},{"floor":7.0,"key":"SpeedPotion"},{"floor":12.0,"key":"DuplicationPotion"},{"floor":16.0,"key":"SkillPotion"}],"is_trial":false,"path_per_floor":["M","?","M","?","M","R","M","R","T","R","?","M","?","M","R","B",null,"M","?","$","?","$","R","M","E"],"character_chosen":"IRONCLAD","items_purchased":["Dark Embrace","Dark Shackles"],"campfire_rested":1,"item_purchase_floors":[20,20],"current_hp_per_floor":[63,63,60,40,45,45,35,35,35,35,35,31,31,26,46,40,61,24,24,24,57,57,57,57,12,12],"gold":128,"neow_bonus":"THREE_RARE_CARDS","is_daily":false,"chose_seed":false,"campfire_upgraded":4,"win_rate":0.0,"timestamp":1613074711,"path_taken":["M","?","M","?","M","R","M","R","T","R","?","?","?","M","R","BOSS","M","?","$","?","$","R","M","E"],"items_purchased_type":["Card","Card"],"build_version":"2020-12-22","purchased_purges":2,"victory":false,"max_hp_per_floor":[75,68,68,68,68,68,68,68,68,68,68,68,68,68,68,68,68,68,47,47,57,57,57,57,57,57],"card_choices":[{"not_picked":["Offering","Berserk"],"picked":"Demon Form","floor":0.0},{"not_picked":["Clothesline","Heavy Blade"],"picked":"Second Wind","floor":1.0},{"not_picked":["Havoc","Clash"],"picked":"Perfected Strike","floor":3.0},{"not_picked":["Pommel Strike","Wild Strike"],"picked":"Power Through","floor":5.0},{"not_picked":["Rupture","Warcry"],"picked":"Anger","floor":7.0},{"not_picked":["Intimidate","Flex"],"picked":"Evolve","floor":12.0},{"not_picked":["Flex","Clash"],"picked":"Body Slam","floor":14.0},{"not_picked":["Brutality","Fiend Fire"],"picked":"Limit Break","floor":16.0},{"not_picked":["Blood for Blood","Heavy Blade"],"picked":"Pummel","floor":18.0},{"not_picked":["Blood for Blood","Sentinel","Cleave"],"picked":"SKIP","floor":24.0}],"player_experience":429499,"relics_obtained":[{"floor":9.0,"key":"Whetstone"}],"event_choices":[{"damage_healed":0.0,"max_hp_gain":0.0,"max_hp_loss":7.0,"gold_gain":0.0,"event_name":"Golden Idol","player_choice":"Lose Max HP","floor":2.0,"gold_loss":0.0,"damage_taken":0.0,"relics_obtained":["Golden Idol"]},{"damage_healed":0.0,"max_hp_gain":0.0,"max_hp_loss":0.0,"gold_gain":0.0,"event_name":"Shining Light","player_choice":"Entered Light","floor":4.0,"gold_loss":0.0,"damage_taken":20.0,"cards_upgraded":["Second Wind","Strike_R"]},{"damage_healed":0.0,"max_hp_gain":0.0,"max_hp_loss":0.0,"gold_gain":0.0,"event_name":"FaceTrader","player_choice":"Trade","floor":11.0,"gold_loss":0.0,"damage_taken":0.0,"relics_obtained":["SsserpentHead"]},{"damage_healed":0.0,"max_hp_gain":0.0,"max_hp_loss":0.0,"gold_gain":0.0,"event_name":"Upgrade Shrine","player_choice":"Upgraded","floor":13.0,"gold_loss":0.0,"damage_taken":0.0,"cards_upgraded":["Evolve"]},{"damage_healed":0.0,"max_hp_gain":0.0,"max_hp_loss":21.0,"gold_gain":0.0,"event_name":"Vampires","player_choice":"Became a vampire","floor":19.0,"gold_loss":0.0,"damage_taken":0.0,"cards_obtained":["Bite","Bite","Bite","Bite","Bite"]},{"cards_removed":["Limit Break"],"damage_healed":23.0,"max_hp_gain":10.0,"max_hp_loss":0.0,"gold_gain":0.0,"event_name":"Bonfire Elementals","player_choice":"Offered Rare","floor":21.0,"gold_loss":0.0,"damage_taken":0.0}],"is_beta":false,"boss_relics":[{"not_picked":["Snecko Eye","Pandora\u0027s Box"],"picked":"Sozu"}],"items_purged_floors":[20,22],"is_endless":false,"potions_floor_spawned":[3,7,12,16,18,24],"killed_by":"Slavers","ascension_level":18}}