{"host":"8is2j71l4wmybkoi","time":1613043617,"event":{"mods":["AchievementEnabler","BaseMod","Colored Map","Minty Spire (QoL Compilation)","Rare Cards Sparkle","StSLib","SuperFastMode"],"gold_per_floor":[116,96,115,128,138,166,166,178,178,178,15,15,15,39,39,132,132,147,147,87,87],"floor_reached":20,"language":"KOR","playtime":509,"items_purged":[],"score":305,"play_id":"63a943cb-085a-455a-8fd6-dc1a5fa11d3b","local_time":"20210211204017","is_ascension_mode":true,"campfire_choices":[{"floor":7,"key":"REST"},{"floor":13,"key":"RECALL"},{"floor":15,"key":"REST"}],"circlet_count":0,"master_deck":["AscendersBane","Strike_B","Strike_B","Strike_B","Defend_B","Defend_B","Defend_B","Zap","Dualcast","Doom and Gloom","Sweeping Beam","Gash","Beam Cell","Echo Form","Rebound","Gash","Apotheosis+1","Core Surge","Electrodynamics","Reinforced Body","Fission"],"relics":["Cracked Core","Toy Ornithopter","Golden Idol","Empty Cage"],"acts_visited":["Exordium","TheCity"],"potions_floor_usage":[6,6],"damage_taken":[{"damage":2,"enemies":"2 Louse","floor":1,"turns":2},{"damage":1,"enemies":"Cultist","floor":3,"turns":3},{"damage":7,"enemies":"Jaw Worm","floor":4,"turns":3},{"damage":24,"enemies":"Exordium Thugs","floor":5,"turns":4},{"damage":25,"enemies":"3 Sentries","floor":6,"turns":5},{"damage":0,"enemies":"Large Slime","floor":8,"turns":3},{"damage":15,"enemies":"Red Slaver","floor":14,"turns":4},{"damage":26,"enemies":"The Guardian","floor":16,"turns":10},{"damage":15,"enemies":"3 Byrds","floor":18,"turns":4},{"damage":34,"enemies":"2 Thieves","floor":20,"turns":2}],"seed_played":"-3319090912129927960","potions_obtained":[{"floor":1,"key":"PowerPotion"},{"floor":2,"key":"FearPotion"},{"floor":18,"key":"Swift Potion"}],"is_trial":false,"path_per_floor":["M","?","M","M","M","E","R","M","T","?","$","?","R","M","R","B",null,"M","?","M"],"character_chosen":"DEFECT","items_purchased":["Apotheosis"],"campfire_rested":2,"item_purchase_floors":[11],"current_hp_per_floor":[62,62,61,54,30,5,26,26,26,26,26,26,26,11,30,4,49,34,34,0,0],"gold":87,"neow_bonus":"THREE_CARDS","is_daily":false,"chose_seed":false,"campfire_upgraded":0,"win_rate":0.0,"timestamp":1613043617,"path_taken":["M","?","M","M","?","E","R","M","T","?","?","?","R","M","R","BOSS","M","?","?"],"items_purchased_type":["Card"],"build_version":"2020-12-22","purchased_purges":0,"victory":false,"max_hp_per_floor":[71,71,71,71,71,71,71,71,71,64,64,64,64,64,64,64,64,64,64,64,64],"card_choices":[{"not_picked":["Leap","Steam"],"picked":"Doom and Gloom","floor":0},{"not_picked":["Fusion","Gash"],"picked":"Sweeping Beam","floor":1},{"not_picked":["Steam","Sweeping Beam"],"picked":"Gash","floor":3},{"not_picked":["Steam","Redo"],"picked":"Beam Cell","floor":4},{"not_picked":["BootSequence","Gash"],"picked":"Echo Form","floor":5},{"not_picked":["Leap","Barrage"],"picked":"Rebound","floor":6},{"not_picked":["Streamline","Rebound"],"picked":"Gash","floor":8},{"not_picked":["Redo","Barrage"],"picked":"Core Surge","floor":14},{"not_picked":["Creative AI","Thunder Strike"],"picked":"Electrodynamics","floor":16},{"not_picked":["Rebound+1","Ball Lightning"],"picked":"Reinforced Body","floor":18}],"player_experience":1139605,"relics_obtained":[{"floor":6,"key":"Toy Ornithopter"}],"event_choices":[{"damage_healed":0,"gold_gain":0,"player_choice":"Bought 1 Potion","damage_taken":0,"max_hp_gain":0,"max_hp_loss":0,"event_name":"The Woman in Blue","floor":2,"gold_loss":0},{"damage_healed":0,"gold_gain":0,"player_choice":"Lose Max HP","damage_taken":0,"relics_obtained":["Golden Idol"],"max_hp_gain":0,"max_hp_loss":7,"event_name":"Golden Idol","floor":10,"gold_loss":0},{"damage_healed":0,"gold_gain":0,"player_choice":"Upgraded","damage_taken":0,"max_hp_gain":0,"max_hp_loss":0,"event_name":"Upgrade Shrine","floor":12,"gold_loss":0,"cards_upgraded":["Apotheosis"]},{"damage_healed":0,"gold_gain":0,"player_choice":"1 cards matched","damage_taken":0,"max_hp_gain":0,"max_hp_loss":0,"event_name":"Match and Keep!","floor":19,"gold_loss":0,"cards_obtained":["Fission"]}],"is_beta":false,"boss_relics":[{"not_picked":["SlaversCollar","Coffee Dripper"],"picked":"Empty Cage"}],"items_purged_floors":[],"is_endless":false,"potions_floor_spawned":[1,4,18],"killed_by":"2 Thieves","ascension_level":15}}