{"host":"ow66nzv2xecjoor3","time":1613027188,"event":{"mods":["BaseMod","Bestiary","Block Reminder","Colored Powertips","Curses Come First","Highlight Path","Keyboard Shortcuts","Minty Spire (QoL Compilation)","Permanent Neow","Relic Stats","StSLib","UnlockEverythingMod"],"gold_per_floor":[18,18,37,54,74,74,107,107,158,178,103,123,135,153,153,227,227,237,287,305,323,60,91,41,55,55,81,108,32,32,32],"floor_reached":30,"language":"ENG","playtime":1114,"items_purged":["Strike_B","Strike_B","Strike_B"],"score":598,"play_id":"4b477c47-7d86-490b-ae26-76facd464dd3","local_time":"20210211010628","is_ascension_mode":true,"campfire_choices":[{"data":"Doom and Gloom","floor":6,"key":"SMITH"},{"data":"Multi-Cast","floor":8,"key":"SMITH"},{"data":"Lockon","floor":15,"key":"SMITH"}],"circlet_count":0,"master_deck":["AscendersBane","Defend_B","Defend_B","Defend_B","Defend_B","Zap","Dualcast","Streamline","Cold Snap","Multi-Cast+1","Doom and Gloom+1","Loop","White Noise","Lockon+1","Rainbow","Fission","Hologram","Capacitor","Biased Cognition","Sweeping Beam+1","Recycle","Defragment","BootSequence"],"relics":["Cracked Core","FossilizedHelix","Meat on the Bone","Akabeko","Coffee Dripper","Orrery","Smiling Mask","Regal Pillow","MawBank"],"acts_visited":["Exordium","TheCity"],"potions_floor_usage":[5,13,16,21,25,28],"damage_taken":[{"damage":0,"enemies":"2 Louse","floor":1,"turns":3},{"damage":0,"enemies":"Cultist","floor":3,"turns":3},{"damage":0,"enemies":"Jaw Worm","floor":4,"turns":3},{"damage":27,"enemies":"Exordium Thugs","floor":5,"turns":4},{"damage":0,"enemies":"Gremlin Nob","floor":7,"turns":3},{"damage":8,"enemies":"Exordium Wildlife","floor":10,"turns":5},{"damage":0,"enemies":"Blue Slaver","floor":12,"turns":2},{"damage":8,"enemies":"Large Slime","floor":13,"turns":8},{"damage":0,"enemies":"2 Fungi Beasts","floor":14,"turns":2},{"damage":24,"enemies":"Slime Boss","floor":16,"turns":8},{"damage":16,"enemies":"2 Thieves","floor":18,"turns":4},{"damage":0,"enemies":"Shell Parasite","floor":20,"turns":2},{"damage":1,"enemies":"Cultist and Chosen","floor":21,"turns":5},{"damage":21,"enemies":"Book of Stabbing","floor":23,"turns":3},{"damage":16,"enemies":"Snake Plant","floor":25,"turns":2},{"damage":26,"enemies":"Slavers","floor":28,"turns":3},{"damage":20,"enemies":"3 Cultists","floor":30,"turns":3}],"seed_played":"2932127994622974068","potions_obtained":[{"floor":3,"key":"Strength Potion"},{"floor":4,"key":"Weak Potion"},{"floor":5,"key":"GamblersBrew"},{"floor":12,"key":"Swift Potion"},{"floor":14,"key":"BlessingOfTheForge"},{"floor":16,"key":"GamblersBrew"},{"floor":18,"key":"DistilledChaos"},{"floor":23,"key":"LiquidBronze"},{"floor":25,"key":"PowerPotion"}],"is_trial":false,"path_per_floor":["M","?","M","M","M","R","E","R","T","M","$","M","M","M","R","B",null,"M","?","M","M","$","E","$","M","T","T","E","$","M"],"character_chosen":"DEFECT","items_purchased":["Orrery","BootSequence"],"campfire_rested":0,"item_purchase_floors":[22,29],"current_hp_per_floor":[64,64,64,64,37,37,37,37,37,41,41,41,45,45,45,33,62,46,46,46,45,45,36,36,32,32,32,18,18,0,0],"gold":32,"neow_bonus":"ONE_RARE_RELIC","is_daily":false,"chose_seed":false,"campfire_upgraded":3,"win_rate":0.0,"timestamp":1613027188,"path_taken":["M","?","M","?","M","R","E","R","T","M","?","M","M","M","R","BOSS","M","?","M","M","$","E","?","M","T","?","E","?","M"],"items_purchased_type":["Relic","Card"],"build_version":"2020-12-22","purchased_purges":3,"victory":false,"max_hp_per_floor":[71,71,71,71,71,71,71,71,71,71,71,71,71,71,71,71,71,71,71,71,71,71,71,71,71,71,71,71,71,71,71],"relic_stats":{"Regal Pillow":0,"counters":[17,63],"Smiling Mask":75,"MawBank":12,"obtain_stats":[{"Regal Pillow":27,"Orrery":22,"Coffee Dripper":17,"Cracked Core":0,"Smiling Mask":23,"MawBank":28,"FossilizedHelix":0,"Akabeko":9,"Meat on the Bone":7},{"Regal Pillow":15,"Orrery":13,"Coffee Dripper":10,"Cracked Core":0,"Smiling Mask":14,"MawBank":16,"FossilizedHelix":0,"Akabeko":5,"Meat on the Bone":5},{"Regal Pillow":57,"Orrery":52,"Coffee Dripper":41,"Cracked Core":0,"Smiling Mask":55,"MawBank":60,"FossilizedHelix":0,"Akabeko":16,"Meat on the Bone":16}],"Meat on the Bone":72},"card_choices":[{"not_picked":["Redo","Gash"],"picked":"Streamline","floor":1},{"not_picked":["Leap","Barrage"],"picked":"Cold Snap","floor":3},{"not_picked":["Turbo","Stack"],"picked":"Multi-Cast","floor":4},{"not_picked":["Sunder","Streamline"],"picked":"Doom and Gloom","floor":5},{"not_picked":["Creative AI","Meteor Strike"],"picked":"Loop","floor":7},{"not_picked":["Double Energy","Turbo"],"picked":"White Noise","floor":12},{"not_picked":["Skim","Ball Lightning"],"picked":"Lockon","floor":13},{"not_picked":["Steam","Barrage"],"picked":"Rainbow","floor":14},{"not_picked":["Buffer","Thunder Strike"],"picked":"Fission","floor":16},{"not_picked":["Static Discharge","Gash"],"picked":"Hologram","floor":18},{"not_picked":["Chill","Coolheaded"],"picked":"Capacitor","floor":20},{"not_picked":["Redo","Sunder","Stack"],"picked":"SKIP","floor":21},{"not_picked":["Cold Snap","Compile Driver+1"],"picked":"Biased Cognition","floor":22},{"not_picked":["Gash+1","Coolheaded"],"picked":"Sweeping Beam+1","floor":22},{"not_picked":["Compile Driver","Conserve Battery"],"picked":"Recycle","floor":22},{"not_picked":["Chill","Redo"],"picked":"Defragment","floor":23},{"not_picked":["Tempest","Streamline","Gash"],"picked":"SKIP","floor":25},{"not_picked":["Barrage","Compile Driver","Force Field"],"picked":"SKIP","floor":28}],"player_experience":2838664,"relics_obtained":[{"floor":7,"key":"Meat on the Bone"},{"floor":9,"key":"Akabeko"},{"floor":23,"key":"Smiling Mask"},{"floor":27,"key":"Regal Pillow"},{"floor":28,"key":"MawBank"}],"event_choices":[{"cards_removed":["Strike_B"],"damage_healed":0,"gold_gain":0,"player_choice":"Offered Basic","damage_taken":0,"max_hp_gain":0,"max_hp_loss":0,"event_name":"Bonfire Elementals","floor":2,"gold_loss":0},{"damage_healed":0,"gold_gain":50,"player_choice":"Pray","damage_taken":0,"max_hp_gain":0,"max_hp_loss":0,"event_name":"Golden Shrine","floor":19,"gold_loss":0}],"is_beta":false,"boss_relics":[{"not_picked":["Ectoplasm","Sozu"],"picked":"Coffee Dripper"}],"items_purged_floors":[11,22,24],"is_endless":false,"potions_floor_spawned":[3,4,5,12,14,16,18,23,25],"killed_by":"3 Cultists","ascension_level":20}}