{"host":"vex7walpoxzv48nx","time":1613072190,"event":{"mods":["AchievementEnabler","BaseMod","Highlight Path","Minty Spire (QoL Compilation)","Permanent Neow","Quick Restart","StSLib","UnlockEverythingMod"],"gold_per_floor":[112,129,143,143,155,155,190,190,190,205,223,2,35,47,47,123,123,141,160,75,75,75],"floor_reached":21,"language":"ENG","playtime":2080,"items_purged":["Strike_G"],"score":386,"play_id":"7b6332d5-b871-46c3-835b-e52e3448e54c","local_time":"20210211203630","is_ascension_mode":true,"campfire_choices":[{"data":"Neutralize","floor":6.0,"key":"SMITH"},{"floor":8.0,"key":"REST"},{"data":"Footwork","floor":15.0,"key":"SMITH"}],"circlet_count":0,"master_deck":["AscendersBane","Strike_G","Strike_G","Strike_G","Strike_G","Defend_G","Defend_G","Defend_G","Defend_G","Defend_G","Survivor","Neutralize+1","Underhanded Strike","Skewer+1","Slice","Noxious Fumes","Caltrops","PiercingWail","A Thousand Cuts","Footwork+1","Blade Dance","Crippling Poison","Infinite Blades","Malaise","Dash","Blur"],"relics":["Ring of the Serpent","Happy Flower","Mummified Hand","White Beast Statue","The Courier","Potion Belt"],"acts_visited":["Exordium","TheCity"],"potions_floor_usage":[18,21,21],"damage_taken":[{"damage":6.0,"enemies":"Jaw Worm","floor":1.0,"turns":6.0},{"damage":7.0,"enemies":"Small Slimes","floor":2.0,"turns":4.0},{"damage":0.0,"enemies":"Cultist","floor":3.0,"turns":3.0},{"damage":1.0,"enemies":"3 Louse","floor":5.0,"turns":3.0},{"damage":24.0,"enemies":"3 Sentries","floor":7.0,"turns":7.0},{"damage":1.0,"enemies":"Red Slaver","floor":10.0,"turns":4.0},{"damage":0.0,"enemies":"Looter","floor":11.0,"turns":2.0},{"damage":4.0,"enemies":"Gremlin Nob","floor":13.0,"turns":3.0},{"damage":0.0,"enemies":"Blue Slaver","floor":14.0,"turns":1.0},{"damage":12.0,"enemies":"The Guardian","floor":16.0,"turns":10.0},{"damage":10,"enemies":"3 Byrds","floor":18,"turns":4},{"damage":14,"enemies":"Shell Parasite","floor":19,"turns":5},{"damage":41,"enemies":"Cultist and Chosen","floor":21,"turns":5}],"seed_played":"4165010649722190442","potions_obtained":[{"floor":1.0,"key":"DuplicationPotion"},{"floor":7.0,"key":"Regen Potion"},{"floor":10.0,"key":"FearPotion"},{"floor":11.0,"key":"DistilledChaos"},{"floor":13.0,"key":"Strength Potion"},{"floor":14.0,"key":"Weak Potion"},{"floor":16.0,"key":"SteroidPotion"},{"floor":18,"key":"Explosive Potion"},{"floor":19,"key":"EssenceOfSteel"}],"is_trial":false,"path_per_floor":["M","M","M","?","M","R","E","R","T","M","M","$","E","M","R","B",null,"M","M","?","M"],"character_chosen":"THE_SILENT","items_purchased":["Footwork","Blade Dance","SpeedPotion"],"campfire_rested":1,"item_purchase_floors":[12,12,12],"current_hp_per_floor":[53,46,46,46,45,45,21,40,40,51,51,51,47,47,47,35,58,48,34,34,0,0],"gold":75,"neow_bonus":"RANDOM_COMMON_RELIC","is_daily":false,"chose_seed":false,"campfire_upgraded":2,"win_rate":0.0,"timestamp":1613072190,"path_taken":["M","M","M","?","M","R","E","R","T","M","M","$","E","M","R","BOSS","M","M","?","M"],"items_purchased_type":["Card","Card","Potion"],"build_version":"2020-12-22","purchased_purges":1,"victory":false,"max_hp_per_floor":[66,66,66,66,66,66,66,66,66,66,66,66,66,66,66,66,66,66,66,66,66,66],"card_choices":[{"not_picked":["Blur","Prepared"],"picked":"Underhanded Strike","floor":1.0},{"not_picked":["Escape Plan","Cloak And Dagger"],"picked":"Skewer","floor":2.0},{"not_picked":["Dodge and Roll","Tactician"],"picked":"Slice","floor":3.0},{"not_picked":["Choke","Poisoned Stab"],"picked":"Noxious Fumes","floor":5.0},{"not_picked":["Flying Knee","Catalyst"],"picked":"Caltrops","floor":7.0},{"not_picked":["Underhanded Strike","Flechettes"],"picked":"PiercingWail","floor":10.0},{"not_picked":["Acrobatics","Dodge and Roll"],"picked":"A Thousand Cuts","floor":11.0},{"not_picked":["Cloak And Dagger","Dagger Spray"],"picked":"Crippling Poison","floor":13.0},{"not_picked":["Dodge and Roll","Deflect"],"picked":"Infinite Blades","floor":14.0},{"not_picked":["Corpse Explosion","Glass Knife"],"picked":"Malaise","floor":16.0},{"not_picked":["PiercingWail","Flechettes"],"picked":"Dash","floor":18},{"not_picked":["Slice","Masterful Stab+1"],"picked":"Blur","floor":19}],"player_experience":296590,"relics_obtained":[{"floor":7.0,"key":"Mummified Hand"},{"floor":9.0,"key":"White Beast Statue"},{"floor":13.0,"key":"The Courier"}],"event_choices":[{"damage_healed":0.0,"max_hp_gain":0.0,"max_hp_loss":0.0,"gold_gain":0.0,"event_name":"Living Wall","player_choice":"Grow","floor":4.0,"gold_loss":0.0,"damage_taken":0.0,"cards_upgraded":["Skewer"]},{"damage_healed":0,"gold_gain":0,"player_choice":"Obtained Relic","damage_taken":0,"relics_obtained":["Potion Belt"],"max_hp_gain":0,"max_hp_loss":0,"event_name":"Addict","floor":20,"gold_loss":85}],"is_beta":false,"boss_relics":[{"not_picked":["Pandora\u0027s Box","Calling Bell"],"picked":"Ring of the Serpent"}],"items_purged_floors":[12],"is_endless":false,"potions_floor_spawned":[1,7,10,11,13,14,16,18,19],"killed_by":"Cultist and Chosen","ascension_level":20}}