{"host":"Vegetablebread","time":1613077646,"event":{"mods":["BaseMod","Bestiary","Minty Spire (QoL Compilation)","Relic Stats","Slay the Relics Exporter"],"gold_per_floor":[119,137,150,150,11,36,58,93,116,144,194,206,206,235,235,312,312,330,330,330,350,361,392,409,443,443,475,173,185,24,24,24,102,102,116,128,128,128,138,138,155,155,233,193,220,220,239,256,256,256,256,256,256,1,30,30],"floor_reached":57,"language":"ENG","playtime":16217,"items_purged":["Cleave"],"score":2740,"play_id":"2e30e5bd-6aa7-466c-a2fc-0e217c1903c0","local_time":"20210211130726","is_ascension_mode":true,"campfire_choices":[{"data":"Armaments","floor":13.0,"key":"SMITH"},{"data":"True Grit","floor":15.0,"key":"SMITH"},{"data":"Entrench","floor":32.0,"key":"SMITH"},{"data":"Fiend Fire","floor":40.0,"key":"SMITH"},{"floor":42.0,"key":"REST"},{"floor":46.0,"key":"RECALL"},{"data":"Feel No Pain","floor":49.0,"key":"SMITH"},{"data":"Spot Weakness","floor":53.0,"key":"SMITH"}],"circlet_count":0,"master_deck":["AscendersBane","Defend_R+1","Defend_R","Defend_R","Defend_R","Bash+1","Armaments+1","Shrug It Off+1","Twin Strike","Clothesline","Spot Weakness+1","Power Through+1","True Grit+1","Sword Boomerang","Barricade","Metallicize+1","Twin Strike+1","Dropkick+1","Thunderclap","Headbutt","Fiend Fire+1","Battle Trance","Feel No Pain+1","Reaper","Entrench+1","Offering","Barricade","Fiend Fire","Second Wind+1","Feel No Pain","Body Slam"],"relics":["Burning Blood","War Paint","Odd Mushroom","Lantern","Pen Nib","Anchor","Champion Belt","Astrolabe","Sundial","Turnip","Happy Flower","Unceasing Top","Matryoshka","Membership Card","Singing Bowl","TheAbacus","Snecko Eye","Meat on the Bone","Darkstone Periapt","Pear","Toolbox","Eternal Feather"],"acts_visited":["Exordium","TheCity","TheBeyond","TheEnding"],"potions_floor_usage":[56],"damage_taken":[{"damage":2.0,"enemies":"Jaw Worm","floor":1.0,"turns":4.0},{"damage":4.0,"enemies":"Small Slimes","floor":2.0,"turns":4.0},{"damage":4.0,"enemies":"2 Louse","floor":3.0,"turns":2.0},{"damage":10.0,"enemies":"Gremlin Nob","floor":6.0,"turns":3.0},{"damage":5.0,"enemies":"The Mushroom Lair","floor":7.0,"turns":5.0},{"damage":17.0,"enemies":"3 Sentries","floor":8.0,"turns":8.0},{"damage":0.0,"enemies":"Gremlin Nob","floor":10.0,"turns":3.0},{"damage":0.0,"enemies":"Red Slaver","floor":12.0,"turns":2.0},{"damage":28.0,"enemies":"Lagavulin","floor":14.0,"turns":6.0},{"damage":19.0,"enemies":"The Guardian","floor":16.0,"turns":10.0},{"damage":0.0,"enemies":"Chosen","floor":18.0,"turns":9.0},{"damage":4.0,"enemies":"3 Byrds","floor":21.0,"turns":7.0},{"damage":0.0,"enemies":"Cultist and Chosen","floor":22.0,"turns":9.0},{"damage":31.0,"enemies":"Slavers","floor":23.0,"turns":5.0},{"damage":3.0,"enemies":"Chosen and Byrds","floor":24.0,"turns":11.0},{"damage":20.0,"enemies":"Gremlin Leader","floor":25.0,"turns":7.0},{"damage":11.0,"enemies":"Book of Stabbing","floor":27.0,"turns":4.0},{"damage":29.0,"enemies":"3 Cultists","floor":29.0,"turns":5.0},{"damage":6.0,"enemies":"Champ","floor":33.0,"turns":15.0},{"damage":15.0,"enemies":"3 Shapes","floor":35.0,"turns":17.0},{"damage":6.0,"enemies":"3 Darklings","floor":36.0,"turns":6.0},{"damage":44.0,"enemies":"Transient","floor":39.0,"turns":6.0},{"damage":34.0,"enemies":"Jaw Worm Horde","floor":41.0,"turns":6.0},{"damage":43.0,"enemies":"Giant Head","floor":45.0,"turns":12.0},{"damage":31.0,"enemies":"Spire Growth","floor":47.0,"turns":5.0},{"damage":5.0,"enemies":"Sphere and 2 Shapes","floor":48.0,"turns":24.0},{"damage":38.0,"enemies":"Awakened One","floor":50.0,"turns":49.0},{"damage":33.0,"enemies":"Donu and Deca","floor":51.0,"turns":30.0},{"damage":30.0,"enemies":"Shield and Spear","floor":55.0,"turns":36.0},{"damage":75,"enemies":"The Heart","floor":56,"turns":15}],"seed_played":"-3143194762788638477","potions_obtained":[{"floor":1.0,"key":"PowerPotion"},{"floor":10.0,"key":"EntropicBrew"},{"floor":12.0,"key":"Fire Potion"},{"floor":16.0,"key":"BlessingOfTheForge"},{"floor":21.0,"key":"BloodPotion"},{"floor":24.0,"key":"SpeedPotion"},{"floor":29.0,"key":"Strength Potion"},{"floor":33.0,"key":"Energy Potion"},{"floor":38.0,"key":"Weak Potion"},{"floor":39.0,"key":"SteroidPotion"},{"floor":41.0,"key":"HeartOfIron"},{"floor":44.0,"key":"AttackPotion"},{"floor":47.0,"key":"DuplicationPotion"},{"floor":48.0,"key":"Swift Potion"}],"is_trial":false,"path_per_floor":["M","M","M","?","$","E","?","E","T","E","?","M","R","E","R","B",null,"M","T","T","M","M","E","M","E","T","E","$","M","$","?","R","B",null,"M","M","?","?","M","R","M","R","T","?","E","R","M","M","R","B","B",null,"R","$","E","B",null],"character_chosen":"IRONCLAD","items_purchased":["Spot Weakness","PowerPotion","Membership Card","Singing Bowl","TheAbacus","Reaper","Ancient Potion","FairyPotion","Toolbox","Feel No Pain"],"campfire_rested":1,"item_purchase_floors":[5,5,28,28,30,30,54,54,54,54],"current_hp_per_floor":[68,68,68,48,48,44,45,34,34,40,40,46,46,24,24,11,54,60,60,60,62,68,43,59,45,45,40,40,19,19,70,70,70,70,72,74,74,74,48,48,33,55,55,55,55,55,42,88,88,56,88,88,88,88,88,31],"gold":30,"neow_bonus":"TRANSFORM_TWO_CARDS","is_daily":false,"chose_seed":false,"campfire_upgraded":6,"win_rate":0.0,"timestamp":1613077646,"path_taken":["M","M","M","?","?","E","?","E","T","E","?","M","R","E","R","BOSS","M","?","?","M","?","E","M","E","T","E","?","M","$","?","R","BOSS","M","M","?","?","M","R","?","R","T","?","E","R","M","M","R","BOSS","BOSS","R","$","E","BOSS"],"items_purchased_type":["Card","Potion","Relic","Relic","Relic","Card","Potion","Potion","Relic","Card"],"build_version":"2020-12-18","purchased_purges":1,"victory":true,"max_hp_per_floor":[68,68,68,68,68,68,68,68,68,68,68,68,68,68,68,68,68,68,68,68,68,68,68,68,68,68,68,68,70,70,70,70,70,70,72,74,74,74,76,76,76,76,76,76,86,86,86,88,88,88,88,88,88,88,88,88],"relic_stats":{"Darkstone Periapt":0,"Happy Flower":[82],"Singing Bowl":10,"counters":[30,325],"Astrolabe":["Metallicize","Twin Strike","Dropkick"],"Eternal Feather":0,"Pen Nib":[36],"War Paint":["Shrug It Off","Power Through"],"Burning Blood":136,"TheAbacus":[864],"Sundial":[100],"Snecko Eye":[316,360,354,393],"Turnip":[13],"Champion Belt":[58],"obtain_stats":[{"Darkstone Periapt":43,"Lantern":8,"Pear":45,"Happy Flower":23,"Singing Bowl":28,"Astrolabe":17,"Eternal Feather":55,"Pen Nib":9,"War Paint":6,"Odd Mushroom":7,"Burning Blood":0,"Anchor":10,"Matryoshka":27,"TheAbacus":30,"Sundial":19,"Snecko Eye":34,"Toolbox":54,"Turnip":20,"Champion Belt":14,"Membership Card":28,"Unceasing Top":25,"Meat on the Bone":43},{"Darkstone Periapt":23,"Lantern":6,"Pear":24,"Happy Flower":14,"Singing Bowl":17,"Astrolabe":10,"Eternal Feather":29,"Pen Nib":6,"War Paint":4,"Odd Mushroom":5,"Burning Blood":0,"Anchor":7,"Matryoshka":17,"TheAbacus":18,"Sundial":11,"Snecko Eye":19,"Toolbox":28,"Turnip":11,"Champion Belt":9,"Membership Card":17,"Unceasing Top":16,"Meat on the Bone":23},{"Darkstone Periapt":154,"Lantern":26,"Pear":166,"Happy Flower":77,"Singing Bowl":99,"Astrolabe":47,"Eternal Feather":310,"Pen Nib":26,"War Paint":13,"Odd Mushroom":18,"Burning Blood":0,"Anchor":29,"Matryoshka":99,"TheAbacus":104,"Sundial":56,"Snecko Eye":119,"Toolbox":274,"Turnip":56,"Champion Belt":37,"Membership Card":99,"Unceasing Top":95,"Meat on the Bone":154}],"Unceasing Top":[19],"Meat on the Bone":24},"card_choices":[{"not_picked":["Heavy Blade","Burning Pact"],"picked":"Cleave","floor":1.0},{"not_picked":["Feel No Pain","Shrug It Off"],"picked":"Twin Strike","floor":2.0},{"not_picked":["Armaments","Cleave"],"picked":"Clothesline","floor":3.0},{"not_picked":["Uppercut","Body Slam"],"picked":"Power Through","floor":6.0},{"not_picked":["Wild Strike","Searing Blow"],"picked":"True Grit","floor":7.0},{"not_picked":["Whirlwind","Anger"],"picked":"Carnage","floor":8.0},{"not_picked":["Wild Strike","Blood for Blood"],"picked":"Entrench","floor":10.0},{"not_picked":["Wild Strike","Anger"],"picked":"Sword Boomerang","floor":12.0},{"not_picked":["Entrench","Exhume","Anger"],"picked":"SKIP","floor":14.0},{"not_picked":["Fiend Fire","Immolate"],"picked":"Barricade","floor":16.0},{"not_picked":["Pommel Strike","Iron Wave"],"picked":"Thunderclap","floor":18.0},{"not_picked":["Rampage","Cleave"],"picked":"Battle Trance+1","floor":21.0},{"not_picked":["Anger","Twin Strike"],"picked":"Headbutt","floor":22.0},{"not_picked":["Cleave","Shrug It Off"],"picked":"Fiend Fire","floor":23.0},{"not_picked":["Warcry","Searing Blow"],"picked":"Battle Trance","floor":24.0},{"not_picked":["Thunderclap","Dark Embrace"],"picked":"Feel No Pain","floor":25.0},{"not_picked":["Cleave","Headbutt","Armaments"],"picked":"SKIP","floor":27.0},{"not_picked":["Havoc","Sword Boomerang","Flex"],"picked":"Singing Bowl","floor":29.0},{"not_picked":["Double Tap","Barricade"],"picked":"Offering","floor":33.0},{"not_picked":["Clothesline+1","Anger+1","Inflame"],"picked":"Singing Bowl","floor":35.0},{"not_picked":["Heavy Blade","Warcry","Thunderclap"],"picked":"Singing Bowl","floor":36.0},{"not_picked":["Blood for Blood","Clash","Thunderclap"],"picked":"Singing Bowl","floor":39.0},{"not_picked":["Intimidate","Body Slam+1"],"picked":"Barricade","floor":41.0},{"not_picked":["Bludgeon","Blood for Blood+1"],"picked":"Fiend Fire","floor":45.0},{"not_picked":["Rage","Iron Wave"],"picked":"Second Wind+1","floor":47.0},{"not_picked":["Warcry+1","Armaments","Metallicize"],"picked":"Singing Bowl","floor":48.0},{"not_picked":["Clothesline","Warcry"],"picked":"Body Slam","floor":55.0}],"player_experience":10487585,"relics_obtained":[{"floor":6.0,"key":"War Paint"},{"floor":7.0,"key":"Odd Mushroom"},{"floor":8.0,"key":"Lantern"},{"floor":9.0,"key":"Pen Nib"},{"floor":10.0,"key":"Anchor"},{"floor":14.0,"key":"Champion Belt"},{"floor":19.0,"key":"Sundial"},{"floor":20.0,"key":"Turnip"},{"floor":23.0,"key":"Happy Flower"},{"floor":25.0,"key":"Unceasing Top"},{"floor":27.0,"key":"Matryoshka"},{"floor":43.0,"key":"Meat on the Bone"},{"floor":43.0,"key":"Darkstone Periapt"},{"floor":45.0,"key":"Pear"},{"floor":55.0,"key":"Eternal Feather"}],"event_choices":[{"damage_healed":0.0,"max_hp_gain":0.0,"max_hp_loss":0.0,"gold_gain":0.0,"event_name":"Shining Light","player_choice":"Entered Light","floor":4.0,"gold_loss":0.0,"damage_taken":20.0,"cards_upgraded":["Defend_R","Bash"]},{"damage_healed":0.0,"max_hp_gain":0.0,"max_hp_loss":0.0,"gold_gain":0.0,"event_name":"Mushrooms","player_choice":"Fought Mushrooms","floor":7.0,"gold_loss":0.0,"damage_taken":0.0},{"damage_healed":0.0,"max_hp_gain":0.0,"max_hp_loss":0.0,"gold_gain":50.0,"event_name":"Golden Shrine","player_choice":"Pray","floor":11.0,"gold_loss":0.0,"damage_taken":0.0},{"cards_removed":["Entrench"],"damage_healed":51.0,"max_hp_gain":0.0,"max_hp_loss":0.0,"gold_gain":0.0,"event_name":"Bonfire Elementals","player_choice":"Offered Uncommon","floor":31.0,"gold_loss":0.0,"damage_taken":0.0},{"cards_removed":["Battle Trance"],"damage_healed":0.0,"max_hp_gain":0.0,"max_hp_loss":0.0,"gold_gain":0.0,"event_name":"Falling","player_choice":"Removed Skill","floor":37.0,"gold_loss":0.0,"damage_taken":0.0},{"damage_healed":0.0,"max_hp_gain":0.0,"max_hp_loss":0.0,"gold_gain":0.0,"event_name":"Lab","player_choice":"Got Potions","floor":38.0,"gold_loss":0.0,"damage_taken":0.0},{"damage_healed":0.0,"max_hp_gain":0.0,"max_hp_loss":0.0,"gold_gain":0.0,"event_name":"The Woman in Blue","player_choice":"Bought 3 Potions","floor":44.0,"gold_loss":0.0,"damage_taken":0.0}],"is_beta":true,"boss_relics":[{"not_picked":["Black Star","Tiny House"],"picked":"Astrolabe"},{"not_picked":["Mark of Pain","Velvet Choker"],"picked":"Snecko Eye"}],"items_purged_floors":[54],"is_endless":false,"potions_floor_spawned":[1,10,12,16,21,22,24,29,33,39,41,47,48],"ascension_level":20}}