{"host":"k7udt7atmcuzf6l0","time":1613010776,"event":{"mods":["AchievementEnabler","BaseMod","BetterRewards","Colored Map","Colored Powertips","Highlight Path","Minty Spire (QoL Compilation)","Quick Restart","Rare Cards Sparkle","Relic Stats","StSLib","UnlockEverythingMod"],"gold_per_floor":[114,114,42,42,58,94,94,94,118,149,149,184,203,216,216,342,342,367,402,425,443,4,4,4,37,118,142,142,157,157,182,182,310,310,324,340,673,690,690,724,694,694,747,760,810,810,246,260,260,260],"floor_reached":51,"language":"ZHS","playtime":2128,"items_purged":["Strike_R"],"score":790,"play_id":"b2b6ce64-a96f-4d34-be18-a20962ddc68e","local_time":"20210211103256","is_ascension_mode":false,"campfire_choices":[{"data":"Berserk","floor":7.0,"key":"SMITH"},{"data":"Body Slam","floor":11.0,"key":"SMITH"},{"data":"Inflame","floor":15.0,"key":"SMITH"},{"data":"Flex","floor":23.0,"key":"SMITH"},{"data":"Whirlwind","floor":28.0,"key":"SMITH"},{"data":"Limit Break","floor":32.0,"key":"SMITH"},{"data":"Shockwave","floor":42,"key":"SMITH"},{"data":"Rage","floor":46,"key":"SMITH"},{"data":"Pummel","floor":49,"key":"SMITH"}],"circlet_count":0,"master_deck":["Defend_R","Defend_R+1","Defend_R+1","Bash","Clash","Whirlwind+1","Body Slam+1","Berserk+1","Rage+1","Inflame+1","Shockwave+1","Headbutt","Limit Break+1","Immolate+1","Battle Trance+1","Fiend Fire+1","Pummel+1","Twin Strike+1","Anger","Flex+1","Clash+1","Flex+1","Shrug It Off+1","Rage+1","Intimidate+1","Shockwave+1","Warcry+1","Heavy Blade+1","Offering+1","Warcry+1","Violence+1","Dark Shackles+1"],"relics":["Burning Blood","NeowsBlessing","Regal Pillow","Akabeko","FossilizedHelix","Art of War","InkBottle","MealTicket","Astrolabe","Red Mask","Membership Card","Magic Flower","Blue Candle","Toxic Egg 2","Bottled Flame","Mark of Pain","Orichalcum","Bag of Marbles","Calipers","War Paint","Lee\u0027s Waffle","Dream Catcher"],"acts_visited":["Exordium","TheCity","TheBeyond"],"potions_floor_usage":[40,44,44,44,48,50,50,50],"damage_taken":[{"damage":0.0,"enemies":"Jaw Worm","floor":1.0,"turns":1.0},{"damage":0.0,"enemies":"2 Louse","floor":5.0,"turns":1.0},{"damage":0.0,"enemies":"Lagavulin","floor":6.0,"turns":1.0},{"damage":7.0,"enemies":"Gremlin Nob","floor":10.0,"turns":4.0},{"damage":0.0,"enemies":"3 Sentries","floor":12.0,"turns":1.0},{"damage":0.0,"enemies":"Cultist","floor":13.0,"turns":2.0},{"damage":0.0,"enemies":"Exordium Wildlife","floor":14.0,"turns":2.0},{"damage":7.0,"enemies":"Slime Boss","floor":16.0,"turns":7.0},{"damage":0.0,"enemies":"2 Thieves","floor":18.0,"turns":2.0},{"damage":0.0,"enemies":"Masked Bandits","floor":19.0,"turns":2.0},{"damage":12.0,"enemies":"3 Byrds","floor":20.0,"turns":3.0},{"damage":6.0,"enemies":"3 Cultists","floor":21.0,"turns":3.0},{"damage":42.0,"enemies":"Slavers","floor":25.0,"turns":4.0},{"damage":0.0,"enemies":"Snake Plant","floor":27.0,"turns":1.0},{"damage":9.0,"enemies":"Centurion and Healer","floor":29.0,"turns":3.0},{"damage":11.0,"enemies":"Snecko","floor":31.0,"turns":4.0},{"damage":23.0,"enemies":"Automaton","floor":33.0,"turns":5.0},{"damage":21,"enemies":"3 Shapes","floor":35,"turns":1},{"damage":0,"enemies":"Orb Walker","floor":36,"turns":2},{"damage":5,"enemies":"Sphere and 2 Shapes","floor":38,"turns":3},{"damage":38,"enemies":"Giant Head","floor":40,"turns":7},{"damage":0,"enemies":"Transient","floor":44,"turns":5},{"damage":0,"enemies":"Mind Bloom Boss Battle","floor":45,"turns":3},{"damage":6,"enemies":"Maw","floor":48,"turns":4},{"damage":60,"enemies":"Time Eater","floor":50,"turns":7}],"seed_played":"-7318900634535535367","potions_obtained":[{"floor":5.0,"key":"LiquidMemories"},{"floor":6.0,"key":"Ancient Potion"},{"floor":12.0,"key":"DistilledChaos"},{"floor":18.0,"key":"CultistPotion"},{"floor":19.0,"key":"LiquidBronze"},{"floor":25.0,"key":"FearPotion"},{"floor":30.0,"key":"Fruit Juice"},{"floor":30.0,"key":"Energy Potion"},{"floor":35,"key":"ColorlessPotion"},{"floor":36,"key":"Strength Potion"},{"floor":41,"key":"BloodPotion"},{"floor":41,"key":"FearPotion"},{"floor":44,"key":"SteroidPotion"},{"floor":45,"key":"ElixirPotion"},{"floor":48,"key":"Fire Potion"}],"is_trial":false,"path_per_floor":["M","?","$","?","M","E","R","?","T","E","R","E","M","M","R","B",null,"M","?","M","M","$","R","?","E","T","M","R","M","?","M","R","B",null,"M","M","?","M","?","E","?","R","T","M","?","R","$","M","R","B",null],"character_chosen":"IRONCLAD","items_purchased":["Whirlwind","Membership Card","Magic Flower","Flex","Blue Candle","War Paint","Lee\u0027s Waffle","Dream Catcher","Offering+1","Warcry+1","Violence+1","Dark Shackles+1","Explosive Potion","LiquidMemories"],"campfire_rested":0,"item_purchase_floors":[3,22,22,22,22,47,47,47,47,47,47,47,47,47],"current_hp_per_floor":[80,73,73,53,59,65,65,65,65,64,64,70,76,80,80,79,80,80,80,74,74,80,80,80,47,47,56,56,56,56,62,62,48,85,73,82,82,85,85,56,56,56,56,85,85,85,92,92,92,41],"gold":260,"neow_bonus":"THREE_ENEMY_KILL","is_daily":false,"chose_seed":false,"campfire_upgraded":9,"win_rate":0.0,"timestamp":1613010776,"path_taken":["M","?","$","?","M","E","R","?","T","E","R","E","M","M","R","BOSS","M","?","M","M","$","R","?","E","T","M","R","?","?","M","R","BOSS","M","M","?","M","?","E","?","R","T","?","?","R","$","M","R","BOSS"],"items_purchased_type":["Card","Relic","Relic","Card","Relic","Relic","Relic","Relic","Card","Card","Card","Card","Potion","Potion"],"build_version":"2020-12-22","purchased_purges":1,"victory":true,"max_hp_per_floor":[80,80,80,80,80,80,80,80,80,80,80,80,80,80,80,80,80,80,80,80,80,80,80,80,80,80,80,80,80,80,85,85,85,85,85,85,85,85,85,85,85,85,85,85,85,85,92,92,92,92],"relic_stats":{"Regal Pillow":0,"Lee\u0027s Waffle":7,"counters":[25,78],"Astrolabe":["Immolate","Battle Trance","Fiend Fire"],"Blue Candle":[0],"Magic Flower":[41],"Orichalcum":[48],"War Paint":["Defend_R","Defend_R"],"Burning Blood":150,"Dream Catcher":0,"MealTicket":6,"Art of War":[5],"obtain_stats":[{"Regal Pillow":2,"Lee\u0027s Waffle":47,"Calipers":45,"NeowsBlessing":0,"Golden Idol":4,"Astrolabe":17,"Blue Candle":22,"Magic Flower":22,"Orichalcum":40,"War Paint":47,"Burning Blood":0,"Akabeko":6,"Bottled Flame":26,"Dream Catcher":47,"MealTicket":12,"Mark of Pain":34,"Art of War":9,"Red Mask":19,"Bag of Marbles":43,"Membership Card":22,"Toxic Egg 2":25,"FossilizedHelix":8,"InkBottle":10},{"Regal Pillow":1,"Lee\u0027s Waffle":23,"Calipers":23,"NeowsBlessing":0,"Golden Idol":1,"Astrolabe":8,"Blue Candle":12,"Magic Flower":12,"Orichalcum":21,"War Paint":23,"Burning Blood":0,"Akabeko":3,"Bottled Flame":13,"Dream Catcher":23,"MealTicket":5,"Mark of Pain":17,"Art of War":3,"Red Mask":10,"Bag of Marbles":21,"Membership Card":12,"Toxic Egg 2":13,"FossilizedHelix":3,"InkBottle":4},{"Regal Pillow":1,"Lee\u0027s Waffle":67,"Calipers":67,"NeowsBlessing":0,"Golden Idol":1,"Astrolabe":19,"Blue Candle":29,"Magic Flower":29,"Orichalcum":59,"War Paint":67,"Burning Blood":0,"Akabeko":3,"Bottled Flame":33,"Dream Catcher":67,"MealTicket":8,"Mark of Pain":46,"Art of War":3,"Red Mask":23,"Bag of Marbles":59,"Membership Card":29,"Toxic Egg 2":33,"FossilizedHelix":3,"InkBottle":7}],"InkBottle":[22]},"card_choices":[{"not_picked":["Searing Blow","Dropkick"],"picked":"Clash","floor":1.0},{"not_picked":["Power Through","Dark Embrace"],"picked":"Body Slam","floor":5.0},{"not_picked":["Body Slam","Heavy Blade"],"picked":"Berserk","floor":6.0},{"not_picked":["Dark Embrace","Disarm"],"picked":"Rage","floor":10.0},{"not_picked":["Barricade","Combust"],"picked":"Inflame","floor":12.0},{"not_picked":["Clash","Wild Strike"],"picked":"Shockwave","floor":13.0},{"not_picked":["True Grit","Iron Wave"],"picked":"Headbutt","floor":14.0},{"not_picked":["Juggernaut","Fiend Fire"],"picked":"Limit Break","floor":16.0},{"not_picked":["Battle Trance","Disarm"],"picked":"Pummel","floor":18.0},{"not_picked":["Carnage+1","Inflame"],"picked":"Twin Strike+1","floor":19.0},{"not_picked":["Clash","Dropkick"],"picked":"Anger","floor":20.0},{"not_picked":["Wild Strike","Searing Blow","Perfected Strike"],"picked":"SKIP","floor":21.0},{"not_picked":["Twin Strike+1","Bludgeon"],"picked":"Clash+1","floor":25.0},{"not_picked":["Clothesline","Sword Boomerang","Perfected Strike"],"picked":"SKIP","floor":27.0},{"not_picked":["Perfected Strike","Sword Boomerang","Evolve"],"picked":"SKIP","floor":29.0},{"not_picked":["Searing Blow","Headbutt"],"picked":"Flex+1","floor":31.0},{"not_picked":["True Grit+1","Perfected Strike+1"],"picked":"Shrug It Off+1","floor":35},{"not_picked":["Headbutt","Shrug It Off+1"],"picked":"Rage+1","floor":36},{"not_picked":["Anger","Thunderclap"],"picked":"Intimidate+1","floor":38},{"not_picked":["Immolate","Headbutt+1"],"picked":"Shockwave+1","floor":40},{"not_picked":["Ghostly Armor+1","Anger+1"],"picked":"Warcry+1","floor":44},{"not_picked":["Fire Breathing","Anger"],"picked":"Heavy Blade+1","floor":45},{"not_picked":["Iron Wave","Wild Strike","Rupture+1"],"picked":"SKIP","floor":48}],"player_experience":93212,"relics_obtained":[{"floor":6.0,"key":"Akabeko"},{"floor":9.0,"key":"Art of War"},{"floor":10.0,"key":"InkBottle"},{"floor":12.0,"key":"MealTicket"},{"floor":19.0,"key":"Red Mask"},{"floor":25.0,"key":"Toxic Egg 2"},{"floor":26.0,"key":"Bottled Flame"},{"floor":40,"key":"Orichalcum"},{"floor":43,"key":"Bag of Marbles"},{"floor":45,"key":"Calipers"}],"event_choices":[{"damage_healed":0.0,"max_hp_gain":0.0,"max_hp_loss":0.0,"gold_gain":0.0,"event_name":"Scrap Ooze","player_choice":"Success","floor":2.0,"gold_loss":0.0,"damage_taken":7.0,"relics_obtained":["Regal Pillow"]},{"damage_healed":0.0,"max_hp_gain":0.0,"max_hp_loss":0.0,"gold_gain":0.0,"event_name":"Golden Idol","player_choice":"Take Damage","floor":4.0,"gold_loss":0.0,"damage_taken":20.0,"relics_obtained":["Golden Idol"]},{"damage_healed":0.0,"max_hp_gain":0.0,"max_hp_loss":0.0,"gold_gain":0.0,"event_name":"Dead Adventurer","player_choice":"Searched \u00272\u0027 times","floor":8.0,"gold_loss":0.0,"damage_taken":0.0,"relics_obtained":["FossilizedHelix"]},{"damage_healed":0.0,"max_hp_gain":0.0,"max_hp_loss":0.0,"gold_gain":0.0,"event_name":"Masked Bandits","player_choice":"Fought Bandits","floor":19.0,"gold_loss":0.0,"damage_taken":0.0},{"cards_removed":["Strike_R"],"damage_healed":0.0,"max_hp_gain":0.0,"max_hp_loss":0.0,"gold_gain":0.0,"event_name":"Bonfire Elementals","player_choice":"Offered Basic","floor":24.0,"gold_loss":0.0,"damage_taken":0.0},{"damage_healed":0.0,"max_hp_gain":0.0,"max_hp_loss":0.0,"gold_gain":0.0,"event_name":"Lab","player_choice":"Got Potions","floor":30.0,"gold_loss":0.0,"damage_taken":0.0},{"damage_healed":0,"gold_gain":333,"player_choice":"Gave Idol","damage_taken":0,"max_hp_gain":0,"max_hp_loss":0,"event_name":"The Moai Head","floor":37,"relics_lost":["Golden Idol"],"gold_loss":0},{"cards_removed":["Strike_R"],"damage_healed":0,"gold_gain":0,"player_choice":"Removed Attack","damage_taken":0,"max_hp_gain":0,"max_hp_loss":0,"event_name":"Falling","floor":39,"gold_loss":0},{"damage_healed":0,"gold_gain":0,"player_choice":"Bought 2 Potions","damage_taken":0,"max_hp_gain":0,"max_hp_loss":0,"event_name":"The Woman in Blue","floor":41,"gold_loss":0},{"damage_healed":0,"gold_gain":0,"player_choice":"Fight","damage_taken":0,"max_hp_gain":0,"max_hp_loss":0,"event_name":"MindBloom","floor":45,"gold_loss":0}],"is_beta":false,"boss_relics":[{"not_picked":["Runic Dome","Cursed Key"],"picked":"Astrolabe"},{"not_picked":["Fusion Hammer","Pandora\u0027s Box"],"picked":"Mark of Pain"}],"items_purged_floors":[47],"is_endless":false,"potions_floor_spawned":[5,6,12,18,19,20,25,35,36,44,45,48],"ascension_level":0}}