{"host":"mgc7o2tpy0ck407l","time":1613052485,"event":{"mods":["Alarm Clock","BaseMod","Better Altar","Better Match","Better Note","Better Sensory Stone","Better Skull","Better Third Choice","Better Vampires","BetterRewards","Block Reminder","Bossed Relics","Challenge The Spire","Colored Map","Colored Powertips","Curses Come First","DeckTracker","Disable Question Mark Monsters","Displayed Cursed Tome","Infinite Spire","Key Reminder","Minty Spire (QoL Compilation)","Permanent Neow","Quick Restart","Rare Cards Sparkle","Relic Sorter","Reliquary","Reorder Act Four","Replay The Spire","Shop Mod","Spicy Shops","StSLib","SuperFastMode","Transform Curses","Unceasing Turn Reminder"],"gold_per_floor":[10,85,85,85,85,85,126,126,126,149,163,177,197,222,222,222,222],"floor_reached":16,"language":"ENG","playtime":450,"items_purged":[],"score":107,"play_id":"48a1afa1-15d4-46db-aa54-51f325bafcb4","local_time":"20210211090805","is_ascension_mode":true,"campfire_choices":[{"floor":6,"key":"REST"},{"data":"Seeing Red","floor":8,"key":"SMITH"},{"data":"Bash","floor":8,"key":"SMITH"},{"floor":15,"key":"REST"}],"circlet_count":0,"master_deck":["Strike_R","Strike_R","Strike_R","Strike_R","Defend_R","Defend_R","Defend_R+1","Defend_R+1","Bash+1","Hemogenesis","Seeing Red+1","Rupture","Shrug It Off"],"relics":["Burning Blood","Golden Idol","Gremlin Food","Replay:Arrowhead","reliquary:PrincelyHelmet"],"acts_visited":["Exordium"],"potions_floor_usage":[13,13],"damage_taken":[{"damage":20,"enemies":"Jaw Worm","floor":1,"turns":7},{"damage":31,"enemies":"Gremlin Nob","floor":7,"turns":5},{"damage":0,"enemies":"2 Louse","floor":10,"turns":3},{"damage":2,"enemies":"Small Slimes","floor":11,"turns":5},{"damage":5,"enemies":"Looter","floor":12,"turns":4},{"damage":30,"enemies":"Gremlin Gang","floor":13,"turns":7},{"damage":40,"enemies":"Exordium Thugs","floor":14,"turns":7},{"damage":59,"enemies":"Fading Forest","floor":16,"turns":7}],"seed_played":"-3591056389226166090","potions_obtained":[{"floor":1,"key":"Swift Potion"},{"floor":11,"key":"Adrenaline Potion"},{"floor":14,"key":"SpeedPotion"}],"is_trial":false,"path_per_floor":["M","?","?","?","T","R","E","R","T","M","M","M","M","M","R","B"],"character_chosen":"IRONCLAD","items_purchased":[],"campfire_rested":2,"item_purchase_floors":[],"current_hp_per_floor":[71,60,53,33,33,57,37,37,37,48,57,63,44,15,39,0,0],"gold":222,"neow_bonus":"THREE_RARE_CARDS","is_daily":false,"chose_seed":false,"campfire_upgraded":2,"win_rate":0.0,"timestamp":1613052485,"path_taken":["M","?","?","?","?","R","E","R","T","M","M","M","M","M","R","BOSS"],"items_purchased_type":[],"build_version":"2020-12-22","purchased_purges":0,"victory":false,"max_hp_per_floor":[80,80,80,80,80,80,80,80,80,80,80,80,80,80,80,80,80],"card_choices":[{"not_picked":["Feed","Reaper"],"picked":"Hemogenesis","floor":0},{"not_picked":["Twin Strike","Anger"],"picked":"Seeing Red","floor":1},{"not_picked":["Heavy Blade","Flex","Replay:Undeath\u0027s Touch"],"picked":"SKIP","floor":7},{"not_picked":["Ghostly Armor","Warcry"],"picked":"Rupture","floor":10},{"not_picked":["Perfected Strike","Feel No Pain","Disarm"],"picked":"SKIP","floor":11},{"not_picked":["Carnage","ReplayTheSpireMod:Limb From Limb"],"picked":"Shrug It Off","floor":12},{"not_picked":["Heavy Blade","Second Wind","Abandon"],"picked":"SKIP","floor":13},{"not_picked":["Searing Blow","Seeing Red","Body Slam"],"picked":"SKIP","floor":14}],"player_experience":765570,"relics_obtained":[{"floor":5,"key":"Gremlin Food"},{"floor":7,"key":"Replay:Arrowhead"},{"floor":9,"key":"reliquary:PrincelyHelmet"}],"event_choices":[{"damage_healed":0,"gold_gain":75,"player_choice":"Gold","damage_taken":11,"max_hp_gain":0,"max_hp_loss":0,"event_name":"betterThird:BetterGoop","floor":2,"gold_loss":0},{"cards_removed":["Strike_R"],"damage_healed":0,"gold_gain":0,"player_choice":"Card Removal","damage_taken":7,"max_hp_gain":0,"max_hp_loss":0,"event_name":"Golden Wing","floor":3,"gold_loss":0},{"damage_healed":0,"gold_gain":0,"player_choice":"Take Damage","damage_taken":20,"relics_obtained":["Golden Idol"],"max_hp_gain":0,"max_hp_loss":0,"event_name":"Golden Idol","floor":4,"gold_loss":0}],"is_beta":false,"boss_relics":[],"items_purged_floors":[],"is_endless":false,"potions_floor_spawned":[1,11,14],"killed_by":"Fading Forest","ascension_level":1}}