{"host":"8eqe2o2g03nh9rfw","time":1613072328,"event":{"mods":["AchievementEnabler","AlwaysNeverKeys","BaseMod","Better Third Choice","Block Reminder","Colored Map","Colored Powertips","GifTheSpireLib","Minty Spire (QoL Compilation)","Permanent Neow","Quick Restart","StSLib","Weighted Paths"],"gold_per_floor":[118,137,42,42,42,42,71,71,98,112,112,140,140,150,150,150,150],"floor_reached":16,"language":"ENG","playtime":939,"items_purged":[],"score":133,"play_id":"6c3c695c-8e39-4e46-86e9-8331f98aaa88","local_time":"20210211143848","is_ascension_mode":false,"campfire_choices":[{"data":"Trip","floor":6,"key":"SMITH"},{"floor":13,"key":"REST"},{"data":"Wraith Form v2","floor":15,"key":"SMITH"}],"circlet_count":0,"master_deck":["Strike_G","Strike_G","Strike_G","Strike_G","Strike_G","Defend_G","Defend_G","Defend_G","Defend_G+1","Defend_G+1","Survivor","Neutralize","Backstab+1","Blade Dance","Trip+1","Burn","Slice","Battle Trance","Poisoned Stab","Masterful Stab","Wraith Form v2+1","Leg Sweep"],"relics":["Ring of the Snake","War Paint","Torii","Dream Catcher","PreservedInsect","InkBottle"],"acts_visited":["Exordium"],"potions_floor_usage":[7,16,16],"damage_taken":[{"damage":0,"enemies":"Cultist","floor":1,"turns":4},{"damage":1,"enemies":"2 Louse","floor":2,"turns":2},{"damage":16,"enemies":"Lagavulin","floor":7,"turns":7},{"damage":0,"enemies":"Small Slimes","floor":10,"turns":2},{"damage":0,"enemies":"Gremlin Nob","floor":12,"turns":2},{"damage":0,"enemies":"Looter","floor":14,"turns":1},{"damage":65,"enemies":"The Guardian","floor":16,"turns":13}],"seed_played":"4831988051604615296","potions_obtained":[{"floor":1,"key":"Dexterity Potion"},{"floor":7,"key":"PowerPotion"},{"floor":10,"key":"Energy Potion"}],"is_trial":false,"path_per_floor":["M","M","$","?","?","R","E","?","T","M","?","E","R","M","R","B"],"character_chosen":"THE_SILENT","items_purchased":["Trip"],"campfire_rested":1,"item_purchase_floors":[3],"current_hp_per_floor":[70,69,69,69,69,69,53,44,44,44,44,44,65,65,65,0,0],"gold":150,"neow_bonus":"RANDOM_COMMON_RELIC","is_daily":false,"chose_seed":false,"campfire_upgraded":2,"win_rate":0.0,"timestamp":1613072328,"path_taken":["M","?","$","?","?","R","E","?","T","?","?","E","R","M","R","BOSS"],"items_purchased_type":["Card"],"build_version":"2020-12-22","purchased_purges":0,"victory":false,"max_hp_per_floor":[70,70,70,70,70,70,70,70,70,70,70,70,70,70,70,70,70],"card_choices":[{"not_picked":["Endless Agony","Quick Slash"],"picked":"Backstab","floor":1},{"not_picked":["Tactician","Crippling Poison"],"picked":"Blade Dance","floor":2},{"not_picked":["Flechettes","Dodge and Roll"],"picked":"Slice","floor":7},{"not_picked":["Leg Sweep","Slice"],"picked":"Poisoned Stab","floor":10},{"not_picked":["All Out Attack","Deflect"],"picked":"Masterful Stab","floor":12},{"not_picked":["Deadly Poison","Dagger Throw"],"picked":"Wraith Form v2","floor":13},{"not_picked":["Flechettes","Bane"],"picked":"Leg Sweep","floor":14}],"player_experience":108633,"relics_obtained":[{"floor":7,"key":"Torii"},{"floor":9,"key":"PreservedInsect"},{"floor":12,"key":"InkBottle"}],"event_choices":[{"damage_healed":69,"gold_gain":0,"player_choice":"Embrace Burn","damage_taken":0,"max_hp_gain":0,"max_hp_loss":70,"event_name":"betterThird:BetterShining","floor":4,"gold_loss":0},{"damage_healed":0,"gold_gain":0,"player_choice":"Grow","damage_taken":0,"max_hp_gain":0,"max_hp_loss":0,"event_name":"Living Wall","floor":5,"gold_loss":0,"cards_upgraded":["Backstab"]},{"damage_healed":0,"gold_gain":0,"player_choice":"Ignored","damage_taken":0,"max_hp_gain":0,"max_hp_loss":0,"event_name":"NoteForYourself","floor":11,"gold_loss":0}],"is_beta":false,"boss_relics":[],"items_purged_floors":[],"is_endless":false,"potions_floor_spawned":[1,7,10],"killed_by":"The Guardian","ascension_level":0}}