{"host":"4gkev1dtxxhiue3x","time":1613062507,"event":{"mods":["AchievementEnabler","BaseMod","Colored Powertips","Minty Spire (QoL Compilation)","Relic Stats","StSLib"],"gold_per_floor":[115,133,133,103,113,147,159,190,202,232,263,275,317,346,358,467,479,503,515,626,655,495,495,495],"floor_reached":23,"language":"ENG","playtime":2068,"items_purged":["Strike_G"],"score":223,"play_id":"2d2d943e-855e-4d70-924e-7281e9e30397","local_time":"20210211175507","is_ascension_mode":true,"campfire_choices":[{"floor":7,"key":"REST"},{"data":"Noxious Fumes","floor":15,"key":"SMITH"}],"circlet_count":0,"master_deck":["Strike_G","Defend_G","Defend_G","Defend_G","Defend_G","Survivor","Neutralize","Cloak And Dagger","Dagger Throw","Sucker Punch","Deflect","Dagger Spray","Burst","Cloak And Dagger","Noxious Fumes+1","Deadly Poison","A Thousand Cuts","Blur+1","All Out Attack+1","Noxious Fumes+1","Deadly Poison","Catalyst","Catalyst","Blade Dance","Infinite Blades"],"relics":["Ring of the Snake","NeowsBlessing","MawBank","Ninja Scroll","Singing Bowl","Tiny Chest","Astrolabe"],"acts_visited":["Exordium","TheCity"],"potions_floor_usage":[10,13,13,23,23],"damage_taken":[{"damage":0,"enemies":"Small Slimes","floor":1,"turns":1},{"damage":0,"enemies":"2 Louse","floor":2,"turns":1},{"damage":0,"enemies":"Cultist","floor":5,"turns":1},{"damage":33,"enemies":"Lagavulin","floor":6,"turns":9},{"damage":0,"enemies":"Blue Slaver","floor":8,"turns":5},{"damage":6,"enemies":"Large Slime","floor":10,"turns":3},{"damage":0,"enemies":"3 Louse","floor":11,"turns":3},{"damage":12,"enemies":"Gremlin Nob","floor":13,"turns":4},{"damage":0,"enemies":"2 Fungi Beasts","floor":14,"turns":2},{"damage":38,"enemies":"Hexaghost","floor":16,"turns":10},{"damage":4,"enemies":"Chosen","floor":18,"turns":5},{"damage":28,"enemies":"Shell Parasite","floor":21,"turns":7},{"damage":38,"enemies":"Book of Stabbing","floor":23,"turns":4}],"seed_played":"-4903774795204018994","potions_obtained":[{"floor":1,"key":"Poison Potion"},{"floor":4,"key":"Swift Potion"},{"floor":4,"key":"LiquidBronze"},{"floor":6,"key":"Energy Potion"},{"floor":8,"key":"Fire Potion"},{"floor":10,"key":"FairyPotion"},{"floor":13,"key":"EssenceOfSteel"},{"floor":21,"key":"Energy Potion"}],"is_trial":false,"path_per_floor":["M","M","?","?","M","E","R","M","T","M","M","?","E","M","R","B",null,"M","?","?","M","$","E"],"character_chosen":"THE_SILENT","items_purchased":["Blade Dance","Infinite Blades"],"campfire_rested":1,"item_purchase_floors":[22,22],"current_hp_per_floor":[70,70,63,63,63,30,51,51,51,45,45,38,26,26,26,9,70,66,66,66,38,38,0,0],"gold":495,"neow_bonus":"THREE_ENEMY_KILL","is_daily":false,"chose_seed":false,"campfire_upgraded":1,"win_rate":0.0,"timestamp":1613062507,"path_taken":["M","M","?","?","?","E","R","M","T","M","M","?","E","M","R","BOSS","M","?","?","M","?","E"],"items_purchased_type":["Card","Card"],"build_version":"2020-12-22","purchased_purges":1,"victory":false,"max_hp_per_floor":[70,70,70,70,70,70,70,70,70,70,70,70,70,70,70,70,70,70,70,70,70,70,70,70],"relic_stats":{"Singing Bowl":0,"counters":[13,55],"Astrolabe":["Blur","All Out Attack","Noxious Fumes"],"Tiny Chest":0,"MawBank":192,"obtain_stats":[{"NeowsBlessing":0,"Singing Bowl":12,"Ninja Scroll":9,"Astrolabe":17,"Tiny Chest":13,"MawBank":6,"Ring of the Snake":0},{"NeowsBlessing":0,"Singing Bowl":7,"Ninja Scroll":5,"Astrolabe":10,"Tiny Chest":8,"MawBank":4,"Ring of the Snake":0},{"NeowsBlessing":0,"Singing Bowl":23,"Ninja Scroll":17,"Astrolabe":39,"Tiny Chest":27,"MawBank":12,"Ring of the Snake":0}],"Ring of the Snake":[26]},"card_choices":[{"not_picked":["All Out Attack","Deadly Poison"],"picked":"Cloak And Dagger","floor":1},{"not_picked":["Leg Sweep","Catalyst"],"picked":"Dagger Throw","floor":2},{"not_picked":["Dagger Throw","Bane"],"picked":"Sucker Punch","floor":5},{"not_picked":["Dagger Throw","Skewer"],"picked":"Deflect","floor":6},{"not_picked":["Predator","Deadly Poison"],"picked":"Dagger Spray","floor":8},{"not_picked":["Endless Agony","Dagger Throw"],"picked":"Burst","floor":10},{"not_picked":["Bane","Eviscerate"],"picked":"Cloak And Dagger","floor":11},{"not_picked":["Tactician","Heel Hook"],"picked":"Noxious Fumes","floor":13},{"not_picked":["Bane","Deflect"],"picked":"Deadly Poison","floor":14},{"not_picked":["Malaise","Glass Knife"],"picked":"A Thousand Cuts","floor":16},{"not_picked":["Dagger Spray","Dagger Throw"],"picked":"Deadly Poison","floor":18},{"not_picked":["Heel Hook","Poisoned Stab"],"picked":"Catalyst","floor":21}],"player_experience":123133,"relics_obtained":[{"floor":6,"key":"MawBank"},{"floor":9,"key":"Ninja Scroll"},{"floor":13,"key":"Tiny Chest"}],"event_choices":[{"cards_removed":["Strike_G"],"damage_healed":0,"gold_gain":0,"player_choice":"Card Removal","damage_taken":7,"max_hp_gain":0,"max_hp_loss":0,"event_name":"Golden Wing","floor":3,"gold_loss":0},{"damage_healed":0,"gold_gain":0,"player_choice":"Bought 2 Potions","damage_taken":0,"max_hp_gain":0,"max_hp_loss":0,"event_name":"The Woman in Blue","floor":4,"gold_loss":0},{"damage_healed":0,"gold_gain":0,"player_choice":"Success","damage_taken":7,"relics_obtained":["Singing Bowl"],"max_hp_gain":0,"max_hp_loss":0,"event_name":"Scrap Ooze","floor":12,"gold_loss":0},{"damage_healed":0,"gold_gain":0,"player_choice":"Read","damage_taken":0,"max_hp_gain":0,"max_hp_loss":0,"event_name":"The Library","floor":19,"gold_loss":0,"cards_obtained":["Catalyst"]},{"damage_healed":0,"gold_gain":99,"player_choice":"Stole From Cult","damage_taken":0,"max_hp_gain":0,"max_hp_loss":0,"event_name":"Nest","floor":20,"gold_loss":0}],"is_beta":false,"boss_relics":[{"not_picked":["Empty Cage","Runic Dome"],"picked":"Astrolabe"}],"items_purged_floors":[22],"is_endless":false,"potions_floor_spawned":[1,6,8,10,13,21],"killed_by":"Book of Stabbing","ascension_level":2}}