{"host":"06h77atpgiec8kbk","time":1613056367,"event":{"mods":["Act Like it!","Arknights","Aspiration","Bard","BaseMod","Colored Powertips","Downfall","Energized Spire","Hermit","Marisa£®ÏF”Í°°ƒß¿Ì…≥£©","Minty Spire (QoL Compilation)","Quick Restart","Reimu£®≤©¿ˆ¡È√Œ£©","Relic Stats","Reliquary","Replay The Spire","StSLib","The Construct","The Cursed","The Gatherer","The Hierophant","The Runesmith","[GremlinLeader]The Maniac"],"gold_per_floor":[99,118,132,132,188,205,205,5,39,39,139,172,172,201,220,220,220,220],"floor_reached":16,"language":"ZHS","playtime":732,"items_purged":[],"score":118,"play_id":"ed39ada0-0392-4043-a638-3c9143d2cd72","local_time":"20210211231247","is_ascension_mode":false,"campfire_choices":[{"floor":1.0,"key":"RECALL"},{"data":"bronze:FineTuning","floor":8.0,"key":"SMITH"}],"circlet_count":0,"master_deck":["bronze:Strike+1","bronze:Strike+1","bronze:Strike","bronze:Defend","bronze:Defend","bronze:Defend","bronze:Defend","bronze:Replicate","bronze:Goto","bronze:FineTuning+1","bronze:Branch","bronze:SpaghettiCode+1","bronze:Overheat","bronze:OilSpill","bronze:OilSpill","Injury","bronze:BitShift"],"relics":["bronze:BronzeCore","Bottled Flame","downfall:HeartBlessingRed","downfall:HeartBlessingBlue","Replay:Rubber Ducky","bronze:BottledCode","Whetstone","Molten Egg 2","aspiration:HiddenCompartment"],"acts_visited":["Exordium"],"potions_floor_usage":[],"damage_taken":[{"damage":0.0,"enemies":"Small Slimes","floor":2.0,"turns":3.0},{"damage":3.0,"enemies":"2 Louse","floor":3.0,"turns":4.0},{"damage":29.0,"enemies":"Lagavulin Event","floor":5.0,"turns":7.0},{"damage":0.0,"enemies":"Cultist","floor":6.0,"turns":3.0},{"damage":4.0,"enemies":"Lagavulin","floor":9.0,"turns":5.0},{"damage":16.0,"enemies":"Gremlin Nob","floor":12.0,"turns":3.0},{"damage":13.0,"enemies":"Lagavulin","floor":14.0,"turns":3.0},{"damage":0,"enemies":"Large Slime","floor":15,"turns":4},{"damage":24,"enemies":"DF_ARCHETYPE_STREAMLINE","floor":16,"turns":3}],"seed_played":"-1974529002317304007","potions_obtained":[{"floor":5.0,"key":"GamblersBrew"},{"floor":6.0,"key":"Slimebound:ThreeZeroPotion"},{"floor":9.0,"key":"Weak Potion"},{"floor":14.0,"key":"Explosive Potion"}],"is_trial":false,"path_per_floor":["R","M","M","?","?","M","T","R","E","?","?","E","?","E","M","B"],"character_chosen":"THE_AUTOMATON","items_purchased":[],"campfire_rested":0,"item_purchase_floors":[],"current_hp_per_floor":[77,77,74,74,45,45,45,55,51,51,51,35,35,22,22,0,0,0],"gold":220,"neow_bonus":"TEN_PERCENT_HP_BONUS","is_daily":false,"chose_seed":false,"campfire_upgraded":1,"win_rate":0.0,"timestamp":1613056367,"path_taken":["R","M","M","?","?","M","T","R","E","?","?","E","?","E","M","BOSS"],"items_purchased_type":[],"build_version":"2020-12-22","purchased_purges":0,"victory":false,"max_hp_per_floor":[77,77,77,77,77,77,77,87,87,77,77,77,77,77,77,77,77,77],"relic_stats":{"counters":[9,35],"Whetstone":["bronze:Strike","bronze:Strike"],"obtain_stats":[{"bronze:BottledCode":10,"Bottled Flame":5,"bronze:BronzeCore":0,"downfall:HeartBlessingRed":8,"downfall:HeartBlessingBlue":8,"Molten Egg 2":13,"Whetstone":12,"aspiration:HiddenCompartment":14,"Replay:Rubber Ducky":9},{"bronze:BottledCode":5,"Bottled Flame":3,"bronze:BronzeCore":0,"downfall:HeartBlessingRed":4,"downfall:HeartBlessingBlue":4,"Molten Egg 2":6,"Whetstone":6,"aspiration:HiddenCompartment":7,"Replay:Rubber Ducky":5},{"bronze:BottledCode":22,"Bottled Flame":14,"bronze:BronzeCore":0,"downfall:HeartBlessingRed":17,"downfall:HeartBlessingBlue":17,"Molten Egg 2":25,"Whetstone":25,"aspiration:HiddenCompartment":28,"Replay:Rubber Ducky":22}]},"card_choices":[{"not_picked":["bronze:DelayedGuard","bronze:Repulsor"],"picked":"bronze:FineTuning","floor":2.0},{"not_picked":["bronze:CutThrough","bronze:GetLatest"],"picked":"bronze:Branch","floor":3.0},{"not_picked":["bronze:ChosenStrike","bronze:BuggyMess"],"picked":"bronze:Overheat","floor":5.0},{"not_picked":["bronze:Repulsor","bronze:DarkDash"],"picked":"bronze:OilSpill","floor":6.0},{"not_picked":["bronze:BronzeArmor","bronze:ChosenStrike","bronze:Fortify"],"picked":"SKIP","floor":9.0},{"not_picked":["bronze:BitShift","bronze:BugBarrage"],"picked":"bronze:OilSpill","floor":12.0},{"not_picked":["bronze:WildBeam+1","bronze:WhirlingStrike+1"],"picked":"bronze:BitShift","floor":14.0},{"not_picked":["bronze:DelayedGuard","bronze:DigitalCarnage+1","bronze:BugBarrage+1"],"picked":"SKIP","floor":15}],"player_experience":847746,"relics_obtained":[{"floor":5.0,"key":"Bottled Flame"},{"floor":9.0,"key":"Replay:Rubber Ducky"},{"floor":12.0,"key":"Whetstone"},{"floor":14.0,"key":"aspiration:HiddenCompartment"}],"event_choices":[],"is_beta":false,"boss_relics":[],"items_purged_floors":[],"is_endless":false,"potions_floor_spawned":[5,6,9,14],"killed_by":"DF_ARCHETYPE_STREAMLINE","ascension_level":0}}