{"host":"cijwx898anu8dehj","time":1613059025,"event":{"mods":["AchievementEnabler","AlwaysNeverKeys","BaseMod","Colored Map","Colored Powertips","Highlight Path","Minty Spire (QoL Compilation)","Rare Cards Sparkle","Relic Stats","Slay-I"],"gold_per_floor":[118,134,53,53,128,128,128,157,184,197,197,208,208,220,220,323,323,337,356,367,3,3,33,43,43,43,43,61,61,61,73,73,168,168,181,192,208,308,322,322,322,322],"floor_reached":41,"language":"ENG","playtime":3703,"items_purged":["Strike_G"],"score":440,"play_id":"170f29ae-4dee-4739-805b-b8eb1fe13550","local_time":"20210211135705","daily_mods":["Specialized","Heirloom"],"is_ascension_mode":false,"campfire_choices":[{"data":"Noxious Fumes","floor":6.0,"key":"SMITH"},{"data":"Catalyst","floor":11.0,"key":"SMITH"},{"data":"Dash","floor":13.0,"key":"SMITH"},{"data":"Terror","floor":15.0,"key":"SMITH"},{"data":"Leg Sweep","floor":25,"key":"SMITH"},{"data":"Neutralize","floor":27,"key":"SMITH"},{"data":"Cloak And Dagger","floor":30,"key":"SMITH"},{"data":"Predator","floor":32,"key":"SMITH"},{"data":"Night Terror","floor":40,"key":"SMITH"}],"circlet_count":0,"master_deck":["Strike_G","Strike_G","Strike_G","Defend_G","Defend_G","Defend_G","Defend_G","Defend_G","Survivor","Neutralize+1","Footwork","Footwork","Footwork","Footwork","Footwork","Noxious Fumes+1","Terror+1","Dash+1","Catalyst+1","Dodge and Roll","Leg Sweep+1","Unload+1","Predator+1","Backflip","Prepared+1","Cloak And Dagger+1","Escape Plan+1","Night Terror+1","Cloak And Dagger+1","Slice+1","Blur"],"relics":["Ring of the Snake","StoneCalendar","Eternal Feather","Toy Ornithopter","Pen Nib","Black Star","Art of War","Medical Kit","Bottled Lightning","Bottled Flame","Gremlin Horn","Runic Pyramid"],"acts_visited":["Exordium","TheCity","TheBeyond"],"potions_floor_usage":[23,23,33],"damage_taken":[{"damage":0.0,"enemies":"2 Louse","floor":1.0,"turns":7.0},{"damage":0.0,"enemies":"Small Slimes","floor":2.0,"turns":5.0},{"damage":9.0,"enemies":"3 Sentries","floor":8.0,"turns":7.0},{"damage":1.0,"enemies":"Jaw Worm","floor":10.0,"turns":5.0},{"damage":4.0,"enemies":"2 Fungi Beasts","floor":12.0,"turns":4.0},{"damage":2.0,"enemies":"Lots of Slimes","floor":14.0,"turns":4.0},{"damage":5.0,"enemies":"The Guardian","floor":16.0,"turns":9.0},{"damage":0.0,"enemies":"3 Byrds","floor":18.0,"turns":5.0},{"damage":8.0,"enemies":"Shell Parasite","floor":19.0,"turns":7.0},{"damage":14.0,"enemies":"Chosen and Byrds","floor":20.0,"turns":7.0},{"damage":27,"enemies":"Gremlin Leader","floor":23,"turns":8},{"damage":9,"enemies":"Snecko","floor":24,"turns":7},{"damage":5,"enemies":"Sentry and Sphere","floor":28,"turns":7},{"damage":12,"enemies":"Shelled Parasite and Fungi","floor":31,"turns":6},{"damage":3,"enemies":"Automaton","floor":33,"turns":10},{"damage":3,"enemies":"Orb Walker","floor":35,"turns":5},{"damage":6,"enemies":"3 Shapes","floor":36,"turns":7},{"damage":26,"enemies":"Spire Growth","floor":37,"turns":7},{"damage":0,"enemies":"Maw","floor":39,"turns":10},{"damage":38,"enemies":"Reptomancer","floor":41,"turns":3}],"seed_played":"3107420093520178722","potions_obtained":[{"floor":10.0,"key":"PowerPotion"},{"floor":12.0,"key":"Weak Potion"},{"floor":14.0,"key":"FearPotion"},{"floor":19.0,"key":"SpeedPotion"},{"floor":28,"key":"CultistPotion"},{"floor":37,"key":"FearPotion"}],"is_trial":true,"path_per_floor":["M","M","$","?","?","R","?","E","T","M","R","M","R","M","R","B",null,"M","M","M","$","?","E","M","R","T","R","M","?","R","M","R","B",null,"M","M","M","?","M","R","E"],"character_chosen":"THE_SILENT","items_purchased":["Dash","Art of War","Medical Kit"],"campfire_rested":0,"item_purchase_floors":[3,21,21],"current_hp_per_floor":[70,70,70,58,47,59,52,43,43,42,54,50,62,60,70,65,70,70,62,48,48,48,31,22,37,37,52,47,47,62,50,65,67,70,67,61,35,35,35,53,15,15],"gold":322,"neow_bonus":"","is_daily":false,"chose_seed":false,"campfire_upgraded":9,"win_rate":0.0,"timestamp":1613059025,"path_taken":["M","M","$","?","?","R","?","E","T","M","R","M","R","M","R","BOSS","M","M","M","$","?","E","M","R","T","R","?","?","R","M","R","BOSS","M","M","M","?","M","R","E"],"items_purchased_type":["Card","Relic","Relic"],"build_version":"2020-12-22","purchased_purges":1,"victory":false,"max_hp_per_floor":[70,70,70,70,70,70,70,70,70,70,70,70,70,70,70,70,70,70,70,70,70,70,70,70,70,70,70,70,70,70,70,70,70,70,70,70,70,70,70,70,70,70],"relic_stats":{"Gremlin Horn":[8,8],"counters":[20,130],"StoneCalendar":[373],"Eternal Feather":124,"Pen Nib":[12],"Black Star":1,"Art of War":[16],"Medical Kit":[0],"obtain_stats":[{"Bottled Flame":23,"Gremlin Horn":26,"StoneCalendar":0,"Eternal Feather":4,"Pen Nib":9,"Black Star":17,"Art of War":21,"Bottled Lightning":23,"Medical Kit":21,"Toy Ornithopter":8,"Ring of the Snake":0,"Runic Pyramid":34},{"Bottled Flame":11,"Gremlin Horn":12,"StoneCalendar":0,"Eternal Feather":2,"Pen Nib":3,"Black Star":7,"Art of War":10,"Bottled Lightning":11,"Medical Kit":10,"Toy Ornithopter":3,"Ring of the Snake":0,"Runic Pyramid":15},{"Bottled Flame":68,"Gremlin Horn":75,"StoneCalendar":0,"Eternal Feather":12,"Pen Nib":19,"Black Star":41,"Art of War":60,"Bottled Lightning":68,"Medical Kit":60,"Toy Ornithopter":19,"Ring of the Snake":0,"Runic Pyramid":98}],"Toy Ornithopter":15,"Ring of the Snake":[40]},"card_choices":[{"not_picked":["Outmaneuver","Cloak And Dagger"],"picked":"Noxious Fumes","floor":1.0},{"not_picked":["Reflex","Outmaneuver"],"picked":"Terror","floor":2.0},{"not_picked":["Crippling Poison","Heel Hook","Bouncing Flask"],"picked":"SKIP","floor":8.0},{"not_picked":["Crippling Poison","Heel Hook","Bouncing Flask"],"picked":"SKIP","floor":8.0},{"not_picked":["Prepared","Accuracy"],"picked":"Catalyst","floor":10.0},{"not_picked":["Underhanded Strike","Quick Slash"],"picked":"Dodge and Roll","floor":12.0},{"not_picked":["Deadly Poison","PiercingWail"],"picked":"Leg Sweep","floor":14.0},{"not_picked":["Burst","A Thousand Cuts"],"picked":"Unload","floor":16.0},{"not_picked":["Outmaneuver","Dagger Throw"],"picked":"Predator","floor":18.0},{"not_picked":["Crippling Poison+1","Acrobatics"],"picked":"Backflip","floor":19.0},{"not_picked":["Endless Agony","Sucker Punch"],"picked":"Prepared+1","floor":20.0},{"not_picked":["Tactician","Dodge and Roll","Flying Knee"],"picked":"SKIP","floor":23},{"not_picked":["Deadly Poison","Caltrops","Reflex"],"picked":"SKIP","floor":24},{"not_picked":["Expertise+1","Glass Knife"],"picked":"Cloak And Dagger","floor":28},{"not_picked":["Prepared","Acrobatics"],"picked":"Escape Plan+1","floor":31},{"not_picked":["Doppelganger","A Thousand Cuts"],"picked":"Night Terror","floor":33},{"not_picked":["Flying Knee","Setup"],"picked":"Cloak And Dagger+1","floor":35},{"not_picked":["Dagger Throw","Cloak And Dagger"],"picked":"Slice+1","floor":36},{"not_picked":["Backstab","PiercingWail+1"],"picked":"Blur","floor":37},{"not_picked":["Quick Slash","Poisoned Stab","Riddle With Holes"],"picked":"SKIP","floor":39}],"player_experience":1122619,"relics_obtained":[{"floor":8.0,"key":"Toy Ornithopter"},{"floor":9.0,"key":"Pen Nib"},{"floor":23,"key":"Bottled Lightning"},{"floor":23,"key":"Bottled Flame"},{"floor":26,"key":"Gremlin Horn"}],"event_choices":[{"damage_healed":0.0,"max_hp_gain":0.0,"max_hp_loss":0.0,"gold_gain":0.0,"event_name":"Scrap Ooze","player_choice":"Success","floor":4.0,"gold_loss":0.0,"damage_taken":12.0,"relics_obtained":["Eternal Feather"]},{"damage_healed":0.0,"max_hp_gain":0.0,"max_hp_loss":0.0,"gold_gain":75.0,"event_name":"World of Goop","player_choice":"Gather Gold","floor":5.0,"gold_loss":0.0,"damage_taken":11.0},{"cards_removed":["Strike_G"],"damage_healed":0.0,"max_hp_gain":0.0,"max_hp_loss":0.0,"gold_gain":0.0,"event_name":"Golden Wing","player_choice":"Card Removal","floor":7.0,"gold_loss":0.0,"damage_taken":7.0},{"damage_healed":0.0,"max_hp_gain":0.0,"max_hp_loss":0.0,"gold_gain":0.0,"event_name":"Accursed Blacksmith","player_choice":"Forge","floor":22.0,"gold_loss":0.0,"damage_taken":0.0,"cards_upgraded":["Unload"]},{"damage_healed":0,"gold_gain":100,"player_choice":"Pray","damage_taken":0,"max_hp_gain":0,"max_hp_loss":0,"event_name":"Golden Shrine","floor":38,"gold_loss":0}],"is_beta":false,"boss_relics":[{"not_picked":["WristBlade","Snecko Eye"],"picked":"Black Star"},{"not_picked":["Pandora\u0027s Box","SlaversCollar"],"picked":"Runic Pyramid"}],"items_purged_floors":[21],"is_endless":false,"potions_floor_spawned":[10,12,14,19,20,28,37],"killed_by":"Reptomancer","ascension_level":0}}