{"host":"vyjryxuuuxkt43k4","time":1613042722,"event":{"mods":["AchievementEnabler","BaseMod","Colored Map","DeckTracker","Keyboard Shortcuts","Minty Spire (QoL Compilation)","Permanent Neow","Quick Restart","StSLib","SuperFastMode","everything is the same but u backflip on backflip"],"gold_per_floor":[118,132,144,69,80,80,108,108,131,35,35,52,52,61,61,148,148,168,168,168,168],"floor_reached":20,"language":"KOR","playtime":784,"items_purged":[],"score":394,"play_id":"434c25d3-364b-4ce6-85d0-794f6477b2cb","local_time":"20210211202522","is_ascension_mode":true,"campfire_choices":[{"data":"Deep Breath","floor":6,"key":"SMITH"},{"data":"Perfected Strike","floor":8,"key":"SMITH"},{"data":"Carnage","floor":11,"key":"SMITH"},{"data":"Evolve","floor":13,"key":"SMITH"},{"data":"Shockwave","floor":15,"key":"SMITH"}],"circlet_count":0,"master_deck":["AscendersBane","Strike_R","Strike_R","Strike_R","Strike_R","Strike_R","Defend_R","Defend_R","Bash","Deep Breath+1","Perfected Strike+1","Carnage+1","Twin Strike","Evolve+1","Flash of Steel","Shockwave+1","Double Tap","Wild Strike"],"relics":["Burning Blood","PreservedInsect","CeramicFish","SacredBark","Smiling Mask"],"acts_visited":["Exordium","TheCity"],"potions_floor_usage":[7,7,18],"damage_taken":[{"damage":13,"enemies":"Cultist","floor":1,"turns":5},{"damage":2,"enemies":"2 Louse","floor":2,"turns":3},{"damage":5,"enemies":"Small Slimes","floor":3,"turns":3},{"damage":6,"enemies":"Exordium Wildlife","floor":5,"turns":3},{"damage":0,"enemies":"Gremlin Nob","floor":7,"turns":2},{"damage":21,"enemies":"Lots of Slimes","floor":12,"turns":6},{"damage":53,"enemies":"Slime Boss","floor":16,"turns":7},{"damage":44,"enemies":"3 Byrds","floor":18,"turns":7},{"damage":21,"enemies":"Shell Parasite","floor":20,"turns":1}],"seed_played":"-5847273969349650430","potions_obtained":[{"floor":3,"key":"PowerPotion"},{"floor":5,"key":"AttackPotion"},{"floor":16,"key":"Dexterity Potion"}],"is_trial":false,"path_per_floor":["M","M","M","?","M","R","E","R","T","$","R","M","R","?","R","B",null,"M","?","M"],"character_chosen":"IRONCLAD","items_purchased":["Flash of Steel"],"campfire_rested":0,"item_purchase_floors":[10],"current_hp_per_floor":[61,65,66,66,66,66,72,72,72,72,72,57,57,57,57,10,59,21,21,0,0],"gold":168,"neow_bonus":"RANDOM_COLORLESS","is_daily":false,"chose_seed":false,"campfire_upgraded":5,"win_rate":0.0,"timestamp":1613042722,"path_taken":["M","M","?","?","M","R","E","R","T","$","R","M","R","?","R","BOSS","M","?","M"],"items_purchased_type":["Card"],"build_version":"2020-12-22","purchased_purges":0,"victory":false,"max_hp_per_floor":[75,75,75,75,75,75,75,75,75,75,75,75,75,75,75,75,75,75,75,75,75],"card_choices":[{"not_picked":["Bandage Up","Dark Shackles"],"picked":"Deep Breath","floor":0},{"not_picked":["Seeing Red","Anger"],"picked":"Perfected Strike","floor":1},{"not_picked":["Armaments","Flex"],"picked":"Carnage","floor":2},{"not_picked":["Flex","Dropkick"],"picked":"Twin Strike","floor":3},{"not_picked":["Carnage","True Grit","Thunderclap"],"picked":"SKIP","floor":5},{"not_picked":["Havoc","Headbutt"],"picked":"Evolve","floor":7},{"not_picked":["Havoc","Cleave","Warcry"],"picked":"SKIP","floor":12},{"not_picked":["Feed","Juggernaut"],"picked":"Double Tap","floor":16},{"not_picked":["Armaments","Sword Boomerang"],"picked":"Wild Strike","floor":18}],"player_experience":938479,"relics_obtained":[{"floor":7,"key":"PreservedInsect"},{"floor":9,"key":"CeramicFish"},{"floor":19,"key":"Smiling Mask"}],"event_choices":[{"cards_removed":["Defend_R"],"damage_healed":0,"gold_gain":0,"player_choice":"Card Removal","damage_taken":0,"max_hp_gain":0,"max_hp_loss":0,"event_name":"The Cleric","floor":4,"gold_loss":75},{"damage_healed":0,"gold_gain":0,"cards_transformed":["Defend_R"],"player_choice":"Transformed","damage_taken":0,"max_hp_gain":0,"max_hp_loss":0,"event_name":"Transmorgrifier","floor":14,"gold_loss":0,"cards_obtained":["Shockwave"]},{"damage_healed":0,"gold_gain":0,"player_choice":"Relic","damage_taken":0,"max_hp_gain":0,"max_hp_loss":0,"event_name":"Wheel of Change","floor":19,"gold_loss":0}],"is_beta":false,"boss_relics":[{"not_picked":["SlaversCollar","Runic Cube"],"picked":"SacredBark"}],"items_purged_floors":[],"is_endless":false,"potions_floor_spawned":[3,5,16],"killed_by":"Shell Parasite","ascension_level":20}}