{"host":"rb2p2z6v6vieend5","time":1613007127,"event":{"mods":["BaseMod","Block Reminder","Colored Map","DeckTracker","Highlight Path","Minty Spire (QoL Compilation)","Relic Stats"],"gold_per_floor":[17,27,42,42,56,88,88,10,36,55,86,86,102,134,134,211,211,221,221,231,247,247,247,247,247],"floor_reached":24,"language":"ENG","playtime":1592,"items_purged":[],"score":407,"play_id":"7d6d4951-4df0-4543-a650-80393908cd55","local_time":"20210211023207","is_ascension_mode":true,"campfire_choices":[{"floor":7,"key":"REST"},{"data":"Dark Embrace","floor":12,"key":"SMITH"},{"floor":15,"key":"REST"},{"floor":23,"key":"REST"}],"circlet_count":0,"master_deck":["AscendersBane","Defend_R","Defend_R","Defend_R","Defend_R","Bash","Corruption+1","Seeing Red","Carnage","Pommel Strike","Dropkick","Armaments","Dark Embrace+1","Flame Barrier","Ghostly Armor","Combust","Barricade","Dark Embrace","Sentinel+1","Pommel Strike","Bite","Bite","Bite","Bite","Bite","Armaments"],"relics":["Burning Blood","Happy Flower","Bag of Preparation","Smiling Mask","Dream Catcher","Black Star","Shovel"],"acts_visited":["Exordium","TheCity"],"potions_floor_usage":[10,16,21],"damage_taken":[{"damage":6,"enemies":"Cultist","floor":1,"turns":4},{"damage":0,"enemies":"2 Louse","floor":2,"turns":3},{"damage":9,"enemies":"Jaw Worm","floor":3,"turns":3},{"damage":11,"enemies":"Looter","floor":5,"turns":2},{"damage":50,"enemies":"3 Sentries","floor":6,"turns":8},{"damage":1,"enemies":"Exordium Wildlife","floor":10,"turns":3},{"damage":10,"enemies":"Lagavulin","floor":11,"turns":6},{"damage":4,"enemies":"Blue Slaver","floor":13,"turns":4},{"damage":15,"enemies":"3 Sentries","floor":14,"turns":8},{"damage":49,"enemies":"Hexaghost","floor":16,"turns":9},{"damage":26,"enemies":"2 Thieves","floor":18,"turns":4},{"damage":32,"enemies":"Shell Parasite","floor":20,"turns":6},{"damage":13,"enemies":"Snake Plant","floor":21,"turns":6},{"damage":44,"enemies":"Slavers","floor":24,"turns":4}],"seed_played":"-5555042762370208805","potions_obtained":[{"floor":1,"key":"SneckoOil"},{"floor":3,"key":"SkillPotion"},{"floor":13,"key":"SteroidPotion"},{"floor":14,"key":"Energy Potion"},{"floor":16,"key":"Weak Potion"}],"is_trial":false,"path_per_floor":["M","M","M","?","M","E","R","$","T","M","E","R","M","E","R","B",null,"M","?","M","M","?","R","E"],"character_chosen":"IRONCLAD","items_purchased":["Dark Embrace"],"campfire_rested":3,"item_purchase_floors":[8],"current_hp_per_floor":[68,74,71,71,66,22,44,44,44,49,45,45,47,38,60,17,61,41,41,15,8,8,23,0,0],"gold":247,"neow_bonus":"THREE_RARE_CARDS","is_daily":false,"chose_seed":false,"campfire_upgraded":1,"win_rate":0.0,"timestamp":1613007127,"path_taken":["M","M","?","?","?","E","R","?","T","M","E","R","M","E","R","BOSS","M","?","?","M","?","R","E"],"items_purchased_type":["Card"],"build_version":"2020-12-22","purchased_purges":0,"victory":false,"max_hp_per_floor":[75,75,75,75,75,75,75,75,75,75,75,75,75,75,75,75,75,75,75,75,75,52,52,52,52],"relic_stats":{"Dream Catcher":2,"Shovel":0,"Happy Flower":[16],"counters":[14,70],"Bag of Preparation":[18],"Black Star":0,"Smiling Mask":0,"obtain_stats":[{"Dream Catcher":14,"Shovel":19,"Happy Flower":6,"Bag of Preparation":9,"Black Star":17,"Smiling Mask":11,"Burning Blood":0},{"Dream Catcher":9,"Shovel":11,"Happy Flower":5,"Bag of Preparation":5,"Black Star":10,"Smiling Mask":7,"Burning Blood":0},{"Dream Catcher":41,"Shovel":54,"Happy Flower":20,"Bag of Preparation":20,"Black Star":50,"Smiling Mask":29,"Burning Blood":0}],"Burning Blood":78},"card_choices":[{"not_picked":["Berserk","Reaper"],"picked":"Corruption","floor":0},{"not_picked":["Rage","Twin Strike"],"picked":"Seeing Red","floor":1},{"not_picked":["Pommel Strike","True Grit"],"picked":"Carnage","floor":2},{"not_picked":["Iron Wave","Power Through"],"picked":"Pommel Strike","floor":3},{"not_picked":["Evolve","Twin Strike"],"picked":"Dropkick","floor":5},{"not_picked":["Anger","Hemokinesis"],"picked":"Armaments","floor":6},{"not_picked":["Headbutt","Warcry"],"picked":"Flame Barrier","floor":10},{"not_picked":["Havoc","Reckless Charge","Iron Wave"],"picked":"SKIP","floor":11},{"not_picked":["Inflame","Fire Breathing"],"picked":"Ghostly Armor","floor":13},{"not_picked":["Blood for Blood","Reckless Charge","Body Slam"],"picked":"SKIP","floor":14},{"not_picked":["Whirlwind","Battle Trance"],"picked":"Combust","floor":15},{"not_picked":["Reaper","Bludgeon"],"picked":"Barricade","floor":16},{"not_picked":["Headbutt","Twin Strike+1"],"picked":"Dark Embrace","floor":18},{"not_picked":["Iron Wave","Perfected Strike"],"picked":"Sentinel+1","floor":20},{"not_picked":["Searing Blow","Dark Embrace"],"picked":"Pommel Strike","floor":21},{"not_picked":["Carnage","Combust"],"picked":"Armaments","floor":23}],"player_experience":718100,"relics_obtained":[{"floor":6,"key":"Happy Flower"},{"floor":9,"key":"Bag of Preparation"},{"floor":11,"key":"Smiling Mask"},{"floor":14,"key":"Dream Catcher"}],"event_choices":[{"damage_healed":0,"gold_gain":0,"player_choice":"Upgraded","damage_taken":0,"max_hp_gain":0,"max_hp_loss":0,"event_name":"Upgrade Shrine","floor":4,"gold_loss":0,"cards_upgraded":["Corruption"]},{"damage_healed":0,"gold_gain":0,"player_choice":"Gave Potion","damage_taken":0,"relics_obtained":["Shovel"],"max_hp_gain":0,"max_hp_loss":0,"event_name":"WeMeetAgain","floor":19,"gold_loss":0},{"damage_healed":0,"gold_gain":0,"player_choice":"Became a vampire","damage_taken":0,"max_hp_gain":0,"max_hp_loss":23,"event_name":"Vampires","floor":22,"gold_loss":0,"cards_obtained":["Bite","Bite","Bite","Bite","Bite"]}],"is_beta":false,"boss_relics":[{"not_picked":["Fusion Hammer","Philosopher\u0027s Stone"],"picked":"Black Star"}],"items_purged_floors":[],"is_endless":false,"potions_floor_spawned":[1,3,13,14,16,18],"killed_by":"Slavers","ascension_level":15}}