{"host":"kg61lsvem4dxoat8","time":1613057557,"event":{"mods":["AchievementEnabler","BaseMod","Better Altar","Better Match","Better Sensory Stone","Better Skull","Block Reminder","Highlight Path","Minty Spire (QoL Compilation)","Quick Restart","Rare Cards Sparkle","Relic Sorter","Relic Stats","StSLib","Synergy Search","slay the spire mod where everything is the same but ironclad has a cowboy hat"],"gold_per_floor":[110,110,128,128,228,228,239,251,301,333,333,345,93,108,108,206,206,223,237,256,181,181,181],"floor_reached":22,"language":"ENG","playtime":584,"items_purged":["Strike_R"],"score":307,"play_id":"2efbe1d3-5bf2-4b52-9fa2-3d33d80c9cc7","local_time":"20210211233237","is_ascension_mode":true,"campfire_choices":[{"data":"Carnage","floor":6,"key":"SMITH"},{"data":"Bash","floor":11,"key":"SMITH"},{"data":"Body Slam","floor":15,"key":"SMITH"}],"circlet_count":0,"master_deck":["AscendersBane","Strike_R","Strike_R","Strike_R","Defend_R","Defend_R","Defend_R","Defend_R","Bash+1","Cleave+1","Carnage+1","Metallicize","Metallicize","Body Slam+1","Inflame+1"],"relics":["Burning Blood","Anchor","Toy Ornithopter","Omamori","Pear","Strawberry","Black Star","Bloody Idol"],"acts_visited":["Exordium","TheCity"],"potions_floor_usage":[16],"damage_taken":[{"damage":0,"enemies":"2 Louse","floor":1,"turns":3},{"damage":4,"enemies":"Jaw Worm","floor":3,"turns":3},{"damage":0,"enemies":"Cultist","floor":7,"turns":2},{"damage":7,"enemies":"Large Slime","floor":8,"turns":4},{"damage":25,"enemies":"3 Sentries","floor":10,"turns":7},{"damage":1,"enemies":"Looter","floor":12,"turns":2},{"damage":2,"enemies":"Blue Slaver","floor":14,"turns":4},{"damage":52,"enemies":"The Guardian","floor":16,"turns":12},{"damage":10,"enemies":"Chosen","floor":18,"turns":6},{"damage":18,"enemies":"Shell Parasite","floor":19,"turns":4},{"damage":22,"enemies":"Snake Plant","floor":20,"turns":4}],"seed_played":"744813656085285633","potions_obtained":[{"floor":1,"key":"Energy Potion"},{"floor":8,"key":"DuplicationPotion"},{"floor":12,"key":"Dexterity Potion"},{"floor":19,"key":"Energy Potion"},{"floor":20,"key":"EssenceOfSteel"}],"is_trial":false,"path_per_floor":["M","?","M","?","?","R","M","M","T","E","R","M","$","M","R","B",null,"M","M","M","?","?"],"character_chosen":"IRONCLAD","items_purchased":["Metallicize","Strawberry"],"campfire_rested":0,"item_purchase_floors":[13,13],"current_hp_per_floor":[78,78,80,55,55,55,61,60,60,51,51,56,63,67,67,26,79,75,63,47,47,0,0],"gold":181,"neow_bonus":"RANDOM_COMMON_RELIC","is_daily":false,"chose_seed":false,"campfire_upgraded":3,"win_rate":0.0,"timestamp":1613057557,"path_taken":["M","?","M","?","?","R","?","M","T","E","R","M","$","M","R","BOSS","M","M","M","?","?"],"items_purchased_type":["Card","Relic"],"build_version":"2020-12-22","purchased_purges":1,"victory":false,"max_hp_per_floor":[80,80,80,80,80,80,80,80,80,90,90,90,97,97,97,97,97,97,97,97,97,97,97],"relic_stats":{"counters":[11,51],"Bloody Idol":0,"Black Star":0,"obtain_stats":[{"Anchor":0,"Pear":10,"Strawberry":13,"Bloody Idol":22,"Omamori":9,"Black Star":17,"Burning Blood":0,"Toy Ornithopter":4},{"Anchor":0,"Pear":5,"Strawberry":6,"Bloody Idol":11,"Omamori":4,"Black Star":8,"Burning Blood":0,"Toy Ornithopter":2},{"Anchor":0,"Pear":19,"Strawberry":21,"Bloody Idol":51,"Omamori":12,"Black Star":37,"Burning Blood":0,"Toy Ornithopter":6}],"Burning Blood":66,"Toy Ornithopter":5},"card_choices":[{"not_picked":["Rupture","Wild Strike"],"picked":"Cleave","floor":1},{"not_picked":["Inflame","Heavy Blade"],"picked":"Carnage","floor":3},{"not_picked":["Evolve","Headbutt","Carnage"],"picked":"SKIP","floor":7},{"not_picked":["Pommel Strike","Clash","Burning Pact"],"picked":"SKIP","floor":8},{"not_picked":["Iron Wave","Armaments","Dropkick"],"picked":"SKIP","floor":10},{"not_picked":["Heavy Blade","Rupture"],"picked":"Metallicize","floor":12},{"not_picked":["Inflame","Entrench"],"picked":"Body Slam","floor":14},{"not_picked":["Spot Weakness","Havoc+1","Armaments"],"picked":"SKIP","floor":18},{"not_picked":["Anger","Heavy Blade+1"],"picked":"Inflame+1","floor":19},{"not_picked":["Twin Strike","Dark Embrace+1","Iron Wave+1"],"picked":"SKIP","floor":20}],"player_experience":1463680,"relics_obtained":[{"floor":9,"key":"Omamori"},{"floor":10,"key":"Pear"}],"event_choices":[{"damage_healed":0,"gold_gain":0,"player_choice":"Grow","damage_taken":0,"max_hp_gain":0,"max_hp_loss":0,"event_name":"Living Wall","floor":2,"gold_loss":0,"cards_upgraded":["Cleave"]},{"damage_healed":0,"gold_gain":0,"player_choice":"Success","damage_taken":25,"relics_obtained":["Toy Ornithopter"],"max_hp_gain":0,"max_hp_loss":0,"event_name":"Scrap Ooze","floor":4,"gold_loss":0},{"damage_healed":0,"gold_gain":100,"player_choice":"Pray","damage_taken":0,"max_hp_gain":0,"max_hp_loss":0,"event_name":"Golden Shrine","floor":5,"gold_loss":0},{"cards_removed":["Strike_R"],"damage_healed":0,"gold_gain":0,"player_choice":"Gave Gold","damage_taken":0,"max_hp_gain":0,"max_hp_loss":0,"event_name":"Beggar","floor":21,"gold_loss":75}],"is_beta":false,"boss_relics":[{"not_picked":["Coffee Dripper","Runic Cube"],"picked":"Black Star"}],"items_purged_floors":[13],"is_endless":false,"potions_floor_spawned":[1,8,12,19,20],"ascension_level":10}}