{"host":"fxrgx7wt2cpkbhka","time":1613015942,"event":{"mods":["AchievementEnabler","BaseMod","Colored Powertips","Dark Map","Minty Spire (QoL Compilation)","Permanent Neow","Quick Restart","Slay-I","StSLib","Waifu the Spire"],"gold_per_floor":[118,132,85,85,98,98,433,450,525,525,232,232,197,216,216,293,293,304,403,403,403,413,413,413],"floor_reached":23,"language":"ENG","playtime":536,"items_purged":[],"score":321,"play_id":"5b82e77f-81ba-4122-96cb-caa22ab20f62","local_time":"20210210195902","is_ascension_mode":true,"campfire_choices":[{"data":"Dualcast","floor":6,"key":"SMITH"},{"data":"Zap","floor":10,"key":"SMITH"},{"data":"Leap","floor":12,"key":"SMITH"},{"data":"Ball Lightning","floor":15,"key":"SMITH"}],"circlet_count":0,"master_deck":["AscendersBane","Strike_B","Strike_B","Strike_B","Strike_B","Defend_B","Defend_B","Defend_B","Defend_B","Zap+1","Dualcast+1","Ball Lightning+1","Leap+1","Ball Lightning","Fission+1","Sunder"],"relics":["Cracked Core","Strawberry","Old Coin","Matryoshka","Juzu Bracelet","Omamori","Busted Crown"],"acts_visited":["Exordium","TheCity"],"potions_floor_usage":[23],"damage_taken":[{"damage":0,"enemies":"Cultist","floor":1,"turns":4},{"damage":0,"enemies":"2 Louse","floor":2,"turns":2},{"damage":7,"enemies":"Jaw Worm","floor":5,"turns":3},{"damage":22,"enemies":"3 Sentries","floor":7,"turns":9},{"damage":6,"enemies":"Looter","floor":8,"turns":3},{"damage":0,"enemies":"Large Slime","floor":14,"turns":4},{"damage":29,"enemies":"Slime Boss","floor":16,"turns":9},{"damage":14,"enemies":"3 Byrds","floor":18,"turns":4},{"damage":11,"enemies":"Shell Parasite","floor":22,"turns":4},{"damage":43,"enemies":"Slavers","floor":23,"turns":2}],"seed_played":"-1249858429950504858","potions_obtained":[{"floor":1,"key":"Ancient Potion"},{"floor":5,"key":"PowerPotion"}],"is_trial":false,"path_per_floor":["M","M","$","?","M","R","E","M","T","R","$","R","?","M","R","B",null,"M","?","?","?","M","E"],"character_chosen":"DEFECT","items_purchased":["Leap","Juzu Bracelet","Omamori"],"campfire_rested":0,"item_purchase_floors":[3,11,11],"current_hp_per_floor":[71,71,71,71,64,64,42,36,36,36,36,36,55,55,55,26,65,51,51,51,51,40,0,0],"gold":413,"neow_bonus":"RANDOM_COMMON_RELIC","is_daily":false,"chose_seed":false,"campfire_upgraded":4,"win_rate":0.0,"timestamp":1613015942,"path_taken":["M","M","?","?","M","R","E","M","T","R","$","R","?","M","R","BOSS","M","?","?","?","M","E"],"items_purchased_type":["Card","Relic","Relic"],"build_version":"2020-12-22","purchased_purges":0,"victory":false,"max_hp_per_floor":[78,78,78,78,78,78,78,78,78,78,78,78,78,78,78,78,78,78,78,78,78,78,78,78],"card_choices":[{"not_picked":["Skim","Melter","Beam Cell"],"picked":"SKIP","floor":1},{"not_picked":["Leap","Rebound"],"picked":"Ball Lightning","floor":2},{"not_picked":["Steam","Sweeping Beam","Turbo"],"picked":"SKIP","floor":5},{"not_picked":["Compile Driver","Genetic Algorithm","Fusion"],"picked":"SKIP","floor":7},{"not_picked":["Conserve Battery","Gash"],"picked":"Ball Lightning","floor":8},{"not_picked":["Beam Cell","Rebound","Scrape"],"picked":"SKIP","floor":14},{"not_picked":["Creative AI","Rainbow"],"picked":"Fission","floor":16},{"not_picked":["Loop"],"picked":"SKIP","floor":18},{"not_picked":["Gash"],"picked":"SKIP","floor":22}],"player_experience":765393,"relics_obtained":[{"floor":7,"key":"Old Coin"},{"floor":9,"key":"Matryoshka"}],"event_choices":[{"damage_healed":0,"gold_gain":0,"player_choice":"Ignored","damage_taken":0,"max_hp_gain":0,"max_hp_loss":0,"event_name":"Golden Idol","floor":4,"gold_loss":0},{"damage_healed":19,"gold_gain":0,"player_choice":"Healed","damage_taken":0,"max_hp_gain":0,"max_hp_loss":0,"event_name":"The Cleric","floor":13,"gold_loss":35},{"damage_healed":0,"gold_gain":99,"player_choice":"Stole From Cult","damage_taken":0,"max_hp_gain":0,"max_hp_loss":0,"event_name":"Nest","floor":19,"gold_loss":0},{"damage_healed":0,"gold_gain":0,"player_choice":"Upgraded","damage_taken":0,"max_hp_gain":0,"max_hp_loss":0,"event_name":"Upgrade Shrine","floor":20,"gold_loss":0,"cards_upgraded":["Fission"]},{"damage_healed":0,"gold_gain":0,"player_choice":"Read","damage_taken":0,"max_hp_gain":0,"max_hp_loss":0,"event_name":"The Library","floor":21,"gold_loss":0,"cards_obtained":["Sunder"]}],"is_beta":false,"boss_relics":[{"not_picked":["Empty Cage","Coffee Dripper"],"picked":"Busted Crown"}],"items_purged_floors":[],"is_endless":false,"potions_floor_spawned":[1,5,7,18],"killed_by":"Slavers","ascension_level":14}}