{"host":"a1eatafr7pisesky","time":1613036793,"event":{"mods":["AchievementEnabler","BaseMod","Colored Map","Keyboard Shortcuts","Minty Spire (QoL Compilation)","Say the Spire","StSLib","SuperFastMode","everything is the same but u backflip on backflip"],"gold_per_floor":[110,129,129,146,71,71,90,90,90,108,108,108,108,108],"floor_reached":13,"language":"KOR","playtime":187,"items_purged":[],"score":146,"play_id":"0f033830-dd7f-4cae-a6e1-04387d377ce7","local_time":"20210211184633","is_ascension_mode":true,"campfire_choices":[{"floor":6,"key":"REST"},{"floor":8,"key":"REST"},{"data":"Shockwave","floor":11,"key":"SMITH"}],"circlet_count":0,"master_deck":["AscendersBane","Strike_R+1","Strike_R","Strike_R","Defend_R+1","Defend_R","Defend_R","Bash","Thunderclap","Cleave","Shockwave+1","Disarm"],"relics":["Burning Blood","Eternal Feather","Letter Opener"],"acts_visited":["Exordium"],"potions_floor_usage":[10,13],"damage_taken":[{"damage":6,"enemies":"Cultist","floor":1,"turns":3},{"damage":17,"enemies":"Small Slimes","floor":2,"turns":3},{"damage":7,"enemies":"Jaw Worm","floor":4,"turns":4},{"damage":23,"enemies":"Large Slime","floor":7,"turns":6},{"damage":10,"enemies":"Gremlin Gang","floor":10,"turns":3},{"damage":40,"enemies":"3 Sentries","floor":13,"turns":7}],"seed_played":"987147887271158833","potions_obtained":[{"floor":1,"key":"SneckoOil"},{"floor":10,"key":"GamblersBrew"}],"is_trial":false,"path_per_floor":["M","M","?","M","?","R","M","R","T","M","R","?","E"],"character_chosen":"IRONCLAD","items_purchased":[],"campfire_rested":2,"item_purchase_floors":[],"current_hp_per_floor":[50,39,16,15,15,37,20,42,42,38,44,39,0,0],"gold":108,"neow_bonus":"REMOVE_TWO","is_daily":false,"chose_seed":false,"campfire_upgraded":1,"win_rate":0.0,"timestamp":1613036793,"path_taken":["M","M","?","M","?","R","M","R","T","M","R","?","E"],"items_purchased_type":[],"build_version":"2020-12-22","purchased_purges":0,"victory":false,"max_hp_per_floor":[75,75,75,75,75,75,75,75,75,75,75,75,75,75],"card_choices":[{"not_picked":["Sever Soul","Cleave"],"picked":"Thunderclap","floor":1},{"not_picked":["Thunderclap","Seeing Red","Fire Breathing"],"picked":"SKIP","floor":2},{"not_picked":["Heavy Blade","Warcry"],"picked":"Cleave","floor":4},{"not_picked":["Hemokinesis","Twin Strike"],"picked":"Shockwave","floor":7},{"not_picked":["Sword Boomerang","Dropkick"],"picked":"Disarm","floor":10}],"player_experience":444546,"relics_obtained":[{"floor":9,"key":"Eternal Feather"}],"event_choices":[{"damage_healed":0,"gold_gain":0,"player_choice":"Entered Light","damage_taken":23,"max_hp_gain":0,"max_hp_loss":0,"event_name":"Shining Light","floor":3,"gold_loss":0,"cards_upgraded":["Strike_R","Defend_R"]},{"cards_removed":["Strike_R"],"damage_healed":0,"gold_gain":0,"player_choice":"Card Removal","damage_taken":0,"max_hp_gain":0,"max_hp_loss":0,"event_name":"The Cleric","floor":5,"gold_loss":75},{"damage_healed":0,"gold_gain":0,"player_choice":"Success","damage_taken":5,"relics_obtained":["Letter Opener"],"max_hp_gain":0,"max_hp_loss":0,"event_name":"Scrap Ooze","floor":12,"gold_loss":0}],"is_beta":false,"boss_relics":[],"items_purged_floors":[],"is_endless":false,"potions_floor_spawned":[1,10],"killed_by":"3 Sentries","ascension_level":19}}