{"host":"wrdw6zkxuilnr6rg","time":1612662082,"event":{"mods":["Act Like it!","BaseMod","Bestiary","Colored Powertips","Hallownest","Hermit","Highlight Path","Minty Spire (QoL Compilation)","Quick Restart","Relic Stats","StSLib","The Bug Knight"],"gold_per_floor":[20,20,35,51,67,67,110,45,45,82,109,134,172,195,195,195,195],"floor_reached":16,"language":"ENG","playtime":687,"items_purged":[],"score":124,"play_id":"c3922f23-2a2c-4b98-b63f-392fb6311576","local_time":"20210207044122","is_ascension_mode":false,"campfire_choices":[{"data":"Demon Form","floor":6,"key":"SMITH"},{"floor":15,"key":"REST"}],"circlet_count":0,"master_deck":["Strike_R","Strike_R","Strike_R","Strike_R","Strike_R","Defend_R","Defend_R","Defend_R","Defend_R","Bash","Demon Form+1","Burning Pact","Battle Trance","Sword Boomerang","Havoc","Dual Wield","Intimidate","Anger","Bloodletting","Heavy Blade","Cleave","Offering"],"relics":["Burning Blood","Hallownest:DreamNailRelic","CeramicFish","Happy Flower","Ornamental Fan","Strawberry"],"acts_visited":["Exordium"],"potions_floor_usage":[7,13],"damage_taken":[{"damage":8,"enemies":"2_ Uuma","floor":1,"turns":6},{"damage":22,"enemies":"Hallownest:monsterHuskGuard","floor":3,"turns":5},{"damage":15,"enemies":"Hallownest:2_Baldur","floor":4,"turns":3},{"damage":8,"enemies":"Hallownest:monsterMossCharger","floor":5,"turns":3},{"damage":15,"enemies":"Hallownest:eliteCrystalGuardian","floor":7,"turns":4},{"damage":2,"enemies":"Hallownest:eliteMossKnight","floor":10,"turns":7},{"damage":2,"enemies":"Hallownest:Wandering_and_Horned","floor":11,"turns":4},{"damage":19,"enemies":"Hallownest:MossCreep_and_Mosskin","floor":12,"turns":5},{"damage":22,"enemies":"Hallownest:eliteCrystalGuardian","floor":13,"turns":5},{"damage":14,"enemies":"Hallownest:Guard_and_Warrior","floor":14,"turns":3},{"damage":84,"enemies":"Hallownest:BossHornet","floor":16,"turns":5}],"seed_played":"4061398628881043621","potions_obtained":[{"floor":1,"key":"Explosive Potion"},{"floor":4,"key":"DistilledChaos"},{"floor":12,"key":"BlessingOfTheForge"},{"floor":13,"key":"Explosive Potion"}],"is_trial":false,"path_per_floor":["M","?","M","M","M","R","E","$","T","E","M","M","E","M","R","B"],"character_chosen":"IRONCLAD","items_purchased":["Intimidate"],"campfire_rested":1,"item_purchase_floors":[8],"current_hp_per_floor":[78,78,62,53,51,51,42,42,42,46,50,37,28,20,46,0,0],"gold":195,"neow_bonus":"THREE_RARE_CARDS","is_daily":false,"chose_seed":false,"campfire_upgraded":1,"win_rate":0.0,"timestamp":1612662082,"path_taken":["M","?","M","?","M","R","E","$","T","E","M","M","E","M","R","BOSS"],"items_purchased_type":["Card"],"build_version":"2020-12-22","purchased_purges":0,"victory":false,"max_hp_per_floor":[80,80,80,80,80,80,80,80,80,80,80,80,87,87,87,87,87],"relic_stats":{"Happy Flower":[9],"counters":[11,50],"Ornamental Fan":[24],"CeramicFish":63,"obtain_stats":[{"Happy Flower":9,"Ornamental Fan":10,"CeramicFish":7,"Strawberry":13,"Hallownest:DreamNailRelic":2,"Burning Blood":0},{"Happy Flower":5,"Ornamental Fan":6,"CeramicFish":5,"Strawberry":9,"Hallownest:DreamNailRelic":1,"Burning Blood":0},{"Happy Flower":21,"Ornamental Fan":28,"CeramicFish":21,"Strawberry":42,"Hallownest:DreamNailRelic":6,"Burning Blood":0}],"Burning Blood":60},"card_choices":[{"not_picked":["Brutality","Impervious"],"picked":"Demon Form","floor":0},{"not_picked":["Wild Strike","Flex"],"picked":"Burning Pact","floor":1},{"not_picked":["Thunderclap","Rupture"],"picked":"Battle Trance","floor":3},{"not_picked":["Body Slam","Rampage"],"picked":"Sword Boomerang","floor":4},{"not_picked":["Iron Wave","Body Slam"],"picked":"Havoc","floor":5},{"not_picked":["Carnage","Dark Embrace"],"picked":"Dual Wield","floor":7},{"not_picked":["Brutality","Uppercut"],"picked":"Anger","floor":10},{"not_picked":["Reckless Charge","Anger"],"picked":"Bloodletting","floor":11},{"not_picked":["Dark Embrace","Perfected Strike"],"picked":"Heavy Blade","floor":12},{"not_picked":["Flex","Armaments"],"picked":"Cleave","floor":13},{"not_picked":["Infernal Blade","Clash"],"picked":"Offering","floor":14}],"player_experience":1671523,"relics_obtained":[{"floor":7,"key":"CeramicFish"},{"floor":9,"key":"Happy Flower"},{"floor":10,"key":"Ornamental Fan"},{"floor":13,"key":"Strawberry"}],"event_choices":[],"is_beta":false,"boss_relics":[],"items_purged_floors":[],"is_endless":false,"potions_floor_spawned":[1,4,12,13],"killed_by":"Hallownest:BossHornet","ascension_level":0}}