{"host":"syozzdlzcqop4jia","time":1613076642,"event":{"mods":["AchievementEnabler","BaseMod","Colored Map","Colored Powertips","Minty Spire (QoL Compilation)","Quick Restart"],"gold_per_floor":[116,135,146,146,158,187,187,198,198,118,118,118,118,186,186,291,291,308,80,80,93,107,107,132,144,144,158,158,158],"floor_reached":28,"language":"ENG","playtime":1627,"items_purged":[],"score":240,"play_id":"086f546f-8270-4cf0-829e-e9b542a5e1e3","local_time":"20210211215042","is_ascension_mode":false,"campfire_choices":[{"floor":7,"key":"RECALL"},{"floor":11,"key":"REST"},{"data":"Sunder","floor":13,"key":"SMITH"},{"data":"Tempest","floor":15,"key":"SMITH"},{"data":"Ball Lightning","floor":23,"key":"SMITH"}],"circlet_count":0,"master_deck":["Strike_B","Strike_B","Strike_B","Strike_B","Defend_B","Defend_B","Defend_B","Defend_B","Zap","Dualcast","Rebound","Chaos+1","Rebound","Tempest+1","Steam","Sunder+1","Reboot","Ball Lightning+1","Self Repair+1","Redo","Ball Lightning+1","Genetic Algorithm","Storm+1"],"relics":["Cracked Core","MealTicket","Black Star","Akabeko","Toy Ornithopter","Blue Candle","Question Card"],"acts_visited":["Exordium","TheCity"],"potions_floor_usage":[24,27],"damage_taken":[{"damage":1,"enemies":"2 Louse","floor":1,"turns":3},{"damage":0,"enemies":"Small Slimes","floor":2,"turns":2},{"damage":0,"enemies":"Cultist","floor":3,"turns":3},{"damage":15,"enemies":"Gremlin Gang","floor":5,"turns":4},{"damage":24,"enemies":"Lagavulin","floor":6,"turns":5},{"damage":8,"enemies":"2 Fungi Beasts","floor":8,"turns":4},{"damage":35,"enemies":"Slime Boss","floor":16,"turns":10},{"damage":26,"enemies":"Shell Parasite","floor":18,"turns":5},{"damage":4,"enemies":"Spheric Guardian","floor":21,"turns":3},{"damage":18,"enemies":"Centurion and Healer","floor":22,"turns":4},{"damage":61,"enemies":"Slavers","floor":24,"turns":7},{"damage":21,"enemies":"Chosen and Byrds","floor":25,"turns":5},{"damage":32,"enemies":"Snake Plant","floor":27,"turns":4},{"damage":19,"enemies":"Shelled Parasite and Fungi","floor":28,"turns":2}],"seed_played":"-6124603512102238016","potions_obtained":[{"floor":6,"key":"Dexterity Potion"},{"floor":8,"key":"GamblersBrew"},{"floor":18,"key":"Strength Potion"},{"floor":22,"key":"FairyPotion"},{"floor":24,"key":"BlessingOfTheForge"},{"floor":27,"key":"Energy Potion"}],"is_trial":false,"path_per_floor":["M","M","M","?","M","E","R","M","T","$","R","?","R","?","R","B",null,"M","$","?","M","M","R","E","M","T","M","M"],"character_chosen":"DEFECT","items_purchased":["Sunder","Self Repair","Akabeko"],"campfire_rested":1,"item_purchase_floors":[10,19,19],"current_hp_per_floor":[81,81,81,81,66,42,42,34,34,49,73,73,73,73,73,38,82,56,71,71,77,69,69,18,34,34,17,0,0],"gold":158,"neow_bonus":"TEN_PERCENT_HP_BONUS","is_daily":false,"chose_seed":false,"campfire_upgraded":3,"win_rate":0.0,"timestamp":1613076642,"path_taken":["M","M","M","?","M","E","R","M","T","$","R","?","R","?","R","BOSS","M","$","?","?","M","R","E","M","T","M","?"],"items_purchased_type":["Card","Card","Relic"],"build_version":"2020-12-22","purchased_purges":0,"victory":false,"max_hp_per_floor":[82,82,82,82,82,82,82,82,82,82,82,82,82,82,82,82,82,82,82,82,82,82,82,82,82,82,82,82,82],"card_choices":[{"not_picked":["Hologram","Consume"],"picked":"Rebound","floor":1},{"not_picked":["Rebound","Reprogram"],"picked":"Chaos","floor":2},{"not_picked":["Compile Driver","Stack"],"picked":"Rebound","floor":3},{"not_picked":["Echo Form","Hologram","Blizzard"],"picked":"SKIP","floor":5},{"not_picked":["Turbo","Barrage"],"picked":"Tempest","floor":6},{"not_picked":["Tempest","Streamline"],"picked":"Steam","floor":8},{"not_picked":["Machine Learning","All For One"],"picked":"Reboot","floor":16},{"not_picked":["Gash+1","Melter+1"],"picked":"Ball Lightning","floor":18},{"not_picked":["Cold Snap","Stack+1"],"picked":"Redo","floor":21},{"not_picked":["Capacitor","Reinforced Body"],"picked":"Ball Lightning+1","floor":22},{"not_picked":["Auto Shields+1","Fission"],"picked":"Genetic Algorithm","floor":24},{"not_picked":["Streamline","Cold Snap"],"picked":"Storm+1","floor":25},{"not_picked":["Cold Snap","Stack+1","Leap","Reprogram"],"picked":"SKIP","floor":27}],"player_experience":690454,"relics_obtained":[{"floor":6,"key":"MealTicket"},{"floor":24,"key":"Toy Ornithopter"},{"floor":24,"key":"Blue Candle"},{"floor":26,"key":"Question Card"}],"event_choices":[{"damage_healed":0,"gold_gain":0,"player_choice":"Grow","damage_taken":0,"max_hp_gain":0,"max_hp_loss":0,"event_name":"Living Wall","floor":4,"gold_loss":0,"cards_upgraded":["Chaos"]},{"damage_healed":0,"gold_gain":0,"player_choice":"Ignored","damage_taken":0,"max_hp_gain":0,"max_hp_loss":0,"event_name":"Golden Idol","floor":12,"gold_loss":0},{"damage_healed":0,"gold_gain":68,"player_choice":"Gained Gold","damage_taken":0,"max_hp_gain":0,"max_hp_loss":0,"event_name":"Golden Wing","floor":14,"gold_loss":0},{"damage_healed":0,"gold_gain":0,"player_choice":"Forge","damage_taken":0,"max_hp_gain":0,"max_hp_loss":0,"event_name":"Accursed Blacksmith","floor":20,"gold_loss":0,"cards_upgraded":["Self Repair"]}],"is_beta":false,"boss_relics":[{"not_picked":["Fusion Hammer","FrozenCore"],"picked":"Black Star"}],"items_purged_floors":[],"is_endless":false,"potions_floor_spawned":[6,8,18,22,24,27],"killed_by":"Shelled Parasite and Fungi","ascension_level":0}}