{"host":"yans4pr1zf0lm9bx","time":1613011824,"event":{"mods":["AchievementEnabler","BaseMod","Minty Spire (QoL Compilation)","Replay The Spire","StSLib","SuperFastMode","slay the spire mod where everything is the same but ironclad has a cowboy hat"],"gold_per_floor":[114,39,39,52,152,152,164,164,164,189,204,216,244,144,144,144,144],"floor_reached":16,"language":"ENG","playtime":564,"items_purged":["Strike_R","Strike_R"],"score":132,"play_id":"e66885c6-6d0f-40ff-98ef-5e5a0024b6a0","local_time":"20210210215024","is_ascension_mode":true,"campfire_choices":[{"data":"Defend_R","floor":6,"key":"SMITH"},{"data":"Iron Wave","floor":8,"key":"SMITH"},{"data":"Rampage","floor":15,"key":"SMITH"}],"circlet_count":0,"master_deck":["Strike_R","Defend_R+1","Defend_R","Defend_R","Defend_R","Bash","Headbutt+1","Warcry","Iron Wave+1","Rampage+1","ReplayReversal","Feed"],"relics":["Burning Blood","Onion Ring","Potion Belt","Replay:Bottled Steam"],"acts_visited":["Exordium"],"potions_floor_usage":[16,16],"damage_taken":[{"damage":7,"enemies":"2 Louse","floor":1,"turns":3},{"damage":7,"enemies":"Small Slimes","floor":4,"turns":3},{"damage":0,"enemies":"Cultist","floor":7,"turns":3},{"damage":10,"enemies":"3 Sentries","floor":10,"turns":8},{"damage":4,"enemies":"Red Slaver","floor":11,"turns":4},{"damage":7,"enemies":"Exordium Wildlife","floor":12,"turns":3},{"damage":28,"enemies":"Gremlin Nob","floor":13,"turns":4},{"damage":43,"enemies":"Slime Boss","floor":16,"turns":7}],"seed_played":"5382159455778059221","potions_obtained":[{"floor":7,"key":"Dexterity Potion"},{"floor":11,"key":"ElixirPotion"}],"is_trial":false,"path_per_floor":["M","$","?","M","?","R","M","R","T","E","M","M","E","$","R","B"],"character_chosen":"IRONCLAD","items_purchased":[],"campfire_rested":0,"item_purchase_floors":[],"current_hp_per_floor":[55,55,55,54,54,54,60,60,60,56,58,57,35,35,35,0,0],"gold":144,"neow_bonus":"REMOVE_TWO","is_daily":false,"chose_seed":false,"campfire_upgraded":3,"win_rate":0.0,"timestamp":1613011824,"path_taken":["M","$","?","M","?","R","M","R","T","E","M","?","E","?","R","BOSS"],"items_purchased_type":[],"build_version":"2020-12-22","purchased_purges":2,"victory":false,"max_hp_per_floor":[80,80,80,80,80,80,80,80,80,80,80,80,80,80,80,80,80],"card_choices":[{"not_picked":["Pommel Strike","Flex"],"picked":"Headbutt","floor":1},{"not_picked":["Twin Strike","Thunderclap"],"picked":"Warcry","floor":4},{"not_picked":["Combust","Clash"],"picked":"Iron Wave","floor":7},{"not_picked":["Evolve","Impervious"],"picked":"Rampage","floor":10},{"not_picked":["Havoc","Rupture"],"picked":"ReplayReversal","floor":11},{"not_picked":["Anger","Cleave","Clothesline"],"picked":"SKIP","floor":12},{"not_picked":["Hemogenesis","Heavy Blade"],"picked":"Feed","floor":13}],"player_experience":272093,"relics_obtained":[{"floor":9,"key":"Onion Ring"},{"floor":10,"key":"Potion Belt"},{"floor":13,"key":"Replay:Bottled Steam"}],"event_choices":[{"damage_healed":0,"gold_gain":100,"player_choice":"Gold","damage_taken":0,"max_hp_gain":0,"max_hp_loss":0,"event_name":"Wheel of Change","floor":5,"gold_loss":0}],"is_beta":false,"boss_relics":[],"items_purged_floors":[2,14],"is_endless":false,"potions_floor_spawned":[7,11],"killed_by":"Slime Boss","ascension_level":4}}