{"host":"ysj15tgd1sneq0s0","time":1613027361,"event":{"mods":["AchievementEnabler","BaseMod","DeckTracker","Highlight Path","Keyboard Shortcuts","Minty Spire (QoL Compilation)","Permanent Neow","Quick Restart","StSLib","SuperFastMode","everything is the same but u backflip on backflip"],"gold_per_floor":[118,118,128,128,53,53,63,73,73,73,83,83,103,122,122,217,217,231,241,256,337,262,262,279,279,279],"floor_reached":25,"language":"KOR","playtime":1733,"items_purged":["Strike_G"],"score":265,"play_id":"0103d45e-3075-4394-b259-19031404de84","local_time":"20210211160921","is_ascension_mode":true,"campfire_choices":[{"data":"Noxious Fumes","floor":6,"key":"SMITH"},{"data":"Catalyst","floor":10,"key":"SMITH"},{"data":"Catalyst","floor":15,"key":"SMITH"},{"data":"Night Terror","floor":23,"key":"SMITH"}],"circlet_count":0,"master_deck":["Strike_G","Defend_G","Defend_G","Defend_G","Defend_G","Survivor","Neutralize","Acrobatics","Catalyst+1","Noxious Fumes+1","PiercingWail","PiercingWail","Catalyst+1","Deadly Poison","Burst","PiercingWail+1","Night Terror+1"],"relics":["Ring of the Snake","Thread and Needle","Spirit Poop","Paper Crane","Empty Cage","Matryoshka"],"acts_visited":["Exordium","TheCity"],"potions_floor_usage":[13,13,16,16,24,25,25],"damage_taken":[{"damage":0,"enemies":"Cultist","floor":1,"turns":5},{"damage":1,"enemies":"Small Slimes","floor":3,"turns":4},{"damage":2,"enemies":"Jaw Worm","floor":7,"turns":5},{"damage":4,"enemies":"2 Fungi Beasts","floor":8,"turns":4},{"damage":0,"enemies":"Exordium Wildlife","floor":11,"turns":5},{"damage":4,"enemies":"Looter","floor":13,"turns":4},{"damage":0,"enemies":"Gremlin Gang","floor":14,"turns":5},{"damage":9,"enemies":"The Guardian","floor":16,"turns":7},{"damage":10,"enemies":"Shell Parasite","floor":18,"turns":6},{"damage":0,"enemies":"Spheric Guardian","floor":19,"turns":3},{"damage":14,"enemies":"Cultist and Chosen","floor":20,"turns":5},{"damage":40,"enemies":"Centurion and Healer","floor":24,"turns":9},{"damage":18,"enemies":"3 Cultists","floor":25,"turns":5}],"seed_played":"-2976066774575485512","potions_obtained":[{"floor":1,"key":"Poison Potion"},{"floor":3,"key":"Poison Potion"},{"floor":13,"key":"GhostInAJar"},{"floor":14,"key":"Swift Potion"},{"floor":18,"key":"Dexterity Potion"},{"floor":19,"key":"SneckoOil"},{"floor":20,"key":"BlessingOfTheForge"}],"is_trial":false,"path_per_floor":["M","?","M","?","$","R","M","M","T","R","M","$","M","M","R","B",null,"M","M","M","T","?","R","M","M"],"character_chosen":"THE_SILENT","items_purchased":[],"campfire_rested":0,"item_purchase_floors":[],"current_hp_per_floor":[70,70,69,69,69,69,67,63,63,63,63,63,59,59,59,50,70,60,60,46,46,46,46,6,0,0],"gold":279,"neow_bonus":"TRANSFORM_CARD","is_daily":false,"chose_seed":false,"campfire_upgraded":4,"win_rate":0.0,"timestamp":1613027361,"path_taken":["M","?","M","?","$","R","M","M","T","R","?","?","M","M","R","BOSS","M","M","?","?","?","R","M","M"],"items_purchased_type":[],"build_version":"2020-12-22","purchased_purges":1,"victory":false,"max_hp_per_floor":[70,70,70,70,70,70,70,70,70,70,70,70,70,70,70,70,70,70,70,70,70,70,70,70,70,70],"card_choices":[{"not_picked":["Crippling Poison","PiercingWail"],"picked":"Catalyst","floor":1},{"not_picked":["Skewer","Blade Dance"],"picked":"Noxious Fumes","floor":3},{"not_picked":["Acrobatics","Dash"],"picked":"PiercingWail","floor":7},{"not_picked":["Cloak And Dagger","Bane"],"picked":"PiercingWail","floor":8},{"not_picked":["Bane","Terror"],"picked":"Catalyst","floor":11},{"not_picked":["Acrobatics","Underhanded Strike"],"picked":"Deadly Poison","floor":13},{"not_picked":["Predator","Bane","Underhanded Strike"],"picked":"SKIP","floor":14},{"not_picked":["Wraith Form v2","Glass Knife"],"picked":"Burst","floor":16},{"not_picked":["Quick Slash","Underhanded Strike"],"picked":"PiercingWail+1","floor":18},{"not_picked":["Bane+1","Dagger Spray"],"picked":"Night Terror","floor":19},{"not_picked":["Tactician","Expertise","Underhanded Strike"],"picked":"SKIP","floor":20},{"not_picked":["Outmaneuver","Underhanded Strike","Distraction"],"picked":"SKIP","floor":24}],"player_experience":71949,"relics_obtained":[{"floor":9,"key":"Paper Crane"},{"floor":21,"key":"Matryoshka"}],"event_choices":[{"damage_healed":0,"gold_gain":0,"player_choice":"Box","damage_taken":0,"relics_obtained":["Thread and Needle"],"max_hp_gain":0,"max_hp_loss":0,"event_name":"Big Fish","floor":2,"gold_loss":0,"cards_obtained":["Regret"]},{"cards_removed":["Regret"],"damage_healed":0,"gold_gain":0,"player_choice":"Offered Curse","damage_taken":0,"relics_obtained":["Spirit Poop"],"max_hp_gain":0,"max_hp_loss":0,"event_name":"Bonfire Elementals","floor":4,"gold_loss":0},{"cards_removed":["Strike_G"],"damage_healed":0,"gold_gain":0,"player_choice":"Gave Gold","damage_taken":0,"max_hp_gain":0,"max_hp_loss":0,"event_name":"Beggar","floor":22,"gold_loss":75}],"is_beta":false,"boss_relics":[{"not_picked":["SlaversCollar","HoveringKite"],"picked":"Empty Cage"}],"items_purged_floors":[5],"is_endless":false,"potions_floor_spawned":[1,3,13,14,18,19,20],"killed_by":"3 Cultists","ascension_level":4}}