{"host":"u6v0z43xi4vbzvq3","time":1613071261,"event":{"mods":["AchievementEnabler","BaseMod","BetterRewards","Colored Map","Conspire","Downfall","Googly Eyes","Hermit","Hubris","Infinite Spire","Minty Spire (QoL Compilation)","Quick Restart","Rare Cards Sparkle","Replay The Spire","Shop Mod","StSLib","SuperFastMode","The Construct"],"gold_per_floor":[36,211,239,314,337,337,384,384,384,384,419,419,449,449,449,467,467],"floor_reached":16,"language":"ENG","playtime":622,"items_purged":[],"score":92,"play_id":"fb5f05af-3d77-49e5-8ea5-5ae599364e79","local_time":"20210212062101","daily_mods":["Diverse","Colorless Cards"],"is_ascension_mode":false,"campfire_choices":[{"data":"hubris:MerchantsHand","floor":6,"key":"SMITH"},{"data":"hubris:MerchantsHand","floor":8,"key":"SMITH"},{"data":"hermit:HoleUp","floor":12,"key":"SMITH"},{"floor":15,"key":"REST"}],"circlet_count":0,"master_deck":["Strike_R","Strike_G","Strike_B","hubris:Strike_Merchant","Defend_R","Defend_G","Defend_B","hubris:Defend_Merchant","hubris:MerchantsHand+1","hubris:MerchantsHand+1","sneckomod:Unknown1Cost","Doubt","hermit:HoleUp+1","Sweeping Beam","Wild Strike","Sickly"],"relics":["Smiling Mask","hubris:NiceRug","infinitespire:Midas Blood","Ring of Misfortune","Ring of Hypnosis"],"acts_visited":["Exordium"],"potions_floor_usage":[13],"damage_taken":[{"damage":2,"enemies":"2 Louse","floor":1,"turns":4},{"damage":1,"enemies":"Small Slimes","floor":3,"turns":7},{"damage":0,"enemies":"Cultist","floor":5,"turns":6},{"damage":0,"enemies":"3 Louse","floor":7,"turns":9},{"damage":0,"enemies":"Exordium Wildlife","floor":11,"turns":3},{"damage":0,"enemies":"Exordium Thugs","floor":13,"turns":2},{"damage":78,"enemies":"The Guardian","floor":16,"turns":22}],"seed_played":"6668320607972782638","potions_obtained":[{"floor":5,"key":"ColorlessPotion"}],"is_trial":true,"path_per_floor":["M","?","M","?","M","R","M","R","T","?","M","R","M","?","R","B"],"character_chosen":"IRONCLAD","items_purchased":[],"campfire_rested":1,"item_purchase_floors":[],"current_hp_per_floor":[73,73,72,61,61,61,61,61,61,61,61,61,61,61,75,0,0],"gold":467,"neow_bonus":"","is_daily":false,"chose_seed":false,"campfire_upgraded":3,"win_rate":0.0,"timestamp":1613071261,"path_taken":["M","?","M","?","M","R","M","R","T","?","M","R","?","?","R","BOSS"],"items_purchased_type":[],"build_version":"2020-12-22","purchased_purges":0,"victory":false,"max_hp_per_floor":[75,75,75,75,75,75,75,75,75,75,75,75,75,75,75,75,75],"card_choices":[{"not_picked":["BootSequence","Sucker Punch"],"picked":"sneckomod:Unknown1Cost","floor":1},{"not_picked":["champ:ShieldSlam","Go for the Eyes"],"picked":"hermit:HoleUp","floor":3},{"not_picked":["Replay:DivineShield","Tantrum","bronze:Backtrace"],"picked":"SKIP","floor":5},{"not_picked":["Forethought","Slimebound:LeechingTouch"],"picked":"Sweeping Beam","floor":7},{"not_picked":["champ:SetATrap","sneckomod:UnknownClassTHE_CHAMP_GRAY","champ:FlashCut"],"picked":"SKIP","floor":11},{"not_picked":["hexamod:FastForward","DeceiveReality"],"picked":"Wild Strike","floor":13}],"player_experience":146277,"relics_obtained":[{"floor":9,"key":"infinitespire:Midas Blood"},{"floor":14,"key":"Ring of Misfortune"},{"floor":14,"key":"Ring of Hypnosis"}],"event_choices":[{"damage_healed":0,"gold_gain":175,"player_choice":"AGREE","damage_taken":0,"max_hp_gain":0,"max_hp_loss":0,"event_name":"Liars Game","floor":2,"gold_loss":0,"cards_obtained":["Doubt"]},{"damage_healed":0,"gold_gain":75,"player_choice":"Gather Gold","damage_taken":11,"max_hp_gain":0,"max_hp_loss":0,"event_name":"World of Goop","floor":4,"gold_loss":0},{"damage_healed":0,"gold_gain":0,"player_choice":"Ignored","damage_taken":0,"max_hp_gain":0,"max_hp_loss":0,"event_name":"Purifier","floor":10,"gold_loss":0}],"is_beta":false,"boss_relics":[],"items_purged_floors":[],"is_endless":false,"potions_floor_spawned":[5],"killed_by":"The Guardian","ascension_level":0}}