{"host":"aapp7ew3jk5k1bvd","time":1613057149,"event":{"mods":["AchievementEnabler","BaseMod","Colored Map","Custom Start","Keyboard Shortcuts","Minty Spire (QoL Compilation)","Permanent Neow","Quick Restart","StSLib","SuperFastMode"],"gold_per_floor":[114,114,127,52,227,227,246,246,270,305,323,71,71,91,91,187,187,158,33,58,77,77,77,77,101,101,121,121,134,134,134],"floor_reached":30,"language":"KOR","playtime":1004,"items_purged":["Strike_G","Doubt","Strike_G"],"score":366,"play_id":"2730bea2-1f28-409e-be88-d48e231f0ff2","local_time":"20210212002549","is_ascension_mode":true,"campfire_choices":[{"data":"Poisoned Stab","floor":6.0,"key":"SMITH"},{"floor":8.0,"key":"REST"},{"floor":15.0,"key":"REST"},{"floor":24,"key":"REST"}],"circlet_count":0,"master_deck":["AscendersBane","Strike_G","Strike_G","Defend_G","Defend_G","Defend_G","Defend_G","Defend_G","Survivor","Neutralize","Adrenaline","Poisoned Stab+1","Blade Dance","Poisoned Stab","Blur","Footwork","A Thousand Cuts","After Image+1","Escape Plan","Catalyst"],"relics":["Ring of the Snake","Golden Idol","Snake Skull","Odd Mushroom","Black Star","Pocketwatch"],"acts_visited":["Exordium","TheCity"],"potions_floor_usage":[27,27,30],"damage_taken":[{"damage":0.0,"enemies":"Small Slimes","floor":1.0,"turns":3.0},{"damage":2.0,"enemies":"Jaw Worm","floor":3.0,"turns":4.0},{"damage":8.0,"enemies":"2 Louse","floor":7.0,"turns":3.0},{"damage":12.0,"enemies":"The Mushroom Lair","floor":10.0,"turns":5.0},{"damage":1.0,"enemies":"Looter","floor":11.0,"turns":4.0},{"damage":16.0,"enemies":"Lots of Slimes","floor":14.0,"turns":3.0},{"damage":10.0,"enemies":"The Guardian","floor":16.0,"turns":14.0},{"damage":18.0,"enemies":"2 Thieves","floor":18.0,"turns":5.0},{"damage":5.0,"enemies":"Shell Parasite","floor":20.0,"turns":8.0},{"damage":14.0,"enemies":"Sentry and Sphere","floor":21.0,"turns":10.0},{"damage":15,"enemies":"Centurion and Healer","floor":25,"turns":11},{"damage":13,"enemies":"3 Cultists","floor":27,"turns":9},{"damage":12,"enemies":"Snake Plant","floor":29,"turns":7},{"damage":0,"enemies":"Chosen and Byrds","floor":30,"turns":1}],"seed_played":"-1788331748487199021","potions_obtained":[{"floor":3.0,"key":"PowerPotion"},{"floor":7.0,"key":"BlessingOfTheForge"},{"floor":11.0,"key":"ColorlessPotion"},{"floor":18.0,"key":"EntropicBrew"},{"floor":20.0,"key":"Fire Potion"}],"is_trial":false,"path_per_floor":["M","?","M","$","?","R","M","R","T","?","M","$","?","M","R","B",null,"M","$","M","M","?","?","R","M","T","M","?","M","M"],"character_chosen":"THE_SILENT","items_purchased":["A Thousand Cuts"],"campfire_rested":3,"item_purchase_floors":[12],"current_hp_per_floor":[63,46,44,44,44,44,36,57,57,45,44,44,44,28,49,39,62,44,44,39,25,25,25,46,31,31,18,18,6,6,6],"gold":134,"neow_bonus":"ONE_RANDOM_RARE_CARD","is_daily":false,"chose_seed":false,"campfire_upgraded":1,"win_rate":0.0,"timestamp":1613057149,"path_taken":["M","?","M","$","?","R","M","R","T","?","M","$","?","M","R","BOSS","M","$","?","M","?","?","R","?","T","M","?","?","M"],"items_purchased_type":["Card"],"build_version":"2020-12-22","purchased_purges":3,"victory":false,"max_hp_per_floor":[70,70,70,70,70,70,70,70,70,70,70,70,70,70,70,70,70,70,70,70,70,70,70,70,70,70,70,70,70,70,70],"card_choices":[{"not_picked":["Finisher","Riddle With Holes"],"picked":"Poisoned Stab","floor":1.0},{"not_picked":["Quick Slash","Outmaneuver"],"picked":"Blade Dance","floor":3.0},{"not_picked":["Flechettes","PiercingWail"],"picked":"Poisoned Stab","floor":7.0},{"not_picked":["Finisher","PiercingWail"],"picked":"Blur","floor":10.0},{"not_picked":["Dodge and Roll","Dagger Spray"],"picked":"Footwork","floor":11.0},{"not_picked":["Doppelganger","Heel Hook","All Out Attack"],"picked":"SKIP","floor":14.0},{"not_picked":["Glass Knife","Burst"],"picked":"After Image","floor":16.0},{"not_picked":["Backflip","Distraction+1","Bane"],"picked":"SKIP","floor":18.0},{"not_picked":["Acrobatics","Leg Sweep"],"picked":"Escape Plan","floor":20.0},{"not_picked":["Backstab","Slice","All Out Attack"],"picked":"SKIP","floor":21.0},{"not_picked":["Slice","Deflect","Deadly Poison+1"],"picked":"SKIP","floor":25},{"not_picked":["Well Laid Plans","Finisher","Dodge and Roll"],"picked":"SKIP","floor":27},{"not_picked":["Prepared","Slice"],"picked":"Catalyst","floor":29}],"player_experience":1357714,"relics_obtained":[{"floor":9.0,"key":"Snake Skull"},{"floor":10.0,"key":"Odd Mushroom"},{"floor":26,"key":"Pocketwatch"}],"event_choices":[{"damage_healed":0.0,"max_hp_gain":0.0,"max_hp_loss":0.0,"gold_gain":0.0,"event_name":"Golden Idol","player_choice":"Take Damage","floor":2.0,"gold_loss":0.0,"damage_taken":17.0,"relics_obtained":["Golden Idol"]},{"damage_healed":0.0,"max_hp_gain":0.0,"max_hp_loss":0.0,"gold_gain":175.0,"event_name":"Liars Game","player_choice":"AGREE","floor":5.0,"gold_loss":0.0,"damage_taken":0.0,"cards_obtained":["Doubt"]},{"damage_healed":0.0,"max_hp_gain":0.0,"max_hp_loss":0.0,"gold_gain":0.0,"event_name":"Mushrooms","player_choice":"Fought Mushrooms","floor":10.0,"gold_loss":0.0,"damage_taken":0.0},{"cards_removed":["Strike_G"],"damage_healed":0.0,"max_hp_gain":0.0,"max_hp_loss":0.0,"gold_gain":0.0,"event_name":"Bonfire Elementals","player_choice":"Offered Basic","floor":13.0,"gold_loss":0.0,"damage_taken":0.0},{"damage_healed":0,"gold_gain":0,"player_choice":"Ignored","damage_taken":0,"max_hp_gain":0,"max_hp_loss":0,"event_name":"The Mausoleum","floor":22,"gold_loss":0},{"damage_healed":0,"gold_gain":0,"player_choice":"Got Potions","damage_taken":0,"max_hp_gain":0,"max_hp_loss":0,"event_name":"Lab","floor":23,"gold_loss":0},{"damage_healed":0,"gold_gain":0,"player_choice":"Upgraded","damage_taken":0,"max_hp_gain":0,"max_hp_loss":0,"event_name":"Upgrade Shrine","floor":28,"gold_loss":0,"cards_upgraded":["After Image"]}],"is_beta":false,"boss_relics":[{"not_picked":["Ectoplasm","Runic Dome"],"picked":"Black Star"}],"items_purged_floors":[4,12,19],"is_endless":false,"potions_floor_spawned":[3,7,11,18,20,27],"killed_by":"Chosen and Byrds","ascension_level":13}}