{"host":"29uuqgkzqd703i93","time":1613049074,"event":{"mods":["BaseMod","Minty Spire (QoL Compilation)"],"gold_per_floor":[119,119,69,69,83,83,123,123,123,123,123,163,186,200,200,324,324,340,361,361,380,395,395,413,413,413,413,413,413,31,41,41,143,143,155,155,155,174,194,194,194,194],"floor_reached":41,"language":"ENG","playtime":2244,"items_purged":[],"score":401,"play_id":"42ac4b41-6cda-4ed5-aa3b-e6b266d75ac1","local_time":"20210211141114","is_ascension_mode":false,"campfire_choices":[{"data":"Poisoned Stab","floor":6,"key":"SMITH"},{"floor":8,"key":"REST"},{"data":"Neutralize","floor":11,"key":"SMITH"},{"floor":15,"key":"REST"},{"floor":23,"key":"REST"},{"floor":25,"key":"REST"},{"floor":32,"key":"REST"},{"floor":40,"key":"REST"}],"circlet_count":0,"master_deck":["Strike_G","Strike_G","Defend_G","Defend_G","Defend_G","Defend_G","Defend_G","Survivor","Neutralize+1","Heel Hook","Concentrate","Injury","Poisoned Stab+1","Bane","Crippling Poison","Terror","Poisoned Stab","Burst","Deadly Poison","Escape Plan+1","Backflip","Backflip","Poisoned Stab+1","Outmaneuver","Slice+1","Footwork+1","Burst","Distraction+1","Writhe","Terror","Prepared"],"relics":["Ring of the Snake","Vajra","Bloody Idol","Question Card","Bottled Flame","Ice Cream","Busted Crown","Darkstone Periapt","Shuriken","Molten Egg 2","Mercury Hourglass","HoveringKite"],"acts_visited":["Exordium","TheCity","TheBeyond"],"potions_floor_usage":[33,33,39],"damage_taken":[{"damage":0,"enemies":"Jaw Worm","floor":1,"turns":3},{"damage":3,"enemies":"2 Louse","floor":5,"turns":4},{"damage":26,"enemies":"Gremlin Nob","floor":7,"turns":5},{"damage":16,"enemies":"Lagavulin","floor":12,"turns":6},{"damage":0,"enemies":"Small Slimes","floor":13,"turns":3},{"damage":11,"enemies":"3 Louse","floor":14,"turns":3},{"damage":36,"enemies":"Slime Boss","floor":16,"turns":11},{"damage":0,"enemies":"3 Byrds","floor":18,"turns":6},{"damage":10,"enemies":"Spheric Guardian","floor":19,"turns":4},{"damage":22,"enemies":"Snake Plant","floor":21,"turns":3},{"damage":26,"enemies":"Cultist and Chosen","floor":22,"turns":6},{"damage":28,"enemies":"Shelled Parasite and Fungi","floor":24,"turns":5},{"damage":15,"enemies":"Snake Plant","floor":31,"turns":3},{"damage":34,"enemies":"Champ","floor":33,"turns":11},{"damage":17,"enemies":"Orb Walker","floor":35,"turns":4},{"damage":35,"enemies":"3 Darklings","floor":38,"turns":5},{"damage":14,"enemies":"Jaw Worm Horde","floor":39,"turns":4},{"damage":67,"enemies":"Giant Head","floor":41,"turns":8}],"seed_played":"6137364709403527293","potions_obtained":[{"floor":1,"key":"BlessingOfTheForge"},{"floor":5,"key":"FairyPotion"},{"floor":12,"key":"DuplicationPotion"},{"floor":33,"key":"DistilledChaos"}],"is_trial":false,"path_per_floor":["M","?","?","?","M","R","E","R","T","?","R","E","M","M","R","B",null,"M","M","?","M","M","R","M","R","T","?","?","T","$","M","R","B",null,"M","?","?","M","M","R","E"],"character_chosen":"THE_SILENT","items_purchased":["Mercury Hourglass","Poisoned Stab+1","Outmaneuver","Slice+1"],"campfire_rested":6,"item_purchase_floors":[30,30,30,30],"current_hp_per_floor":[70,70,70,70,67,67,41,62,62,70,70,54,54,43,64,28,70,70,60,60,38,12,32,4,24,24,24,24,24,24,14,34,25,67,55,73,73,43,34,55,0,0],"gold":194,"neow_bonus":"RANDOM_COMMON_RELIC","is_daily":false,"chose_seed":false,"campfire_upgraded":2,"win_rate":0.0,"timestamp":1613049074,"path_taken":["M","?","?","?","M","R","E","R","T","?","R","E","?","M","R","BOSS","M","M","?","M","?","R","M","R","T","?","?","?","$","M","R","BOSS","M","?","?","M","M","R","E"],"items_purchased_type":["Relic","Card","Card","Card"],"build_version":"2020-12-22","purchased_purges":0,"victory":false,"max_hp_per_floor":[70,70,70,70,70,70,70,70,70,70,70,70,70,70,70,70,70,70,70,67,67,67,67,67,67,67,67,67,67,67,67,67,67,67,67,73,73,73,73,73,73,73],"card_choices":[{"not_picked":["Calculated Gamble","Backflip"],"picked":"Heel Hook","floor":1},{"not_picked":["Cloak And Dagger","Sucker Punch"],"picked":"Poisoned Stab","floor":5},{"not_picked":["Riddle With Holes","PiercingWail"],"picked":"Bane","floor":7},{"not_picked":["Deadly Poison","Calculated Gamble","Accuracy"],"picked":"Crippling Poison","floor":12},{"not_picked":["Concentrate","Dodge and Roll","Flechettes"],"picked":"Terror","floor":13},{"not_picked":["Deflect","Bane","Blade Dance"],"picked":"Poisoned Stab","floor":14},{"not_picked":["Storm of Steel","Doppelganger","Venomology"],"picked":"Burst","floor":16},{"not_picked":["Acrobatics"],"picked":"Deadly Poison","floor":18},{"not_picked":["Dagger Throw+1"],"picked":"Escape Plan+1","floor":19},{"not_picked":["Infinite Blades"],"picked":"Backflip","floor":21},{"not_picked":["Blade Dance"],"picked":"Backflip","floor":22},{"not_picked":["Tools of the Trade","Finisher"],"picked":"SKIP","floor":24},{"not_picked":["Bane+1"],"picked":"Footwork+1","floor":31},{"not_picked":["Tools of the Trade"],"picked":"Burst","floor":33},{"not_picked":["Quick Slash+1"],"picked":"Distraction+1","floor":35},{"not_picked":["Footwork"],"picked":"Terror","floor":38},{"not_picked":["Slice+1"],"picked":"Prepared","floor":39}],"player_experience":72279,"relics_obtained":[{"floor":7,"key":"Question Card"},{"floor":9,"key":"Bottled Flame"},{"floor":12,"key":"Ice Cream"},{"floor":26,"key":"Darkstone Periapt"},{"floor":29,"key":"Molten Egg 2"}],"event_choices":[{"damage_healed":0,"gold_gain":0,"cards_transformed":["Strike_G"],"player_choice":"Change","damage_taken":0,"max_hp_gain":0,"max_hp_loss":0,"event_name":"Living Wall","floor":2,"gold_loss":0,"cards_obtained":["Concentrate"]},{"cards_removed":["Strike_G"],"damage_healed":0,"gold_gain":0,"player_choice":"Card Removal","damage_taken":0,"max_hp_gain":0,"max_hp_loss":0,"event_name":"The Cleric","floor":3,"gold_loss":50},{"damage_healed":0,"gold_gain":0,"player_choice":"Take Wound","damage_taken":0,"relics_obtained":["Golden Idol"],"max_hp_gain":0,"max_hp_loss":0,"event_name":"Golden Idol","floor":4,"gold_loss":0,"cards_obtained":["Injury"]},{"damage_healed":17,"gold_gain":0,"player_choice":"Healed and dodged fight","damage_taken":0,"max_hp_gain":0,"max_hp_loss":0,"event_name":"Mushrooms","floor":10,"gold_loss":0,"cards_obtained":["Parasite"]},{"cards_removed":["Parasite"],"damage_healed":0,"gold_gain":0,"player_choice":"Purged","damage_taken":0,"max_hp_gain":0,"max_hp_loss":0,"event_name":"Purifier","floor":20,"gold_loss":0},{"damage_healed":0,"gold_gain":0,"player_choice":"Opened","damage_taken":0,"relics_obtained":["Shuriken"],"max_hp_gain":0,"max_hp_loss":0,"event_name":"The Mausoleum","floor":27,"gold_loss":0},{"damage_healed":0,"gold_gain":0,"player_choice":"Gave Idol","damage_taken":0,"relics_obtained":["Bloody Idol"],"max_hp_gain":0,"max_hp_loss":0,"event_name":"Forgotten Altar","floor":28,"relics_lost":["Golden Idol"],"gold_loss":0},{"damage_healed":17,"gold_gain":0,"player_choice":"Writhe","damage_taken":0,"max_hp_gain":0,"max_hp_loss":0,"event_name":"Winding Halls","floor":36,"gold_loss":0,"cards_obtained":["Writhe"]},{"cards_removed":["Strike_G"],"damage_healed":0,"gold_gain":0,"player_choice":"Removed Attack","damage_taken":0,"max_hp_gain":0,"max_hp_loss":0,"event_name":"Falling","floor":37,"gold_loss":0}],"is_beta":false,"boss_relics":[{"not_picked":["Runic Pyramid","Tiny House"],"picked":"Busted Crown"},{"not_picked":["Velvet Choker","WristBlade"],"picked":"HoveringKite"}],"items_purged_floors":[],"is_endless":false,"potions_floor_spawned":[1,5,12,18,21,33],"killed_by":"Giant Head","ascension_level":0}}