{"host":"68ypu360vyldwzrz","time":1613071055,"event":{"mods":["Act Like it!","BaseMod","Better Note","Better Third Choice","Better Vampires","BetterRewards","CapriCore","DeckTracker","Downfall","Friendly Minions","GifTheSpireLib","Hubris","Jorbs\u0027s Wanderer Trilogy","Luminous","Minty Spire (QoL Compilation)","Quick Restart","Rare Cards Sparkle","Relic Stats","Shade Mod","Shop Mod","StSLib","Td1madao Mod","The Administrix","The Alterego","The Cursed","The Hierophant","The Immortal","The Necromancer","The Senshi","The Servant 0.9.4","The Wild Card","TheVacant"],"gold_per_floor":[99,109,124,142,142,156,156,431,448,448,448,111,126,126,140,242,242,242,242,242,256,276,31,31,31,31,131,131,142,160,176,193,292,292,292,302,355,366,76,76,76,92,92,92,74,74,88,88],"floor_reached":51,"language":"ENG","playtime":5620,"items_purged":["Writhe"],"score":903,"play_id":"1d17b091-edb6-49b5-a5f4-bba8041d6681","local_time":"20210211111735","is_ascension_mode":true,"campfire_choices":[{"floor":1.0,"key":"REST"},{"data":"Bone_Armory","floor":11.0,"key":"SMITH"},{"data":"Summon_Vampire_Lady","floor":18.0,"key":"SMITH"},{"data":"J.A.X.","floor":28.0,"key":"SMITH"},{"data":"Skeleton_Dragon","floor":35.0,"key":"SMITH"},{"floor":44.0,"key":"REST"}],"circlet_count":10,"master_deck":["Defend_W","Defend_W","Defend_W","Defend_W","Negative_Energy_Arrows","Bone_Wall","Acid_Javelin","Finger_Of_Death","Negative_Energy_Burst","Vampiric_Strike","Bone_Armory+1","Necrotic_Claws","Summon_Lich+1","Negative_Energy_Sphere","Bones_to_Steel","Plague_Bolt","Acid_Javelin","Summon_Vampire_Lady+1","Slimebound:Tackle+1","Slimebound:Tackle+1","Negative_Energy_Mist","Toxic_Smoke_Screen","Negative_Energy_Javelin+1","Summon_Lich","Bone_Armor","Violent_Necrosis","Pandemic","J.A.X.+1","Consume_Illness","Negative_Energy_Mist","Skeleton_Dragon+1","CurseOfTheBell","Corrupt+1","Summon_Undead_Army+1","Uncharnel","Blood_Curse","Shackles_Of_Pain","Negative_Energy_Sphere","Death_March_Dance+1","Finger_Of_Death","Summon_Lich+1"],"relics":["Vampire_Amulet","Ice Cream","Mummified Hand","Blood Vial","Busted Crown","theSenshi:SailorFukuRelic","Bottled Tornado","hubris:Icosahedron","hubris:Teleporter","MutagenicStrength","Calling Bell","Centennial Puzzle","Kunai","Du-Vu Doll","Circlet","Dream Catcher","hubris:ToyBattleship","Prayer Wheel","Membership Card","Gremlin Horn","hubris:Towel"],"acts_visited":["Exordium","TheCity","TheBeyond"],"potions_floor_usage":[50,50],"damage_taken":[{"damage":0.0,"enemies":"Small Slimes","floor":2.0,"turns":5.0},{"damage":0.0,"enemies":"2 Louse","floor":3.0,"turns":4.0},{"damage":0.0,"enemies":"Cultist","floor":4.0,"turns":3.0},{"damage":7.0,"enemies":"Exordium Wildlife","floor":6.0,"turns":4.0},{"damage":0.0,"enemies":"3 Louse","floor":9.0,"turns":1.0},{"damage":0.0,"enemies":"downfall:FleeingMerchant","floor":12.0,"turns":4.0},{"damage":10.0,"enemies":"Exordium Thugs","floor":13.0,"turns":3.0},{"damage":17.0,"enemies":"Gremlin Gang","floor":15.0,"turns":5.0},{"damage":27.0,"enemies":"IC_STATUS_ARCHETYPE","floor":16.0,"turns":9.0},{"damage":13.0,"enemies":"3 Byrds","floor":21.0,"turns":5.0},{"damage":18.0,"enemies":"Shell Parasite","floor":22.0,"turns":5.0},{"damage":0.0,"enemies":"downfall:FleeingMerchant","floor":23.0,"turns":4.0},{"damage":35.0,"enemies":"downfall:Augmenter","floor":27.0,"turns":4.0},{"damage":15.0,"enemies":"Shelled Parasite and Fungi","floor":29.0,"turns":4.0},{"damage":22.0,"enemies":"Snake Plant","floor":30.0,"turns":3.0},{"damage":5.0,"enemies":"Centurion and Healer","floor":31.0,"turns":4.0},{"damage":13.0,"enemies":"Shelled Parasite and Fungi","floor":32.0,"turns":6.0},{"damage":45.0,"enemies":"SI_MIRROR_ARCHETYPE","floor":33.0,"turns":10.0},{"damage":16.0,"enemies":"3 Shapes","floor":36.0,"turns":2.0},{"damage":80.0,"enemies":"Orin","floor":37.0,"turns":12.0},{"damage":33.0,"enemies":"Orb Walker","floor":38.0,"turns":4.0},{"damage":0.0,"enemies":"downfall:FleeingMerchant","floor":39.0,"turns":4.0},{"damage":33.0,"enemies":"Maw","floor":43.0,"turns":7.0},{"damage":0.0,"enemies":"downfall:FleeingMerchant","floor":47.0,"turns":4.0},{"damage":45.0,"enemies":"Spire Growth","floor":49.0,"turns":6.0},{"damage":78,"enemies":"DF_ARCHETYPE_ORBS","floor":50,"turns":8}],"seed_played":"7433433847883839153","potions_obtained":[{"floor":3.0,"key":"BlessingOfTheForge"},{"floor":6.0,"key":"Energy Potion"},{"floor":9.0,"key":"bronze:BurnAndBuffPotion"},{"floor":13.0,"key":"DuplicationPotion"},{"floor":15.0,"key":"BlessingOfTheForge"},{"floor":22.0,"key":"DistilledChaos"},{"floor":30.0,"key":"Strength Potion"},{"floor":36.0,"key":"Slimebound:ThreeZeroPotion"},{"floor":43.0,"key":"Weak Potion"},{"floor":49.0,"key":"sneckomod:MuddlingPotion"}],"is_trial":false,"path_per_floor":["R","M","M","M","?","M","T","?","M","?","R","$","M","?","M","B",null,"R","?","?","M","M","$","T","?","?","?","R","M","M","M","M","B",null,"R","M","?","M","$","T","?","M","R","T","$","?","M","B",null],"character_chosen":"NECROMANCER","items_purchased":["Summon_Lich","Blood Vial","Negative_Energy_Sphere","Bones_to_Steel","theSenshi:SailorFukuRelic","Summon_Lich","Dream Catcher","Blood_Curse","FairyPotion","Membership Card","Gremlin Horn"],"campfire_rested":2,"item_purchase_floors":[12,12,12,12,23,23,39,39,47,47,47],"current_hp_per_floor":[75,75,75,75,75,70,70,70,75,75,75,75,69,69,63,40,75,75,75,75,66,58,71,71,71,71,60,60,60,53,65,75,62,75,75,68,11,50,64,64,64,52,74,74,75,75,52,27],"gold":88,"neow_bonus":"ONE_RARE_RELIC","is_daily":false,"chose_seed":false,"campfire_upgraded":4,"win_rate":0.0,"timestamp":1613071055,"path_taken":["R","M","M","M","?","M","T","?","?","?","R","$","M","?","M","BOSS","R","?","?","M","?","$","T","?","?","?","R","M","M","M","M","BOSS","R","M","?","M","$","T","?","?","R","?","?","?","M","BOSS"],"items_purchased_type":["Card","Relic","Card","Card","Relic","Card","Relic","Card","Potion","Relic","Relic"],"build_version":"2020-12-22","purchased_purges":1,"victory":true,"max_hp_per_floor":[75,75,75,75,75,75,75,75,75,75,75,75,75,75,75,75,75,75,75,75,75,75,75,75,75,75,75,75,75,75,75,75,75,75,75,75,75,75,75,75,75,75,75,75,75,75,75,75],"relic_stats":{"Blood Vial":29,"Centennial Puzzle":[18],"Dream Catcher":1,"Busted Crown":48,"Gremlin Horn":[0,0],"counters":[26,130],"Mummified Hand":[83],"Prayer Wheel":2,"Kunai":[8],"obtain_stats":[{"Ice Cream":0,"hubris:Teleporter":26,"Gremlin Horn":47,"Circlet":0,"Bottled Tornado":24,"hubris:Towel":48,"Blood Vial":12,"Calling Bell":34,"Du-Vu Doll":34,"Centennial Puzzle":34,"Dream Catcher":39,"Busted Crown":17,"hubris:Icosahedron":25,"Mummified Hand":7,"MutagenicStrength":27,"Prayer Wheel":46,"Vampire_Amulet":0,"hubris:ToyBattleship":41,"Kunai":34,"Membership Card":47,"theSenshi:SailorFukuRelic":23,"CatCart":37},{"Ice Cream":0,"hubris:Teleporter":12,"Gremlin Horn":24,"Circlet":0,"Bottled Tornado":12,"hubris:Towel":24,"Blood Vial":6,"Calling Bell":18,"Du-Vu Doll":18,"Centennial Puzzle":18,"Dream Catcher":22,"Busted Crown":9,"hubris:Icosahedron":12,"Mummified Hand":4,"MutagenicStrength":13,"Prayer Wheel":23,"Vampire_Amulet":0,"hubris:ToyBattleship":22,"Kunai":18,"Membership Card":24,"theSenshi:SailorFukuRelic":12,"CatCart":20},{"Ice Cream":0,"hubris:Teleporter":52,"Gremlin Horn":116,"Circlet":0,"Bottled Tornado":52,"hubris:Towel":116,"Blood Vial":21,"Calling Bell":83,"Du-Vu Doll":83,"Centennial Puzzle":83,"Dream Catcher":105,"Busted Crown":38,"hubris:Icosahedron":52,"Mummified Hand":16,"MutagenicStrength":56,"Prayer Wheel":112,"Vampire_Amulet":0,"hubris:ToyBattleship":105,"Kunai":83,"Membership Card":116,"theSenshi:SailorFukuRelic":52,"CatCart":97}]},"card_choices":[{"not_picked":["Bone_Spikes","Negative_Energy_Sphere"],"picked":"Acid_Javelin","floor":2.0},{"not_picked":["Epidemic","Necromantic_Selection"],"picked":"Finger_Of_Death","floor":3.0},{"not_picked":["Necrotic_Claws","Negative_Energy_Javelin"],"picked":"Negative_Energy_Burst","floor":4.0},{"not_picked":["Shackles_Of_Pain","Negative_Energy_Bomb"],"picked":"Vampiric_Strike","floor":6.0},{"not_picked":["Scare","Bone_Spikes"],"picked":"Bone_Armory","floor":9.0},{"not_picked":["Finger_Of_Death","Plague_Bolt"],"picked":"Necrotic_Claws","floor":12.0},{"not_picked":["Shackles_Of_Pain","Blood_Whip"],"picked":"Bone_Shift","floor":13.0},{"not_picked":["Bones_to_Steel","Whirlwind_of_Bones"],"picked":"Acid_Javelin","floor":15.0},{"not_picked":["Negative_Energy_Bomb","Requiem"],"picked":"Summon_Vampire_Lady","floor":16.0},{"not_picked":[],"picked":"Negative_Energy_Mist","floor":21.0},{"not_picked":[],"picked":"Toxic_Smoke_Screen","floor":22.0},{"not_picked":[],"picked":"Negative_Energy_Javelin+1","floor":23.0},{"not_picked":[],"picked":"Bone_Armor","floor":27.0},{"not_picked":[],"picked":"J.A.X.","floor":27.0},{"not_picked":["Detonate_Bones"],"picked":"SKIP","floor":29.0},{"not_picked":[],"picked":"Consume_Illness","floor":30.0},{"not_picked":["Consume_Illness"],"picked":"SKIP","floor":31.0},{"not_picked":[],"picked":"Negative_Energy_Mist","floor":32.0},{"not_picked":[],"picked":"Skeleton_Dragon","floor":33.0},{"not_picked":["Deaths_Shadow"],"picked":"SKIP","floor":36.0},{"not_picked":[],"picked":"Corrupt+1","floor":37.0},{"not_picked":[],"picked":"Summon_Undead_Army+1","floor":38.0},{"not_picked":[],"picked":"Uncharnel","floor":39.0},{"not_picked":[],"picked":"Shackles_Of_Pain","floor":43.0},{"not_picked":[],"picked":"Negative_Energy_Sphere","floor":44.0},{"not_picked":[],"picked":"Death_March_Dance+1","floor":47.0},{"not_picked":[],"picked":"Finger_Of_Death","floor":49.0},{"not_picked":[],"picked":"Summon_Lich+1","floor":49.0}],"player_experience":374965,"relics_obtained":[{"floor":7.0,"key":"Mummified Hand"},{"floor":24.0,"key":"Bottled Tornado"},{"floor":27.0,"key":"MutagenicStrength"},{"floor":34.0,"key":"Centennial Puzzle"},{"floor":34.0,"key":"Kunai"},{"floor":34.0,"key":"Du-Vu Doll"},{"floor":37.0,"key":"CatCart"},{"floor":41.0,"key":"hubris:ToyBattleship"},{"floor":46.0,"key":"Prayer Wheel"}],"event_choices":[{"cards_removed":["Regret"],"damage_healed":0.0,"max_hp_gain":0.0,"max_hp_loss":0.0,"gold_gain":0.0,"event_name":"Living Wall","player_choice":"Forget","floor":10.0,"gold_loss":0.0,"damage_taken":0.0},{"damage_healed":0.0,"max_hp_gain":0.0,"max_hp_loss":0.0,"gold_gain":0.0,"event_name":"OrinTheCat","player_choice":"Fight","floor":37.0,"gold_loss":0.0,"damage_taken":0.0}],"is_beta":false,"boss_relics":[{"not_picked":["hubris:HollowSoul","SacredBark"],"picked":"Busted Crown"},{"not_picked":["hubris:GrandSneckoEye","hubris:RunicObelisk"],"picked":"Calling Bell"}],"items_purged_floors":[39],"is_endless":false,"potions_floor_spawned":[3,6,9,13,15,22,27,30,36,43,49],"ascension_level":1}}