{"host":"qp7xs8nuzfsyommi","time":1613056874,"event":{"mods":["2.2 Compatiblity","BaseMod","Colored Powertips","DeckTracker","Highlight Path","Minty Spire (QoL Compilation)","Permanent Neow","StSLib"],"gold_per_floor":[115,129,149,169,19,19,19,19,19,43,43,43],"floor_reached":11,"language":"ENG","playtime":355,"items_purged":["Strike_B"],"score":130,"play_id":"eaefecfa-aaf1-4d62-8157-3fb6c3bab7ac","local_time":"20210211102114","is_ascension_mode":true,"campfire_choices":[{"floor":6,"key":"REST"},{"data":"Zap","floor":8,"key":"SMITH"}],"circlet_count":0,"master_deck":["AscendersBane","Strike_B","Strike_B","Strike_B","Defend_B","Defend_B","Defend_B","Defend_B","Zap+1","Dualcast","Go for the Eyes","Barrage","Defragment","Sweeping Beam","Capacitor","Machine Learning"],"relics":["Philosopher\u0027s Stone","CeramicFish","InkBottle"],"acts_visited":["Exordium"],"potions_floor_usage":[4],"damage_taken":[{"damage":9,"enemies":"Cultist","floor":1,"turns":4},{"damage":0,"enemies":"2 Louse","floor":2,"turns":3},{"damage":5,"enemies":"Small Slimes","floor":3,"turns":3},{"damage":11,"enemies":"Red Slaver","floor":4,"turns":4},{"damage":11,"enemies":"2 Fungi Beasts","floor":10,"turns":3},{"damage":53,"enemies":"3 Sentries","floor":11,"turns":6}],"seed_played":"2420084083724276362","potions_obtained":[{"floor":3,"key":"Block Potion"},{"floor":4,"key":"Block Potion"}],"is_trial":false,"path_per_floor":["M","M","M","M","$","R","?","R","T","M","E"],"character_chosen":"DEFECT","items_purchased":["Capacitor"],"campfire_rested":1,"item_purchase_floors":[5],"current_hp_per_floor":[55,55,50,39,39,60,60,60,60,49,0,0],"gold":43,"neow_bonus":"BOSS_RELIC","is_daily":false,"chose_seed":false,"campfire_upgraded":1,"win_rate":0.0,"timestamp":1613056874,"path_taken":["M","M","M","M","$","R","?","R","T","M","E"],"items_purchased_type":["Card"],"build_version":"2020-12-22","purchased_purges":1,"victory":false,"max_hp_per_floor":[71,71,71,71,71,71,71,71,71,71,71,71],"card_choices":[{"not_picked":["Scrape","Barrage"],"picked":"Go for the Eyes","floor":1},{"not_picked":["Stack","Auto Shields"],"picked":"Barrage","floor":2},{"not_picked":["Barrage","Turbo"],"picked":"Defragment","floor":3},{"not_picked":["Reinforced Body","Leap"],"picked":"Sweeping Beam","floor":4},{"not_picked":["Barrage","Go for the Eyes"],"picked":"Machine Learning","floor":10}],"player_experience":1857405,"relics_obtained":[{"floor":9,"key":"InkBottle"}],"event_choices":[{"damage_healed":0,"gold_gain":0,"player_choice":"Gave Potion","damage_taken":0,"relics_obtained":["CeramicFish"],"max_hp_gain":0,"max_hp_loss":0,"event_name":"WeMeetAgain","floor":7,"gold_loss":0}],"is_beta":false,"boss_relics":[],"items_purged_floors":[5],"is_endless":false,"potions_floor_spawned":[3,4],"killed_by":"3 Sentries","ascension_level":20}}