{"host":"k97npy6own8k4xam","time":1613087596,"event":{"mods":["BaseMod","Bestiary","Minty Spire (QoL Compilation)","Relic Stats","StSLib","ojb\u0027s Better Paths Mod"],"gold_per_floor":[211,229,239,1,13,41,41,73,98,124,45,64,64,79,79,153,153,165,65,65,82,82,111,111,36,105,138,238,272,272,272,272,272,272],"floor_reached":33,"language":"ITA","playtime":1392,"items_purged":["Strike_G"],"score":646,"play_id":"61e43cba-1b74-4723-be49-60455cd9d9e2","local_time":"20210212005316","is_ascension_mode":true,"campfire_choices":[{"data":"Accuracy","floor":13.0,"key":"SMITH"},{"data":"Accuracy","floor":15.0,"key":"SMITH"},{"floor":24.0,"key":"REST"},{"floor":30,"key":"REST"},{"floor":32,"key":"REST"}],"circlet_count":0,"master_deck":["AscendersBane","Strike_G","Strike_G","Strike_G","Strike_G","Defend_G","Defend_G","Defend_G","Defend_G","Defend_G","Survivor","Neutralize","Cloak And Dagger","Terror","Blade Dance","Accuracy+1","Panache","Finisher","Calculated Gamble","Venomology","Accuracy+1","PiercingWail","After Image","Backflip","Acrobatics+1","Phantasmal Killer","Slice","Tactician","Prepared","Leg Sweep","Writhe","Backflip"],"relics":["Ring of the Snake","Art of War","Dream Catcher","Lantern","Potion Belt","WristBlade","Orichalcum","White Beast Statue","The Courier","Girya","StrikeDummy","Bronze Scales","Omamori"],"acts_visited":["Exordium","TheCity"],"potions_floor_usage":[28,28,28,29,29,29,33,33],"damage_taken":[{"damage":0.0,"enemies":"Cultist","floor":1.0,"turns":4.0},{"damage":7.0,"enemies":"Small Slimes","floor":2.0,"turns":5.0},{"damage":1.0,"enemies":"Jaw Worm","floor":3.0,"turns":4.0},{"damage":1.0,"enemies":"Blue Slaver","floor":5.0,"turns":2.0},{"damage":11.0,"enemies":"Gremlin Nob","floor":6.0,"turns":3.0},{"damage":10.0,"enemies":"Lagavulin","floor":8.0,"turns":6.0},{"damage":6.0,"enemies":"Gremlin Nob","floor":10.0,"turns":3.0},{"damage":1.0,"enemies":"Looter","floor":12.0,"turns":3.0},{"damage":0.0,"enemies":"Lots of Slimes","floor":14.0,"turns":1.0},{"damage":42.0,"enemies":"The Guardian","floor":16.0,"turns":10.0},{"damage":2.0,"enemies":"2 Thieves","floor":18.0,"turns":4.0},{"damage":0.0,"enemies":"Spheric Guardian","floor":21.0,"turns":2.0},{"damage":0.0,"enemies":"Chosen and Byrds","floor":22.0,"turns":3.0},{"damage":29.0,"enemies":"Slavers","floor":23.0,"turns":6.0},{"damage":12.0,"enemies":"Gremlin Leader","floor":27.0,"turns":4.0},{"damage":9,"enemies":"Colosseum Slavers","floor":28,"turns":4},{"damage":6,"enemies":"Colosseum Nobs","floor":28,"turns":2},{"damage":6,"enemies":"Slavers","floor":29,"turns":4},{"damage":67,"enemies":"Champ","floor":33,"turns":10}],"seed_played":"2298044256153577434","potions_obtained":[{"floor":5.0,"key":"LiquidMemories"},{"floor":6.0,"key":"Block Potion"},{"floor":8.0,"key":"DistilledChaos"},{"floor":14.0,"key":"Explosive Potion"},{"floor":18.0,"key":"Dexterity Potion"},{"floor":20.0,"key":"Fire Potion"},{"floor":21.0,"key":"Explosive Potion"},{"floor":23.0,"key":"DuplicationPotion"},{"floor":27.0,"key":"Block Potion"},{"floor":28,"key":"Fire Potion"},{"floor":29,"key":"AttackPotion"}],"is_trial":false,"path_per_floor":["M","M","M","$","M","E","?","E","T","E","$","M","R","M","R","B",null,"M","$","?","M","M","E","R","$","T","E","?","E","R","?","R","B"],"character_chosen":"THE_SILENT","items_purchased":["Accuracy","Panache","Accuracy","Backflip","Tactician"],"campfire_rested":3,"item_purchase_floors":[4,4,11,19,25],"current_hp_per_floor":[59,52,51,51,50,39,61,51,51,45,45,44,44,44,44,2,50,48,48,48,48,48,19,38,38,38,26,11,5,24,24,43,0,0],"gold":272,"neow_bonus":"HUNDRED_GOLD","is_daily":false,"chose_seed":false,"campfire_upgraded":2,"win_rate":0.0,"timestamp":1613087596,"path_taken":["M","M","M","$","M","E","?","E","T","E","$","M","R","M","R","BOSS","M","$","?","M","M","E","R","?","T","E","?","E","R","?","R","BOSS"],"items_purchased_type":["Card","Card","Card","Card","Card"],"build_version":"2020-12-22","purchased_purges":1,"victory":false,"max_hp_per_floor":[66,66,66,66,66,66,66,66,66,66,66,66,66,66,66,66,66,66,66,66,66,66,66,66,66,66,66,66,66,66,66,66,66,66],"relic_stats":{"Dream Catcher":3,"counters":[19,80],"Bronze Scales":[18],"Art of War":[13],"Orichalcum":[0],"obtain_stats":[{"Potion Belt":10,"Girya":28,"Lantern":9,"The Courier":27,"Omamori":31,"Orichalcum":23,"White Beast Statue":26,"Dream Catcher":8,"WristBlade":17,"Bronze Scales":29,"Art of War":6,"StrikeDummy":28,"Ring of the Snake":0},{"Potion Belt":7,"Girya":17,"Lantern":6,"The Courier":15,"Omamori":18,"Orichalcum":14,"White Beast Statue":14,"Dream Catcher":6,"WristBlade":10,"Bronze Scales":18,"Art of War":5,"StrikeDummy":17,"Ring of the Snake":0},{"Potion Belt":27,"Girya":66,"Lantern":24,"The Courier":60,"Omamori":70,"Orichalcum":56,"White Beast Statue":56,"Dream Catcher":24,"WristBlade":41,"Bronze Scales":70,"Art of War":18,"StrikeDummy":66,"Ring of the Snake":0}],"Ring of the Snake":[38]},"card_choices":[{"not_picked":["Flying Knee","Dash"],"picked":"Cloak And Dagger","floor":1.0},{"not_picked":["Footwork","Flechettes"],"picked":"Terror","floor":2.0},{"not_picked":["Sucker Punch","Deadly Poison"],"picked":"Blade Dance","floor":3.0},{"not_picked":["Tactician","Deflect"],"picked":"Finisher","floor":5.0},{"not_picked":["Caltrops","Terror","Noxious Fumes"],"picked":"SKIP","floor":6.0},{"not_picked":["Catalyst","Die Die Die"],"picked":"Calculated Gamble","floor":8.0},{"not_picked":["Tactician","Outmaneuver"],"picked":"Venomology","floor":10.0},{"not_picked":["Flying Knee","Cloak And Dagger","Expertise"],"picked":"SKIP","floor":12.0},{"not_picked":["Poisoned Stab","Cloak And Dagger"],"picked":"PiercingWail","floor":14.0},{"not_picked":["Storm of Steel","Grand Finale"],"picked":"After Image","floor":16.0},{"not_picked":["Expertise+1","Underhanded Strike","Endless Agony"],"picked":"SKIP","floor":18.0},{"not_picked":["Outmaneuver","Slice"],"picked":"Acrobatics+1","floor":21.0},{"not_picked":["Acrobatics","Leg Sweep"],"picked":"Phantasmal Killer","floor":23.0},{"not_picked":["Deadly Poison","Escape Plan"],"picked":"Slice","floor":24.0},{"not_picked":["Prepared","Eviscerate","Dodge and Roll"],"picked":"SKIP","floor":27.0},{"not_picked":["Outmaneuver","Skewer"],"picked":"Prepared","floor":28},{"not_picked":["Bullet Time","Bouncing Flask"],"picked":"Leg Sweep","floor":29},{"not_picked":["All Out Attack","Riddle With Holes"],"picked":"Backflip","floor":32}],"player_experience":429247,"relics_obtained":[{"floor":6.0,"key":"Art of War"},{"floor":8.0,"key":"Dream Catcher"},{"floor":9.0,"key":"Lantern"},{"floor":10.0,"key":"Potion Belt"},{"floor":23.0,"key":"Orichalcum"},{"floor":26.0,"key":"White Beast Statue"},{"floor":27.0,"key":"The Courier"},{"floor":28,"key":"Girya"},{"floor":28,"key":"StrikeDummy"},{"floor":29,"key":"Bronze Scales"}],"event_choices":[{"damage_healed":22.0,"max_hp_gain":0.0,"max_hp_loss":0.0,"gold_gain":0.0,"event_name":"Big Fish","player_choice":"Banana","floor":7.0,"gold_loss":0.0,"damage_taken":0.0},{"damage_healed":0.0,"max_hp_gain":0.0,"max_hp_loss":0.0,"gold_gain":0.0,"event_name":"Lab","player_choice":"Got Potions","floor":20.0,"gold_loss":0.0,"damage_taken":0.0},{"damage_healed":0,"gold_gain":0,"player_choice":"Fight","damage_taken":0,"max_hp_gain":0,"max_hp_loss":0,"event_name":"Colosseum","floor":28,"gold_loss":0},{"damage_healed":0,"gold_gain":0,"player_choice":"Fought Nobs","damage_taken":0,"max_hp_gain":0,"max_hp_loss":0,"event_name":"Colosseum","floor":28,"gold_loss":0},{"damage_healed":0,"gold_gain":0,"player_choice":"Opened","damage_taken":0,"relics_obtained":["Omamori"],"max_hp_gain":0,"max_hp_loss":0,"event_name":"The Mausoleum","floor":31,"gold_loss":0,"cards_obtained":["Writhe"]}],"is_beta":false,"boss_relics":[{"not_picked":["Astrolabe","Cursed Key"],"picked":"WristBlade"}],"items_purged_floors":[19],"is_endless":false,"potions_floor_spawned":[5,6,8,14,18,21,23,27,28,28,29],"killed_by":"Champ","ascension_level":20}}