{"host":"tq99ucv8ezzqzioe","time":1613072840,"event":{"mods":["BaseMod","Colored Map","Downfall","Highlight Path","Minty Spire (QoL Compilation)","StSLib"],"gold_per_floor":[112,130,141,158,333,360,374,374,374,156,156,33,33,52,52,150,150,165,165,176,126,140,140,166,13,313,347,347,367,367,400,400,498,498,508,54,0,19,19,19,51,66,135,135,135,135,153,171,171,171,171,171,11,40,40,40],"floor_reached":55,"language":"ENG","playtime":2681,"items_purged":["Doubt","Defend_B"],"score":1157,"play_id":"2cf10f7b-17f9-48de-bff6-fadf9425c965","local_time":"20210211144720","is_ascension_mode":true,"campfire_choices":[{"floor":11.0,"key":"REST"},{"floor":13.0,"key":"REST"},{"floor":15.0,"key":"RECALL"},{"data":"Defragment","floor":23.0,"key":"SMITH"},{"floor":28.0,"key":"REST"},{"floor":30.0,"key":"REST"},{"data":"Defragment","floor":32.0,"key":"SMITH"},{"data":"Glacier","floor":40.0,"key":"SMITH"},{"floor":46,"key":"REST"},{"floor":49,"key":"REST"},{"data":"Defragment","floor":52,"key":"SMITH"}],"circlet_count":0,"master_deck":["Defend_B","Defend_B","Defend_B","Zap","Dualcast","Rebound","Conserve Battery","Loop","Conserve Battery","Chaos","Stack","Conserve Battery","Defragment+1","Storm","Ball Lightning","Glacier+1","Defragment+1","Conserve Battery","Electrodynamics","Self Repair","Slimebound:Tackle+1","Slimebound:Tackle+1","Leap","Loop","Echo Form","Glacier","Echo Form","Biased Cognition","White Noise+1","Defragment+1","Leap+1","Stack+1","Writhe","Tempest+1","Ball Lightning+1","Conserve Battery+1","Coolheaded+1"],"relics":["Cracked Core","Matryoshka","PreservedInsect","Orichalcum","Orrery","Inserter","Regal Pillow","ClockworkSouvenir","Blue Candle","Old Coin","Pear","Toxic Egg 2","SlaversCollar","Runic Capacitor","Red Mask","Ginger","The Courier","Art of War","White Beast Statue"],"acts_visited":["Exordium","TheCity","TheBeyond","TheEnding"],"potions_floor_usage":[50,55],"damage_taken":[{"damage":2.0,"enemies":"Jaw Worm","floor":1.0,"turns":3.0},{"damage":6.0,"enemies":"2 Louse","floor":2.0,"turns":2.0},{"damage":1.0,"enemies":"Cultist","floor":3.0,"turns":3.0},{"damage":9.0,"enemies":"Large Slime","floor":4.0,"turns":5.0},{"damage":24.0,"enemies":"Gremlin Nob","floor":6.0,"turns":4.0},{"damage":21.0,"enemies":"Gremlin Gang","floor":7.0,"turns":6.0},{"damage":3.0,"enemies":"Red Slaver","floor":14.0,"turns":4.0},{"damage":0.0,"enemies":"The Guardian","floor":16.0,"turns":12.0},{"damage":0.0,"enemies":"Chosen","floor":18.0,"turns":6.0},{"damage":1.0,"enemies":"Spheric Guardian","floor":20.0,"turns":5.0},{"damage":17.0,"enemies":"Cultist and Chosen","floor":22.0,"turns":5.0},{"damage":25.0,"enemies":"Book of Stabbing","floor":24.0,"turns":6.0},{"damage":47.0,"enemies":"Slavers","floor":27.0,"turns":4.0},{"damage":27.0,"enemies":"Snake Plant","floor":29.0,"turns":5.0},{"damage":12.0,"enemies":"Book of Stabbing","floor":31.0,"turns":8.0},{"damage":6.0,"enemies":"Champ","floor":33.0,"turns":11.0},{"damage":14.0,"enemies":"3 Shapes","floor":35.0,"turns":3.0},{"damage":5.0,"enemies":"Orb Walker","floor":38.0,"turns":6.0},{"damage":69.0,"enemies":"Reptomancer","floor":41.0,"turns":6.0},{"damage":0,"enemies":"3 Darklings","floor":42,"turns":6},{"damage":49,"enemies":"Transient","floor":47,"turns":5},{"damage":10,"enemies":"Maw","floor":48,"turns":8},{"damage":106,"enemies":"Awakened One","floor":50,"turns":13},{"damage":72,"enemies":"Shield and Spear","floor":54,"turns":6},{"damage":42,"enemies":"The Heart","floor":55,"turns":2}],"seed_played":"-1701994138972735451","potions_obtained":[{"floor":2.0,"key":"hexamod:SoulburnPotion"},{"floor":6.0,"key":"Dexterity Potion"},{"floor":18.0,"key":"SteroidPotion"},{"floor":24.0,"key":"AttackPotion"},{"floor":27.0,"key":"AttackPotion"},{"floor":38.0,"key":"Dexterity Potion"},{"floor":42,"key":"bronze:BurnAndBuffPotion"},{"floor":48,"key":"champ:CounterPotion"}],"is_trial":false,"path_per_floor":["M","M","M","M","?","E","M","?","T","$","R","$","R","M","R","B",null,"M","?","M","?","M","R","E","$","T","E","R","M","R","E","R","B",null,"M","$","?","M","?","R","E","M","T","?","?","R","M","M","R","B",null,"R","$","E","B"],"character_chosen":"DEFECT","items_purchased":["Orrery","Defragment","AttackPotion","ClockworkSouvenir","Defragment","Leap+1","Runic Capacitor","FairyPotion","Art of War","Conserve Battery+1"],"campfire_rested":6,"item_purchase_floors":[10,12,12,25,36,36,36,36,53,53],"current_hp_per_floor":[73,67,66,57,57,33,12,12,12,12,36,36,60,57,57,57,76,76,76,82,82,72,72,54,54,54,17,59,39,81,83,83,91,92,78,78,78,80,80,80,18,18,18,18,41,83,41,38,80,17,73,73,73,8,0,0],"gold":40,"neow_bonus":"TEN_PERCENT_HP_BONUS","is_daily":false,"chose_seed":false,"campfire_upgraded":4,"win_rate":0.0,"timestamp":1613072840,"path_taken":["M","M","M","M","?","E","M","?","T","$","R","?","R","M","R","BOSS","M","?","M","?","M","R","E","$","T","E","R","?","R","E","R","BOSS","M","$","?","M","?","R","E","?","T","?","?","R","M","M","R","BOSS","R","$","E","BOSS"],"items_purchased_type":["Relic","Card","Potion","Relic","Card","Card","Relic","Potion","Relic","Card"],"build_version":"2020-12-22","purchased_purges":2,"victory":false,"max_hp_per_floor":[82,82,82,82,82,82,82,82,82,82,82,82,82,82,82,82,82,82,82,82,82,82,82,82,82,82,92,92,92,92,92,92,92,92,92,92,92,92,92,92,92,92,92,92,92,92,92,92,92,92,92,92,92,92,92,92],"card_choices":[{"not_picked":["Recycle","Barrage"],"picked":"Rebound","floor":1.0},{"not_picked":["Gash","Steam"],"picked":"Conserve Battery","floor":2.0},{"not_picked":["Streamline","Leap"],"picked":"Loop","floor":3.0},{"not_picked":["Redo","Chaos"],"picked":"Conserve Battery","floor":4.0},{"not_picked":["Meteor Strike","Stack"],"picked":"Chaos","floor":6.0},{"not_picked":["Steam Power","Gash"],"picked":"Stack","floor":7.0},{"not_picked":["Stack","Recycle"],"picked":"Conserve Battery","floor":10.0},{"not_picked":["Heatsinks","Redo"],"picked":"Defragment","floor":10.0},{"not_picked":["Sunder","Static Discharge"],"picked":"Storm","floor":10.0},{"not_picked":["BootSequence","Fusion"],"picked":"Ball Lightning","floor":10.0},{"not_picked":["Buffer","Tempest"],"picked":"Glacier","floor":10.0},{"not_picked":["Skim","Steam"],"picked":"Conserve Battery","floor":14.0},{"not_picked":["Machine Learning","All For One"],"picked":"Electrodynamics","floor":16.0},{"not_picked":["Coolheaded+1","Beam Cell"],"picked":"Self Repair","floor":18.0},{"not_picked":["Darkness","Conserve Battery"],"picked":"Leap","floor":20.0},{"not_picked":["Aggregate","Redo"],"picked":"Loop","floor":22.0},{"not_picked":["Undo","Self Repair+1"],"picked":"Echo Form","floor":24.0},{"not_picked":["Melter","Barrage+1"],"picked":"Cold Snap","floor":27.0},{"not_picked":["Beam Cell","Undo+1"],"picked":"Glacier","floor":29.0},{"not_picked":["Sweeping Beam","Double Energy+1"],"picked":"Echo Form","floor":31.0},{"not_picked":["All For One","Rainbow+1"],"picked":"Biased Cognition","floor":33.0},{"not_picked":["Steam Power+1","Loop+1"],"picked":"White Noise+1","floor":35.0},{"not_picked":["Steam Power+1","Turbo+1","Doom and Gloom+1"],"picked":"SKIP","floor":38.0},{"not_picked":["Beam Cell+1","Self Repair","Compile Driver+1"],"picked":"SKIP","floor":41.0},{"not_picked":["Ball Lightning","Cold Snap"],"picked":"Stack+1","floor":42},{"not_picked":["Skim+1","Fusion+1"],"picked":"Tempest+1","floor":47},{"not_picked":["Melter+1","Rebound"],"picked":"Ball Lightning+1","floor":48},{"not_picked":["Cold Snap","Gash"],"picked":"Coolheaded+1","floor":54}],"player_experience":978301,"relics_obtained":[{"floor":6.0,"key":"Matryoshka"},{"floor":9.0,"key":"Orichalcum"},{"floor":24.0,"key":"Regal Pillow"},{"floor":26.0,"key":"Blue Candle"},{"floor":26.0,"key":"Old Coin"},{"floor":27.0,"key":"Pear"},{"floor":31.0,"key":"Toxic Egg 2"},{"floor":41.0,"key":"Ginger"},{"floor":43,"key":"The Courier"},{"floor":54,"key":"White Beast Statue"}],"event_choices":[{"damage_healed":0.0,"max_hp_gain":0.0,"max_hp_loss":0.0,"gold_gain":175.0,"event_name":"Liars Game","player_choice":"AGREE","floor":5.0,"gold_loss":0.0,"damage_taken":0.0,"cards_obtained":["Doubt"]},{"damage_healed":0.0,"max_hp_gain":0.0,"max_hp_loss":0.0,"gold_gain":0.0,"event_name":"Dead Adventurer","player_choice":"Searched \u00271\u0027 times","floor":8.0,"gold_loss":0.0,"damage_taken":0.0,"relics_obtained":["PreservedInsect"]},{"damage_healed":0.0,"max_hp_gain":0.0,"max_hp_loss":0.0,"gold_gain":0.0,"event_name":"The Joust","player_choice":"Bet on Murderer","floor":21.0,"gold_loss":50.0,"damage_taken":0.0},{"damage_healed":0.0,"max_hp_gain":0.0,"max_hp_loss":0.0,"gold_gain":0.0,"event_name":"Tomb of Lord Red Mask","player_choice":"Paid","floor":37.0,"gold_loss":54.0,"damage_taken":0.0,"relics_obtained":["Red Mask"]},{"cards_removed":["Slimebound:Tackle"],"damage_healed":0.0,"max_hp_gain":0.0,"max_hp_loss":0.0,"gold_gain":0.0,"event_name":"Purifier","player_choice":"Purged","floor":39.0,"gold_loss":0.0,"damage_taken":0.0},{"cards_removed":["Cold Snap"],"damage_healed":0,"gold_gain":0,"player_choice":"Removed Attack","damage_taken":0,"max_hp_gain":0,"max_hp_loss":0,"event_name":"Falling","floor":44,"gold_loss":0},{"damage_healed":23,"gold_gain":0,"player_choice":"Writhe","damage_taken":0,"max_hp_gain":0,"max_hp_loss":0,"event_name":"Winding Halls","floor":45,"gold_loss":0,"cards_obtained":["Writhe"]}],"is_beta":false,"boss_relics":[{"not_picked":["FrozenCore","Coffee Dripper"],"picked":"Inserter"},{"not_picked":["Busted Crown","Calling Bell"],"picked":"SlaversCollar"}],"items_purged_floors":[10,36],"is_endless":false,"potions_floor_spawned":[2,6,18,24,27,38,42,47,48],"killed_by":"The Heart","ascension_level":8}}