{"host":"clf2hd4adhiiw0zf","time":1613033358,"event":{"mods":["AchievementEnabler","BaseMod","Beaked The Cultist","Bestiary","Dark Map","Downfall","Gremlin Mod","Hermit","Jorbs\u0027s Wanderer Trilogy","Marisa????????","Minty Spire (QoL Compilation)","Shop Mod","StSLib","The Cursed","The Servant 0.9.4","Wide Potions"],"gold_per_floor":[0,17,117,292,50,50,50,50,80,80,99,99,146,146,164,164,164,164],"floor_reached":16,"language":"ENG","playtime":362,"items_purged":[],"score":133,"play_id":"2b5058dc-3803-4f38-bc68-29920e7f547c","local_time":"20210211014918","is_ascension_mode":true,"campfire_choices":[{"data":"Guardian:AncientConstruct","floor":1.0,"key":"SMITH"},{"floor":6.0,"key":"RECALL"},{"data":"Guardian:TwinSlam","floor":8.0,"key":"SMITH"},{"data":"Guardian:CurlUp","floor":12.0,"key":"SMITH"}],"circlet_count":0,"master_deck":["Guardian:Strike_Guardian","Guardian:Strike_Guardian","Guardian:Strike_Guardian","Guardian:Strike_Guardian+1","Guardian:Defend_Guardian","Guardian:Defend_Guardian","Guardian:Defend_Guardian","Guardian:Defend_Guardian+1","Guardian:CurlUp+1","Guardian:TwinSlam+1","Guardian:AncientConstruct+1","Doubt","Guardian:Clone+1","Guardian:FierceBash","downfall:Malfunctioning","Guardian:MultiBeam"],"relics":["Guardian:ModeShifter","Membership Card","bronze:BronzeIdol","PreservedInsect","Art of War","InkBottle"],"acts_visited":["Exordium"],"potions_floor_usage":[16],"damage_taken":[{"damage":15.0,"enemies":"2 Louse","floor":2.0,"turns":4.0},{"damage":5.0,"enemies":"downfall:FleeingMerchant","floor":5.0,"turns":4.0},{"damage":20.0,"enemies":"Gremlin Nob","floor":9.0,"turns":4.0},{"damage":6.0,"enemies":"Cultist","floor":11.0,"turns":4.0},{"damage":15.0,"enemies":"Lagavulin","floor":13.0,"turns":5.0},{"damage":0.0,"enemies":"Small Slimes","floor":15.0,"turns":4.0},{"damage":24,"enemies":"DF_ARCHETYPE_STREAMLINE","floor":16,"turns":3}],"seed_played":"2500485426544539269","potions_obtained":[{"floor":9.0,"key":"SpeedPotion"},{"floor":11.0,"key":"ColorlessPotion"}],"is_trial":false,"path_per_floor":["R","M","?","?","$","R","T","R","E","?","M","R","E","?","M","B"],"character_chosen":"GUARDIAN","items_purchased":["Membership Card","bronze:BronzeIdol"],"campfire_rested":0,"item_purchase_floors":[5,5],"current_hp_per_floor":[80,65,65,65,60,60,60,60,40,40,34,34,19,19,19,0,0,0],"gold":164,"neow_bonus":"THREE_RARE_CARDS","is_daily":false,"chose_seed":false,"campfire_upgraded":3,"win_rate":0.0,"timestamp":1613033358,"path_taken":["R","M","?","?","$","R","T","R","E","?","?","R","E","?","M","BOSS"],"items_purchased_type":["Relic","Relic"],"build_version":"2020-12-22","purchased_purges":0,"victory":false,"max_hp_per_floor":[80,80,80,80,80,80,80,80,80,80,80,80,80,80,80,80,80,80],"card_choices":[{"not_picked":["Guardian:RevengeProtocol","Guardian:HyperBeam_Guardian"],"picked":"Guardian:AncientConstruct","floor":0.0},{"not_picked":["Guardian:Suspension","Guardian:Gem_Lightblue"],"picked":"Guardian:Gem_Red","floor":2.0},{"not_picked":["Guardian:PrimingBeam","Guardian:CrystalBeam"],"picked":"Guardian:Clone","floor":5.0},{"not_picked":["Guardian:TemporalStrike","Guardian:CrystalBeam","Guardian:SpikerProtocol"],"picked":"SKIP","floor":9.0},{"not_picked":["Guardian:Suspension","Guardian:Recover"],"picked":"Guardian:Gem_Purple","floor":11.0},{"not_picked":["Guardian:Preprogram","Guardian:BronzeOrb"],"picked":"Guardian:FierceBash","floor":13.0},{"not_picked":["Guardian:BronzeOrb","Guardian:Suspension"],"picked":"Guardian:MultiBeam","floor":15.0}],"player_experience":217975,"relics_obtained":[{"floor":7.0,"key":"PreservedInsect"},{"floor":9.0,"key":"Art of War"},{"floor":13.0,"key":"InkBottle"}],"event_choices":[],"is_beta":false,"boss_relics":[],"items_purged_floors":[],"is_endless":false,"potions_floor_spawned":[9,11],"killed_by":"DF_ARCHETYPE_STREAMLINE","ascension_level":5}}