{"host":"pmmuxs046gii331m","time":1613056742,"event":{"mods":["AchievementEnabler","BaseMod","Colored Powertips","Downfall","Gold Saver","Infinite Spire","Minty Spire (QoL Compilation)","Permanent Neow","Quick Restart","StSLib"],"gold_per_floor":[130,130,146,221,235,270,270,330,330,330,368,368,384,384,384,508,508,521,157,181,181,181,181,181],"floor_reached":23,"language":"ENG","playtime":2294,"items_purged":["Brutality+1","Strike_R"],"score":259,"play_id":"5ffafbbc-b135-47a7-bf2f-d07a5fbc78a8","local_time":"20210211101902","is_ascension_mode":true,"campfire_choices":[{"data":"Body Slam","floor":7,"key":"SMITH"},{"floor":10,"key":"REST"},{"data":"Inflame","floor":12,"key":"SMITH"},{"data":"Body Slam","floor":15,"key":"SMITH"}],"circlet_count":0,"master_deck":["Strike_R","Defend_R","Defend_R","Defend_R","Defend_R","Bash","Rampage","Heavy Blade","Body Slam+1","Clothesline","Twin Strike","Inflame+1","Body Slam+1","Barricade","Spot Weakness+1","Twin Strike+1","Shrug It Off","True Grit"],"relics":["Burning Blood","Golden Idol","Darkstone Periapt","Toy Ornithopter","infinitespire:CursedDice","Paper Frog","Nloth\u0027s Gift","Busted Crown"],"acts_visited":["Exordium","TheCity"],"potions_floor_usage":[6,6,8,16,23],"damage_taken":[{"damage":11,"enemies":"Small Slimes","floor":1,"turns":5},{"damage":3,"enemies":"Jaw Worm","floor":3,"turns":4},{"damage":4,"enemies":"2 Louse","floor":5,"turns":3},{"damage":32,"enemies":"Gremlin Nob","floor":6,"turns":4},{"damage":20,"enemies":"3 Sentries","floor":8,"turns":7},{"damage":46,"enemies":"Lagavulin","floor":11,"turns":7},{"damage":8,"enemies":"Red Slaver","floor":13,"turns":3},{"damage":67,"enemies":"Slime Boss","floor":16,"turns":11},{"damage":28,"enemies":"Chosen","floor":18,"turns":5},{"damage":11,"enemies":"Spheric Guardian","floor":20,"turns":3},{"damage":47,"enemies":"Gremlin Leader","floor":23,"turns":4}],"seed_played":"2287351131409180702","potions_obtained":[{"floor":0,"key":"Strength Potion"},{"floor":0,"key":"Energy Potion"},{"floor":0,"key":"FairyPotion"},{"floor":6,"key":"ColorlessPotion"},{"floor":13,"key":"Ancient Potion"},{"floor":20,"key":"hexamod:SoulburnPotion"}],"is_trial":false,"path_per_floor":["M","?","M","?","M","E","R","E","T","R","E","R","M","?","R","B",null,"M","$","M","?","AVR","E"],"character_chosen":"IRONCLAD","items_purchased":["Paper Frog","Shrug It Off"],"campfire_rested":1,"item_purchase_floors":[19,19],"current_hp_per_floor":[75,55,58,47,49,23,23,9,9,33,30,30,28,54,54,35,69,47,47,42,42,42,0,0],"gold":181,"neow_bonus":"THREE_SMALL_POTIONS","is_daily":false,"chose_seed":false,"campfire_upgraded":3,"win_rate":0.0,"timestamp":1613056742,"path_taken":["M","?","M","?","M","E","R","E","T","R","E","R","M","?","R","BOSS","M","$","M","?","AVR","E"],"items_purchased_type":["Relic","Card"],"build_version":"2020-12-22","purchased_purges":2,"victory":false,"max_hp_per_floor":[80,80,80,80,80,80,80,80,80,80,80,80,80,80,80,80,80,80,80,80,80,80,80,80],"card_choices":[{"not_picked":["Metallicize","Hemokinesis"],"picked":"Rampage","floor":1},{"not_picked":["Reckless Charge","Clash"],"picked":"Heavy Blade","floor":3},{"not_picked":["Fire Breathing","Pommel Strike"],"picked":"Body Slam","floor":5},{"not_picked":["Offering","Infernal Blade"],"picked":"Clothesline","floor":6},{"not_picked":["Havoc","True Grit"],"picked":"Twin Strike","floor":8},{"not_picked":["Bloodletting","Disarm"],"picked":"Inflame","floor":11},{"not_picked":["Clash","Heavy Blade"],"picked":"Body Slam","floor":13},{"not_picked":["Corruption","Exhume"],"picked":"Barricade","floor":16},{"not_picked":["Body Slam","Thunderclap","Twin Strike"],"picked":"SKIP","floor":18},{"not_picked":["Fire Breathing","Whirlwind"],"picked":"True Grit","floor":20}],"player_experience":504569,"relics_obtained":[{"floor":6,"key":"Darkstone Periapt"},{"floor":8,"key":"Toy Ornithopter"},{"floor":11,"key":"infinitespire:CursedDice"}],"event_choices":[{"damage_healed":0,"gold_gain":0,"player_choice":"Take Damage","damage_taken":20,"relics_obtained":["Golden Idol"],"max_hp_gain":0,"max_hp_loss":0,"event_name":"Golden Idol","floor":2,"gold_loss":0},{"damage_healed":0,"gold_gain":75,"player_choice":"Gather Gold","damage_taken":11,"max_hp_gain":0,"max_hp_loss":0,"event_name":"World of Goop","floor":4,"gold_loss":0},{"damage_healed":26,"gold_gain":0,"player_choice":"Banana","damage_taken":0,"max_hp_gain":0,"max_hp_loss":0,"event_name":"Big Fish","floor":14,"gold_loss":0},{"damage_healed":0,"gold_gain":0,"player_choice":"Traded Relic","damage_taken":0,"relics_obtained":["Nloth\u0027s Gift"],"max_hp_gain":0,"max_hp_loss":0,"event_name":"N\u0027loth","floor":21,"relics_lost":["Astrolabe"],"gold_loss":0}],"is_beta":false,"boss_relics":[{"not_picked":["Black Star","infinitespire:Cupcake"],"picked":"Astrolabe"}],"items_purged_floors":[19,22],"is_endless":false,"potions_floor_spawned":[3,6,13,20],"killed_by":"Gremlin Leader","ascension_level":5}}