{"host":"02t2xvao3cghmwgs","time":1613024142,"event":{"mods":["2.2 Compatiblity","Act Like it!","BaseMod","Better Note","Colored Powertips","Friendly Minions","Googly Eyes","Hermit","Highlight Path","Kiyohime????","Marisa????????","Minty Spire (QoL Compilation)","READ ME - Guardian Mod","Rare Cards Sparkle","Reimu??????","Remilia??????","StSLib","Synergy Search","The Animator","The Bug Knight","The Marked","The Mystic","The Senshi","The Wild Card","Yuyuko"],"gold_per_floor":[111,139,151,177,127,162,162,172,249,249,209,225,258,280,280,404,404,438,464,98,118,144,209,243,253,253,253,274,288,288,311,311,315,315],"floor_reached":33,"language":"ENG","playtime":3534,"items_purged":["animator:KyokoSakura+1"],"score":287,"play_id":"bd5eadc2-459b-4558-a51a-f7290acea4c1","local_time":"20210211011542","is_ascension_mode":false,"campfire_choices":[{"data":"animator:KyokoSakura","floor":7,"key":"SMITH"},{"data":"animator:DolaStephanie","floor":15,"key":"SMITH"},{"floor":27,"key":"REST"},{"floor":30,"key":"RECALL"},{"data":"animator:Laby","floor":32,"key":"SMITH"}],"circlet_count":0,"master_deck":["animator:Strike_Konosuba","animator:Defend_Konosuba","animator:Strike","animator:Strike","animator:Defend","animator:Defend+1","animator:Defend+1","animator:Kazuma","animator:Aqua","animator:Laby+1","animator:Shuna","animator:Raven","animator:YunYun","animator:PandorasActor","animator:Shion","animator:Chris","animator:DolaStephanie+1","animator:Hans","animator:Hakurou","animator:Mitsuba","animator:Darkness","animator:Millim","animator:Souei","animator:Guy+1","animator:Elesis","animator:NarberalGamma","animator:Hakurou+1"],"relics":["animator:LivingPicture","animator:TheMissingPiece","animator:PurgingStone","HollowMod:PaleOreRelic","HollowMod:StagPassRelic","PaintedHorse:ReiMu","Mummified Hand","animator:HolyGrailRelic","Sling","MealTicket","Mango"],"acts_visited":["Exordium","TheCity"],"potions_floor_usage":[13,13,13,28,28,33,33],"damage_taken":[{"damage":0,"enemies":"Jaw Worm","floor":1,"turns":7},{"damage":1,"enemies":"Small Slimes","floor":2,"turns":5},{"damage":7,"enemies":"Cultist","floor":3,"turns":7},{"damage":0,"enemies":"Blue Slaver","floor":4,"turns":6},{"damage":14,"enemies":"3 Sentries","floor":6,"turns":9},{"damage":0,"enemies":"Large Slime","floor":8,"turns":5},{"damage":4,"enemies":"Looter","floor":12,"turns":2},{"damage":8,"enemies":"Lagavulin","floor":13,"turns":5},{"damage":0,"enemies":"Lots of Slimes","floor":14,"turns":2},{"damage":23,"enemies":"The Guardian","floor":16,"turns":10},{"damage":5,"enemies":"Spheric Guardian","floor":18,"turns":5},{"damage":0,"enemies":"Shell Parasite","floor":19,"turns":5},{"damage":25,"enemies":"Centurion and Healer","floor":21,"turns":8},{"damage":15,"enemies":"Shelled Parasite and Fungi","floor":22,"turns":6},{"damage":33,"enemies":"Slavers","floor":23,"turns":6},{"damage":5,"enemies":"Cultist and Chosen","floor":24,"turns":7},{"damage":4,"enemies":"Snecko","floor":25,"turns":5},{"damage":20,"enemies":"Snake Plant","floor":28,"turns":6},{"damage":27,"enemies":"Cultist and Chosen","floor":29,"turns":7},{"damage":2,"enemies":"Chosen and Byrds","floor":31,"turns":5},{"damage":11,"enemies":"Champ","floor":33,"turns":7}],"seed_played":"4231796854267405153","potions_obtained":[{"floor":1,"key":"Weak Potion"},{"floor":6,"key":"ZuzhouPotion:ReiMu"},{"floor":12,"key":"Fire Potion"},{"floor":24,"key":"LiquidMemories"},{"floor":25,"key":"DuplicationPotion"},{"floor":29,"key":"SpeedPotion"},{"floor":31,"key":"SneckoOil"}],"is_trial":false,"path_per_floor":["M","M","M","M","?","E","R","M","T","?","?","M","E","M","R","B",null,"M","M","$","M","M","E","M","M","T","R","M","M","R","M","R","B"],"character_chosen":"THE_ANIMATOR","items_purchased":["Sling","MealTicket"],"campfire_rested":1,"item_purchase_floors":[20,20],"current_hp_per_floor":[72,72,65,67,67,55,55,57,57,43,43,40,35,37,37,16,82,79,79,79,57,45,28,25,23,23,48,30,5,5,5,5,0,0],"gold":315,"neow_bonus":"TEN_PERCENT_HP_BONUS","is_daily":false,"chose_seed":false,"campfire_upgraded":3,"win_rate":0.0,"timestamp":1613024142,"path_taken":["M","M","M","M","?","E","R","M","T","?","?","M","E","M","R","BOSS","M","M","$","M","M","E","M","M","T","R","M","M","R","M","R","BOSS"],"items_purchased_type":["Relic","Relic"],"build_version":"2020-12-22","purchased_purges":1,"victory":false,"max_hp_per_floor":[72,72,72,72,72,72,72,72,72,72,72,73,74,74,74,74,82,82,79,79,82,80,91,88,85,85,85,82,79,79,76,76,76,76],"card_choices":[{"not_picked":["animator:AcuraTooru","animator:DolaRiku"],"picked":"animator:Laby","floor":1},{"not_picked":["animator:Kazuma","animator:Vanir"],"picked":"animator:Shuna","floor":2},{"not_picked":["animator:Demiurge","animator:Shion"],"picked":"animator:Raven","floor":3},{"not_picked":["animator:Chris","animator:Vanir"],"picked":"animator:YunYun","floor":4},{"not_picked":["animator:Yoichi","animator:Souei"],"picked":"animator:KyokoSakura","floor":6},{"not_picked":["animator:Kazuma","animator:Demiurge"],"picked":"animator:PandorasActor","floor":8},{"not_picked":["animator:Chung","animator:Souei"],"picked":"animator:Shion","floor":12},{"not_picked":["animator:Kazuma","animator:YunYun"],"picked":"animator:Chris","floor":13},{"not_picked":["animator:Verdia","animator:Laby"],"picked":"animator:DolaStephanie","floor":14},{"not_picked":["animator:Elesis","animator:Eris"],"picked":"animator:Hans","floor":16},{"not_picked":["animator:DolaCouronne","animator:YunYun"],"picked":"animator:Hakurou","floor":18},{"not_picked":["animator:Gillette","animator:Mikaela+1"],"picked":"animator:Mitsuba","floor":19},{"not_picked":["animator:Mitsurugi","animator:YunYun"],"picked":"animator:Darkness","floor":21},{"not_picked":["animator:Guy","animator:Vesta+1"],"picked":"animator:Millim","floor":22},{"not_picked":["animator:Guy","animator:NarberalGamma"],"picked":"animator:Souei","floor":23},{"not_picked":["animator:CrowleyEusford","animator:Elsword"],"picked":"animator:Guy+1","floor":24},{"not_picked":["animator:Elsword","animator:Ara"],"picked":"animator:Elesis","floor":25},{"not_picked":["animator:MumenRider","animator:Mikaela+1"],"picked":"animator:NarberalGamma","floor":28},{"not_picked":["animator:PandorasActor","animator:MetalKnight"],"picked":"animator:Hakurou+1","floor":29},{"not_picked":["animator:MetalKnight+1","animator:Shion","animator:Mitsurugi"],"picked":"SKIP","floor":31}],"player_experience":328865,"relics_obtained":[{"floor":6,"key":"HollowMod:PaleOreRelic"},{"floor":9,"key":"HollowMod:StagPassRelic"},{"floor":13,"key":"Mummified Hand"},{"floor":23,"key":"Mango"}],"event_choices":[{"cards_removed":["animator:Strike"],"damage_healed":0,"gold_gain":0,"player_choice":"Card Removal","damage_taken":0,"max_hp_gain":0,"max_hp_loss":0,"event_name":"The Cleric","floor":5,"gold_loss":50},{"damage_healed":0,"gold_gain":0,"player_choice":"Entered Light","damage_taken":14,"max_hp_gain":0,"max_hp_loss":0,"event_name":"Shining Light","floor":10,"gold_loss":0,"cards_upgraded":["animator:Defend","animator:Defend"]},{"damage_healed":0,"gold_gain":0,"player_choice":"Donate","damage_taken":0,"relics_obtained":["PaintedHorse:ReiMu"],"max_hp_gain":0,"max_hp_loss":0,"event_name":"yidonshenshe","floor":11,"gold_loss":40}],"is_beta":false,"boss_relics":[{"not_picked":["SacredBark","Cursed Key"],"picked":"animator:HolyGrailRelic"}],"items_purged_floors":[20],"is_endless":false,"potions_floor_spawned":[1,6,12,24,25,29,31],"killed_by":"Champ","ascension_level":0}}