{"host":"wghdsg8ym2wc7ov9","time":1613026237,"event":{"mods":["A Penny For Your Troubles","AchievementEnabler","Astrologer","BaseMod","Beaked The Cultist","Better Altar","Better Note","Bossed Relics","ChefMod","Colored Map","Evolution","Fox Events","Hermit","Highlight Path","Jorbs\u0027s Wanderer Trilogy","KinomotoSakuraMod(????)","Minty Spire (QoL Compilation)","Random Character Button","Relic Stats","SIMod","Shop Mod","StSLib","The Blackbeard","The Bladedancer","The Construct","The Cursed","The Death Knight","The Gatherer","The Hierophant","The Marked","The Mystic","The Necromancer","The Runesmith","The Senshi","The Servant 0.9.4","Weighted Paths"],"gold_per_floor":[114,114,129,144,159,159,189,39,39,54,19,49,64,94,94,194,194,209,209,224,239,254,254,254],"floor_reached":23,"language":"ENG","playtime":6678,"items_purged":[],"score":215,"play_id":"ead2dc1b-09fd-44f2-a9c7-b12a4438e0df","local_time":"20210210225037","daily_mods":["Allstar","ControlledChaos","Binary"],"is_ascension_mode":false,"campfire_choices":[{"data":"Runesmith:Grindstone","floor":6,"key":"SMITH"},{"floor":15,"key":"REST"}],"circlet_count":0,"master_deck":["Runesmith:ShiftingStrike","Runesmith:Strike_RS","Runesmith:Strike_RS","Runesmith:Strike_RS","Runesmith:Defend_RS","Runesmith:Defend_RS","Runesmith:Defend_RS","Runesmith:Defend_RS","Runesmith:CraftFirestone+1","Runesmith:Fortify","Swift Strike","Dark Shackles","The Bomb","Thinking Ahead","Panacea","Runesmith:EarthShield","Runesmith:Refine","Runesmith:HammerThrow","Runesmith:Grindstone+1","Runesmith:Firewall","Runesmith:CraftMedicinae","Runesmith:GoWithTheFlow","Runesmith:CraftMedicinae","Runesmith:Duplicate","Runesmith:ShiftingStrike","Runesmith:EarthShield","Runesmith:CreatorForm+1","Runesmith:UnstableHammer","Runesmith:HeatedChisel","Runesmith:ArcReactor+1","Runesmith:FrozenChisel","Runesmith:EnergizedChisel","Runesmith:MakeshiftArmor"],"relics":["Runesmith:BrokenRuby","Frozen Eye","EVO:Axolotl","Torii","Frozen Egg 2","Art of War","Toy Ornithopter","Black Star"],"acts_visited":["Exordium","TheCity"],"potions_floor_usage":[7,16,20,22,23],"damage_taken":[{"damage":1,"enemies":"2 Louse","floor":1,"turns":2},{"damage":0,"enemies":"Jaw Worm","floor":3,"turns":4},{"damage":0,"enemies":"Cultist","floor":4,"turns":4},{"damage":7,"enemies":"Exordium Wildlife","floor":5,"turns":5},{"damage":9,"enemies":"3 Sentries","floor":7,"turns":5},{"damage":2,"enemies":"Looter","floor":10,"turns":3},{"damage":35,"enemies":"Lagavulin","floor":12,"turns":8},{"damage":0,"enemies":"Large Slime","floor":13,"turns":5},{"damage":10,"enemies":"3 Sentries","floor":14,"turns":4},{"damage":1,"enemies":"Hexaghost","floor":16,"turns":11},{"damage":41,"enemies":"2 Thieves","floor":18,"turns":4},{"damage":9,"enemies":"Spheric Guardian","floor":20,"turns":5},{"damage":1,"enemies":"Centurion and Healer","floor":21,"turns":5},{"damage":15,"enemies":"Cultist and Chosen","floor":22,"turns":9},{"damage":33,"enemies":"Shelled Parasite and Fungi","floor":23,"turns":4}],"seed_played":"-587577638262706789","potions_obtained":[{"floor":1,"key":"DeathKnight:BottledBloodEchoes"},{"floor":5,"key":"DuplicationPotion"},{"floor":13,"key":"construct:ShiftPotion"},{"floor":14,"key":"SneckoOil"},{"floor":16,"key":"BlessingOfTheForge"},{"floor":18,"key":"Fire Potion"},{"floor":22,"key":"BlessingOfTheForge"}],"is_trial":false,"path_per_floor":["M","?","M","M","M","R","E","$","T","M","?","E","M","E","R","B",null,"M","?","M","M","M","M"],"character_chosen":"RUNESMITH_CLASS","items_purchased":["Runesmith:CraftMedicinae","Runesmith:GoWithTheFlow"],"campfire_rested":1,"item_purchase_floors":[8,8],"current_hp_per_floor":[69,69,69,69,62,62,53,53,53,51,68,33,33,23,44,48,70,29,29,25,24,22,0,0],"gold":254,"neow_bonus":"","is_daily":true,"chose_seed":false,"campfire_upgraded":1,"win_rate":0.0,"timestamp":1613026237,"path_taken":["M","?","M","M","M","R","E","$","T","M","?","E","M","E","R","BOSS","M","?","M","M","M","M"],"items_purchased_type":["Card","Card"],"build_version":"2020-12-22","purchased_purges":0,"victory":false,"max_hp_per_floor":[70,70,70,70,70,70,70,70,70,70,70,70,70,70,70,70,70,70,70,70,70,70,70,70],"relic_stats":{"Torii":18,"counters":[15,78],"Art of War":[11],"Black Star":0,"obtain_stats":[{"Frozen Eye":0,"Runesmith:BrokenRuby":0,"Torii":7,"Art of War":12,"Black Star":17,"EVO:Axolotl":0,"Frozen Egg 2":9,"Toy Ornithopter":14},{"Frozen Eye":0,"Runesmith:BrokenRuby":0,"Torii":5,"Art of War":7,"Black Star":10,"EVO:Axolotl":0,"Frozen Egg 2":5,"Toy Ornithopter":9},{"Frozen Eye":0,"Runesmith:BrokenRuby":0,"Torii":20,"Art of War":31,"Black Star":51,"EVO:Axolotl":0,"Frozen Egg 2":20,"Toy Ornithopter":40}],"Toy Ornithopter":20},"card_choices":[{"not_picked":["Runesmith:HammerThrow"],"picked":"Runesmith:EarthShield","floor":1},{"not_picked":["Runesmith:RuneHurl"],"picked":"Runesmith:Refine","floor":3},{"not_picked":["Runesmith:MakeshiftArmor"],"picked":"Runesmith:HammerThrow","floor":4},{"not_picked":["Runesmith:StaticCage"],"picked":"Runesmith:Grindstone","floor":5},{"not_picked":["Runesmith:EnergizedChisel"],"picked":"Runesmith:Firewall","floor":7},{"not_picked":["Runesmith:Repurpose"],"picked":"Runesmith:CraftMedicinae","floor":10},{"not_picked":["Runesmith:RuneHurl"],"picked":"Runesmith:Duplicate","floor":12},{"not_picked":["Runesmith:Firewall"],"picked":"Runesmith:ShiftingStrike","floor":13},{"not_picked":["Runesmith:Firewall"],"picked":"Runesmith:EarthShield","floor":14},{"not_picked":["Runesmith:FissionHammer"],"picked":"Runesmith:CreatorForm+1","floor":16},{"not_picked":["Runesmith:Attraction"],"picked":"Runesmith:UnstableHammer","floor":18},{"not_picked":["Runesmith:HeatedChisel"],"picked":"Runesmith:FrozenChisel","floor":20},{"not_picked":["Runesmith:CraftProtectio"],"picked":"Runesmith:EnergizedChisel","floor":21},{"not_picked":["Runesmith:Overpower"],"picked":"Runesmith:MakeshiftArmor","floor":22}],"player_experience":951571,"relics_obtained":[{"floor":7,"key":"Torii"},{"floor":9,"key":"Frozen Egg 2"},{"floor":12,"key":"Art of War"},{"floor":14,"key":"Toy Ornithopter"}],"event_choices":[{"damage_healed":0,"gold_gain":0,"player_choice":"Grow","damage_taken":0,"max_hp_gain":0,"max_hp_loss":0,"event_name":"Living Wall","floor":2,"gold_loss":0,"cards_upgraded":["Runesmith:CraftFirestone"]},{"damage_healed":17,"gold_gain":0,"player_choice":"Healed","damage_taken":0,"max_hp_gain":0,"max_hp_loss":0,"event_name":"The Cleric","floor":11,"gold_loss":35},{"damage_healed":0,"gold_gain":0,"player_choice":"2 cards matched","damage_taken":0,"max_hp_gain":0,"max_hp_loss":0,"event_name":"Match and Keep!","floor":19,"gold_loss":0,"cards_obtained":["Runesmith:HeatedChisel","Runesmith:ArcReactor"]}],"is_beta":false,"boss_relics":[{"not_picked":["Ectoplasm","Runic Dome"],"picked":"Black Star"}],"items_purged_floors":[],"is_endless":false,"potions_floor_spawned":[1,5,13,14,16,18,22],"killed_by":"Shelled Parasite and Fungi","ascension_level":0}}