{"host":"6xsbn6ynqlzwllfm","time":1613057788,"event":{"mods":["2.2 Compatiblity","BaseMod","Bestiary","Colored Map","Colored Powertips","Curses Come First","Highlight Path","Keyboard Shortcuts","Minty Spire (QoL Compilation)","Relic Stats","Slay the Relics Exporter","StSLib","SuperFastMode"],"gold_per_floor":[110,123,137,137,154,154,189,209,257,257,273,308,308,322,322,399,399,418,55,55,55,72,72,98,110,149,187,217,18,18,18,18,18,18],"floor_reached":33,"language":"ENG","playtime":1552,"items_purged":["Strike_R"],"score":650,"play_id":"be23f8f8-e182-4644-a50f-4028dd1d19f1","local_time":"20210211103628","is_ascension_mode":true,"campfire_choices":[{"data":"Hemokinesis","floor":6,"key":"SMITH"},{"floor":10,"key":"REST"},{"data":"True Grit","floor":13,"key":"SMITH"},{"data":"Immolate","floor":15,"key":"SMITH"},{"floor":23,"key":"REST"},{"floor":25,"key":"REST"},{"data":"Evolve","floor":30,"key":"SMITH"},{"floor":32,"key":"REST"}],"circlet_count":0,"master_deck":["AscendersBane","Strike_R","Strike_R+1","Strike_R","Strike_R","Defend_R","Defend_R","Defend_R","Defend_R","Bash+1","Hemokinesis+1","Disarm","Iron Wave","Sword Boomerang","Immolate+1","Flex","True Grit+1","True Grit","Corruption","Shockwave","True Grit+1","RitualDagger","Clothesline","Sentinel+1","Power Through+1","Ghostly Armor+1","Evolve+1","Feel No Pain"],"relics":["Burning Blood","Bag of Preparation","Dream Catcher","Anchor","Mercury Hourglass","Mark of Pain","Toxic Egg 2","MawBank","PreservedInsect","Oddly Smooth Stone","Membership Card"],"acts_visited":["Exordium","TheCity"],"potions_floor_usage":[7,16,24,28,33],"damage_taken":[{"damage":1,"enemies":"2 Louse","floor":1,"turns":4},{"damage":11,"enemies":"Jaw Worm","floor":2,"turns":4},{"damage":2,"enemies":"Cultist","floor":3,"turns":2},{"damage":15,"enemies":"Red Slaver","floor":5,"turns":4},{"damage":23,"enemies":"Lagavulin","floor":7,"turns":5},{"damage":2,"enemies":"3 Louse","floor":8,"turns":2},{"damage":1,"enemies":"Exordium Wildlife","floor":11,"turns":2},{"damage":9,"enemies":"3 Sentries","floor":12,"turns":5},{"damage":0,"enemies":"Lots of Slimes","floor":14,"turns":2},{"damage":4,"enemies":"Slime Boss","floor":16,"turns":7},{"damage":6,"enemies":"3 Byrds","floor":18,"turns":4},{"damage":35,"enemies":"Chosen","floor":22,"turns":7},{"damage":38,"enemies":"Book of Stabbing","floor":24,"turns":7},{"damage":32,"enemies":"Snecko","floor":28,"turns":8},{"damage":66,"enemies":"Champ","floor":33,"turns":13}],"seed_played":"-611782086847421505","potions_obtained":[{"floor":1,"key":"LiquidMemories"},{"floor":5,"key":"PowerPotion"},{"floor":11,"key":"Fire Potion"},{"floor":22,"key":"BloodPotion"},{"floor":24,"key":"PowerPotion"}],"is_trial":false,"path_per_floor":["M","M","M","?","M","R","E","M","T","R","M","E","R","M","R","B",null,"M","$","?","?","M","R","E","R","T","T","M","$","R","$","R","B"],"character_chosen":"IRONCLAD","items_purchased":["Toxic Egg 2","True Grit+1","Membership Card","Evolve"],"campfire_rested":4,"item_purchase_floors":[19,19,29,29],"current_hp_per_floor":[73,68,72,49,40,40,23,27,27,49,54,51,51,57,57,59,71,71,71,65,65,36,58,41,63,63,63,37,37,37,37,59,0,0],"gold":18,"neow_bonus":"RANDOM_COMMON_RELIC","is_daily":false,"chose_seed":false,"campfire_upgraded":4,"win_rate":0.0,"timestamp":1613057788,"path_taken":["M","M","M","?","M","R","E","M","T","R","M","E","R","M","R","BOSS","M","$","?","?","?","R","E","R","T","?","M","$","R","?","R","BOSS"],"items_purchased_type":["Relic","Card","Relic","Card"],"build_version":"2020-12-22","purchased_purges":1,"victory":false,"max_hp_per_floor":[75,75,75,75,75,75,75,75,75,75,75,75,75,75,75,75,75,75,75,75,75,75,75,75,75,75,75,75,75,75,75,75,75,75],"relic_stats":{"Dream Catcher":4,"counters":[15,76],"PreservedInsect":0,"Bag of Preparation":[30],"MawBank":60,"obtain_stats":[{"Dream Catcher":7,"Anchor":9,"Oddly Smooth Stone":27,"Mark of Pain":17,"PreservedInsect":26,"Bag of Preparation":0,"Membership Card":29,"Toxic Egg 2":19,"MawBank":24,"Burning Blood":0,"Mercury Hourglass":12},{"Dream Catcher":5,"Anchor":6,"Oddly Smooth Stone":13,"Mark of Pain":10,"PreservedInsect":13,"Bag of Preparation":0,"Membership Card":14,"Toxic Egg 2":11,"MawBank":13,"Burning Blood":0,"Mercury Hourglass":8},{"Dream Catcher":19,"Anchor":21,"Oddly Smooth Stone":55,"Mark of Pain":37,"PreservedInsect":55,"Bag of Preparation":0,"Membership Card":63,"Toxic Egg 2":41,"MawBank":55,"Burning Blood":0,"Mercury Hourglass":28}],"Burning Blood":84,"Mercury Hourglass":[162]},"card_choices":[{"not_picked":["Shockwave","Body Slam"],"picked":"Hemokinesis","floor":1},{"not_picked":["Heavy Blade","Combust"],"picked":"Disarm","floor":2},{"not_picked":["Bloodletting","Wild Strike"],"picked":"Iron Wave","floor":3},{"not_picked":["Iron Wave","Body Slam"],"picked":"Sword Boomerang","floor":5},{"not_picked":["Dual Wield","Juggernaut"],"picked":"Immolate","floor":7},{"not_picked":["Clothesline","Cleave"],"picked":"Flex","floor":8},{"not_picked":["Body Slam","Burning Pact"],"picked":"True Grit","floor":10},{"not_picked":["Rage","Clash"],"picked":"True Grit","floor":12},{"not_picked":["Flex","Perfected Strike","Clash"],"picked":"SKIP","floor":14},{"not_picked":["Juggernaut","Immolate"],"picked":"Corruption","floor":16},{"not_picked":["Cleave","Hemokinesis"],"picked":"Shockwave","floor":18},{"not_picked":["Wild Strike","Anger+1","Flex+1"],"picked":"SKIP","floor":22},{"not_picked":["Perfected Strike","Iron Wave"],"picked":"Clothesline","floor":23},{"not_picked":["Pommel Strike+1","Blood for Blood+1"],"picked":"Sentinel+1","floor":24},{"not_picked":["Clash","Iron Wave"],"picked":"Power Through+1","floor":25},{"not_picked":["True Grit+1","Shockwave+1"],"picked":"Ghostly Armor+1","floor":28},{"not_picked":["Corruption","Cleave"],"picked":"Feel No Pain","floor":32}],"player_experience":1464248,"relics_obtained":[{"floor":7,"key":"Dream Catcher"},{"floor":9,"key":"Anchor"},{"floor":12,"key":"Mercury Hourglass"},{"floor":24,"key":"MawBank"},{"floor":26,"key":"PreservedInsect"},{"floor":27,"key":"Oddly Smooth Stone"}],"event_choices":[{"damage_healed":0,"gold_gain":0,"player_choice":"Entered Light","damage_taken":23,"max_hp_gain":0,"max_hp_loss":0,"event_name":"Shining Light","floor":4,"gold_loss":0,"cards_upgraded":["Strike_R","Bash"]},{"damage_healed":0,"gold_gain":0,"player_choice":"Joined the Cult","damage_taken":6,"max_hp_gain":0,"max_hp_loss":0,"event_name":"Nest","floor":20,"gold_loss":0,"cards_obtained":["RitualDagger"]},{"damage_healed":0,"gold_gain":0,"player_choice":"Ignored","damage_taken":0,"max_hp_gain":0,"max_hp_loss":0,"event_name":"The Mausoleum","floor":21,"gold_loss":0}],"is_beta":false,"boss_relics":[{"not_picked":["Velvet Choker","Black Blood"],"picked":"Mark of Pain"}],"items_purged_floors":[19],"is_endless":false,"potions_floor_spawned":[1,5,11,12,14,22,24],"killed_by":"Champ","ascension_level":20}}