{"host":"gtkw0hh8g0porc44","time":1613018710,"event":{"mods":["AchievementEnabler","BaseMod","BetterRewards","Colored Map","Colored Powertips","DeckTracker","Highlight Path","Minty Spire (QoL Compilation)","Relic Stats","Replay The Spire","StSLib","Synergy Search"],"gold_per_floor":[16,16,16,16,16,49,49,79,79,79,79,79,112,104,104,202,302,313,313,329,241,241,266,266,300,350,385,395,395,395],"floor_reached":29,"language":"ENG","playtime":2863,"items_purged":[],"score":336,"play_id":"2a3f5b7a-2e29-46cd-8186-37e17048deed","local_time":"20210210234510","is_ascension_mode":true,"campfire_choices":[{"floor":7,"key":"REST"},{"floor":10,"key":"REST"},{"data":"Rupture","floor":15,"key":"SMITH"},{"floor":24,"key":"REST"}],"circlet_count":0,"master_deck":["Strike_R","Strike_R","Strike_R","Strike_R","Defend_R","Defend_R","Bash","Abandon","Infernal Blade","Run Through","Demon Form+1","Rupture+1","Hallucinations","ReplayTheSpireMod:Muscle Training+1","Languid","Brutality","Limit Break+1","Massacre","Bloodletting+1","Whirlwind","Replay:Many Hands+1"],"relics":["Burning Blood","Mirror","Blood Vial","Lantern","Toxic Egg 2","ReplayTheSpireMod:Ring of Collecting","Ring of Misfortune","Ring of Peace","Sundial","InkBottle","ReplayTheSpireMod:CursedCoin","Replay:Wanted Poster","Nilry\u0027s Codex","Pen Nib","Bottled Lightning","Ring of Panic","Centennial Puzzle","Replay:Accelerometer"],"acts_visited":["Exordium","TheCity"],"potions_floor_usage":[16,20,25,25],"damage_taken":[{"damage":0,"enemies":"2 Louse","floor":1,"turns":2},{"damage":26,"enemies":"Replay:BlueRogue","floor":6,"turns":5},{"damage":22,"enemies":"Gremlin Nob","floor":8,"turns":4},{"damage":8,"enemies":"Replay:BlueRogue","floor":13,"turns":4},{"damage":22,"enemies":"The Guardian","floor":16,"turns":6},{"damage":4,"enemies":"3 Byrds","floor":18,"turns":4},{"damage":16,"enemies":"Shell Parasite","floor":20,"turns":4},{"damage":19,"enemies":"Centurion and Healer","floor":21,"turns":5},{"damage":19,"enemies":"Book of Stabbing","floor":23,"turns":3},{"damage":31,"enemies":"Slavers","floor":25,"turns":4},{"damage":30,"enemies":"Gremlin Leader","floor":27,"turns":4},{"damage":9,"enemies":"Snecko","floor":28,"turns":5},{"damage":18,"enemies":"Slavers","floor":29,"turns":1}],"seed_played":"6609088401596232044","potions_obtained":[{"floor":13,"key":"Strength Potion"},{"floor":16,"key":"PowerPotion"},{"floor":20,"key":"Elixir"},{"floor":21,"key":"SpeedPotion"}],"is_trial":false,"path_per_floor":["M","?","?","$","?","E","R","E","T","R","?","T","E","$","R","B",null,"M","?","M","M","?","E","R","E","T","E","M","E"],"character_chosen":"IRONCLAD","items_purchased":["ReplayTheSpireMod:CursedCoin","Brutality"],"campfire_rested":3,"item_purchase_floors":[14,14],"current_hp_per_floor":[80,80,80,80,73,53,77,63,63,80,80,80,78,78,78,64,80,80,80,70,59,43,32,56,33,33,11,10,0,0],"gold":395,"neow_bonus":"TRANSFORM_TWO_CARDS","is_daily":false,"chose_seed":false,"campfire_upgraded":1,"win_rate":0.0,"timestamp":1613018710,"path_taken":["M","?","?","$","?","E","R","E","T","R","?","?","E","$","R","BOSS","M","?","M","?","?","E","R","E","T","E","M","E"],"items_purchased_type":["Relic","Card"],"build_version":"2020-12-22","purchased_purges":0,"victory":false,"max_hp_per_floor":[80,80,80,80,80,80,80,80,80,80,80,80,80,80,80,80,80,80,80,80,80,80,80,80,80,80,80,80,80,80],"relic_stats":{"Blood Vial":16,"Centennial Puzzle":[10],"counters":[13,51],"Sundial":[6],"Pen Nib":[2],"obtain_stats":[{"Replay:Accelerometer":27,"Lantern":8,"ReplayTheSpireMod:CursedCoin":14,"Nilry\u0027s Codex":22,"Pen Nib":23,"Burning Blood":0,"Blood Vial":6,"Replay:Wanted Poster":17,"Centennial Puzzle":26,"Sundial":12,"ReplayTheSpireMod:Ring of Collecting":11,"Ring of Misfortune":11,"Ring of Peace":12,"Bottled Lightning":25,"Toxic Egg 2":9,"Ring of Panic":26,"Mirror":2,"InkBottle":13},{"Replay:Accelerometer":11,"Lantern":3,"ReplayTheSpireMod:CursedCoin":4,"Nilry\u0027s Codex":8,"Pen Nib":9,"Burning Blood":0,"Blood Vial":2,"Replay:Wanted Poster":5,"Centennial Puzzle":10,"Sundial":3,"ReplayTheSpireMod:Ring of Collecting":3,"Ring of Misfortune":3,"Ring of Peace":3,"Bottled Lightning":10,"Toxic Egg 2":3,"Ring of Panic":10,"Mirror":1,"InkBottle":4},{"Replay:Accelerometer":45,"Lantern":11,"ReplayTheSpireMod:CursedCoin":15,"Nilry\u0027s Codex":34,"Pen Nib":37,"Burning Blood":0,"Blood Vial":7,"Replay:Wanted Poster":21,"Centennial Puzzle":41,"Sundial":11,"ReplayTheSpireMod:Ring of Collecting":11,"Ring of Misfortune":11,"Ring of Peace":11,"Bottled Lightning":41,"Toxic Egg 2":11,"Ring of Panic":41,"Mirror":2,"InkBottle":15}],"Burning Blood":64,"InkBottle":[15]},"card_choices":[{"not_picked":["Warcry","Headbutt"],"picked":"Run Through","floor":1},{"not_picked":["Wild Strike","Clothesline"],"picked":"Rupture","floor":6},{"not_picked":["Headbutt","Clothesline","Havoc"],"picked":"SKIP","floor":8},{"not_picked":["Body Slam","Sword Boomerang"],"picked":"ReplayTheSpireMod:Muscle Training+1","floor":13},{"not_picked":["Immolate","Eclipse+1"],"picked":"Limit Break+1","floor":16},{"not_picked":["Entrench+1","Anger","Pommel Strike"],"picked":"SKIP","floor":18},{"not_picked":["Body Slam","Flex+1","Iron Wave"],"picked":"SKIP","floor":20},{"not_picked":["Heavy Blade","Metallicize","Flex+1"],"picked":"SKIP","floor":21},{"not_picked":["Carnage+1","Replay:Undeath\u0027s Touch+1"],"picked":"Massacre","floor":23},{"not_picked":["Second Wind+1","True Grit+1"],"picked":"Bloodletting+1","floor":25},{"not_picked":["Replay:Undeath\u0027s Touch","Cleave+1"],"picked":"Whirlwind","floor":27},{"not_picked":["Sword Boomerang","Hemokinesis"],"picked":"Replay:Many Hands+1","floor":28}],"player_experience":102440,"relics_obtained":[{"floor":6,"key":"Blood Vial"},{"floor":8,"key":"Lantern"},{"floor":9,"key":"Toxic Egg 2"},{"floor":11,"key":"ReplayTheSpireMod:Ring of Collecting"},{"floor":11,"key":"Ring of Misfortune"},{"floor":12,"key":"Ring of Peace"},{"floor":12,"key":"Sundial"},{"floor":13,"key":"InkBottle"},{"floor":22,"key":"Nilry\u0027s Codex"},{"floor":23,"key":"Pen Nib"},{"floor":25,"key":"Bottled Lightning"},{"floor":26,"key":"Ring of Panic"},{"floor":26,"key":"Centennial Puzzle"},{"floor":27,"key":"Replay:Accelerometer"}],"event_choices":[{"damage_healed":0,"gold_gain":0,"player_choice":"Box","damage_taken":0,"relics_obtained":["Mirror"],"max_hp_gain":0,"max_hp_loss":0,"event_name":"Big Fish","floor":2,"gold_loss":0,"cards_obtained":["Regret"]},{"cards_removed":["Regret"],"damage_healed":0,"gold_gain":0,"player_choice":"Card Removal","damage_taken":7,"max_hp_gain":0,"max_hp_loss":0,"event_name":"Golden Wing","floor":5,"gold_loss":0},{"damage_healed":0,"gold_gain":0,"player_choice":"Leave","damage_taken":0,"max_hp_gain":0,"max_hp_loss":0,"event_name":"FaceTrader","floor":19,"gold_loss":0},{"damage_healed":0,"gold_gain":0,"player_choice":"Obtained Book","damage_taken":16,"max_hp_gain":0,"max_hp_loss":0,"event_name":"Cursed Tome","floor":22,"gold_loss":0}],"is_beta":false,"boss_relics":[{"not_picked":["Replay:Drink Me","Ooze Armor"],"picked":"Replay:Wanted Poster"}],"items_purged_floors":[],"is_endless":false,"potions_floor_spawned":[13,16,20,21],"killed_by":"Slavers","ascension_level":1}}