{"host":"pgm1p3lvdjflie30","time":1613042711,"event":{"mods":["AchievementEnabler","Alarm Clock","Aspiration","BaseMod","Challenge The Spire","Colored Map","Colored Powertips","Conspire","Dark Map","Energized Spire","GungeonMod","Hermit","HornydragonMod","Minty Spire (QoL Compilation)","Quarter Circle Forward PUNCH!","Quick Restart","Reimu（博???）","Relic Stats","Reliquary","Replay The Spire","Robot Space Explorer","Spicy Shops","StSLib","The Blackbeard","The Bug Knight","The Cursed","The Hayseed","The IronCluck","The Runesmith","Waifu the Spire","Yakumo Yukari mod","【功能Mod】混沌之?修复?丁","篝火指南"],"gold_per_floor":[116,128,146,52,52,52,85,85,85,31,31,67,67,82,82,186,186,196,206,115,146,146,146,43,43,43,43,43,43,10,46,46,46,46],"floor_reached":33,"language":"ZHS","playtime":6168,"items_purged":[],"score":235,"play_id":"302a9366-2a4e-473e-ace1-4236eb765c26","local_time":"20210211192511","is_ascension_mode":false,"campfire_choices":[{"data":"Crescendo","floor":6.0,"key":"SMITH"},{"data":"Consecrate","floor":8.0,"key":"SMITH"},{"data":"Consecrate","floor":13.0,"key":"SMITH"},{"data":"Adaptation","floor":15.0,"key":"SMITH"},{"data":"Vault","floor":23.0,"key":"SMITH"},{"floor":25.0,"key":"REST"},{"data":"Conclude","floor":27.0,"key":"SMITH"},{"floor":32.0,"key":"REST"}],"circlet_count":0,"master_deck":["Strike_P","Strike_P","Strike_P","Strike_P","Defend_P","Eruption+1","Vigilance","ClearTheMind","FlurryOfBlows","Crescendo+1","HandOfGreed","CutThroughFate","FlyingSleeves","Consecrate+1","EmptyFist","Calculated Gamble","ReplayTheSpireMod:Necrosis","Dodge and Roll","Consecrate+1","Adaptation+1","Vault+1","BowlingBash","EmptyBody","DeceiveReality","SashWhip","FollowUp+1","Conclude+1","CrushJoints","WindmillStrike+1"],"relics":["PureWater"],"acts_visited":["Exordium","TheCity"],"potions_floor_usage":[],"damage_taken":[{"damage":0.0,"enemies":"Jaw Worm","floor":1.0,"turns":3.0},{"damage":2.0,"enemies":"conspire:RoseBush","floor":2.0,"turns":1.0},{"damage":0.0,"enemies":"Cultist","floor":3.0,"turns":2.0},{"damage":0.0,"enemies":"Exordium Wildlife","floor":7.0,"turns":3.0},{"damage":0.0,"enemies":"Large Slime","floor":12.0,"turns":3.0},{"damage":0.0,"enemies":"Blue Slaver","floor":14.0,"turns":1.0},{"damage":54.0,"enemies":"Fading Forest","floor":16.0,"turns":11.0},{"damage":11.0,"enemies":"Chosen","floor":18.0,"turns":3.0},{"damage":0.0,"enemies":"3 Byrds","floor":19.0,"turns":3.0},{"damage":27.0,"enemies":"Shelled Parasite and Fungi","floor":21.0,"turns":3.0},{"damage":25.0,"enemies":"Colosseum Slavers","floor":29.0,"turns":3.0},{"damage":0.0,"enemies":"Centurion and Healer","floor":31.0,"turns":3.0},{"damage":92,"enemies":"Champ","floor":33,"turns":11}],"seed_played":"2554386087462572191","potions_obtained":[{"floor":2.0,"key":"Adrenaline Potion"},{"floor":12.0,"key":"SkillPotion"},{"floor":18.0,"key":"AttackPotion"},{"floor":19.0,"key":"GrandPatriotsElixir:ReiMu"}],"is_trial":false,"path_per_floor":["M","M","M","$","?","R","M","R","T","$","?","M","R","M","R","B",null,"M","M","$","M","?","R","$","R","T","R","?","?","$","M","R_BF","B"],"character_chosen":"WATCHER","items_purchased":["HandOfGreed","CutThroughFate","FlyingSleeves","EmptyFist","DeceiveReality","SashWhip","Conclude","CrushJoints"],"campfire_rested":2,"item_purchase_floors":[4,4,4,10,20,20,24,30],"current_hp_per_floor":[72,70,70,70,75,75,75,75,75,75,75,75,75,75,75,21,77,66,66,66,39,39,39,39,62,62,62,62,37,37,37,60,0,0],"gold":46,"neow_bonus":"UPGRADE_CARD","is_daily":false,"chose_seed":false,"campfire_upgraded":6,"win_rate":0.0,"timestamp":1613042711,"path_taken":["M","M","M","$","?","R","M","R","T","$","?","M","R","M","R","BOSS","M","?","$","M","?","R","$","R","T","R","?","?","?","M","R_BF","BOSS"],"items_purchased_type":["Card","Card","Card","Card","Card","Card","Card","Card"],"build_version":"2020-12-22","purchased_purges":0,"victory":false,"max_hp_per_floor":[72,72,72,72,77,77,77,77,77,77,77,77,77,77,77,77,77,77,77,77,77,77,77,77,77,77,77,77,77,77,77,77,77,77],"relic_stats":{"counters":[13,50],"obtain_stats":[{"DemoMod:GlassGuonStoneRelic":2,"PureWater":0},{"DemoMod:GlassGuonStoneRelic":2,"PureWater":0},{"DemoMod:GlassGuonStoneRelic":4,"PureWater":0}]},"card_choices":[{"not_picked":["LikeWater","EmptyBody"],"picked":"ClearTheMind","floor":1.0},{"not_picked":["CrushJoints","ClearTheMind"],"picked":"FlurryOfBlows","floor":2.0},{"not_picked":["Sanctity","JustLucky"],"picked":"Crescendo","floor":3.0},{"not_picked":["ConjureBlade","Replay:BluntJabs"],"picked":"Consecrate","floor":7.0},{"not_picked":["Wallop","CrushJoints"],"picked":"Consecrate","floor":12.0},{"not_picked":["FearNoEvil","Replay:AtTheReady"],"picked":"Adaptation","floor":14.0},{"not_picked":["Scrawl","Establishment"],"picked":"Vault","floor":16.0},{"not_picked":["InnerPeace","SashWhip"],"picked":"BowlingBash","floor":18.0},{"not_picked":["Replay:Vibes","ThirdEye"],"picked":"EmptyBody","floor":19.0},{"not_picked":["Replay:BluntJabs+1","EmptyFist+1"],"picked":"FollowUp+1","floor":21.0},{"not_picked":["Swivel","FlyingSleeves"],"picked":"WindmillStrike+1","floor":31.0}],"player_experience":478430,"relics_obtained":[],"event_choices":[{"damage_healed":0.0,"max_hp_gain":5.0,"max_hp_loss":0.0,"gold_gain":0.0,"event_name":"Big Fish","player_choice":"Donut","floor":5.0,"gold_loss":0.0,"damage_taken":0.0},{"damage_healed":0.0,"max_hp_gain":0.0,"max_hp_loss":0.0,"gold_gain":0.0,"event_name":"The Mausoleum","player_choice":"Ignored","floor":28.0,"gold_loss":0.0,"damage_taken":0.0},{"damage_healed":0.0,"max_hp_gain":0.0,"max_hp_loss":0.0,"gold_gain":0.0,"event_name":"Colosseum","player_choice":"Fight","floor":29.0,"gold_loss":0.0,"damage_taken":0.0},{"damage_healed":0.0,"max_hp_gain":0.0,"max_hp_loss":0.0,"gold_gain":0.0,"event_name":"Colosseum","player_choice":"Fled From Nobs","floor":29.0,"gold_loss":0.0,"damage_taken":0.0}],"is_beta":false,"boss_relics":[{"not_picked":["Runic Pyramid","energizedSpire:RedRose","SacredBark"]}],"items_purged_floors":[],"is_endless":false,"potions_floor_spawned":[2,12,18,19],"killed_by":"Champ","ascension_level":0}}