{"host":"gjfulft9y42c2y2c","time":1613039267,"event":{"mods":["AchievementEnabler","BaseMod","Colored Map","DeckTracker","Keyboard Shortcuts","Minty Spire (QoL Compilation)","Permanent Neow","StSLib","SuperFastMode","everything is the same but u backflip on backflip"],"gold_per_floor":[12,12,27,43,43,43,61,11,36,50,50,70,82,117,117,216,216,235,251,251,261,37,37,51,51,76,76,104,120,150,161,161,161,161],"floor_reached":33,"language":"KOR","playtime":3047,"items_purged":["Strike_G"],"score":451,"play_id":"0f3b5499-8229-4f5c-bb41-8604e4c308d8","local_time":"20210211192747","is_ascension_mode":true,"campfire_choices":[{"data":"Deadly Poison","floor":6.0,"key":"SMITH"},{"data":"Terror","floor":11.0,"key":"SMITH"},{"data":"Noxious Fumes","floor":15.0,"key":"SMITH"},{"floor":23,"key":"REST"},{"floor":25,"key":"REST"},{"floor":32,"key":"REST"}],"circlet_count":0,"master_deck":["AscendersBane","Strike_G","Strike_G","Defend_G","Defend_G","Defend_G","Defend_G","Survivor","Neutralize","Tactician","Masterful Stab+1","Leg Sweep","Well Laid Plans","Deadly Poison+1","Terror+1","Backflip","Crippling Poison","Malaise","Noxious Fumes+1","Wraith Form v2","Footwork","Dodge and Roll","Acrobatics+1","PiercingWail","PiercingWail","Dagger Spray+1","Calculated Gamble+1","Reflex","Cloak And Dagger"],"relics":["Ring of the Snake","Dream Catcher","Toy Ornithopter","StrikeDummy","SlaversCollar","Orichalcum","Oddly Smooth Stone","Peace Pipe","Kunai"],"acts_visited":["Exordium","TheCity"],"potions_floor_usage":[31,33],"damage_taken":[{"damage":0.0,"enemies":"Cultist","floor":1.0,"turns":3.0},{"damage":0.0,"enemies":"2 Louse","floor":3.0,"turns":3.0},{"damage":4.0,"enemies":"Jaw Worm","floor":4.0,"turns":6.0},{"damage":0.0,"enemies":"2 Fungi Beasts","floor":7.0,"turns":2.0},{"damage":9.0,"enemies":"Large Slime","floor":10.0,"turns":5.0},{"damage":3.0,"enemies":"Looter","floor":12.0,"turns":3.0},{"damage":0.0,"enemies":"2 Fungi Beasts","floor":13.0,"turns":4.0},{"damage":22.0,"enemies":"Gremlin Nob","floor":14.0,"turns":4.0},{"damage":5.0,"enemies":"Hexaghost","floor":16.0,"turns":9.0},{"damage":13.0,"enemies":"3 Byrds","floor":18.0,"turns":5.0},{"damage":8.0,"enemies":"Chosen","floor":19.0,"turns":7.0},{"damage":15,"enemies":"Snecko","floor":21,"turns":6},{"damage":20,"enemies":"Snake Plant","floor":24,"turns":7},{"damage":8,"enemies":"Book of Stabbing","floor":28,"turns":7},{"damage":14,"enemies":"Chosen and Byrds","floor":29,"turns":7},{"damage":20,"enemies":"Slavers","floor":30,"turns":6},{"damage":3,"enemies":"Snecko","floor":31,"turns":8},{"damage":40,"enemies":"Automaton","floor":33,"turns":6}],"seed_played":"-2657510985144988715","potions_obtained":[{"floor":7.0,"key":"Dexterity Potion"},{"floor":10.0,"key":"Fire Potion"},{"floor":24,"key":"ColorlessPotion"},{"floor":28,"key":"Dexterity Potion"}],"is_trial":false,"path_per_floor":["M","?","M","M","?","R","M","$","T","M","R","M","M","E","R","B",null,"M","M","?","M","$","R","M","R","T","?","E","M","E","M","R","B"],"character_chosen":"THE_SILENT","items_purchased":["Backflip","GhostInAJar","PiercingWail"],"campfire_rested":3,"item_purchase_floors":[8,22,22],"current_hp_per_floor":[63,63,63,59,56,56,56,56,56,47,47,44,44,22,22,22,58,50,42,42,27,27,48,28,49,49,49,41,27,7,9,30,0,0],"gold":161,"neow_bonus":"TRANSFORM_TWO_CARDS","is_daily":false,"chose_seed":false,"campfire_upgraded":3,"win_rate":0.0,"timestamp":1613039267,"path_taken":["M","?","?","M","?","R","M","$","T","M","R","M","M","E","R","BOSS","M","M","?","M","$","R","M","R","T","?","E","M","E","M","R","BOSS"],"items_purchased_type":["Card","Potion","Card"],"build_version":"2020-12-22","purchased_purges":1,"victory":false,"max_hp_per_floor":[70,70,70,70,70,70,70,70,70,70,70,70,70,70,70,70,70,70,70,70,70,70,70,70,70,70,70,70,70,70,70,70,70,70],"card_choices":[{"not_picked":["Deflect","Slice"],"picked":"Leg Sweep","floor":1.0},{"not_picked":["Deflect","Slice"],"picked":"Well Laid Plans","floor":3.0},{"not_picked":["Outmaneuver","Dodge and Roll"],"picked":"Deadly Poison","floor":4.0},{"not_picked":["Well Laid Plans","Deflect"],"picked":"Terror","floor":7.0},{"not_picked":["Bane","Backflip"],"picked":"Crippling Poison","floor":10.0},{"not_picked":["Expertise","Deadly Poison"],"picked":"Malaise","floor":12.0},{"not_picked":["Deadly Poison","Heel Hook","Caltrops"],"picked":"SKIP","floor":13.0},{"not_picked":["Prepared","Poisoned Stab"],"picked":"Noxious Fumes","floor":14.0},{"not_picked":["Grand Finale","Storm of Steel"],"picked":"Wraith Form v2","floor":16.0},{"not_picked":["Sucker Punch","Slice"],"picked":"Footwork","floor":18.0},{"not_picked":["Flying Knee","Blade Dance"],"picked":"Dodge and Roll","floor":19},{"not_picked":["Expertise+1","All Out Attack+1"],"picked":"Acrobatics+1","floor":21},{"not_picked":["Noxious Fumes+1","Deflect"],"picked":"PiercingWail","floor":23},{"not_picked":["Cloak And Dagger","Accuracy+1"],"picked":"Dagger Spray+1","floor":24},{"not_picked":["Dagger Spray","Bane"],"picked":"Calculated Gamble+1","floor":25},{"not_picked":["Leg Sweep","Predator","Slice"],"picked":"SKIP","floor":28},{"not_picked":["Leg Sweep","Predator","Slice"],"picked":"SKIP","floor":28},{"not_picked":["Deflect","Flying Knee+1","Prepared"],"picked":"SKIP","floor":29},{"not_picked":["Riddle With Holes","Grand Finale"],"picked":"Reflex","floor":30},{"not_picked":["Finisher+1","Underhanded Strike+1"],"picked":"Cloak And Dagger","floor":31}],"player_experience":279710,"relics_obtained":[{"floor":9.0,"key":"Toy Ornithopter"},{"floor":14.0,"key":"StrikeDummy"},{"floor":26,"key":"Oddly Smooth Stone"},{"floor":28,"key":"Peace Pipe"},{"floor":30,"key":"Kunai"}],"event_choices":[{"damage_healed":0.0,"max_hp_gain":0.0,"max_hp_loss":0.0,"gold_gain":0.0,"event_name":"Accursed Blacksmith","player_choice":"Forge","floor":2.0,"gold_loss":0.0,"damage_taken":0.0,"cards_upgraded":["Masterful Stab"]},{"damage_healed":0.0,"max_hp_gain":0.0,"max_hp_loss":0.0,"gold_gain":0.0,"event_name":"Scrap Ooze","player_choice":"Success","floor":5.0,"gold_loss":0.0,"damage_taken":3.0,"relics_obtained":["Dream Catcher"]},{"damage_healed":0,"gold_gain":0,"player_choice":"Opened","damage_taken":0,"relics_obtained":["Orichalcum"],"max_hp_gain":0,"max_hp_loss":0,"event_name":"The Mausoleum","floor":20,"gold_loss":0},{"cards_removed":["Strike_G"],"damage_healed":0,"gold_gain":0,"player_choice":"Elegance","damage_taken":0,"max_hp_gain":0,"max_hp_loss":0,"event_name":"Back to Basics","floor":27,"gold_loss":0}],"is_beta":false,"boss_relics":[{"not_picked":["SacredBark","Empty Cage"],"picked":"SlaversCollar"}],"items_purged_floors":[22],"is_endless":false,"potions_floor_spawned":[7,10,24,28,30],"killed_by":"Automaton","ascension_level":11}}