{"host":"tm3ghj8mno6gwywm","time":1613060679,"event":{"mods":["2.2 Compatiblity","AchievementEnabler","Bard","BaseMod","Beaked The Cultist","Better Third Choice","Colored Map","Colored Powertips","Conspire","Downfall","Glutton Mod","GungeonMod","Halation","Hermit","Hubris","Infinite Spire","Jorbs\u0027s Wanderer Trilogy","Mad Scientist","Marisa????????","Marked Mod","Mimic Mod","Minty Spire (QoL Compilation)","Potionbrewer","Quick Restart","Replay The Spire","Shade Mod","Shop Mod","Somnambulant","Spicy Shops","StSLib","SuperFastMode","The Bug Knight","The Construct","The Cursed","The Disciple","The Hierophant","The IronCluck","The Judge","The Jungle","The Necromancer","The Runesmith","The Servant 0.9.4","egg"],"gold_per_floor":[417,132,132,142,155,155,155,188,188,188,6,24,54,65,65,170,170,181,181,197,64,64,91,91,111,111,128,143,58,58,92,92,196,196,213,227,184,198,198,198,198],"floor_reached":40,"language":"ENG","playtime":1375,"items_purged":[],"score":586,"play_id":"c3219591-02b8-4d33-9cf0-a8b2271a08c4","local_time":"20210211112439","is_ascension_mode":false,"campfire_choices":[{"floor":6,"key":"RECALL"},{"floor":15,"key":"REST"},{"data":"Zap","floor":24,"key":"SMITH"},{"data":"Defend_B","floor":30,"key":"SMITH"},{"data":"Defend_B","floor":32,"key":"SMITH"}],"circlet_count":0,"master_deck":["Strike_B","Strike_B","Strike_B","Strike_B","Defend_B","Defend_B","Defend_B+1","Defend_B+1","Zap+1","Dualcast+1","Go for the Eyes+1","Gash+1","Steam+1","Streamline+1","BootSequence+1","Conserve Battery+1","Coolheaded+1","Beam Cell+1","ReplayTheSpireMod:Brewmster+1","Steam+1","ReplayGash+1","Redo+1","Core Surge+1","Defragment+1","Go for the Eyes+1","Go for the Eyes+1","Beam Cell+1"],"relics":["Cracked Core","Old Coin","WingedGreaves","Lizard Tail","Mummified Hand","Black Star","Molten Egg 2","Toxic Egg 2","Frozen Egg 2","Quantum Egg","Membership Card","ReplayFunnel","Carrot","Cables","ClockworkSouvenir","bronze:DecasWashers","CaptainsWheel","hubris:FunFungus","Eternal Feather","HornCleat","hubris:EmptyBottle","infinitespire:Golems Mask","Runesmith:Nanobots","Garlic","Tiny Chest","hubris:RGBLights","Singing Bowl","halation:PinkSoulGem"],"acts_visited":["Exordium","TheCity","TheBeyond"],"potions_floor_usage":[16,16,16,23,23,23,23,23,23,23,23,23,23,25,25,25,25,25,25,28,28,31,31,31,31,33,33,33,33,33,33,33,33,33,33,33,33,33,38,38,38,38,38,40,40],"damage_taken":[{"damage":0,"enemies":"conspire:RoseBush","floor":1,"turns":3},{"damage":5,"enemies":"Small Slimes","floor":4,"turns":2},{"damage":0,"enemies":"Cultist","floor":5,"turns":2},{"damage":10,"enemies":"Replay:BlueRogue","floor":8,"turns":6},{"damage":1,"enemies":"3 Louse","floor":12,"turns":2},{"damage":15,"enemies":"3 Sentries","floor":13,"turns":6},{"damage":0,"enemies":"Looter","floor":14,"turns":2},{"damage":2,"enemies":"The Guardian","floor":16,"turns":14},{"damage":0,"enemies":"Chosen","floor":18,"turns":3},{"damage":0,"enemies":"3 Byrds","floor":20,"turns":4},{"damage":0,"enemies":"conspire:Head Lice","floor":23,"turns":11},{"damage":0,"enemies":"conspire:HollyBat","floor":25,"turns":13},{"damage":0,"enemies":"Snake Plant","floor":27,"turns":5},{"damage":0,"enemies":"Cultist and Chosen","floor":28,"turns":5},{"damage":0,"enemies":"Book of Stabbing","floor":31,"turns":3},{"damage":0,"enemies":"Collector","floor":33,"turns":10},{"damage":0,"enemies":"3 Shapes","floor":35,"turns":3},{"damage":0,"enemies":"Orb Walker","floor":36,"turns":3},{"damage":5,"enemies":"Transient","floor":38,"turns":5},{"damage":130,"enemies":"Orin","floor":40,"turns":10}],"seed_played":"3949481389130258876","potions_obtained":[{"floor":8,"key":"ColorlessPotion"},{"floor":12,"key":"SteroidPotion"},{"floor":13,"key":"BlessingOfTheForge"},{"floor":14,"key":"DemoMod:LeadSkinPotion"},{"floor":16,"key":"EssenceOfSteel"},{"floor":18,"key":"potionbrewer:BarricadePotion"},{"floor":28,"key":"Swift Potion"}],"is_trial":false,"path_per_floor":["M","$","?","M","M","R","?","E","T","?","$","M","E","M","R","B",null,"M","?","M","$","?","E","R","M","T","M","M","?","R","E","R","B",null,"M","M","$","M","?","?"],"character_chosen":"DEFECT","items_purchased":["Carrot","Cables","ClockworkSouvenir","hubris:FunFungus","Steam+1","ReplayTheSpireMod:Brewmster+1","hubris:EmptyBottle","Go for the Eyes+1","Beam Cell+1"],"campfire_rested":1,"item_purchase_floors":[2,2,2,11,11,21,21,37,37],"current_hp_per_floor":[75,75,75,70,70,70,70,60,60,60,60,59,52,55,75,75,75,75,75,75,75,75,75,75,75,75,75,75,75,75,77,77,77,77,79,79,79,76,76,0,0],"gold":198,"neow_bonus":"RANDOM_COMMON_RELIC","is_daily":false,"chose_seed":false,"campfire_upgraded":3,"win_rate":0.0,"timestamp":1613060679,"path_taken":["M","$","?","M","M","R","?","E","T","?","$","?","E","M","R","BOSS","M","?","M","$","?","E","R","M","T","M","M","?","R","E","R","BOSS","M","M","$","M","?","?"],"items_purchased_type":["Relic","Relic","Relic","Relic","Card","Card","Relic","Card","Card"],"build_version":"2020-12-22","purchased_purges":0,"victory":false,"max_hp_per_floor":[75,75,75,75,75,75,75,75,75,75,75,75,75,75,75,75,75,75,75,75,75,75,75,75,75,75,75,75,75,75,77,77,77,77,79,79,79,81,81,81,81],"card_choices":[{"not_picked":["Ball Lightning+1","Static Discharge+1","Sunder+1"],"picked":"SKIP","floor":1},{"not_picked":["Sunder+1","conspire:SharedLibrary+1","Barrage+1"],"picked":"SKIP","floor":4},{"not_picked":["Time Bomb+1","Coolheaded+1"],"picked":"Go for the Eyes+1","floor":5},{"not_picked":["Hologram+1","Echo Form+1"],"picked":"Gash+1","floor":8},{"not_picked":["Stack+1","Sweeping Beam+1"],"picked":"Streamline+1","floor":12},{"not_picked":["Force Field+1","Darkness+1"],"picked":"BootSequence+1","floor":13},{"not_picked":["Streamline+1","Coolheaded+1"],"picked":"Conserve Battery+1","floor":14},{"not_picked":["Chaos+1","Storm+1"],"picked":"Coolheaded+1","floor":18},{"not_picked":["Streamline+1","Coolheaded+1"],"picked":"Beam Cell+1","floor":20},{"not_picked":["Capacitor+1","Rebound+1"],"picked":"Steam+1","floor":23},{"not_picked":["Loop+1","Undo+1"],"picked":"ReplayGash+1","floor":25},{"not_picked":["Barrage+1","Blizzard+1","BasicCrystalCard+1"],"picked":"SKIP","floor":27},{"not_picked":["Buffer+1","Doom and Gloom+1"],"picked":"Redo+1","floor":28},{"not_picked":["Heatsinks+1","Streamline+1","Glacier+1"],"picked":"Singing Bowl","floor":31},{"not_picked":["Thunder Strike+1","ReplayRNGCard+1"],"picked":"Core Surge+1","floor":33},{"not_picked":["Streamline+1","Turbo+1","Ball Lightning+1"],"picked":"Singing Bowl","floor":35},{"not_picked":["Leap+1","Barrage+1"],"picked":"Defragment+1","floor":36},{"not_picked":["Rebound+1","Redo+1","White Noise+1"],"picked":"Singing Bowl","floor":38}],"player_experience":871325,"relics_obtained":[{"floor":8,"key":"bronze:DecasWashers"},{"floor":8,"key":"CaptainsWheel"},{"floor":13,"key":"Eternal Feather"},{"floor":13,"key":"HornCleat"},{"floor":23,"key":"infinitespire:Golems Mask"},{"floor":23,"key":"Runesmith:Nanobots"},{"floor":26,"key":"Garlic"},{"floor":31,"key":"hubris:RGBLights"},{"floor":31,"key":"Singing Bowl"}],"event_choices":[{"damage_healed":0,"gold_gain":0,"player_choice":"Ignored","damage_taken":0,"max_hp_gain":0,"max_hp_loss":0,"event_name":"Transmorgrifier","floor":10,"gold_loss":0},{"damage_healed":0,"gold_gain":0,"player_choice":"Adaptability","damage_taken":0,"max_hp_gain":0,"max_hp_loss":0,"event_name":"betterThird:BetterWriting","floor":22,"gold_loss":0},{"damage_healed":0,"gold_gain":0,"player_choice":"Obtained Relic","damage_taken":0,"relics_obtained":["Tiny Chest"],"max_hp_gain":0,"max_hp_loss":0,"event_name":"Addict","floor":29,"gold_loss":85},{"damage_healed":0,"gold_gain":0,"player_choice":"Fight","damage_taken":0,"max_hp_gain":0,"max_hp_loss":0,"event_name":"OrinTheCat","floor":40,"gold_loss":0}],"is_beta":false,"boss_relics":[{"not_picked":["Astrolabe","hubris:TerracottaHorce","halation:MonkeysPaw"]},{"not_picked":["hubris:CrackedHourglass","Cursed Key","conspire:RunicOctahedron"]}],"items_purged_floors":[],"is_endless":false,"potions_floor_spawned":[8,12,13,14,16,18,27,28,31,36],"killed_by":"Orin","ascension_level":0}}