{"host":"kx62hxkutszy5nb0","time":1613060435,"event":{"mods":["2.2 Compatiblity","AchievementEnabler","Aspiration","BaseMod","Better Altar","Better Match","Better Note","Better Sensory Stone","Better Skull","Better Third Choice","Better Vampires","CCEM2","Colored Map","Colored Powertips","Conspire","Custom Start","Dark Map","Defuse TimeMaze Blight","Displayed Cursed Tome","Downfall","Fiend Mod","Hermit","Hubris","Infinite Spire","Jorbs\u0027s Wanderer Trilogy","Koishi","Marked Mod","Minty Spire (QoL Compilation)","Prisma Mod","Relic Sorter","Relic Stats","Replay The Spire","Shade Mod","Shop Mod","Spikes Relics","StSLib","Td1madao Mod","The Alterego","The Construct","The Cursed","The Exalted","The Forsaken","The Judge","The Jungle","The Marked","TheSwordswoman","TheVacant","Uncapped","Virulent Crown","Yuri Mod","everything is the same but u backflip on backflip"],"gold_per_floor":[109,109,109,123,133,133,147,163,163,179,195,195,213,213,213,316,316,334,348,348,273,289,289,313,313,313,333,347,357,368,387,387,492,492,492,492],"floor_reached":35,"language":"ENG","playtime":1449,"items_purged":["Overencumbered"],"score":357,"play_id":"78cd018e-3764-4b92-b6fc-da9e8d5cbfd4","local_time":"20210212022035","is_ascension_mode":false,"campfire_choices":[{"data":"theMarked:SoldierOfQuellstein","floor":6,"key":"SMITH"},{"data":"theMarked:Abjuration","floor":12,"key":"SMITH"},{"floor":15,"key":"REST"},{"floor":23,"key":"REST"},{"floor":25,"key":"RECALL"},{"floor":32,"key":"REST"}],"circlet_count":0,"master_deck":["theMarked:Strike","theMarked:Strike","theMarked:Strike","theMarked:Strike","theMarked:Defend","theMarked:Defend","theMarked:Defend","theMarked:Defend","theMarked:SoldierOfQuellstein+1","theMarked:BanishingStrike","theMarked:ChainLightning","theMarked:EnhanceMovement","theMarked:Abjuration+1","theMarked:RogueSparks","theMarked:TakeOffHeels","theMarked:WardOff+1","theMarked:Memento","theMarked:WardOff+1","theMarked:EmpowerWeapon","theMarked:WardOff+1","theMarked:Indomitable","theMarked:Determination+1","theMarked:BanishingWave","theMarked:Abjuration"],"relics":["theMarked:ArtifactOfAir","aspiration:Nostalgia","m_GuardianBlood","hubris:DisguiseKit","theMarked:SpiritSword","hubris:ToyBattleship","Onion Ring","Bromod:ArcaneBarrier"],"acts_visited":["Exordium","TheCity","TheBeyond"],"potions_floor_usage":[10,16,16,16,28,30,33],"damage_taken":[{"damage":0,"enemies":"2 Louse","floor":1,"turns":3},{"damage":0,"enemies":"Small Slimes","floor":4,"turns":3},{"damage":1,"enemies":"Cultist","floor":5,"turns":3},{"damage":3,"enemies":"Red Slaver","floor":7,"turns":3},{"damage":7,"enemies":"Exordium Thugs","floor":8,"turns":5},{"damage":6,"enemies":"Lots of Slimes","floor":10,"turns":3},{"damage":1,"enemies":"Exordium Wildlife","floor":11,"turns":3},{"damage":23,"enemies":"Exordium Thugs","floor":13,"turns":3},{"damage":15,"enemies":"The Guardian","floor":16,"turns":6},{"damage":16,"enemies":"Shell Parasite","floor":18,"turns":7},{"damage":27,"enemies":"3 Byrds","floor":19,"turns":6},{"damage":4,"enemies":"Snake Plant","floor":22,"turns":3},{"damage":17,"enemies":"Centurion and Healer","floor":27,"turns":4},{"damage":16,"enemies":"3 Cultists","floor":28,"turns":7},{"damage":6,"enemies":"Snecko","floor":29,"turns":4},{"damage":2,"enemies":"Centurion and Healer","floor":30,"turns":6},{"damage":7,"enemies":"Snake Plant","floor":31,"turns":3},{"damage":45,"enemies":"Champ","floor":33,"turns":9},{"damage":0,"enemies":"3 Darklings","floor":35,"turns":1}],"seed_played":"-4930500970175393404","potions_obtained":[{"floor":4,"key":"Dexterity Potion"},{"floor":5,"key":"CultistPotion"},{"floor":7,"key":"hexamod:SoulburnPotion"},{"floor":11,"key":"PowerPotion"},{"floor":27,"key":"LifebloodPotion"},{"floor":28,"key":"Adrenaline Potion"},{"floor":31,"key":"hexamod:SoulburnPotion"}],"is_trial":false,"path_per_floor":["M","?","?","M","M","R","M","M","T","M","M","R","M","?","R","B",null,"M","M","?","$","M","R","T","R","T","M","M","M","M","M","R","B",null,"M"],"character_chosen":"THE_DEFAULT","items_purchased":[],"campfire_rested":3,"item_purchase_floors":[],"current_hp_per_floor":[70,70,63,69,70,70,70,69,69,69,70,70,53,53,70,61,70,60,39,39,39,41,62,62,62,62,51,41,41,45,44,65,26,70,70,70],"gold":492,"neow_bonus":"NOSTALGIA","is_daily":false,"chose_seed":false,"campfire_upgraded":2,"win_rate":0.0,"timestamp":1613060435,"path_taken":["M","?","?","M","M","R","M","M","T","M","M","R","M","?","R","BOSS","M","M","?","?","?","R","?","R","T","?","M","M","M","M","R","BOSS","M"],"items_purchased_type":[],"build_version":"2020-12-22","purchased_purges":1,"victory":false,"max_hp_per_floor":[70,70,70,70,70,70,70,70,70,70,70,70,70,70,70,70,70,70,70,70,70,70,70,70,70,70,70,70,70,70,70,70,70,70,70,70],"relic_stats":{"counters":[19,82],"obtain_stats":[{"theMarked:ArtifactOfAir":0,"hubris:DisguiseKit":14,"aspiration:Nostalgia":0,"Onion Ring":26,"Bromod:ArcaneBarrier":34,"theMarked:SpiritSword":17,"hubris:ToyBattleship":24,"m_GuardianBlood":0},{"theMarked:ArtifactOfAir":0,"hubris:DisguiseKit":8,"aspiration:Nostalgia":0,"Onion Ring":12,"Bromod:ArcaneBarrier":18,"theMarked:SpiritSword":9,"hubris:ToyBattleship":12,"m_GuardianBlood":0},{"theMarked:ArtifactOfAir":0,"hubris:DisguiseKit":26,"aspiration:Nostalgia":0,"Onion Ring":48,"Bromod:ArcaneBarrier":81,"theMarked:SpiritSword":32,"hubris:ToyBattleship":48,"m_GuardianBlood":0}]},"card_choices":[{"not_picked":["theMarked:ChainLightning","theMarked:ElectricStrings"],"picked":"theMarked:BanishingStrike","floor":1},{"not_picked":["theMarked:Parkour","theMarked:Generate"],"picked":"theMarked:ChainLightning","floor":4},{"not_picked":["theMarked:Frustration","ReplayTheSpireMod:Muscle Training","Guardian:WalkerClaw"],"picked":"SKIP","floor":5},{"not_picked":["theMarked:Electrify","theMarked:GodGivenPower"],"picked":"theMarked:EnhanceMovement","floor":7},{"not_picked":["Guardian:WalkerClaw","theMarked:HeightenedSenses","theMarked:Frustration"],"picked":"SKIP","floor":8},{"not_picked":["theMarked:RepellingDischarge","Flex","Heavy Blade"],"picked":"SKIP","floor":10},{"not_picked":["theMarked:Improvise","theMarked:ElectricStrings"],"picked":"theMarked:Abjuration","floor":11},{"not_picked":["Flex","theMarked:Frustration"],"picked":"theMarked:RogueSparks","floor":13},{"not_picked":["Double Tap","theMarked:Defy","Chip Synthesis"],"picked":"theMarked:TakeOffHeels","floor":16},{"not_picked":["theMarked:Parry","theMarked:TakeCover+1","White Contract"],"picked":"theMarked:WardOff+1","floor":18},{"not_picked":["theMarked:Maelstrom+1","theMarked:ElectricStrings","Gravity Defend"],"picked":"theMarked:Memento","floor":19},{"not_picked":["theMarked:CreepingChasm+1","theMarked:RepellingDischarge+1","De Ware Chip"],"picked":"theMarked:EmpowerWeapon","floor":22},{"not_picked":["theMarked:BanishingStrike","theMarked:Aftermath","Black Execution"],"picked":"theMarked:WardOff+1","floor":27},{"not_picked":["theMarked:Parkour","theMarked:BanishingStrike","De Ware Chip"],"picked":"theMarked:Indomitable","floor":28},{"not_picked":["theMarked:Polarize+1","theMarked:HeightenedSenses","theMarked:TwofoldDefense","Afterwards"],"picked":"SKIP","floor":29},{"not_picked":["theMarked:RepellingDischarge+1","theMarked:WastefulAttack+1","Bursts"],"picked":"theMarked:Determination+1","floor":30},{"not_picked":["theMarked:ContemptForTheProud+1","theMarked:ShockingTouch","Three Hit"],"picked":"theMarked:BanishingWave","floor":31},{"not_picked":["theMarked:Defy","theMarked:Levitate","Im Angry"],"picked":"theMarked:Abjuration","floor":33}],"player_experience":777870,"relics_obtained":[{"floor":24,"key":"hubris:ToyBattleship"},{"floor":26,"key":"Onion Ring"}],"event_choices":[{"cards_removed":["theMarked:Strike"],"damage_healed":0,"gold_gain":0,"player_choice":"Card Removal","damage_taken":7,"max_hp_gain":0,"max_hp_loss":0,"event_name":"Golden Wing","floor":3,"gold_loss":0},{"damage_healed":0,"gold_gain":0,"player_choice":"Copied","damage_taken":0,"max_hp_gain":0,"max_hp_loss":0,"event_name":"Duplicator","floor":20,"gold_loss":0,"cards_obtained":["theMarked:WardOff"]}],"is_beta":false,"boss_relics":[{"not_picked":["aspiration:RunicSpoon","Cursed Key"],"picked":"theMarked:SpiritSword"},{"not_picked":["CCEMRelics:GreenEgg","Coffee Dripper"],"picked":"Bromod:ArcaneBarrier"}],"items_purged_floors":[21],"is_endless":false,"potions_floor_spawned":[4,5,7,11,13,27,28,31,33],"killed_by":"3 Darklings","ascension_level":0}}