{"host":"k7udt7atmcuzf6l0","time":1613052119,"event":{"mods":["AchievementEnabler","BaseMod","BetterRewards","Colored Map","Colored Powertips","Highlight Path","Minty Spire (QoL Compilation)","Quick Restart","Rare Cards Sparkle","Relic Stats","StSLib","UnlockEverythingMod"],"gold_per_floor":[11,11,11,11,27,27,42,56,79,79,79,79,91,106,106,201,201,216,216,16,30,46,46,81,81,81,180,180,197,215,245,245,344,344,357,49,0,999,999,999,999],"floor_reached":40,"language":"ZHS","playtime":767,"items_purged":[],"score":564,"play_id":"621a3ce3-7395-4727-aae1-345d75ba6b32","local_time":"20210211220159","is_ascension_mode":false,"campfire_choices":[{"data":"Armaments","floor":6,"key":"SMITH"},{"data":"Whirlwind","floor":10,"key":"SMITH"},{"data":"Offering","floor":12,"key":"SMITH"},{"data":"Clash","floor":15,"key":"SMITH"},{"data":"Flex","floor":23,"key":"SMITH"},{"data":"Immolate","floor":25,"key":"SMITH"},{"data":"Brutality","floor":32,"key":"SMITH"}],"circlet_count":0,"master_deck":["Strike_R","Strike_R","Strike_R","Strike_R","Strike_R","Defend_R","Defend_R","Defend_R","Bash","Clash+1","Armaments+1","Whirlwind+1","Thunderclap","Offering+1","Sword Boomerang","Immolate+1","Flex+1","Offering+1","Anger","Sword Boomerang+1","Feed","Spot Weakness+1","Warcry+1","Flex+1","Normality","Normality"],"relics":["Black Blood","Thread and Needle","FaceOfCleric","Ancient Tea Set","DollysMirror","Red Skull","Prayer Wheel","Letter Opener","Sozu","Toxic Egg 2","Red Mask"],"acts_visited":["Exordium","TheCity","TheBeyond"],"potions_floor_usage":[16,22,24,29,30,31,33,40],"damage_taken":[{"damage":0,"enemies":"Cultist","floor":1,"turns":4},{"damage":0,"enemies":"2 Louse","floor":5,"turns":3},{"damage":2,"enemies":"Jaw Worm","floor":7,"turns":2},{"damage":1,"enemies":"Lots of Slimes","floor":8,"turns":3},{"damage":0,"enemies":"2 Fungi Beasts","floor":13,"turns":3},{"damage":6,"enemies":"Red Slaver","floor":14,"turns":2},{"damage":6,"enemies":"Slime Boss","floor":16,"turns":3},{"damage":16,"enemies":"2 Thieves","floor":18,"turns":2},{"damage":6,"enemies":"3 Byrds","floor":21,"turns":2},{"damage":23,"enemies":"Centurion and Healer","floor":22,"turns":4},{"damage":12,"enemies":"Book of Stabbing","floor":24,"turns":2},{"damage":12,"enemies":"Cultist and Chosen","floor":29,"turns":2},{"damage":21,"enemies":"Snecko","floor":30,"turns":3},{"damage":6,"enemies":"Slavers","floor":31,"turns":1},{"damage":30,"enemies":"Collector","floor":33,"turns":7},{"damage":12,"enemies":"3 Shapes","floor":35,"turns":2},{"damage":112,"enemies":"Giant Head","floor":40,"turns":7}],"seed_played":"-3592641127617501050","potions_obtained":[{"floor":5,"key":"Strength Potion"},{"floor":16,"key":"Strength Potion"},{"floor":18,"key":"Dexterity Potion"},{"floor":21,"key":"LiquidBronze"},{"floor":24,"key":"Block Potion"},{"floor":28,"key":"Fruit Juice"},{"floor":28,"key":"PowerPotion"},{"floor":29,"key":"EssenceOfSteel"},{"floor":33,"key":"Block Potion"}],"is_trial":false,"path_per_floor":["M","$","$","?","M","R","M","M","T","R","?","R","M","M","R","B",null,"M","?","$","M","M","R","E","R","T","?","?","M","M","E","R","B",null,"M","$","?","?","?","E"],"character_chosen":"IRONCLAD","items_purchased":["Flex","DollysMirror","Toxic Egg 2","Flex+1"],"campfire_rested":0,"item_purchase_floors":[20,20,36,36],"current_hp_per_floor":[80,80,80,80,81,81,82,83,83,83,83,83,84,85,85,86,86,83,83,83,88,78,78,79,79,79,79,79,85,77,84,84,67,99,104,104,104,104,104,0,0],"gold":999,"neow_bonus":"ONE_RARE_RELIC","is_daily":false,"chose_seed":false,"campfire_upgraded":7,"win_rate":0.0,"timestamp":1613052119,"path_taken":["M","?","$","?","M","R","M","?","T","R","?","R","M","?","R","BOSS","M","?","$","M","?","R","E","R","T","?","?","?","M","E","R","BOSS","M","$","?","?","?","E"],"items_purchased_type":["Card","Relic","Relic","Card"],"build_version":"2020-12-22","purchased_purges":0,"victory":false,"max_hp_per_floor":[80,80,80,80,81,81,82,83,83,83,83,83,84,85,85,86,86,87,87,87,88,89,89,90,90,90,90,90,96,97,98,98,99,99,104,104,104,104,104,104,104],"relic_stats":{"Sozu":1,"FaceOfCleric":15,"counters":[17,52],"Black Blood":121,"Prayer Wheel":3,"Letter Opener":[40],"obtain_stats":[{"Sozu":34,"FaceOfCleric":4,"DollysMirror":20,"Black Blood":17,"Thread and Needle":0,"Prayer Wheel":26,"Red Mask":37,"Letter Opener":31,"Toxic Egg 2":36,"Ancient Tea Set":9,"Burning Blood":0,"Red Skull":24},{"Sozu":15,"FaceOfCleric":1,"DollysMirror":8,"Black Blood":7,"Thread and Needle":0,"Prayer Wheel":11,"Red Mask":16,"Letter Opener":14,"Toxic Egg 2":16,"Ancient Tea Set":4,"Burning Blood":0,"Red Skull":11},{"Sozu":43,"FaceOfCleric":4,"DollysMirror":22,"Black Blood":20,"Thread and Needle":0,"Prayer Wheel":30,"Red Mask":45,"Letter Opener":36,"Toxic Egg 2":45,"Ancient Tea Set":12,"Burning Blood":0,"Red Skull":30}]},"card_choices":[{"not_picked":["Fire Breathing","Power Through"],"picked":"Clash","floor":1},{"not_picked":["Clothesline","Clash"],"picked":"Armaments","floor":5},{"not_picked":["Havoc","Cleave"],"picked":"Whirlwind","floor":7},{"not_picked":["Second Wind","Iron Wave"],"picked":"Thunderclap","floor":8},{"not_picked":["Carnage","Flame Barrier"],"picked":"Sword Boomerang","floor":13},{"not_picked":["Twin Strike","Clothesline","Iron Wave"],"picked":"SKIP","floor":14},{"not_picked":["Reaper","Bludgeon"],"picked":"Immolate","floor":16},{"not_picked":["Twin Strike","Shrug It Off","Pommel Strike"],"picked":"SKIP","floor":18},{"not_picked":["Wild Strike+1","Twin Strike","Cleave"],"picked":"SKIP","floor":21},{"not_picked":["True Grit","Dropkick"],"picked":"Anger","floor":22},{"not_picked":["Perfected Strike","True Grit","Thunderclap"],"picked":"SKIP","floor":24},{"not_picked":["Flame Barrier","Whirlwind"],"picked":"Brutality","floor":29},{"not_picked":["Twin Strike","Dropkick","Rampage"],"picked":"SKIP","floor":29},{"not_picked":["Shrug It Off+1","Clothesline"],"picked":"Sword Boomerang+1","floor":30},{"not_picked":["Body Slam","Heavy Blade","Clash"],"picked":"SKIP","floor":30},{"not_picked":["Entrench","Iron Wave","Wild Strike"],"picked":"SKIP","floor":31},{"not_picked":["Bludgeon","Offering"],"picked":"Feed","floor":33},{"not_picked":["Warcry+1","Clash+1"],"picked":"Spot Weakness+1","floor":35},{"not_picked":["Body Slam","Dark Embrace"],"picked":"Warcry+1","floor":35}],"player_experience":101784,"relics_obtained":[{"floor":9,"key":"Ancient Tea Set"},{"floor":24,"key":"Red Skull"},{"floor":26,"key":"Prayer Wheel"},{"floor":31,"key":"Letter Opener"}],"event_choices":[{"damage_healed":0,"gold_gain":0,"player_choice":"Trade","damage_taken":0,"relics_obtained":["FaceOfCleric"],"max_hp_gain":0,"max_hp_loss":0,"event_name":"FaceTrader","floor":4,"gold_loss":0},{"damage_healed":0,"gold_gain":0,"cards_transformed":["Defend_R"],"player_choice":"Transformed","damage_taken":0,"max_hp_gain":0,"max_hp_loss":0,"event_name":"Transmorgrifier","floor":11,"gold_loss":0,"cards_obtained":["Offering"]},{"damage_healed":0,"gold_gain":0,"player_choice":"Ignored","damage_taken":0,"max_hp_gain":0,"max_hp_loss":0,"event_name":"NoteForYourself","floor":19,"gold_loss":0},{"damage_healed":0,"gold_gain":99,"player_choice":"Stole From Cult","damage_taken":0,"max_hp_gain":0,"max_hp_loss":0,"event_name":"Nest","floor":27,"gold_loss":0},{"damage_healed":0,"gold_gain":0,"player_choice":"Got Potions","damage_taken":0,"max_hp_gain":0,"max_hp_loss":0,"event_name":"Lab","floor":28,"gold_loss":0},{"damage_healed":0,"gold_gain":0,"player_choice":"Paid","damage_taken":0,"relics_obtained":["Red Mask"],"max_hp_gain":0,"max_hp_loss":0,"event_name":"Tomb of Lord Red Mask","floor":37,"gold_loss":49},{"damage_healed":0,"gold_gain":999,"player_choice":"Gold","damage_taken":0,"max_hp_gain":0,"max_hp_loss":0,"event_name":"MindBloom","floor":38,"gold_loss":0,"cards_obtained":["Normality","Normality"]},{"cards_removed":["Brutality"],"damage_healed":0,"gold_gain":0,"player_choice":"Removed Power","damage_taken":0,"max_hp_gain":0,"max_hp_loss":0,"event_name":"Falling","floor":39,"gold_loss":0}],"is_beta":false,"boss_relics":[{"not_picked":["Ectoplasm","Busted Crown"],"picked":"Black Blood"},{"not_picked":["Empty Cage","Mark of Pain"],"picked":"Sozu"}],"items_purged_floors":[],"is_endless":false,"potions_floor_spawned":[5,16,18,21,24,29,33,35],"killed_by":"Giant Head","ascension_level":0}}