{"host":"ttx8tv95o5vka1nm","time":1613055791,"event":{"mods":["AchievementEnabler","BaseMod","BetterRewards","Colored Map","Downfall","Evolution","Hermit","Hubris","Infinite Spire","Jorbs\u0027s Wanderer Trilogy","Minty Spire (QoL Compilation)","Relic Filter Mod","Reliquary","Replay The Spire","Robot Space Explorer","Shop Mod","Spicy Shops","StSLib","The Blue Laboratory","The Bug Knight","The Cursed","The Hayseed","The Necromancer","The Runesmith","TheBandit","TheVacant","Wandering Minibosses"],"gold_per_floor":[111,111,131,144,164,199,199,231,231,231,231,231,260,260,260,355,355,374,374,397,397,408,408,408],"floor_reached":23,"language":"ENG","playtime":1048,"items_purged":[],"score":270,"play_id":"675c6fbd-1161-4c42-8f0b-6f1ae1871925","local_time":"20210212010311","is_ascension_mode":true,"campfire_choices":[{"data":"Catalyst","floor":7,"key":"SMITH"},{"data":"Deadly Poison","floor":10,"key":"SMITH"},{"data":"Leg Sweep","floor":12,"key":"SMITH"},{"floor":15,"key":"REST"}],"circlet_count":0,"master_deck":["Poisoned Stab","Poisoned Stab","Strike_G+1","Strike_G","Defend_G","Defend_G","Defend_G+1","Defend_G","Defend_G","Survivor","Neutralize+1","Catalyst+1","Phantasmal Killer","Bane","Deadly Poison+1","PiercingWail","Leg Sweep+1","Malaise","Crippling Poison+1","Acrobatics"],"relics":["Ring of the Snake","EVO:Axolotl","reliquary:BoilingFlask","White Beast Statue","hubris:PeanutButter","reliquary:PartyBalloon","infinitespire:Cupcake","Tiny Chest"],"acts_visited":["Exordium","TheCity"],"potions_floor_usage":[],"damage_taken":[{"damage":0,"enemies":"2 Louse","floor":1,"turns":2},{"damage":0,"enemies":"Cultist","floor":3,"turns":3},{"damage":2,"enemies":"Small Slimes","floor":4,"turns":4},{"damage":4,"enemies":"Looter","floor":5,"turns":3},{"damage":16,"enemies":"Lagavulin","floor":6,"turns":5},{"damage":9,"enemies":"Gremlin Nob","floor":8,"turns":3},{"damage":15,"enemies":"3 Sentries","floor":13,"turns":12},{"damage":0,"enemies":"Hexaghost","floor":16,"turns":9},{"damage":0,"enemies":"Shell Parasite","floor":18,"turns":4},{"damage":0,"enemies":"Chosen","floor":22,"turns":3},{"damage":67,"enemies":"Gremlin Leader","floor":23,"turns":11}],"seed_played":"1390566786753405091","potions_obtained":[{"floor":3,"key":"Strength Potion"},{"floor":8,"key":"blueLaboratory:BottleOfRum"},{"floor":13,"key":"blueLaboratory:BubblePotion"},{"floor":16,"key":"Ancient Potion"}],"is_trial":false,"path_per_floor":["M","?","M","M","M","E","R","E","T","R","?","R","E","?","R","B",null,"M","?","T","?","M","E"],"character_chosen":"THE_SILENT","items_purchased":[],"campfire_rested":1,"item_purchase_floors":[],"current_hp_per_floor":[77,77,77,75,71,55,55,46,46,46,31,31,16,16,39,39,77,77,63,63,63,63,0,0],"gold":408,"neow_bonus":"TEN_PERCENT_HP_BONUS","is_daily":false,"chose_seed":false,"campfire_upgraded":3,"win_rate":0.0,"timestamp":1613055791,"path_taken":["M","?","?","M","M","E","R","E","T","R","?","R","E","?","R","BOSS","M","?","?","?","M","E"],"items_purchased_type":[],"build_version":"2020-12-22","purchased_purges":0,"victory":false,"max_hp_per_floor":[77,77,77,77,77,77,77,77,77,77,77,77,77,77,77,77,77,77,82,82,82,82,82,82],"card_choices":[{"not_picked":["Choke","Hidden Blade"],"picked":"Catalyst","floor":1},{"not_picked":["Blade Dance","Fluid Movement"],"picked":"Bane","floor":3},{"not_picked":["Prepared","Endless Agony"],"picked":"Deadly Poison","floor":4},{"not_picked":["Blade Dance","hubris:SlightOfHand","Underhanded Strike"],"picked":"SKIP","floor":5},{"not_picked":["Riddle With Holes","Tools of the Trade"],"picked":"PiercingWail","floor":6},{"not_picked":["Quick Slash","Underhanded Strike"],"picked":"Leg Sweep","floor":8},{"not_picked":["Atom Bomb","Deadly Poison","Accuracy"],"picked":"SKIP","floor":13},{"not_picked":["Doppelganger","Wraith Form v2"],"picked":"Malaise","floor":16},{"not_picked":["Slice","Backstab"],"picked":"Crippling Poison+1","floor":18},{"not_picked":["hubris:SlightOfHand","Dagger Throw+1"],"picked":"Acrobatics","floor":22}],"player_experience":1149136,"relics_obtained":[{"floor":6,"key":"reliquary:BoilingFlask"},{"floor":8,"key":"White Beast Statue"},{"floor":9,"key":"hubris:PeanutButter"},{"floor":13,"key":"reliquary:PartyBalloon"},{"floor":20,"key":"Tiny Chest"}],"event_choices":[{"damage_healed":0,"gold_gain":0,"cards_transformed":["Strike_G"],"player_choice":"Transformed","damage_taken":0,"max_hp_gain":0,"max_hp_loss":0,"event_name":"Transmorgrifier","floor":2,"gold_loss":0,"cards_obtained":["Phantasmal Killer"]},{"damage_healed":0,"gold_gain":0,"player_choice":"Entered Light","damage_taken":15,"max_hp_gain":0,"max_hp_loss":0,"event_name":"Shining Light","floor":11,"gold_loss":0,"cards_upgraded":["Strike_G","Neutralize"]},{"damage_healed":0,"gold_gain":0,"player_choice":"Shed Blood","damage_taken":19,"max_hp_gain":5,"max_hp_loss":0,"event_name":"Forgotten Altar","floor":19,"gold_loss":0}],"is_beta":false,"boss_relics":[{"not_picked":["reliquary:Craggleroot","Replay:Ancient Bell"],"picked":"infinitespire:Cupcake"}],"items_purged_floors":[],"is_endless":false,"potions_floor_spawned":[3,8,13,16,18,22],"killed_by":"Gremlin Leader","ascension_level":1}}