{"host":"lv7etzzgwahaenh9","time":1613002560,"event":{"mods":["AchievementEnabler","BaseMod","Colored Map","Colored Powertips","Minty Spire (QoL Compilation)","Quick Restart","Random Character Button","StSLib"],"gold_per_floor":[117,117,117,132,15,15,44,44,44,44,56,56,56,71,71,172,172,188,203,203,203],"floor_reached":20,"language":"ENG","playtime":1166,"items_purged":[],"score":333,"play_id":"e3c649b1-2503-4413-8aff-252f1799bb5d","local_time":"20210210161600","is_ascension_mode":true,"campfire_choices":[{"data":"Neutralize","floor":6.0,"key":"SMITH"},{"data":"Cloak And Dagger","floor":8.0,"key":"SMITH"},{"data":"Accuracy","floor":10.0,"key":"SMITH"},{"data":"Dagger Spray","floor":12.0,"key":"SMITH"},{"data":"Well Laid Plans","floor":15.0,"key":"SMITH"}],"circlet_count":0,"master_deck":["Strike_G","Strike_G","Strike_G","Strike_G","Strike_G","Defend_G","Defend_G","Defend_G","Defend_G+1","Survivor","Neutralize+1","Flying Knee+1","Unload","Cloak And Dagger+1","Well Laid Plans+1","Backflip","Accuracy+1","Dagger Spray+1","Poisoned Stab","Envenom","CurseOfTheBell","Acrobatics+1"],"relics":["Ring of the Snake","NeowsBlessing","Anchor","White Beast Statue","Darkstone Periapt","Calling Bell","Regal Pillow","Letter Opener","Turnip"],"acts_visited":["Exordium","TheCity"],"potions_floor_usage":[19],"damage_taken":[{"damage":0.0,"enemies":"2 Louse","floor":1.0,"turns":1.0},{"damage":0.0,"enemies":"Small Slimes","floor":4.0,"turns":1.0},{"damage":0.0,"enemies":"Gremlin Nob","floor":7.0,"turns":1.0},{"damage":0.0,"enemies":"Jaw Worm","floor":11.0,"turns":3.0},{"damage":0.0,"enemies":"Looter","floor":14.0,"turns":3.0},{"damage":0.0,"enemies":"Slime Boss","floor":16.0,"turns":6.0},{"damage":7.0,"enemies":"Chosen","floor":18.0,"turns":6.0},{"damage":25,"enemies":"Spheric Guardian","floor":19,"turns":6},{"damage":30,"enemies":"3 Cultists","floor":20,"turns":4}],"seed_played":"-7330455012066088344","potions_obtained":[{"floor":7.0,"key":"Explosive Potion"},{"floor":11.0,"key":"ColorlessPotion"},{"floor":14.0,"key":"Swift Potion"},{"floor":16.0,"key":"Explosive Potion"},{"floor":18,"key":"DistilledChaos"},{"floor":19,"key":"CultistPotion"}],"is_trial":false,"path_per_floor":["M","?","?","M","$","R","E","R","T","R","M","R","T","M","R","B",null,"M","M","M"],"character_chosen":"THE_SILENT","items_purchased":["Well Laid Plans","Backflip"],"campfire_rested":0,"item_purchase_floors":[5,5],"current_hp_per_floor":[63,49,49,49,49,49,49,49,49,49,49,49,49,49,49,49,71,64,39,9,9],"gold":203,"neow_bonus":"THREE_ENEMY_KILL","is_daily":false,"chose_seed":false,"campfire_upgraded":5,"win_rate":0.0,"timestamp":1613002560,"path_taken":["M","?","?","M","$","R","E","R","T","R","M","R","?","M","R","BOSS","M","M","M"],"items_purchased_type":["Card","Card"],"build_version":"2020-12-22","purchased_purges":0,"victory":false,"max_hp_per_floor":[70,70,70,70,70,70,70,70,70,70,70,70,70,70,70,70,76,76,76,76,76],"card_choices":[{"not_picked":["PiercingWail","Deflect"],"picked":"Flying Knee","floor":1.0},{"not_picked":["Flying Knee","Flechettes"],"picked":"Cloak And Dagger","floor":4.0},{"not_picked":["Acrobatics","Bane"],"picked":"Accuracy","floor":7.0},{"not_picked":["Prepared","Escape Plan"],"picked":"Dagger Spray","floor":11.0},{"not_picked":["Heel Hook","Deadly Poison"],"picked":"Poisoned Stab","floor":14.0},{"not_picked":["A Thousand Cuts","Phantasmal Killer"],"picked":"Envenom","floor":16.0},{"not_picked":["Predator","Dodge and Roll","Well Laid Plans"],"picked":"SKIP","floor":18},{"not_picked":["Deadly Poison+1","Setup"],"picked":"Acrobatics+1","floor":19}],"player_experience":327070,"relics_obtained":[{"floor":7.0,"key":"Anchor"},{"floor":9.0,"key":"White Beast Statue"},{"floor":13.0,"key":"Darkstone Periapt"},{"floor":17.0,"key":"Regal Pillow"},{"floor":17.0,"key":"Letter Opener"},{"floor":17.0,"key":"Turnip"}],"event_choices":[{"damage_healed":0.0,"max_hp_gain":0.0,"max_hp_loss":0.0,"gold_gain":0.0,"event_name":"Shining Light","player_choice":"Entered Light","floor":2.0,"gold_loss":0.0,"damage_taken":14.0,"cards_upgraded":["Defend_G","Flying Knee"]},{"damage_healed":0.0,"max_hp_gain":0.0,"max_hp_loss":0.0,"gold_gain":0.0,"cards_transformed":["Defend_G"],"event_name":"Living Wall","player_choice":"Change","floor":3.0,"gold_loss":0.0,"damage_taken":0.0,"cards_obtained":["Unload"]}],"is_beta":false,"boss_relics":[{"not_picked":["Empty Cage","Busted Crown"],"picked":"Calling Bell"}],"items_purged_floors":[],"is_endless":false,"potions_floor_spawned":[7,11,14,16,18,19],"killed_by":"3 Cultists","ascension_level":7}}