{"host":"qksa0nge77ubun9a","time":1613018514,"event":{"mods":["AchievementEnabler","BaseMod","Colored Map","Colored Powertips","Googly Eyes","Highlight Path","Minty Spire (QoL Compilation)","Quick Restart","StSLib"],"gold_per_floor":[361,125,139,89,103,103,135,155,178,16,16,48,48,67,67,141,141,157,3,23,23,23,23,36,36,63,80,144,144,194,194],"floor_reached":30,"language":"ENG","playtime":4665,"items_purged":["Normality","Defend_R","Strike_R"],"score":437,"play_id":"0cc49870-279b-4755-9987-8924a1606145","local_time":"20210210204154","is_ascension_mode":true,"campfire_choices":[{"data":"True Grit","floor":6.0,"key":"SMITH"},{"data":"Immolate","floor":13.0,"key":"SMITH"},{"floor":15.0,"key":"REST"},{"floor":23.0,"key":"REST"},{"floor":25.0,"key":"REST"}],"circlet_count":0,"master_deck":["AscendersBane","Strike_R","Strike_R+1","Strike_R","Strike_R","Defend_R","Defend_R","Defend_R","Bash","True Grit+1","Purity","Disarm","Cleave+1","Heavy Blade","Feel No Pain","Immolate+1","Havoc+1","Sentinel","Body Slam","Corruption","Flame Barrier","Armaments","RitualDagger","Warcry","Iron Wave"],"relics":["Burning Blood","Membership Card","Toy Ornithopter","Orichalcum","Whetstone","SlaversCollar","Champion Belt","SsserpentHead","Bag of Marbles"],"acts_visited":["Exordium","TheCity"],"potions_floor_usage":[27,27,30],"damage_taken":[{"damage":13.0,"enemies":"Jaw Worm","floor":1.0,"turns":5.0},{"damage":5.0,"enemies":"Small Slimes","floor":3.0,"turns":3.0},{"damage":6.0,"enemies":"Cultist","floor":5.0,"turns":4.0},{"damage":62.0,"enemies":"Gremlin Nob","floor":7.0,"turns":6.0},{"damage":12.0,"enemies":"Exordium Wildlife","floor":8.0,"turns":4.0},{"damage":0.0,"enemies":"3 Sentries","floor":12.0,"turns":5.0},{"damage":7.0,"enemies":"Exordium Thugs","floor":14.0,"turns":3.0},{"damage":44.0,"enemies":"Slime Boss","floor":16.0,"turns":12.0},{"damage":33.0,"enemies":"3 Byrds","floor":18.0,"turns":6.0},{"damage":9.0,"enemies":"Chosen","floor":20.0,"turns":7.0},{"damage":31.0,"enemies":"Snecko","floor":24.0,"turns":7.0},{"damage":15,"enemies":"Centurion and Healer","floor":27,"turns":9},{"damage":30,"enemies":"Shelled Parasite and Fungi","floor":28,"turns":8},{"damage":35,"enemies":"Snake Plant","floor":30,"turns":4}],"seed_played":"7316565265986177652","potions_obtained":[{"floor":3.0,"key":"BlessingOfTheForge"},{"floor":5.0,"key":"HeartOfIron"},{"floor":7.0,"key":"SpeedPotion"},{"floor":8.0,"key":"SpeedPotion"},{"floor":18.0,"key":"Dexterity Potion"},{"floor":20.0,"key":"ColorlessPotion"},{"floor":28,"key":"ColorlessPotion"}],"is_trial":false,"path_per_floor":["M","$","M","$","M","R","E","M","T","$","?","E","R","M","R","B",null,"M","$","M","?","?","R","M","R","T","M","M","?","M"],"character_chosen":"IRONCLAD","items_purchased":["Membership Card","Purity","Immolate","Havoc","Sentinel","Champion Belt"],"campfire_rested":3,"item_purchase_floors":[2,2,10,10,10,19],"current_hp_per_floor":[65,65,66,66,66,66,10,9,9,9,9,25,25,24,48,10,63,36,36,33,27,27,51,26,50,50,51,27,27,0,0],"gold":194,"neow_bonus":"TWO_FIFTY_GOLD","is_daily":false,"chose_seed":false,"campfire_upgraded":2,"win_rate":0.0,"timestamp":1613018514,"path_taken":["M","$","M","$","M","R","E","M","T","$","?","E","R","M","R","BOSS","M","$","M","?","?","R","M","R","T","M","?","?","?"],"items_purchased_type":["Relic","Card","Card","Card","Card","Relic"],"build_version":"2020-12-22","purchased_purges":3,"victory":false,"max_hp_per_floor":[80,80,80,80,80,80,80,80,80,80,80,80,80,80,80,80,80,80,80,80,80,80,80,80,80,80,80,80,80,80,80],"card_choices":[{"not_picked":["Shrug It Off","Bloodletting"],"picked":"True Grit","floor":1.0},{"not_picked":["Thunderclap","Sword Boomerang"],"picked":"Disarm","floor":3.0},{"not_picked":["Havoc","Spot Weakness"],"picked":"Cleave","floor":5.0},{"not_picked":["Intimidate","Headbutt"],"picked":"Heavy Blade","floor":7.0},{"not_picked":["Shrug It Off","Pommel Strike"],"picked":"Feel No Pain","floor":8.0},{"not_picked":["Sword Boomerang","Cleave","True Grit"],"picked":"SKIP","floor":12.0},{"not_picked":["Flex","Spot Weakness"],"picked":"Body Slam","floor":14.0},{"not_picked":["Immolate","Reaper"],"picked":"Corruption","floor":16.0},{"not_picked":["Heavy Blade","Clash"],"picked":"Flame Barrier","floor":18.0},{"not_picked":["Clothesline","Flame Barrier+1"],"picked":"Armaments","floor":20.0},{"not_picked":["Combust","Perfected Strike"],"picked":"Warcry","floor":24.0},{"not_picked":["Seeing Red+1","Feed"],"picked":"Iron Wave","floor":27},{"not_picked":["Flex","Perfected Strike","True Grit"],"picked":"SKIP","floor":28}],"player_experience":1391211,"relics_obtained":[{"floor":7.0,"key":"Toy Ornithopter"},{"floor":9.0,"key":"Orichalcum"},{"floor":12.0,"key":"Whetstone"},{"floor":26.0,"key":"Bag of Marbles"}],"event_choices":[{"damage_healed":0.0,"max_hp_gain":0.0,"max_hp_loss":0.0,"gold_gain":0.0,"event_name":"Living Wall","player_choice":"Grow","floor":11.0,"gold_loss":0.0,"damage_taken":0.0,"cards_upgraded":["Havoc"]},{"damage_healed":0.0,"max_hp_gain":0.0,"max_hp_loss":0.0,"gold_gain":0.0,"event_name":"Nest","player_choice":"Joined the Cult","floor":21.0,"gold_loss":0.0,"damage_taken":6.0,"cards_obtained":["RitualDagger"]},{"damage_healed":0.0,"max_hp_gain":0.0,"max_hp_loss":0.0,"gold_gain":0.0,"event_name":"FaceTrader","player_choice":"Trade","floor":22.0,"gold_loss":0.0,"damage_taken":0.0,"relics_obtained":["SsserpentHead"]},{"damage_healed":0,"gold_gain":0,"player_choice":"Bet on Murderer","damage_taken":0,"max_hp_gain":0,"max_hp_loss":0,"event_name":"The Joust","floor":29,"gold_loss":50}],"is_beta":false,"boss_relics":[{"not_picked":["Sozu","Philosopher\u0027s Stone"],"picked":"SlaversCollar"}],"items_purged_floors":[2,4,10],"is_endless":false,"potions_floor_spawned":[3,5,7,8,18,20,28],"killed_by":"Snake Plant","ascension_level":13}}