{"host":"nsc6ozq3atyrdr3m","time":1613067932,"event":{"mods":["BaseMod","Colored Map","Minty Spire (QoL Compilation)"],"gold_per_floor":[111,111,111,36,50,84,84,115,115,20,40,1,17,35,35,113,113,129,99,99,99,117,149,149,177,177,177,192,192,218,234,234,306,306,324,324,324,342,361,361,386,386,386],"floor_reached":42,"language":"FRA","playtime":1399,"items_purged":["Pain"],"score":988,"play_id":"4516d1be-5d78-4af9-b248-3d255a79b10c","local_time":"20210211192532","is_ascension_mode":true,"campfire_choices":[{"floor":7,"key":"REST"},{"floor":15,"key":"REST"},{"floor":24,"key":"REST"},{"floor":27,"key":"REST"},{"floor":32,"key":"REST"},{"data":"Immolate","floor":40,"key":"SMITH"}],"circlet_count":0,"master_deck":["AscendersBane","Strike_R","Strike_R","Strike_R","Strike_R","Strike_R","Defend_R","Defend_R","Defend_R","Defend_R","Bash+1","Demon Form+1","Sword Boomerang","Evolve","Shrug It Off","Rage","Bloodletting","Whirlwind","Shockwave","Battle Trance","Shrug It Off","Immolate+1","Heavy Blade","Pommel Strike","Ghostly Armor","Burning Pact","Disarm","Double Tap","Burning Pact"],"relics":["Burning Blood","Pocketwatch","Bag of Marbles","InkBottle","Busted Crown","Champion Belt","Eternal Feather","Mango","Bottled Flame","Mark of Pain","MealTicket"],"acts_visited":["Exordium","TheCity","TheBeyond"],"potions_floor_usage":[13,16,23,25,39],"damage_taken":[{"damage":16,"enemies":"Small Slimes","floor":1,"turns":5},{"damage":9,"enemies":"2 Louse","floor":5,"turns":2},{"damage":32,"enemies":"Gremlin Nob","floor":6,"turns":4},{"damage":36,"enemies":"3 Sentries","floor":8,"turns":9},{"damage":0,"enemies":"Cultist","floor":11,"turns":3},{"damage":11,"enemies":"Red Slaver","floor":13,"turns":4},{"damage":8,"enemies":"Blue Slaver","floor":14,"turns":4},{"damage":19,"enemies":"Slime Boss","floor":16,"turns":6},{"damage":9,"enemies":"Spheric Guardian","floor":18,"turns":5},{"damage":14,"enemies":"2 Thieves","floor":22,"turns":3},{"damage":18,"enemies":"Gremlin Leader","floor":23,"turns":6},{"damage":40,"enemies":"Book of Stabbing","floor":25,"turns":6},{"damage":22,"enemies":"Cultist and Chosen","floor":28,"turns":7},{"damage":32,"enemies":"Gremlin Leader","floor":30,"turns":5},{"damage":18,"enemies":"Snecko","floor":31,"turns":5},{"damage":31,"enemies":"Champ","floor":33,"turns":9},{"damage":12,"enemies":"3 Darklings","floor":35,"turns":2},{"damage":7,"enemies":"3 Shapes","floor":38,"turns":2},{"damage":12,"enemies":"Sphere and 2 Shapes","floor":39,"turns":3},{"damage":48,"enemies":"Nemesis","floor":41,"turns":5},{"damage":34,"enemies":"Transient","floor":42,"turns":5}],"seed_played":"6384589769082722992","potions_obtained":[{"floor":8,"key":"Block Potion"},{"floor":13,"key":"Block Potion"},{"floor":16,"key":"Swift Potion"},{"floor":22,"key":"PowerPotion"},{"floor":23,"key":"BlessingOfTheForge"},{"floor":30,"key":"Dexterity Potion"},{"floor":35,"key":"AttackPotion"}],"is_trial":false,"path_per_floor":["M","?","?","$","M","E","R","E","T","$","M","$","M","M","R","B",null,"M","$","?","?","M","E","R","E","T","R","M","?","E","M","R","B",null,"M","?","?","M","M","R","E","M"],"character_chosen":"IRONCLAD","items_purchased":["BloodPotion","Bloodletting","Shockwave","Pommel Strike"],"campfire_rested":5,"item_purchase_floors":[10,10,12,19],"current_hp_per_floor":[58,58,58,58,55,29,51,21,21,21,27,27,37,35,57,44,67,64,64,64,64,56,44,66,32,46,87,71,71,45,33,74,49,79,73,73,68,67,61,76,34,0,0],"gold":386,"neow_bonus":"THREE_RARE_CARDS","is_daily":false,"chose_seed":false,"campfire_upgraded":1,"win_rate":0.0,"timestamp":1613067932,"path_taken":["M","?","?","$","M","E","R","E","T","$","M","$","?","M","R","BOSS","M","$","?","?","M","E","R","E","T","R","?","?","E","M","R","BOSS","M","?","?","M","M","R","E","M"],"items_purchased_type":["Potion","Card","Card","Card"],"build_version":"2020-12-22","purchased_purges":1,"victory":false,"max_hp_per_floor":[75,75,75,75,75,75,75,75,75,75,75,75,75,75,75,75,75,75,75,75,75,75,75,75,75,89,89,89,89,89,89,89,89,89,89,89,89,89,89,89,89,89,89],"card_choices":[{"not_picked":["Reaper","Bludgeon"],"picked":"Demon Form","floor":0},{"not_picked":["Pummel","Shrug It Off"],"picked":"Sword Boomerang","floor":1},{"not_picked":["Rampage","Metallicize"],"picked":"Evolve","floor":5},{"not_picked":["Pommel Strike","Body Slam"],"picked":"Shrug It Off","floor":6},{"not_picked":["Warcry","Dropkick"],"picked":"Rage","floor":8},{"not_picked":["Bludgeon","Iron Wave"],"picked":"Whirlwind","floor":11},{"not_picked":["Whirlwind","Flex"],"picked":"Battle Trance","floor":13},{"not_picked":["Flex","True Grit"],"picked":"Shrug It Off","floor":14},{"not_picked":["Brutality","Exhume"],"picked":"Immolate","floor":16},{"not_picked":[],"picked":"Heavy Blade","floor":18},{"not_picked":[],"picked":"Ghostly Armor","floor":22},{"not_picked":[],"picked":"Burning Pact","floor":23},{"not_picked":["Warcry"],"picked":"SKIP","floor":25},{"not_picked":[],"picked":"Disarm","floor":28},{"not_picked":["Power Through"],"picked":"SKIP","floor":30},{"not_picked":["Reckless Charge"],"picked":"SKIP","floor":31},{"not_picked":[],"picked":"Double Tap","floor":33},{"not_picked":["Shrug It Off"],"picked":"SKIP","floor":35},{"not_picked":["Second Wind"],"picked":"SKIP","floor":38},{"not_picked":[],"picked":"Burning Pact","floor":39},{"not_picked":["Cleave"],"picked":"SKIP","floor":41}],"player_experience":391908,"relics_obtained":[{"floor":6,"key":"Pocketwatch"},{"floor":8,"key":"Bag of Marbles"},{"floor":9,"key":"InkBottle"},{"floor":23,"key":"Champion Belt"},{"floor":25,"key":"Eternal Feather"},{"floor":26,"key":"Mango"},{"floor":30,"key":"Bottled Flame"},{"floor":41,"key":"MealTicket"}],"event_choices":[{"damage_healed":0,"gold_gain":0,"player_choice":"Leave","damage_taken":0,"max_hp_gain":0,"max_hp_loss":0,"event_name":"The Cleric","floor":2,"gold_loss":0},{"damage_healed":0,"gold_gain":0,"player_choice":"Upgraded","damage_taken":0,"max_hp_gain":0,"max_hp_loss":0,"event_name":"Upgrade Shrine","floor":3,"gold_loss":0,"cards_upgraded":["Bash"]},{"damage_healed":0,"gold_gain":0,"player_choice":"Ignored","damage_taken":0,"max_hp_gain":0,"max_hp_loss":0,"event_name":"Ghosts","floor":20,"gold_loss":0},{"damage_healed":0,"gold_gain":0,"player_choice":"Forge","damage_taken":0,"max_hp_gain":0,"max_hp_loss":0,"event_name":"Accursed Blacksmith","floor":21,"gold_loss":0,"cards_upgraded":["Demon Form"]},{"damage_healed":0,"gold_gain":0,"player_choice":"Obtain J.A.X.","damage_taken":0,"max_hp_gain":0,"max_hp_loss":0,"event_name":"Drug Dealer","floor":29,"gold_loss":0,"cards_obtained":["J.A.X."]},{"cards_removed":["J.A.X."],"damage_healed":0,"gold_gain":0,"player_choice":"Removed Skill","damage_taken":0,"max_hp_gain":0,"max_hp_loss":0,"event_name":"Falling","floor":36,"gold_loss":0},{"damage_healed":0,"gold_gain":0,"player_choice":"Bought 0 Potions","damage_taken":0,"max_hp_gain":0,"max_hp_loss":0,"event_name":"The Woman in Blue","floor":37,"gold_loss":0}],"is_beta":false,"boss_relics":[{"not_picked":["Fusion Hammer","Runic Cube"],"picked":"Busted Crown"},{"not_picked":["Runic Pyramid","Astrolabe"],"picked":"Mark of Pain"}],"items_purged_floors":[4],"is_endless":false,"potions_floor_spawned":[8,13,16,22,23,30,31,35,38],"killed_by":"Transient","ascension_level":20}}