{"host":"xw7092rw7wabncmm","time":1613008838,"event":{"mods":["AchievementEnabler","BaseMod","Bestiary","Block Reminder","Minty Spire (QoL Compilation)","Quick Restart","Relic Stats","Slay-I","Weighted Paths"],"gold_per_floor":[112,187,237,9,9,37,37,56,79,79,114,129,156,106,106,201,201,212,228,178,197,215,215,243,243,243,243,263,279,17,27,27,128,128,140,152,202,212,24,24,41,72,72,97,139,151,163,195,207,219,231,243,3,38,38,38],"floor_reached":55,"language":"ENG","playtime":5231,"items_purged":["Strike_B"],"score":1080,"play_id":"b7ba7df0-0c85-46fc-82e8-22c9239acef0","local_time":"20210210210038","is_ascension_mode":true,"campfire_choices":[{"data":"Doom and Gloom","floor":7.0,"key":"SMITH"},{"data":"Go for the Eyes","floor":10.0,"key":"SMITH"},{"data":"Buffer","floor":15.0,"key":"SMITH"},{"floor":23.0,"key":"REST"},{"data":"Go for the Eyes","floor":25.0,"key":"SMITH"},{"data":"Biased Cognition","floor":27.0,"key":"SMITH"},{"floor":32.0,"key":"RECALL"},{"data":"Sunder","floor":40.0,"key":"SMITH"},{"data":"Core Surge","floor":47,"key":"SMITH"},{"floor":49,"key":"REST"},{"data":"Static Discharge","floor":52,"key":"SMITH"}],"circlet_count":0,"master_deck":["Strike_B","Strike_B","Strike_B","Defend_B","Defend_B","Defend_B","Defend_B","Zap","Doom and Gloom+1","Go for the Eyes+1","Buffer+1","Sunder+1","Coolheaded","Stack","Biased Cognition+1","Hello World","Turbo+1","Sweeping Beam+1","Coolheaded+1","Go for the Eyes+1","Auto Shields+1","Glacier","Cold Snap","Static Discharge+1","Core Surge+1","Coolheaded+1","Auto Shields+1","Undo+1","Blizzard+1","Purity","Biased Cognition+1","Defragment+1","Cold Snap+1","PanicButton","BootSequence","Reinforced Body","Core Surge","Cold Snap+1"],"relics":["Cracked Core","NeowsBlessing","Membership Card","Anchor","Dream Catcher","Lantern","Eternal Feather","Gremlin Horn","Velvet Choker","Pen Nib","TheAbacus","Oddly Smooth Stone","Sozu","Mango","Bag of Preparation","DollysMirror","Ice Cream","MawBank","Smiling Mask","Cables","Akabeko"],"acts_visited":["Exordium","TheCity","TheBeyond","TheEnding"],"potions_floor_usage":[55],"damage_taken":[{"damage":0.0,"enemies":"2 Louse","floor":1.0,"turns":1.0},{"damage":0.0,"enemies":"Gremlin Nob","floor":6.0,"turns":1.0},{"damage":0.0,"enemies":"Jaw Worm","floor":8.0,"turns":1.0},{"damage":0.0,"enemies":"3 Sentries","floor":11.0,"turns":2.0},{"damage":0.0,"enemies":"Cultist","floor":12.0,"turns":2.0},{"damage":6.0,"enemies":"Gremlin Nob","floor":13.0,"turns":4.0},{"damage":26.0,"enemies":"Hexaghost","floor":16.0,"turns":10.0},{"damage":5.0,"enemies":"Shell Parasite","floor":18.0,"turns":4.0},{"damage":6.0,"enemies":"3 Byrds","floor":19.0,"turns":4.0},{"damage":32.0,"enemies":"Sentry and Sphere","floor":21.0,"turns":6.0},{"damage":11.0,"enemies":"Centurion and Healer","floor":22.0,"turns":11.0},{"damage":10.0,"enemies":"Gremlin Leader","floor":24.0,"turns":6.0},{"damage":0.0,"enemies":"Cultist and Chosen","floor":28.0,"turns":5.0},{"damage":10.0,"enemies":"Snecko","floor":29.0,"turns":5.0},{"damage":0.0,"enemies":"Sentry and Sphere","floor":31.0,"turns":4.0},{"damage":2.0,"enemies":"Automaton","floor":33.0,"turns":10.0},{"damage":5.0,"enemies":"3 Darklings","floor":35.0,"turns":5.0},{"damage":0.0,"enemies":"Orb Walker","floor":36.0,"turns":4.0},{"damage":7.0,"enemies":"Mind Bloom Boss Battle","floor":37.0,"turns":7.0},{"damage":5.0,"enemies":"Jaw Worm Horde","floor":38.0,"turns":3.0},{"damage":0.0,"enemies":"Writhing Mass","floor":41.0,"turns":7.0},{"damage":19.0,"enemies":"Nemesis","floor":42.0,"turns":9.0},{"damage":3.0,"enemies":"Sphere and 2 Shapes","floor":44.0,"turns":5.0},{"damage":0,"enemies":"Reptomancer","floor":45,"turns":6},{"damage":60,"enemies":"4 Shapes","floor":48,"turns":4},{"damage":41,"enemies":"Time Eater","floor":50,"turns":20},{"damage":20,"enemies":"Shield and Spear","floor":54,"turns":7},{"damage":87,"enemies":"The Heart","floor":55,"turns":14}],"seed_played":"901250682621921309","potions_obtained":[{"floor":1.0,"key":"SteroidPotion"},{"floor":8.0,"key":"AttackPotion"},{"floor":12.0,"key":"FocusPotion"},{"floor":22.0,"key":"PowerPotion"},{"floor":28.0,"key":"CultistPotion"},{"floor":29.0,"key":"DistilledChaos"},{"floor":31.0,"key":"Dexterity Potion"},{"floor":33.0,"key":"Energy Potion"}],"is_trial":false,"path_per_floor":["M","?","?","$","?","E","R","M","T","R","E","M","E","?","R","B",null,"M","M","?","M","M","R","E","R","T","R","M","M","$","M","R","B",null,"M","M","?","M","$","R","M","E","T","M","E","?","R","M","R","B",null,"R","$","E","B"],"character_chosen":"DEFECT","items_purchased":["Membership Card","Anchor","Glacier","Cold Snap","Static Discharge","TheAbacus","Oddly Smooth Stone","Bag of Preparation","Purity","DollysMirror","Cables","Core Surge"],"campfire_rested":2,"item_purchase_floors":[4,4,30,30,30,30,30,39,39,39,53,53],"current_hp_per_floor":[68,57,57,57,62,62,62,62,62,62,62,62,56,56,65,39,70,65,59,59,27,16,49,39,51,51,63,63,53,53,53,68,66,77,72,72,79,74,74,92,92,73,73,70,70,70,91,31,80,39,80,94,94,74,0,0],"gold":38,"neow_bonus":"THREE_ENEMY_KILL","is_daily":false,"chose_seed":false,"campfire_upgraded":8,"win_rate":0.0,"timestamp":1613008838,"path_taken":["M","?","?","$","?","E","R","M","T","R","E","M","E","?","R","BOSS","M","M","?","?","M","R","E","R","T","R","M","M","$","M","R","BOSS","M","M","?","M","$","R","M","E","T","M","E","?","R","M","R","BOSS","R","$","E","BOSS"],"items_purchased_type":["Relic","Relic","Card","Card","Card","Relic","Relic","Relic","Card","Relic","Relic","Card"],"build_version":"2020-12-22","purchased_purges":1,"victory":false,"max_hp_per_floor":[75,75,75,75,80,80,80,80,80,80,80,80,80,80,80,80,80,80,80,80,80,80,80,80,80,80,80,80,80,80,80,80,80,80,80,80,94,94,94,94,94,94,94,94,94,94,94,94,94,94,94,94,94,94,94,94],"relic_stats":{"Sozu":5,"Dream Catcher":2,"TheAbacus":[78],"Gremlin Horn":[27,27],"counters":[28,167],"Eternal Feather":131,"Pen Nib":[22],"Bag of Preparation":[16],"MawBank":120,"Smiling Mask":-12,"obtain_stats":[{"Ice Cream":42,"Lantern":9,"NeowsBlessing":0,"Gremlin Horn":13,"Velvet Choker":17,"Oddly Smooth Stone":30,"Eternal Feather":11,"Mango":37,"Pen Nib":24,"Bag of Preparation":39,"MawBank":43,"Smiling Mask":45,"Akabeko":54,"Cables":53,"Sozu":34,"Anchor":4,"Dream Catcher":6,"TheAbacus":30,"DollysMirror":39,"Membership Card":4,"Cracked Core":0},{"Ice Cream":22,"Lantern":3,"NeowsBlessing":0,"Gremlin Horn":6,"Velvet Choker":7,"Oddly Smooth Stone":14,"Eternal Feather":4,"Mango":19,"Pen Nib":12,"Bag of Preparation":20,"MawBank":22,"Smiling Mask":24,"Akabeko":27,"Cables":26,"Sozu":16,"Anchor":1,"Dream Catcher":2,"TheAbacus":14,"DollysMirror":20,"Membership Card":1,"Cracked Core":0},{"Ice Cream":111,"Lantern":3,"NeowsBlessing":0,"Gremlin Horn":11,"Velvet Choker":21,"Oddly Smooth Stone":62,"Eternal Feather":5,"Mango":92,"Pen Nib":52,"Bag of Preparation":95,"MawBank":111,"Smiling Mask":122,"Akabeko":153,"Cables":146,"Sozu":76,"Anchor":1,"Dream Catcher":2,"TheAbacus":62,"DollysMirror":95,"Membership Card":1,"Cracked Core":0}],"Cables":[20,7,12,1,0]},"card_choices":[{"not_picked":["Rebound","Aggregate"],"picked":"Doom and Gloom","floor":1.0},{"not_picked":["Stack","Barrage"],"picked":"Go for the Eyes","floor":6.0},{"not_picked":["Cold Snap","Compile Driver"],"picked":"Buffer","floor":8.0},{"not_picked":["Double Energy","Storm"],"picked":"Sunder","floor":11.0},{"not_picked":["Rebound","Scrape"],"picked":"Coolheaded","floor":12.0},{"not_picked":["Steam Power","Heatsinks"],"picked":"Stack","floor":13.0},{"not_picked":["All For One","Amplify"],"picked":"Biased Cognition","floor":16.0},{"not_picked":["Redo","Streamline"],"picked":"Hello World","floor":18.0},{"not_picked":["Sweeping Beam","Meteor Strike"],"picked":"Turbo+1","floor":19.0},{"not_picked":["Lockon","Fusion","Force Field"],"picked":"SKIP","floor":21.0},{"not_picked":["Steam","Stack"],"picked":"Sweeping Beam+1","floor":22.0},{"not_picked":["Aggregate","Reboot"],"picked":"Coolheaded+1","floor":23.0},{"not_picked":["Heatsinks","Melter"],"picked":"Go for the Eyes","floor":24.0},{"not_picked":["Coolheaded+1","Steam"],"picked":"Auto Shields+1","floor":28.0},{"not_picked":["Turbo+1","Gash+1","Fusion"],"picked":"SKIP","floor":29.0},{"not_picked":["Gash+1","Capacitor","Redo"],"picked":"SKIP","floor":31.0},{"not_picked":["Buffer","Meteor Strike"],"picked":"Core Surge","floor":33.0},{"not_picked":["Rebound","Blizzard"],"picked":"Coolheaded+1","floor":35.0},{"not_picked":["Scrape","Steam+1"],"picked":"Auto Shields+1","floor":36.0},{"not_picked":["Steam+1","Go for the Eyes"],"picked":"Undo+1","floor":37.0},{"not_picked":["Chill","Barrage+1"],"picked":"Blizzard+1","floor":38.0},{"not_picked":["Steam Power+1","Auto Shields+1"],"picked":"Defragment+1","floor":41.0},{"not_picked":["Streamline","Darkness+1","Barrage+1"],"picked":"SKIP","floor":42.0},{"not_picked":["Reboot","Rebound"],"picked":"Cold Snap+1","floor":44.0},{"not_picked":["BootSequence+1","Genetic Algorithm+1","Auto Shields+1"],"picked":"SKIP","floor":45},{"not_picked":["Discovery","Jack Of All Trades"],"picked":"PanicButton","floor":46},{"not_picked":["Coolheaded","Go for the Eyes"],"picked":"BootSequence","floor":48},{"not_picked":["Gash+1","Redo"],"picked":"Reinforced Body","floor":49},{"not_picked":["Streamline+1","Conserve Battery"],"picked":"Cold Snap+1","floor":54}],"player_experience":1615811,"relics_obtained":[{"floor":6.0,"key":"Dream Catcher"},{"floor":9.0,"key":"Lantern"},{"floor":11.0,"key":"Eternal Feather"},{"floor":13.0,"key":"Gremlin Horn"},{"floor":24.0,"key":"Pen Nib"},{"floor":37.0,"key":"Mango"},{"floor":42.0,"key":"Ice Cream"},{"floor":43.0,"key":"MawBank"},{"floor":45,"key":"Smiling Mask"},{"floor":54,"key":"Akabeko"}],"event_choices":[{"damage_healed":0.0,"max_hp_gain":0.0,"max_hp_loss":0.0,"gold_gain":75.0,"event_name":"World of Goop","player_choice":"Gather Gold","floor":2.0,"gold_loss":0.0,"damage_taken":11.0},{"damage_healed":0.0,"max_hp_gain":0.0,"max_hp_loss":0.0,"gold_gain":50.0,"event_name":"Golden Wing","player_choice":"Gained Gold","floor":3.0,"gold_loss":0.0,"damage_taken":0.0},{"damage_healed":0.0,"max_hp_gain":5.0,"max_hp_loss":0.0,"gold_gain":0.0,"event_name":"Big Fish","player_choice":"Donut","floor":5.0,"gold_loss":0.0,"damage_taken":0.0},{"cards_removed":["Dualcast"],"damage_healed":0.0,"max_hp_gain":0.0,"max_hp_loss":0.0,"gold_gain":0.0,"event_name":"The Cleric","player_choice":"Card Removal","floor":14.0,"gold_loss":50.0,"damage_taken":0.0},{"damage_healed":0.0,"max_hp_gain":0.0,"max_hp_loss":0.0,"gold_gain":0.0,"event_name":"The Joust","player_choice":"Bet on Murderer","floor":20.0,"gold_loss":50.0,"damage_taken":0.0},{"damage_healed":0.0,"max_hp_gain":0.0,"max_hp_loss":0.0,"gold_gain":0.0,"event_name":"MindBloom","player_choice":"Fight","floor":37.0,"gold_loss":0.0,"damage_taken":0.0},{"damage_healed":0,"gold_gain":0,"player_choice":"Memory 1","damage_taken":0,"max_hp_gain":0,"max_hp_loss":0,"event_name":"SensoryStone","floor":46,"gold_loss":0}],"is_beta":false,"boss_relics":[{"not_picked":["Black Star","Pandora\u0027s Box"],"picked":"Velvet Choker"},{"not_picked":["Fusion Hammer","Coffee Dripper"],"picked":"Sozu"}],"items_purged_floors":[53],"is_endless":false,"potions_floor_spawned":[1,8,12,22,28,29,31,33,35,41,42,44,45],"killed_by":"The Heart","ascension_level":6}}