{"host":"yw3evqd6vz25gg9c","time":1613029246,"event":{"mods":["2.2 Compatiblity","BaseMod","Downfall","Marked Mod","Minty Spire (QoL Compilation)","Morshu Shopkeeper","Morshu Shopkeeper - ENHANCED","Replay The Spire","Spire Arcade","StSLib","slay the spire mod where everything is the same but ironclad has a cowboy hat"],"gold_per_floor":[112,125,2,2,16,16,74,74,74,74,74,93,118,118,136,136,136,257,357,370,370,386,411,411,411],"floor_reached":24,"language":"ENG","playtime":1262,"items_purged":[],"score":213,"play_id":"750cc8ed-8286-48d5-a465-d1d20855f3f9","local_time":"20210211004046","is_ascension_mode":false,"campfire_choices":[{"data":"PathToVictory","floor":6.0,"key":"SMITH"},{"floor":8.0,"key":"REST"},{"data":"PathToVictory","floor":14.0,"key":"SMITH"}],"circlet_count":0,"master_deck":["Strike_P","Strike_P","Strike_P","Strike_P","Defend_P","Defend_P","Defend_P","Defend_P","Eruption","Vigilance","PathToVictory+1","PathToVictory+1","ClearTheMind","Prostrate","Injury","JustLucky","PathToVictory+1","Prostrate","MarkedMod:Acupuncture","Scrawl","MarkedMod:Acupuncture","PathToVictory"],"relics":["PureWater","Golden Idol","Garlic","The Courier","Replay:Grab Bag","Replay:Wanted Poster","Sozu","Ring of Chaos"],"acts_visited":["Exordium","TheCity"],"potions_floor_usage":[],"damage_taken":[{"damage":0.0,"enemies":"Small Slimes","floor":1.0,"turns":3.0},{"damage":3.0,"enemies":"Jaw Worm","floor":2.0,"turns":3.0},{"damage":1.0,"enemies":"Cultist","floor":5.0,"turns":4.0},{"damage":0.0,"enemies":"2 Fungi Beasts","floor":12.0,"turns":3.0},{"damage":0.0,"enemies":"Looter","floor":13.0,"turns":3.0},{"damage":19.0,"enemies":"Large Slime","floor":15.0,"turns":5.0},{"damage":24.0,"enemies":"Hexaghost","floor":18.0,"turns":7.0},{"damage":1.0,"enemies":"Shell Parasite","floor":20.0,"turns":3.0},{"damage":16.0,"enemies":"Spheric Guardian","floor":22.0,"turns":5.0},{"damage":56.0,"enemies":"Cultist and Chosen","floor":23.0,"turns":8.0},{"damage":5,"enemies":"Snecko","floor":24,"turns":3}],"seed_played":"3038765356470056025","potions_obtained":[{"floor":12.0,"key":"hexamod:SoulburnPotion"},{"floor":13.0,"key":"SpeedPotion"},{"floor":15.0,"key":"Reflective Coating"},{"floor":18.0,"key":"sneckomod:MuddlingPotion"}],"is_trial":false,"path_per_floor":["M","M","$","?","M","R","?","R","T","PTL","PTL","M","M","R","M","?","R","B",null,"M","?","M","M","M"],"character_chosen":"WATCHER","items_purchased":["Fruit Juice","Prostrate"],"campfire_rested":1,"item_purchase_floors":[3,3],"current_hp_per_floor":[72,69,74,74,73,73,43,66,66,66,66,66,66,66,47,47,70,46,77,76,76,60,4,0,0],"gold":411,"neow_bonus":"THREE_CARDS","is_daily":false,"chose_seed":false,"campfire_upgraded":2,"win_rate":0.0,"timestamp":1613029246,"path_taken":["M","M","$","?","M","R","?","R","T","PTL","PTL","M","M","R","?","?","R","BOSS","M","?","M","M","M"],"items_purchased_type":["Potion","Card"],"build_version":"2020-12-22","purchased_purges":0,"victory":false,"max_hp_per_floor":[72,72,77,77,77,77,77,77,77,77,77,77,77,77,77,77,77,77,77,77,77,77,77,77,77],"card_choices":[{"not_picked":["ThirdEye","Replay:BluntJabs"],"picked":"PathToVictory","floor":0.0},{"not_picked":["EmptyFist","ThirdEye"],"picked":"PathToVictory","floor":1.0},{"not_picked":["Indignation","ForeignInfluence"],"picked":"ClearTheMind","floor":2.0},{"not_picked":["DeceiveReality","Consecrate","Establishment"],"picked":"SKIP","floor":5.0},{"not_picked":["SashWhip","Halt"],"picked":"JustLucky","floor":7.0},{"not_picked":["Wish","Consecrate"],"picked":"PathToVictory","floor":7.0},{"not_picked":["FearNoEvil","BowlingBash","Wireheading"],"picked":"SKIP","floor":12.0},{"not_picked":["FlyingSleeves","DevaForm"],"picked":"Prostrate","floor":13.0},{"not_picked":["FearNoEvil","Prostrate"],"picked":"MarkedMod:Acupuncture","floor":15.0},{"not_picked":["Vault","DevaForm"],"picked":"Scrawl","floor":18.0},{"not_picked":["WreathOfFlame","LikeWater","ThirdEye"],"picked":"SKIP","floor":20.0},{"not_picked":["Perseverance","Replay:ManipulateFuture"],"picked":"MarkedMod:Acupuncture","floor":22.0},{"not_picked":["WaveOfTheHand","CrushJoints"],"picked":"PathToVictory","floor":23.0}],"player_experience":162931,"relics_obtained":[{"floor":7.0,"key":"Garlic"},{"floor":9.0,"key":"The Courier"}],"event_choices":[{"damage_healed":0.0,"max_hp_gain":0.0,"max_hp_loss":0.0,"gold_gain":0.0,"event_name":"Golden Idol","player_choice":"Take Wound","floor":4.0,"gold_loss":0.0,"damage_taken":0.0,"relics_obtained":["Golden Idol"],"cards_obtained":["Injury"]}],"is_beta":false,"boss_relics":[{"not_picked":["Cursed Key","ChewingGum"],"picked":"Replay:Grab Bag"},{"not_picked":["Busted Crown","Runic Dome"],"picked":"Replay:Wanted Poster"},{"not_picked":["Coffee Dripper","Painkiller Herb"],"picked":"Sozu"},{"not_picked":["Runic Pyramid","Pandora\u0027s Box"],"picked":"Ring of Chaos"}],"items_purged_floors":[],"is_endless":false,"potions_floor_spawned":[12,13,15,18,22,23],"killed_by":"Snecko","ascension_level":0}}