{"host":"j2aqywwzai0xbcib","time":1613024907,"event":{"mods":["AchievementEnabler","Astrologer","Bartender","BaseMod","Bestiary","Better Altar","Better Sensory Stone","Better Third Choice","ChefMod","Colored Map","Colored Powertips","Conspire","Downfall","Halation","Hermit","Hubris","Infinite Spire","Mad Scientist","Mathematician","Minty Spire (QoL Compilation)","Quick Restart","Rare Cards Sparkle","Relic Stats","Reliquary","Replay The Spire","Robot Space Explorer","Somnambulant","Spicy Shops","Spikes Relics","StSLib","The Blackbeard","The Elementalist","The Gatherer","The Hayseed","The Necromancer","The Witch"],"gold_per_floor":[211,6,6,6,6,35,51,51,51,75,86,86,148,182,182,182,182],"floor_reached":16,"language":"DUT","playtime":1322,"items_purged":[],"score":106,"play_id":"243df64b-d93e-4a4f-bbad-0ca9ed9fee8a","local_time":"20210211072827","is_ascension_mode":false,"campfire_choices":[{"data":"Crippling Poison","floor":8,"key":"SMITH"},{"floor":12,"key":"REST"},{"data":"Quick Slash","floor":15,"key":"SMITH"}],"circlet_count":0,"master_deck":["Strike_G","Strike_G","Strike_G","Strike_G","Defend_G+1","Defend_G","Defend_G","Defend_G","Defend_G","Survivor","Neutralize","Underhanded Strike","Flying Knee","Choke+1","Sucker Punch","Crippling Poison+1","Slice","Escape Plan","Quick Slash+1"],"relics":["Ring of the Snake","Regal Pillow","halation:LettersToHer","Power_Wrist","Odd Mushroom","infinitespire:Joker Card"],"acts_visited":["Exordium"],"potions_floor_usage":[14,16],"damage_taken":[{"damage":5,"enemies":"Jaw Worm","floor":1,"turns":5},{"damage":8,"enemies":"Replay:BlueRogue","floor":6,"turns":8},{"damage":0,"enemies":"2 Louse","floor":7,"turns":3},{"damage":19,"enemies":"The Mushroom Lair","floor":10,"turns":5},{"damage":0,"enemies":"Small Slimes","floor":11,"turns":2},{"damage":26,"enemies":"Lagavulin","floor":14,"turns":4},{"damage":68,"enemies":"Fading Forest","floor":16,"turns":9}],"seed_played":"-4105315438876378243","potions_obtained":[{"floor":1,"key":"AttackPotion"},{"floor":10,"key":"Weak Potion"},{"floor":11,"key":"bronze:BurnAndBuffPotion"}],"is_trial":false,"path_per_floor":["M","$","?","?","?","E","M","R","T","?","M","R","?","E","R","B"],"character_chosen":"THE_SILENT","items_purchased":["Regal Pillow","Flying Knee"],"campfire_rested":1,"item_purchase_floors":[2,2],"current_hp_per_floor":[65,65,65,65,65,57,57,57,57,38,38,70,70,44,44,0,0],"gold":182,"neow_bonus":"HUNDRED_GOLD","is_daily":false,"chose_seed":false,"campfire_upgraded":2,"win_rate":0.0,"timestamp":1613024907,"path_taken":["M","$","?","?","?","E","M","R","T","?","M","R","?","E","R","BOSS"],"items_purchased_type":["Relic","Card"],"build_version":"2020-12-22","purchased_purges":0,"victory":false,"max_hp_per_floor":[70,70,70,70,70,70,70,70,70,70,70,70,70,70,70,70,70],"relic_stats":{"Regal Pillow":11,"counters":[7,36],"obtain_stats":[{"Regal Pillow":2,"infinitespire:Joker Card":14,"Odd Mushroom":10,"halation:LettersToHer":6,"Power_Wrist":9,"Ring of the Snake":0},{"Regal Pillow":1,"infinitespire:Joker Card":6,"Odd Mushroom":4,"halation:LettersToHer":2,"Power_Wrist":3,"Ring of the Snake":0},{"Regal Pillow":5,"infinitespire:Joker Card":27,"Odd Mushroom":21,"halation:LettersToHer":13,"Power_Wrist":16,"Ring of the Snake":0}],"Ring of the Snake":[14]},"card_choices":[{"not_picked":["Cloak And Dagger","Heel Hook"],"picked":"Underhanded Strike","floor":1},{"not_picked":["Dodge and Roll","Masterful Stab"],"picked":"Sucker Punch","floor":6},{"not_picked":["InfectiousVector","Deflect"],"picked":"Crippling Poison","floor":7},{"not_picked":["Hidden Blade","Quick Slash"],"picked":"Slice","floor":10},{"not_picked":["Backflip","Cloak And Dagger"],"picked":"Escape Plan","floor":11},{"not_picked":["conspire:DoublingDagger","Cloak And Dagger"],"picked":"Quick Slash","floor":14}],"player_experience":414880,"relics_obtained":[{"floor":6,"key":"halation:LettersToHer"},{"floor":9,"key":"halation:LettersToHer"},{"floor":9,"key":"Power_Wrist"},{"floor":10,"key":"Odd Mushroom"},{"floor":14,"key":"infinitespire:Joker Card"}],"event_choices":[{"damage_healed":0,"gold_gain":0,"player_choice":"Disagree","damage_taken":0,"max_hp_gain":0,"max_hp_loss":0,"event_name":"conspire:LoneGhost","floor":3,"gold_loss":0},{"damage_healed":0,"gold_gain":0,"player_choice":"Fought Mushrooms","damage_taken":0,"max_hp_gain":0,"max_hp_loss":0,"event_name":"Mushrooms","floor":10,"gold_loss":0},{"damage_healed":0,"gold_gain":62,"player_choice":"Gained Gold","damage_taken":0,"max_hp_gain":0,"max_hp_loss":0,"event_name":"Golden Wing","floor":13,"gold_loss":0}],"is_beta":false,"boss_relics":[],"items_purged_floors":[],"is_endless":false,"potions_floor_spawned":[1,10,11],"killed_by":"Fading Forest","ascension_level":0}}