{"host":"bakf0s4odzu8z5xt","time":1613017415,"event":{"mods":["2.2 Compatiblity","BaseMod","Downfall","Friendly Minions","Minty Spire (QoL Compilation)","StSLib"],"gold_per_floor":[99,99,115,54,64,75,75,60,70,70,95,95,195,195,209,209,209,209],"floor_reached":16,"language":"ENG","playtime":1099,"items_purged":[],"score":110,"play_id":"4ba25805-d3f3-4ee3-b232-91ac6016418f","local_time":"20210210222335","is_ascension_mode":true,"campfire_choices":[{"floor":1,"key":"RECALL"},{"data":"hexamod:FastForward","floor":10,"key":"SMITH"}],"circlet_count":0,"master_deck":["hexamod:Strike","hexamod:Strike","hexamod:Defend","hexamod:Defend","hexamod:Defend","hexamod:Defend","hexamod:Sear","hexamod:Float","hexamod:GhostflameInferno","hexamod:RadiantFlame+1","hexamod:SwordOfDarkness","hexamod:Hexaguard","hexamod:FastForward+1","hexamod:ShieldOfDarkness","hexamod:FifthSeal","hexamod:SixthSeal","hexamod:AdvancingGuard","hexamod:HeatCrush","Parasite","hexamod:ThirdSeal","hexamod:StepThrough"],"relics":["hexamod:SpiritBrand","Slimebound:PreparedRelic","Sundial","MealTicket","Blue Candle"],"acts_visited":["Exordium"],"potions_floor_usage":[8,16],"damage_taken":[{"damage":0,"enemies":"Small Slimes","floor":3,"turns":3},{"damage":0,"enemies":"downfall:FleeingMerchant","floor":4,"turns":4},{"damage":0,"enemies":"2 Louse","floor":5,"turns":3},{"damage":0,"enemies":"Cultist","floor":6,"turns":3},{"damage":3,"enemies":"downfall:FleeingMerchant","floor":8,"turns":4},{"damage":0,"enemies":"2 Fungi Beasts","floor":9,"turns":4},{"damage":14,"enemies":"Gremlin Nob","floor":11,"turns":3},{"damage":25,"enemies":"downfall:Heads","floor":13,"turns":9},{"damage":16,"enemies":"Blue Slaver","floor":15,"turns":5},{"damage":22,"enemies":"SI_SHIV_ARCHETYPE","floor":16,"turns":10}],"seed_played":"3168319776879642467","potions_obtained":[{"floor":3,"key":"SteroidPotion"},{"floor":5,"key":"AttackPotion"},{"floor":6,"key":"EssenceOfSteel"}],"is_trial":false,"path_per_floor":["R","?","M","$","M","M","T","$","M","R","E","?","?","?","M","B"],"character_chosen":"THE_SPIRIT","items_purchased":["hexamod:SwordOfDarkness"],"campfire_rested":0,"item_purchase_floors":[4],"current_hp_per_floor":[70,67,67,67,67,67,67,64,64,64,50,45,20,37,21,0,0,0],"gold":209,"neow_bonus":"ONE_RANDOM_RARE_CARD","is_daily":false,"chose_seed":false,"campfire_upgraded":1,"win_rate":0.0,"timestamp":1613017415,"path_taken":["R","?","M","$","M","M","T","$","M","R","E","?","?","?","M","BOSS"],"items_purchased_type":["Card"],"build_version":"2020-12-22","purchased_purges":0,"victory":false,"max_hp_per_floor":[70,70,70,70,70,70,70,70,70,70,70,70,70,70,70,70,70,70],"card_choices":[{"not_picked":["hexamod:GhostOfSpirePast","hexamod:Firestarter"],"picked":"hexamod:RadiantFlame","floor":3},{"not_picked":["hexamod:SecondSeal","hexamod:InspiringFlames","hexamod:GhostShield"],"picked":"SKIP","floor":4},{"not_picked":["hexamod:FirstSeal","hexamod:PowerFromBeyond"],"picked":"hexamod:Hexaguard","floor":5},{"not_picked":["hexamod:ThermalTransfer","hexamod:SuperheatedStrike"],"picked":"hexamod:FastForward","floor":6},{"not_picked":["hexamod:ThirdSeal","hexamod:GhostOfSpirePast"],"picked":"hexamod:ShieldOfDarkness","floor":8},{"not_picked":["hexamod:SpectersWail","hexamod:ShieldOfDarkness"],"picked":"hexamod:FifthSeal","floor":9},{"not_picked":["hexamod:FourthSeal","hexamod:ThirdSeal"],"picked":"hexamod:SixthSeal","floor":11},{"not_picked":["hexamod:GhostLash","hexamod:HeatShield"],"picked":"hexamod:AdvancingGuard","floor":11},{"not_picked":["hexamod:SecondSeal","hexamod:SixthSeal"],"picked":"hexamod:ThirdSeal","floor":15},{"not_picked":["hexamod:SkipABeat","hexamod:GhostLash"],"picked":"hexamod:StepThrough","floor":15}],"player_experience":2140448,"relics_obtained":[{"floor":7,"key":"Sundial"},{"floor":11,"key":"MealTicket"}],"event_choices":[{"damage_healed":0,"gold_gain":0,"player_choice":"Success","damage_taken":3,"relics_obtained":["Slimebound:PreparedRelic"],"max_hp_gain":0,"max_hp_loss":0,"event_name":"Scrap Ooze","floor":2,"gold_loss":0},{"damage_healed":17,"gold_gain":0,"player_choice":"Healed and dodged fight","damage_taken":0,"max_hp_gain":0,"max_hp_loss":0,"event_name":"Mushrooms","floor":14,"gold_loss":0,"cards_obtained":["Parasite"]}],"is_beta":false,"boss_relics":[],"items_purged_floors":[],"is_endless":false,"potions_floor_spawned":[3,5,6],"killed_by":"SI_SHIV_ARCHETYPE","ascension_level":2}}