{"host":"l84l8xigz5v5foa2","time":1613010188,"event":{"mods":["2.2 Compatiblity","AchievementEnabler","BaseMod","Better Note","Better Vampires","BetterRewards","Card Filter","Colored Map","DeckTracker","Downfall","Gremlin Skip","Highlight Path","Keyboard Shortcuts","Minty Spire (QoL Compilation)","Permanent Neow","Quick Restart","Relic Filter","Relic Stats","StSLib","SuperFastMode","Transform Curses","Unknown Chances"],"gold_per_floor":[99,116,116,136,152,182,182,182,182,182,201,201,236,60,73,150,150,150,169,169,169,179,198,266,266,266,278,278,305,305,320,340,414,414,414,433,93,107,123,123,123,156,175,175,201,1,20,50,65,65],"floor_reached":51,"language":"ENG","playtime":4428,"items_purged":["hexamod:Strike"],"score":1763,"play_id":"8af6748b-9537-4273-9de6-f7e938df6019","local_time":"20210211112308","is_ascension_mode":true,"campfire_choices":[{"data":"hexamod:Float","floor":1.0,"key":"SMITH"},{"data":"hexamod:VolcanoVisage","floor":9.0,"key":"SMITH"},{"data":"hexamod:SoulSteal","floor":12.0,"key":"SMITH"},{"data":"hexamod:RainOfEmbers","floor":18.0,"key":"SMITH"},{"data":"hexamod:ApocalypseNow","floor":28.0,"key":"SMITH"},{"data":"hexamod:WildfireWeapon","floor":30.0,"key":"SMITH"},{"data":"hexamod:RainOfEmbers","floor":35.0,"key":"SMITH"},{"data":"hexamod:Incineration","floor":40.0,"key":"SMITH"},{"floor":44.0,"key":"RECALL"},{"data":"hexamod:SearingWound","floor":46.0,"key":"SMITH"}],"circlet_count":0,"master_deck":["AscendersBane","hexamod:Strike","hexamod:Strike","hexamod:Defend","hexamod:Defend","hexamod:Defend","hexamod:Defend","hexamod:Float+1","hexamod:HauntingEcho","hexamod:NightmareStrike","hexamod:VolcanoVisage+1","hexamod:SoulSteal+1","hexamod:FastForward","hexamod:PhantomFireball","hexamod:RainOfEmbers+1","hexamod:ApocalypseNow+1","hexamod:SpectersWail","hexamod:ThirdSeal","hexamod:InspiringFlames","hexamod:GhostShield","hexamod:InspiringFlames+1","hexamod:PowerFromBeyond","hexamod:StepThrough","hexamod:AdvancingGuard+1","hexamod:FirstSeal","hexamod:ThermalTransfer+1","hexamod:WildfireWeapon+1","hexamod:ShieldOfDarkness+1","hexamod:RainOfEmbers+1","hexamod:ForkedFlame","hexamod:ApocalypticArmor","hexamod:Incineration+1","hexamod:NecessarySacrifice+1","hexamod:HeatShield+1","hexamod:SearingWound+1"],"relics":["hexamod:SpiritBrand","Ring of the Serpent","Eternal Feather","hexamod:SoulConsumer","White Beast Statue","Thread and Needle","sneckomod:BlankCard","Philosopher\u0027s Stone","Kunai","Blue Candle","Bag of Preparation","SlaversCollar","Chemical X","Mercury Hourglass","Bottled Flame","downfall:HeartBlessingBlue","downfall:HeartBlessingRed","Dream Catcher"],"acts_visited":["Exordium","TheCity","TheBeyond"],"potions_floor_usage":[48,49,50,50],"damage_taken":[{"damage":0.0,"enemies":"2 Louse","floor":2.0,"turns":3.0},{"damage":0.0,"enemies":"Cultist","floor":4.0,"turns":3.0},{"damage":0.0,"enemies":"Small Slimes","floor":5.0,"turns":3.0},{"damage":10.0,"enemies":"Lagavulin","floor":6.0,"turns":5.0},{"damage":0.0,"enemies":"3 Louse","floor":11.0,"turns":3.0},{"damage":18.0,"enemies":"Gremlin Nob","floor":13.0,"turns":4.0},{"damage":1.0,"enemies":"downfall:FleeingMerchant","floor":14.0,"turns":4.0},{"damage":0.0,"enemies":"Red Slaver","floor":15.0,"turns":3.0},{"damage":25.0,"enemies":"IC_STATUS_ARCHETYPE","floor":16.0,"turns":7.0},{"damage":0.0,"enemies":"Chosen","floor":19.0,"turns":3.0},{"damage":18.0,"enemies":"Snake Plant","floor":22.0,"turns":3.0},{"damage":4.0,"enemies":"Centurion and Healer","floor":23.0,"turns":5.0},{"damage":20.0,"enemies":"3 Cultists","floor":27.0,"turns":5.0},{"damage":7.0,"enemies":"Book of Stabbing","floor":29.0,"turns":5.0},{"damage":0.0,"enemies":"Snecko","floor":31.0,"turns":5.0},{"damage":0.0,"enemies":"Chosen and Byrds","floor":32.0,"turns":3.0},{"damage":13.0,"enemies":"DF_ARCHETYPE_CLAW","floor":33.0,"turns":8.0},{"damage":0.0,"enemies":"Orb Walker","floor":36.0,"turns":3.0},{"damage":0.0,"enemies":"downfall:FleeingMerchant","floor":37.0,"turns":4.0},{"damage":23.0,"enemies":"3 Darklings","floor":38.0,"turns":3.0},{"damage":7.0,"enemies":"Transient","floor":39.0,"turns":7.0},{"damage":0.0,"enemies":"Giant Head","floor":42.0,"turns":4.0},{"damage":0.0,"enemies":"Maw","floor":43.0,"turns":3.0},{"damage":0.0,"enemies":"Nemesis","floor":45.0,"turns":3.0},{"damage":18.0,"enemies":"Spire Growth","floor":47.0,"turns":4.0},{"damage":0,"enemies":"Reptomancer","floor":48,"turns":3},{"damage":21,"enemies":"Transient","floor":49,"turns":6},{"damage":35,"enemies":"SI_POISON_ARCHETYPE","floor":50,"turns":11}],"seed_played":"6211729895030901157","potions_obtained":[{"floor":3.0,"key":"Energy Potion"},{"floor":3.0,"key":"SteroidPotion"},{"floor":11.0,"key":"PowerPotion"},{"floor":13.0,"key":"Explosive Potion"},{"floor":14.0,"key":"Regen Potion"},{"floor":15.0,"key":"LiquidBronze"},{"floor":16.0,"key":"Fruit Juice"},{"floor":19.0,"key":"Ancient Potion"},{"floor":22.0,"key":"AttackPotion"},{"floor":23.0,"key":"sneckomod:MuddlingPotion"},{"floor":27.0,"key":"hexamod:EctoCoolerPotion"},{"floor":29.0,"key":"Regen Potion"},{"floor":31.0,"key":"SteroidPotion"},{"floor":36.0,"key":"CultistPotion"},{"floor":37.0,"key":"bronze:BurnAndBuffPotion"},{"floor":38.0,"key":"hexamod:EctoCoolerPotion"},{"floor":42.0,"key":"Fire Potion"},{"floor":48,"key":"champ:CounterPotion"},{"floor":49,"key":"Energy Potion"}],"is_trial":false,"path_per_floor":["R","M","?","M","M","E","T","?","R","?","M","R","E","$","M","B",null,"R","M","?","?","M","M","T","?","?","M","R","E","R","M","M","B",null,"R","M","$","M","M","R","T","E","M","R","E","R","M","E","M","B",null],"character_chosen":"THE_SPIRIT","items_purchased":["sneckomod:BlankCard","Chemical X","hexamod:Incineration"],"campfire_rested":0,"item_purchase_floors":[14,37,37],"current_hp_per_floor":[57,57,57,57,57,47,47,42,48,48,48,57,43,46,55,34,61,68,68,68,68,54,54,54,49,49,33,48,52,67,68,68,66,68,68,68,68,56,60,68,68,68,68,68,68,78,71,75,65,41],"gold":65,"neow_bonus":"REMOVE_CARD","is_daily":false,"chose_seed":false,"campfire_upgraded":9,"win_rate":0.0,"timestamp":1613010188,"path_taken":["R","M","?","?","M","E","T","?","R","?","M","R","E","$","M","BOSS","R","M","?","?","?","M","T","?","?","M","R","E","R","?","M","BOSS","BOSS","R","M","$","M","?","R","T","E","?","R","E","R","M","E","M","BOSS"],"items_purchased_type":["Relic","Relic","Card"],"build_version":"2020-12-22","purchased_purges":1,"victory":true,"max_hp_per_floor":[63,63,63,63,63,63,63,63,63,63,63,63,63,63,63,63,68,68,68,68,68,68,68,68,68,68,68,68,68,68,68,68,68,68,68,68,68,68,68,68,68,68,68,68,68,78,78,78,78,78],"relic_stats":{"Dream Catcher":0,"counters":[28,123],"Blue Candle":[0],"Eternal Feather":60,"Bag of Preparation":[28],"Kunai":[14],"Chemical X":[19],"obtain_stats":[{"downfall:HeartBlessingRed":46,"sneckomod:BlankCard":14,"Blue Candle":25,"Eternal Feather":6,"Thread and Needle":13,"Bag of Preparation":29,"White Beast Statue":8,"Mercury Hourglass":42,"SlaversCollar":34,"Bottled Flame":45,"Dream Catcher":48,"downfall:HeartBlessingBlue":46,"Philosopher\u0027s Stone":17,"hexamod:SoulConsumer":7,"Kunai":24,"Chemical X":37,"hexamod:SpiritBrand":0,"Ring of the Serpent":0},{"downfall:HeartBlessingRed":24,"sneckomod:BlankCard":7,"Blue Candle":12,"Eternal Feather":4,"Thread and Needle":6,"Bag of Preparation":14,"White Beast Statue":4,"Mercury Hourglass":22,"SlaversCollar":17,"Bottled Flame":24,"Dream Catcher":26,"downfall:HeartBlessingBlue":24,"Philosopher\u0027s Stone":9,"hexamod:SoulConsumer":4,"Kunai":12,"Chemical X":19,"hexamod:SpiritBrand":0,"Ring of the Serpent":0},{"downfall:HeartBlessingRed":99,"sneckomod:BlankCard":25,"Blue Candle":46,"Eternal Feather":14,"Thread and Needle":21,"Bag of Preparation":56,"White Beast Statue":14,"Mercury Hourglass":93,"SlaversCollar":72,"Bottled Flame":99,"Dream Catcher":106,"downfall:HeartBlessingBlue":99,"Philosopher\u0027s Stone":35,"hexamod:SoulConsumer":14,"Kunai":46,"Chemical X":79,"hexamod:SpiritBrand":0,"Ring of the Serpent":0}],"Mercury Hourglass":[82]},"card_choices":[{"not_picked":["hexamod:SpectersWail","hexamod:Hexaguard"],"picked":"hexamod:HauntingEcho","floor":2.0},{"not_picked":["hexamod:SecondSeal","hexamod:Hexaguard"],"picked":"hexamod:NightmareStrike","floor":4.0},{"not_picked":["hexamod:Haunt","hexamod:ShieldOfDarkness"],"picked":"hexamod:AdvancingGuard","floor":5.0},{"not_picked":["hexamod:BurningTouch","hexamod:HeatMetal"],"picked":"hexamod:VolcanoVisage","floor":6.0},{"not_picked":["hexamod:CatchUp","hexamod:SwordOfDarkness"],"picked":"hexamod:SoulSteal","floor":11.0},{"not_picked":["hexamod:NightmareStrike","hexamod:AdvancingGuard"],"picked":"hexamod:FastForward","floor":13.0},{"not_picked":["hexamod:ThermalTransfer","hexamod:InspiringFlames"],"picked":"hexamod:PhantomFireball","floor":14.0},{"not_picked":["hexamod:Hexaguard","hexamod:RecurringNightmare"],"picked":"hexamod:RainOfEmbers","floor":15.0},{"not_picked":["hexamod:TimeWarp","hexamod:GhostflameInferno"],"picked":"hexamod:ApocalypseNow","floor":16.0},{"not_picked":["hexamod:ShieldOfDarkness","hexamod:GhostLash"],"picked":"hexamod:SpectersWail","floor":19.0},{"not_picked":["hexamod:SuperheatedStrike+1","hexamod:EmpoweredFlame"],"picked":"hexamod:InspiringFlames","floor":22.0},{"not_picked":["hexamod:FastForward","hexamod:EmpoweredFlame"],"picked":"hexamod:GhostShield","floor":22.0},{"not_picked":["hexamod:SuperheatedStrike+1","hexamod:SpectralSpark"],"picked":"hexamod:InspiringFlames+1","floor":23.0},{"not_picked":["hexamod:GhostOfSpireFuture+1","hexamod:HauntingEcho"],"picked":"hexamod:PowerFromBeyond","floor":23.0},{"not_picked":["hexamod:GhostLash","hexamod:GhostShield"],"picked":"hexamod:AdvancingGuard+1","floor":27.0},{"not_picked":["hexamod:FlamesFromBeyond","hexamod:GhostShield+1"],"picked":"hexamod:FirstSeal","floor":27.0},{"not_picked":["hexamod:HeatMetal","hexamod:FastForward+1"],"picked":"hexamod:ThermalTransfer+1","floor":29.0},{"not_picked":["hexamod:GhostOfSpireFuture","hexamod:PhantomCloak"],"picked":"hexamod:WildfireWeapon","floor":29.0},{"not_picked":["hexamod:ExtraCrispy","hexamod:DynamicBlow"],"picked":"hexamod:ShieldOfDarkness+1","floor":31.0},{"not_picked":["hexamod:FourthSeal","hexamod:GhostflameBarrier","hexamod:ThermalTransfer"],"picked":"SKIP","floor":31.0},{"not_picked":["hexamod:ShieldOfDarkness","hexamod:BurningTouch","hexamod:GhostLash"],"picked":"SKIP","floor":31.0},{"not_picked":["hexamod:GhostOfSpirePast","hexamod:SoulSteal"],"picked":"hexamod:RainOfEmbers","floor":32.0},{"not_picked":["hexamod:ShieldOfDarkness","hexamod:NightmareGuise"],"picked":"hexamod:ForkedFlame","floor":32.0},{"not_picked":["hexamod:GhostOfSpirePresent","hexamod:WildfireWeapon"],"picked":"hexamod:ApocalypticArmor","floor":33.0},{"not_picked":["hexamod:GhostOfSpireFuture+1","hexamod:NightmareGuise","hexamod:SoulSteal"],"picked":"SKIP","floor":36.0},{"not_picked":["hexamod:RecurringNightmare+1","hexamod:FastForward","hexamod:FirstSeal"],"picked":"SKIP","floor":36.0},{"not_picked":["hexamod:GhostLash","hexamod:ShieldOfDarkness+1","hexamod:NightmareGuise+1"],"picked":"SKIP","floor":37.0},{"not_picked":["hexamod:SuperheatedStrike","hexamod:FastForward","hexamod:ThirdSeal"],"picked":"SKIP","floor":38.0},{"not_picked":["hexamod:GhostShield","hexamod:HeatMetal+1","hexamod:InspiringFlames"],"picked":"SKIP","floor":38.0},{"not_picked":["hexamod:HexaLevel","hexamod:Rewind"],"picked":"hexamod:NecessarySacrifice+1","floor":39.0},{"not_picked":["hexamod:EmpoweredFlame+1","hexamod:GhostShield","hexamod:FastForward"],"picked":"SKIP","floor":39.0},{"not_picked":["hexamod:FlamesFromBeyond","hexamod:GhostLash","hexamod:FifthSeal"],"picked":"SKIP","floor":42.0},{"not_picked":["hexamod:GhostLash","hexamod:ThermalTransfer","hexamod:InspiringFlames"],"picked":"SKIP","floor":42.0},{"not_picked":["hexamod:FastForward","hexamod:GhostLash"],"picked":"hexamod:HeatShield+1","floor":43.0},{"not_picked":["hexamod:AdvancingGuard","hexamod:InspiringFlames","hexamod:SwordOfDarkness"],"picked":"SKIP","floor":43.0},{"not_picked":["hexamod:FastForward","hexamod:HeatShield"],"picked":"hexamod:SearingWound","floor":45.0},{"not_picked":["hexamod:ApocalypticArmor","hexamod:SuperheatedStrike","hexamod:FastForward+1"],"picked":"SKIP","floor":45.0},{"not_picked":["hexamod:ApocalypticArmor","hexamod:SuperheatedStrike","hexamod:FastForward+1"],"picked":"SKIP","floor":45.0},{"not_picked":["hexamod:BurningTouch","hexamod:SpectralSpark","hexamod:ShieldOfDarkness"],"picked":"SKIP","floor":47.0},{"not_picked":["hexamod:Again","hexamod:GhostShield","hexamod:EtherealExpedition"],"picked":"SKIP","floor":47.0},{"not_picked":["hexamod:AdvancingGuard","hexamod:NightmareStrike","hexamod:FastForward+1"],"picked":"SKIP","floor":48}],"player_experience":3551582,"relics_obtained":[{"floor":6.0,"key":"Eternal Feather"},{"floor":7.0,"key":"hexamod:SoulConsumer"},{"floor":13.0,"key":"Thread and Needle"},{"floor":24.0,"key":"Kunai"},{"floor":29.0,"key":"Bag of Preparation"},{"floor":42.0,"key":"Mercury Hourglass"},{"floor":45.0,"key":"Bottled Flame"},{"floor":48,"key":"Dream Catcher"}],"event_choices":[{"damage_healed":0.0,"max_hp_gain":0.0,"max_hp_loss":0.0,"gold_gain":0.0,"event_name":"Lab","player_choice":"Got Potions","floor":3.0,"gold_loss":0.0,"damage_taken":0.0},{"damage_healed":0.0,"max_hp_gain":0.0,"max_hp_loss":0.0,"gold_gain":0.0,"event_name":"Scrap Ooze","player_choice":"Success","floor":8.0,"gold_loss":0.0,"damage_taken":5.0,"relics_obtained":["White Beast Statue"]}],"is_beta":false,"boss_relics":[{"not_picked":["Empty Cage","Sozu"],"picked":"Philosopher\u0027s Stone"},{"not_picked":["Fusion Hammer","hexamod:IceCube"],"picked":"SlaversCollar"}],"items_purged_floors":[37],"is_endless":false,"potions_floor_spawned":[11,13,14,15,16,19,22,23,27,29,31,32,33,36,37,38,39,42,43,45,47,48,49],"ascension_level":20}}