{"host":"5wwct7e0z3l0f094","time":1613023970,"event":{"mods":["AchievementEnabler","Act Like it!","BaseMod","Hallownest","Highlight Path","Minty Spire (QoL Compilation)","StSLib","SuperFastMode","The Bug Knight"],"gold_per_floor":[119,119,136,61,81,110,110,143,169,169,94,126,139,139,139,236,236,251,15,35,55,96,96,124,124,124,136,46,79,93,11,11,112,112,127,127,143,303,303,303,335,335,416,35,35,35,62,79,79,79,79,79,20,50,50],"floor_reached":56,"language":"ENG","playtime":3614,"items_purged":["HollowMod:QuickDashStart"],"score":1386,"play_id":"543f758f-8e63-40a6-be48-a4b7ea16d9d2","local_time":"20210211011250","is_ascension_mode":false,"campfire_choices":[{"data":"HollowMod:FocusHealStart","floor":15.0,"key":"SMITH"},{"data":"HollowMod:LordofShades","floor":23.0,"key":"SMITH"},{"data":"HollowMod:ShadowDash","floor":25.0,"key":"SMITH"},{"data":"HollowMod:SiblingsSouls","floor":32,"key":"SMITH"},{"floor":40,"key":"RECALL"},{"data":"HollowMod:ShadowDash","floor":42,"key":"SMITH"},{"data":"HollowMod:MylasSalvation","floor":49,"key":"SMITH"},{"data":"HollowMod:HornetsHelp","floor":52,"key":"SMITH"}],"circlet_count":0,"master_deck":["HollowMod:NailStrikeStart","HollowMod:NailStrikeStart","HollowMod:NailStrikeStart+1","HollowMod:NailStrikeStart","HollowMod:QuickDashStart","HollowMod:QuickDashStart","HollowMod:QuickDashStart","HollowMod:FocusHealStart+1","HollowMod:PogoStrike","HollowMod:DescendingDark+1","HollowMod:SiblingsSouls+1","HollowMod:SiblingsShadow","HollowMod:VoidDash","HollowMod:LordofShades+1","CurseOfTheBell","HollowMod:VoidDash","HollowMod:ShadowDash+1","HollowMod:WraithStrike","HollowMod:ShadowDash","HollowMod:PerfectDash+1","HollowMod:DescendingDark+1","HollowMod:HornetsHelp+1","HollowMod:ShadowDash+1","HollowMod:ShadowDash+1","HollowMod:MylasSalvation+1","HollowMod:DescendingDark+1"],"relics":["HollowMod:VesselMask","NeowsBlessing","Hallownest:DreamNailRelic","Bronze Scales","Pantograph","Shuriken","MealTicket","Hallownest:BankAccountRelic","HollowMod:PaleOreRelic","Calling Bell","Dream Catcher","Mummified Hand","Bird Faced Urn","DollysMirror","Bag of Marbles","Meat on the Bone","Hallownest:StagBellRelic1","The Courier","Membership Card","Coffee Dripper","Hallownest:GodTamersBeastRelic","Toy Ornithopter","Nunchaku","FossilizedHelix","Lizard Tail","Vajra","OrangePellets","Blue Candle","Pear","Happy Flower"],"acts_visited":["Exordium","Hallownest:Greenpath","Hallownest:CityofTears","TheEnding"],"potions_floor_usage":[29,29,29,38,55],"damage_taken":[{"damage":0.0,"enemies":"Hallownest:monsterHuskWarrior","floor":1.0,"turns":1.0},{"damage":0.0,"enemies":"Hallownest:2_Tiktiks_and_1_Crawlid","floor":3.0,"turns":1.0},{"damage":0.0,"enemies":"2_ Uuma","floor":5.0,"turns":2.0},{"damage":31.0,"enemies":"Hallownest:eliteCrystalGuardian","floor":6.0,"turns":6.0},{"damage":5.0,"enemies":"Hallownest:eliteVengeflyKing","floor":8.0,"turns":7.0},{"damage":31.0,"enemies":"Hallownest:eliteCrystalGuardian","floor":12.0,"turns":6.0},{"damage":1.0,"enemies":"Hallownest:MossCreep_and_Mosskin","floor":13.0,"turns":5.0},{"damage":60.0,"enemies":"Hallownest:BossBrokenVessel","floor":16.0,"turns":10.0},{"damage":14.0,"enemies":"Hallownest:Flukemon_and_Top","floor":18.0,"turns":4.0},{"damage":0.0,"enemies":"Hallownest:3_Youths","floor":20.0,"turns":5.0},{"damage":0.0,"enemies":"Hallownest:monsterShrumalOgre","floor":21.0,"turns":3.0},{"damage":6.0,"enemies":"Hallownest:Glutton_and_Coward","floor":22.0,"turns":3.0},{"damage":49.0,"enemies":"Hallownest:eliteSoulWarrior","floor":24.0,"turns":12.0},{"damage":4.0,"enemies":"Hallownest:2_Husk_Sentries","floor":27.0,"turns":2.0},{"damage":50,"enemies":"Hallownest:eliteWatcherKnight","floor":29,"turns":10},{"damage":0,"enemies":"Hallownest:2_Flukemon","floor":30,"turns":3},{"damage":13,"enemies":"Hallownest:BossGrimm","floor":33,"turns":10},{"damage":21,"enemies":"Hallownest:3_Siblings","floor":35,"turns":4},{"damage":0,"enemies":"Hallownest:Shield_Heavy","floor":37,"turns":3},{"damage":1,"enemies":"Hallownest:Shield_Heavy","floor":38,"turns":4},{"damage":0,"enemies":"Hallownest:Shield_Heavy","floor":38,"turns":2},{"damage":11,"enemies":"Hallownest:Shield_Heavy","floor":38,"turns":3},{"damage":0,"enemies":"Hallownest:Shield_Heavy","floor":38,"turns":2},{"damage":4,"enemies":"Hallownest:eliteCollector","floor":41,"turns":8},{"damage":0,"enemies":"Hallownest:StalkingDevout","floor":47,"turns":6},{"damage":0,"enemies":"Hallownest:2_Soldiers_and_1_Guardian","floor":48,"turns":6},{"damage":67,"enemies":"Hallownest:BossHollowKnight","floor":50,"turns":7},{"damage":69,"enemies":"Shield and Spear","floor":54,"turns":4},{"damage":104,"enemies":"The Heart","floor":55,"turns":8}],"seed_played":"6546948329793512453","potions_obtained":[{"floor":3.0,"key":"LiquidMemories"},{"floor":6.0,"key":"DuplicationPotion"},{"floor":8.0,"key":"Dexterity Potion"},{"floor":18.0,"key":"Weak Potion"},{"floor":20.0,"key":"EssenceOfSteel"},{"floor":24.0,"key":"Regen Potion"},{"floor":35,"key":"Block Potion"},{"floor":41,"key":"GamblersBrew"}],"is_trial":false,"path_per_floor":["M","?","M","?","M","E","T","E","T","?","?","E","M","?","R","B",null,"M","$","M","M","M","R","E","R","T","M","?","E","M","$","R","B",null,"M","?","M","?","?","R","E","R","T","$","?","?","E","M","R","B",null,"R","$","E","B",null],"character_chosen":"THE_BUGKNIGHT","items_purchased":["DollysMirror","HollowMod:ShadowDash","Membership Card","Nunchaku","FossilizedHelix","Lizard Tail","Vajra","OrangePellets","Pear"],"campfire_rested":0,"item_purchase_floors":[19,19,31,44,44,44,44,44,53],"current_hp_per_floor":[75,75,75,80,80,49,49,44,44,44,44,23,22,32,32,3,90,76,90,90,90,84,84,47,47,47,55,55,44,46,61,61,83,90,69,69,69,67,67,67,77,77,77,90,90,90,90,90,90,45,90,90,100,45,59],"gold":50,"neow_bonus":"THREE_ENEMY_KILL","is_daily":false,"chose_seed":false,"campfire_upgraded":7,"win_rate":0.0,"timestamp":1613023970,"path_taken":["M","?","?","?","M","E","?","E","T","?","?","E","?","?","R","BOSS","M","$","M","M","M","R","E","R","T","M","?","E","M","$","R","BOSS","M","?","M","?","?","R","E","R","T","?","?","?","E","M","R","BOSS","R","$","E","BOSS"],"items_purchased_type":["Relic","Card","Relic","Relic","Relic","Relic","Relic","Relic","Relic"],"build_version":"2020-12-22","purchased_purges":1,"victory":true,"max_hp_per_floor":[75,75,75,80,80,80,80,80,80,80,80,80,80,90,90,90,90,90,90,90,90,90,90,90,90,90,90,90,90,90,90,90,90,90,90,90,90,90,90,90,90,90,90,90,90,90,90,90,90,90,90,90,100,100,100],"card_choices":[{"not_picked":["HollowMod:VengefulVoid","HollowMod:TaintedHusks"],"picked":"HollowMod:DescendingDark","floor":1.0},{"not_picked":["HollowMod:HowlingWraiths","HollowMod:GoodIntentions"],"picked":"HollowMod:SiblingsSouls","floor":3.0},{"not_picked":["HollowMod:LifebloodCocoon","HollowMod:BrokenVessel","HollowMod:QuirrelsAssistance"],"picked":"SKIP","floor":5.0},{"not_picked":["HollowMod:BaldurShell","HollowMod:AbyssShriek"],"picked":"HollowMod:SiblingsShadow","floor":6.0},{"not_picked":["HollowMod:DashSlash","HollowMod:ShadowDash"],"picked":"HollowMod:VoidDash","floor":8.0},{"not_picked":["HollowMod:TaintedHusks","HollowMod:SoulVessel","HollowMod:InfectedAttack"],"picked":"SKIP","floor":12.0},{"not_picked":["HollowMod:DesolateDive","HollowMod:ChannelNail","HollowMod:FallenFury"],"picked":"SKIP","floor":13.0},{"not_picked":["HollowMod:MidwifesHunger","HollowMod:Hiveblood"],"picked":"HollowMod:LordofShades","floor":16.0},{"not_picked":["HollowMod:SoulStrike","HollowMod:CornifersMapStart","HollowMod:NewJinnsSoul"],"picked":"SKIP","floor":18.0},{"not_picked":["HollowMod:GoodIntentions","HollowMod:HowlingWraiths","HollowMod:SharpenedNail+1"],"picked":"SKIP","floor":20.0},{"not_picked":["HollowMod:CornifersMapStart+1","HollowMod:CycloneSlash+1","HollowMod:CoiledNail"],"picked":"SKIP","floor":21.0},{"not_picked":["HollowMod:TaintedHusks+1","HollowMod:ShadowDash"],"picked":"HollowMod:WraithStrike","floor":22.0},{"not_picked":["HollowMod:InfectedCysts+1","HollowMod:PureVessel"],"picked":"HollowMod:ShadowDash","floor":24.0},{"not_picked":["HollowMod:InfectedCysts","HollowMod:SoulStrike"],"picked":"HollowMod:PerfectDash+1","floor":27.0},{"not_picked":["HollowMod:FastStrike","HollowMod:InfectedCysts"],"picked":"HollowMod:DescendingDark+1","floor":29},{"not_picked":["HollowMod:ChannelNail","HollowMod:HeavyBlow","HollowMod:CycloneSlash"],"picked":"SKIP","floor":30},{"not_picked":["HollowMod:LordofShades","HollowMod:ElderbugsWisdom"],"picked":"HollowMod:HornetsHelp","floor":33},{"not_picked":["HollowMod:SharpenedNail+1","HollowMod:DungDefenderAura","HollowMod:BrokenVessel+1"],"picked":"SKIP","floor":35},{"not_picked":["HollowMod:AbyssShriek","HollowMod:CornifersMapStart"],"picked":"HollowMod:ShadowDash+1","floor":37},{"not_picked":["HollowMod:QuirrelsAssistance","HollowMod:InfectionAssault"],"picked":"HollowMod:ShadowDash","floor":41},{"not_picked":["HollowMod:SiblingsSouls","HollowMod:MonarchWings","HollowMod:FallenFury+1"],"picked":"SKIP","floor":47},{"not_picked":["HollowMod:WraithStrike","HollowMod:SoulShaman"],"picked":"HollowMod:DescendingDark+1","floor":48},{"not_picked":["HollowMod:DashSlash","HollowMod:NewJinnsSoul","HollowMod:RecoilStrike"],"picked":"SKIP","floor":54}],"player_experience":313884,"relics_obtained":[{"floor":6.0,"key":"Bronze Scales"},{"floor":7.0,"key":"Pantograph"},{"floor":8.0,"key":"Shuriken"},{"floor":9.0,"key":"MealTicket"},{"floor":12.0,"key":"HollowMod:PaleOreRelic"},{"floor":17.0,"key":"Dream Catcher"},{"floor":17.0,"key":"Mummified Hand"},{"floor":17.0,"key":"Bird Faced Urn"},{"floor":24.0,"key":"Bag of Marbles"},{"floor":26.0,"key":"Meat on the Bone"},{"floor":29,"key":"The Courier"},{"floor":41,"key":"Toy Ornithopter"},{"floor":47,"key":"Blue Candle"},{"floor":54,"key":"Happy Flower"}],"event_choices":[],"is_beta":false,"boss_relics":[{"not_picked":["Snecko Eye","Velvet Choker"],"picked":"Calling Bell"},{"not_picked":["Astrolabe","Runic Dome"],"picked":"Coffee Dripper"}],"items_purged_floors":[19],"is_endless":false,"potions_floor_spawned":[3,6,8,18,20,22,24,27,35,38,38,41],"ascension_level":0}}