{"host":"02t2xvao3cghmwgs","time":1613018870,"event":{"mods":["2.2 Compatiblity","Act Like it!","BaseMod","Better Note","Colored Powertips","Friendly Minions","Googly Eyes","Hermit","Highlight Path","Kiyohime????","Marisa????????","Minty Spire (QoL Compilation)","READ ME - Guardian Mod","Rare Cards Sparkle","Reimu??????","Remilia??????","StSLib","Synergy Search","The Animator","The Bug Knight","The Marked","The Mystic","The Senshi","The Wild Card","Yuyuko"],"gold_per_floor":[116,126,5,22,38,69,244,6,6,6,16,47,47,66,66,170,170,183,25,25,48,64,64,64,64,87,105,105,105,105],"floor_reached":29,"language":"ENG","playtime":1383,"items_purged":["theMarked:Strike","Doubt"],"score":233,"play_id":"385e805e-1b4d-43e6-82be-f82dec080e14","local_time":"20210210234750","is_ascension_mode":false,"campfire_choices":[{"floor":13,"key":"REST"},{"floor":15,"key":"REST"},{"floor":23,"key":"RECALL"},{"data":"theMarked:EternalStudent","floor":25,"key":"SMITH"}],"circlet_count":0,"master_deck":["theMarked:Strike","theMarked:Strike","theMarked:Strike","theMarked:Strike","theMarked:Defend","theMarked:Defend","theMarked:Defend","theMarked:Defend","theMarked:SoldierOfQuellstein","theMarked:SwordAndMagic","theMarked:PowerFlow","theMarked:SwordAndMagic","theMarked:BanishingStrike","theMarked:EnhanceMovement","theMarked:EnhanceMovement","theMarked:DispelDoubt","theMarked:HeightenedSenses","theMarked:Determination","theMarked:Friction","theMarked:EternalStudent+1","theMarked:RogueSparks+1","theMarked:Levitate","theMarked:MuscleMemory","theMarked:EmpowerWeapon+1"],"relics":["theMarked:ArtifactOfAir","Question Card","CrazyTorch:ReiMu","White Beast Statue","Runic Dome","Ancient Tea Set"],"acts_visited":["Exordium","TheCity"],"potions_floor_usage":[6,12,12,16,16,22],"damage_taken":[{"damage":0,"enemies":"Cultist","floor":1,"turns":4},{"damage":1,"enemies":"Jaw Worm","floor":2,"turns":2},{"damage":1,"enemies":"2 Louse","floor":4,"turns":2},{"damage":18,"enemies":"Exordium Thugs","floor":5,"turns":3},{"damage":15,"enemies":"3 Sentries","floor":6,"turns":5},{"damage":9,"enemies":"2 Fungi Beasts","floor":11,"turns":2},{"damage":6,"enemies":"Gremlin Nob","floor":12,"turns":3},{"damage":7,"enemies":"Large Slime","floor":14,"turns":5},{"damage":19,"enemies":"The Guardian","floor":16,"turns":9},{"damage":24,"enemies":"Shell Parasite","floor":18,"turns":5},{"damage":3,"enemies":"3 Byrds","floor":22,"turns":4},{"damage":17,"enemies":"Centurion and Healer","floor":27,"turns":3},{"damage":35,"enemies":"Snake Plant","floor":29,"turns":2}],"seed_played":"6414961055670010448","potions_obtained":[{"floor":2,"key":"Fire Potion"},{"floor":4,"key":"PowerPotion"},{"floor":6,"key":"ColorlessPotion"},{"floor":12,"key":"theMarked:SummonPotion"},{"floor":14,"key":"CultistPotion"},{"floor":16,"key":"theMarked:SummonPotion"},{"floor":18,"key":"SmokeBomb"},{"floor":22,"key":"theMarked:SummonPotion"},{"floor":27,"key":"EssenceOfSteel"}],"is_trial":false,"path_per_floor":["M","M","$","M","M","E","?","$","T","$","M","E","R","M","R","B",null,"M","$","?","T","M","R","$","R","T","M","?","M"],"character_chosen":"THE_DEFAULT","items_purchased":["theMarked:SwordAndMagic","theMarked:DispelDoubt","theMarked:Levitate","theMarked:MuscleMemory"],"campfire_rested":2,"item_purchase_floors":[3,8,19,19],"current_hp_per_floor":[77,76,76,75,57,42,42,42,42,42,33,27,50,43,66,47,77,53,53,53,53,50,50,50,50,50,33,33,0,0],"gold":105,"neow_bonus":"TEN_PERCENT_HP_BONUS","is_daily":false,"chose_seed":false,"campfire_upgraded":1,"win_rate":0.0,"timestamp":1613018870,"path_taken":["M","M","?","?","M","E","?","$","T","$","M","E","R","M","R","BOSS","M","$","?","?","M","R","$","R","T","M","?","M"],"items_purchased_type":["Card","Card","Card","Card"],"build_version":"2020-12-22","purchased_purges":2,"victory":false,"max_hp_per_floor":[77,77,77,77,77,77,77,77,77,77,77,77,77,77,77,77,77,77,77,77,77,77,77,77,77,77,77,77,77,77],"card_choices":[{"not_picked":["theMarked:SelfDefenseTraining","theMarked:RepellingDischarge"],"picked":"theMarked:SwordAndMagic","floor":1},{"not_picked":["theMarked:Determination","theMarked:KeepCalmAndFight"],"picked":"theMarked:PowerFlow","floor":2},{"not_picked":["theMarked:Improvise","theMarked:ShockingTouch"],"picked":"theMarked:BanishingStrike","floor":4},{"not_picked":["theMarked:WardOff","theMarked:Polarize"],"picked":"theMarked:EnhanceMovement","floor":5},{"not_picked":["theMarked:TakeCover","theMarked:TwofoldDefense"],"picked":"theMarked:EnhanceMovement","floor":6},{"not_picked":["theMarked:RepellingDischarge","theMarked:TakeCover","theMarked:ContemptForTheProud"],"picked":"theMarked:HeightenedSenses","floor":11},{"not_picked":["theMarked:BanishingStrike","theMarked:BanishingWave","theMarked:Abjuration"],"picked":"theMarked:Determination","floor":12},{"not_picked":["theMarked:Overcharge","theMarked:BanishingStrike","theMarked:TwofoldDefense"],"picked":"theMarked:Friction","floor":14},{"not_picked":["theMarked:SuspiciousRaven","theMarked:TakeOffHeels","theMarked:Defy"],"picked":"theMarked:EternalStudent","floor":16},{"not_picked":["theMarked:Aftermath","theMarked:StartUp","theMarked:HeightenedSenses+1"],"picked":"theMarked:RogueSparks+1","floor":18},{"not_picked":["theMarked:ElectricStrings","theMarked:Toughness","theMarked:Memento+1"],"picked":"theMarked:EmpowerWeapon+1","floor":22},{"not_picked":["theMarked:WastefulAttack","theMarked:ChainLightning","theMarked:BanishingStrike"],"picked":"theMarked:Aftermath","floor":27}],"player_experience":325892,"relics_obtained":[{"floor":6,"key":"Question Card"},{"floor":9,"key":"CrazyTorch:ReiMu"},{"floor":12,"key":"White Beast Statue"},{"floor":21,"key":"Ancient Tea Set"}],"event_choices":[{"damage_healed":0,"gold_gain":175,"player_choice":"AGREE","damage_taken":0,"max_hp_gain":0,"max_hp_loss":0,"event_name":"Liars Game","floor":7,"gold_loss":0,"cards_obtained":["Doubt"]},{"cards_removed":["theMarked:Strike"],"damage_healed":0,"gold_gain":0,"player_choice":"Give","damage_taken":0,"max_hp_gain":0,"max_hp_loss":0,"event_name":"betterNote:BetterNote","floor":20,"gold_loss":0,"cards_obtained":["None"]},{"cards_removed":["theMarked:Aftermath"],"damage_healed":0,"gold_gain":0,"player_choice":"Elegance","damage_taken":0,"max_hp_gain":0,"max_hp_loss":0,"event_name":"Back to Basics","floor":28,"gold_loss":0}],"is_beta":false,"boss_relics":[{"not_picked":["Astrolabe","Sozu"],"picked":"Runic Dome"}],"items_purged_floors":[3,8],"is_endless":false,"potions_floor_spawned":[2,4,6,12,14,16,18,22,27],"killed_by":"Snake Plant","ascension_level":0}}