{"host":"Ryley","time":1613005398,"event":{"mods":["BaseMod","Downfall","Minty Spire (QoL Compilation)","StSLib"],"gold_per_floor":[115,131,92,92,104,104,119,119,144,144,94,94,23,23,23,123,123,141,157,168,268,287,287,301,4,57,73,73,73,89,89,89,89,89],"floor_reached":33,"language":"ENG","playtime":586,"items_purged":["Strike_R"],"score":237,"play_id":"c9ed1bac-eecf-4a5e-b4f6-c9d7ed46d01d","local_time":"20210210190318","is_ascension_mode":false,"campfire_choices":[{"data":"Iron Wave","floor":6,"key":"SMITH"},{"data":"Wild Strike","floor":10,"key":"SMITH"},{"data":"Fire Breathing","floor":12,"key":"SMITH"},{"data":"Fire Breathing","floor":15,"key":"SMITH"},{"floor":23,"key":"RECALL"},{"floor":32,"key":"REST"}],"circlet_count":0,"master_deck":["Strike_R","Strike_R","Strike_R","Defend_R","Defend_R","Defend_R","Defend_R","Bash","Iron Wave+1","Fire Breathing+1","Fire Breathing+1","Body Slam","Wild Strike+1","Reckless Charge+1","Immolate","Pommel Strike+1","Twin Strike+1","Evolve"],"relics":["Burning Blood","NeowsBlessing","Bag of Preparation","Smiling Mask","Fusion Hammer","Bottled Tornado","Potion Belt","MutagenicStrength","SsserpentHead"],"acts_visited":["Exordium","TheCity"],"potions_floor_usage":[33,33,33],"damage_taken":[{"damage":0,"enemies":"2 Louse","floor":1,"turns":1},{"damage":0,"enemies":"Small Slimes","floor":2,"turns":1},{"damage":0,"enemies":"Cultist","floor":5,"turns":1},{"damage":10,"enemies":"Looter","floor":7,"turns":3},{"damage":40,"enemies":"The Guardian","floor":16,"turns":10},{"damage":5,"enemies":"Chosen","floor":18,"turns":4},{"damage":5,"enemies":"3 Byrds","floor":19,"turns":4},{"damage":17,"enemies":"Sentry and Sphere","floor":20,"turns":4},{"damage":7,"enemies":"3 Cultists","floor":22,"turns":3},{"damage":34,"enemies":"Shelled Parasite and Fungi","floor":24,"turns":4},{"damage":21,"enemies":"Centurion and Healer","floor":27,"turns":3},{"damage":5,"enemies":"Cultist and Chosen","floor":30,"turns":4},{"damage":52,"enemies":"Collector","floor":33,"turns":6}],"seed_played":"7217756139040225806","potions_obtained":[{"floor":2,"key":"Fire Potion"},{"floor":16,"key":"champ:CounterPotion"},{"floor":18,"key":"Guardian:BlockOnCardUsePotion"}],"is_trial":false,"path_per_floor":["M","M","$","?","M","R","M","?","T","R","?","R","$","?","R","B",null,"M","M","M","?","M","R","M","$","T","M","?","?","M","?","R","B"],"character_chosen":"IRONCLAD","items_purchased":["Fire Breathing","Reckless Charge","Bottled Tornado"],"campfire_rested":1,"item_purchase_floors":[3,13,25],"current_hp_per_floor":[80,80,80,77,80,80,76,76,76,76,76,76,76,76,76,42,80,80,80,69,69,68,68,40,40,40,25,25,19,20,20,44,0,0],"gold":89,"neow_bonus":"THREE_ENEMY_KILL","is_daily":false,"chose_seed":false,"campfire_upgraded":4,"win_rate":0.0,"timestamp":1613005398,"path_taken":["M","M","$","?","M","R","M","?","T","R","?","R","$","?","R","BOSS","M","M","M","?","M","R","?","$","T","M","?","?","?","?","R","BOSS"],"items_purchased_type":["Card","Card","Relic"],"build_version":"2020-12-18","purchased_purges":1,"victory":false,"max_hp_per_floor":[80,80,80,80,80,80,80,80,80,80,80,80,80,80,80,80,80,80,80,80,80,80,80,80,80,80,80,80,80,80,80,80,80,80],"card_choices":[{"not_picked":["Thunderclap","Uppercut"],"picked":"Iron Wave","floor":1},{"not_picked":["Bloodletting","Whirlwind"],"picked":"Fire Breathing","floor":2},{"not_picked":["Clothesline","Corruption"],"picked":"Body Slam","floor":5},{"not_picked":["Headbutt","Havoc"],"picked":"Wild Strike","floor":7},{"not_picked":["Bludgeon","Impervious"],"picked":"Immolate","floor":16},{"not_picked":["Headbutt","Warcry","Armaments"],"picked":"SKIP","floor":18},{"not_picked":["Disarm","Ghostly Armor"],"picked":"Pommel Strike+1","floor":19},{"not_picked":["Havoc+1","Thunderclap"],"picked":"Twin Strike+1","floor":20},{"not_picked":["Inflame","Limit Break"],"picked":"Evolve","floor":22},{"not_picked":["Cleave","Anger","Thunderclap"],"picked":"SKIP","floor":24},{"not_picked":["Anger","Sword Boomerang","Flex"],"picked":"SKIP","floor":27},{"not_picked":["Heavy Blade","Twin Strike+1","Pummel+1"],"picked":"SKIP","floor":30}],"player_experience":389908,"relics_obtained":[{"floor":9,"key":"Smiling Mask"},{"floor":26,"key":"Potion Belt"}],"event_choices":[{"damage_healed":0,"gold_gain":0,"player_choice":"Success","damage_taken":3,"relics_obtained":["Bag of Preparation"],"max_hp_gain":0,"max_hp_loss":0,"event_name":"Scrap Ooze","floor":4,"gold_loss":0},{"damage_healed":0,"gold_gain":0,"player_choice":"Searched \u00271\u0027 times","damage_taken":0,"max_hp_gain":0,"max_hp_loss":0,"event_name":"Dead Adventurer","floor":8,"gold_loss":0},{"cards_removed":["Strike_R"],"damage_healed":0,"gold_gain":0,"player_choice":"Card Removal","damage_taken":0,"max_hp_gain":0,"max_hp_loss":0,"event_name":"The Cleric","floor":11,"gold_loss":50},{"damage_healed":0,"gold_gain":0,"player_choice":"Grow","damage_taken":0,"max_hp_gain":0,"max_hp_loss":0,"event_name":"Living Wall","floor":14,"gold_loss":0,"cards_upgraded":["Reckless Charge"]},{"damage_healed":0,"gold_gain":100,"player_choice":"Pray","damage_taken":0,"max_hp_gain":0,"max_hp_loss":0,"event_name":"Golden Shrine","floor":21,"gold_loss":0},{"damage_healed":0,"gold_gain":0,"player_choice":"Inject Mutagens","damage_taken":0,"relics_obtained":["MutagenicStrength"],"max_hp_gain":0,"max_hp_loss":0,"event_name":"Drug Dealer","floor":28,"gold_loss":0},{"damage_healed":0,"gold_gain":0,"player_choice":"","damage_taken":6,"max_hp_gain":0,"max_hp_loss":0,"event_name":"Knowing Skull","floor":29,"potions_obtained":[],"gold_loss":0,"cards_obtained":[]},{"damage_healed":0,"gold_gain":0,"player_choice":"Trade","damage_taken":0,"relics_obtained":["SsserpentHead"],"max_hp_gain":0,"max_hp_loss":0,"event_name":"FaceTrader","floor":31,"gold_loss":0}],"is_beta":true,"boss_relics":[{"not_picked":["Busted Crown","Coffee Dripper"],"picked":"Fusion Hammer"}],"items_purged_floors":[25],"is_endless":false,"potions_floor_spawned":[2,16,18,20],"killed_by":"Collector","ascension_level":0}}