{"host":"mnpd8gh7cwxsn5kh","time":1613079702,"event":{"mods":["BaseMod","Bestiary","Block Reminder","Colored Map","Colored Powertips","Highlight Path","Minty Spire (QoL Compilation)","Relic Sorter","Relic Stats"],"gold_per_floor":[368,380,182,194,194,194,222,242,242,268,22,22,87,99,99,173,173,173,173,24,24,24,24,24,24,24,24,24,24,24,24,24,24,24,24,24,24,24,24,24,24,24,24,24,24,24,24,24,24,24],"floor_reached":51,"language":"ENG","playtime":3835,"items_purged":["Shame"],"score":1250,"play_id":"0901cdb6-e2bd-4b41-8d56-5856c00f5c73","local_time":"20210211224142","is_ascension_mode":true,"campfire_choices":[{"data":"Streamline","floor":6,"key":"SMITH"},{"data":"Dualcast","floor":15,"key":"SMITH"},{"data":"Buffer","floor":23,"key":"SMITH"},{"data":"Glacier","floor":25,"key":"SMITH"},{"data":"Echo Form","floor":30,"key":"SMITH"},{"data":"Streamline","floor":32,"key":"SMITH"},{"data":"Tempest","floor":41,"key":"SMITH"},{"data":"Conserve Battery","floor":44,"key":"SMITH"},{"data":"Zap","floor":46,"key":"SMITH"},{"floor":49,"key":"REST"}],"circlet_count":0,"master_deck":["AscendersBane","Defend_B","Defend_B","Defend_B","Defend_B","Zap+1","Dualcast+1","Streamline+1","Ball Lightning","Turbo","Rebound","Conserve Battery+1","Tempest+1","Streamline+1","Glacier+1","Genetic Algorithm+1","Echo Form+1","Buffer+1","Hologram+1","Conserve Battery+1","Coolheaded+1","Conserve Battery+1","Steam Power+1","Electrodynamics","Hyperbeam+1","Reprogram+1","Beam Cell+1","Stack+1","Glacier+1","Steam Power+1","Hologram+1"],"relics":["Cracked Core","Mercury Hourglass","Meat on the Bone","Pear","Eternal Feather","Toxic Egg 2","Ectoplasm","Anchor","Dream Catcher","HornCleat","Question Card","Astrolabe","Bird Faced Urn","Singing Bowl","Bottled Tornado"],"acts_visited":["Exordium","TheCity","TheBeyond"],"potions_floor_usage":[5,10,13,16,40,50],"damage_taken":[{"damage":1,"enemies":"Cultist","floor":1,"turns":3},{"damage":9,"enemies":"Small Slimes","floor":2,"turns":3},{"damage":0,"enemies":"Jaw Worm","floor":4,"turns":3},{"damage":0,"enemies":"Exordium Thugs","floor":5,"turns":1},{"damage":5,"enemies":"3 Sentries","floor":7,"turns":5},{"damage":3,"enemies":"Blue Slaver","floor":8,"turns":2},{"damage":11,"enemies":"Gremlin Nob","floor":10,"turns":3},{"damage":19,"enemies":"Lagavulin Event","floor":13,"turns":5},{"damage":13,"enemies":"Gremlin Gang","floor":14,"turns":4},{"damage":31,"enemies":"The Guardian","floor":16,"turns":9},{"damage":16,"enemies":"Shell Parasite","floor":18,"turns":5},{"damage":4,"enemies":"Spheric Guardian","floor":21,"turns":4},{"damage":9,"enemies":"Gremlin Leader","floor":24,"turns":6},{"damage":0,"enemies":"Shelled Parasite and Fungi","floor":27,"turns":4},{"damage":0,"enemies":"Snecko","floor":29,"turns":6},{"damage":0,"enemies":"Automaton","floor":33,"turns":13},{"damage":0,"enemies":"3 Darklings","floor":35,"turns":3},{"damage":0,"enemies":"3 Shapes","floor":37,"turns":2},{"damage":31,"enemies":"Maw","floor":38,"turns":10},{"damage":0,"enemies":"Spire Growth","floor":39,"turns":6},{"damage":15,"enemies":"Reptomancer","floor":40,"turns":7},{"damage":35,"enemies":"Giant Head","floor":45,"turns":13},{"damage":2,"enemies":"Writhing Mass","floor":48,"turns":6},{"damage":65,"enemies":"Time Eater","floor":50,"turns":18}],"seed_played":"-3996167151899908547","potions_obtained":[{"floor":4,"key":"SmokeBomb"},{"floor":7,"key":"CultistPotion"},{"floor":8,"key":"DistilledChaos"},{"floor":13,"key":"Weak Potion"},{"floor":16,"key":"AttackPotion"},{"floor":18,"key":"Dexterity Potion"},{"floor":33,"key":"FairyPotion"},{"floor":40,"key":"PotionOfCapacity"}],"is_trial":false,"path_per_floor":["M","M","$","M","M","R","E","M","T","E","$","?","?","M","R","B",null,"M","?","$","M","T","R","E","R","T","M","$","M","R","?","R","B",null,"M","?","M","M","M","E","R","$","T","R","E","R","$","M","R","B",null],"character_chosen":"DEFECT","items_purchased":["Turbo","Rebound","Conserve Battery","Eternal Feather","Anchor"],"campfire_rested":1,"item_purchase_floors":[3,3,3,11,20],"current_hp_per_floor":[63,54,54,54,54,54,49,46,46,57,57,57,50,49,61,42,71,55,55,55,51,51,63,54,66,66,66,66,66,81,81,81,81,81,81,81,81,50,50,47,65,65,65,81,52,70,70,80,87,42],"gold":24,"neow_bonus":"TWO_FIFTY_GOLD","is_daily":false,"chose_seed":false,"campfire_upgraded":9,"win_rate":0.0,"timestamp":1613079702,"path_taken":["M","?","$","M","M","R","E","M","T","E","$","?","?","M","R","BOSS","M","?","?","M","?","R","E","R","T","M","$","?","R","?","R","BOSS","M","?","M","M","M","E","R","$","T","R","E","R","$","M","R","BOSS"],"items_purchased_type":["Card","Card","Card","Relic","Relic"],"build_version":"2020-12-22","purchased_purges":1,"victory":true,"max_hp_per_floor":[71,71,71,71,71,71,71,71,71,81,81,81,81,81,81,81,81,81,81,81,81,81,81,81,81,81,81,81,81,81,81,81,81,81,81,81,81,81,81,81,81,81,81,81,83,83,83,85,87,87],"relic_stats":{"Dream Catcher":1,"Singing Bowl":6,"counters":[24,141],"Astrolabe":["Hyperbeam","Reprogram","Beam Cell"],"Bird Faced Urn":[22],"Eternal Feather":108,"Ectoplasm":503,"Question Card":11,"obtain_stats":[{"Pear":10,"Singing Bowl":43,"Astrolabe":34,"Eternal Feather":11,"Bottled Tornado":45,"Question Card":26,"Mercury Hourglass":7,"Anchor":20,"Dream Catcher":22,"HornCleat":24,"Bird Faced Urn":40,"Ectoplasm":17,"Toxic Egg 2":13,"Cracked Core":0,"Meat on the Bone":9},{"Pear":7,"Singing Bowl":21,"Astrolabe":16,"Eternal Feather":7,"Bottled Tornado":22,"Question Card":13,"Mercury Hourglass":5,"Anchor":11,"Dream Catcher":12,"HornCleat":13,"Bird Faced Urn":21,"Ectoplasm":10,"Toxic Egg 2":8,"Cracked Core":0,"Meat on the Bone":6},{"Pear":20,"Singing Bowl":104,"Astrolabe":76,"Eternal Feather":20,"Bottled Tornado":117,"Question Card":53,"Mercury Hourglass":15,"Anchor":43,"Dream Catcher":47,"HornCleat":53,"Bird Faced Urn":104,"Ectoplasm":38,"Toxic Egg 2":25,"Cracked Core":0,"Meat on the Bone":17}],"Mercury Hourglass":[418],"Meat on the Bone":72},"card_choices":[{"not_picked":["Beam Cell","Undo"],"picked":"Streamline","floor":1},{"not_picked":["Go for the Eyes","Skim"],"picked":"Ball Lightning","floor":2},{"not_picked":["Stack","Redo","White Noise"],"picked":"SKIP","floor":4},{"not_picked":["Hello World","Thunder Strike"],"picked":"Tempest","floor":7},{"not_picked":["Redo","Steam"],"picked":"Streamline","floor":8},{"not_picked":["Streamline","Doom and Gloom"],"picked":"Glacier","floor":10},{"not_picked":["Rebound","Sunder"],"picked":"Genetic Algorithm+1","floor":13},{"not_picked":["Stack+1","Beam Cell"],"picked":"Echo Form","floor":14},{"not_picked":["Echo Form","Rainbow+1"],"picked":"Buffer","floor":16},{"not_picked":["FTL","Redo+1"],"picked":"Hologram+1","floor":18},{"not_picked":["Blizzard","Stack+1"],"picked":"Conserve Battery+1","floor":21},{"not_picked":["Sweeping Beam","Hello World+1"],"picked":"Coolheaded+1","floor":24},{"not_picked":["Loop","Turbo+1","Redo+1"],"picked":"Conserve Battery+1","floor":27},{"not_picked":["Compile Driver","Steam+1","Conserve Battery+1"],"picked":"Steam Power+1","floor":29},{"not_picked":["Biased Cognition","Echo Form","Rainbow+1"],"picked":"Electrodynamics","floor":33},{"not_picked":["Leap+1","Streamline","Beam Cell"],"picked":"Stack+1","floor":35},{"not_picked":["Barrage+1","Turbo+1","Compile Driver"],"picked":"Glacier+1","floor":37},{"not_picked":["Streamline","Chill+1","Leap+1"],"picked":"Steam Power+1","floor":38},{"not_picked":["Cold Snap","Thunder Strike","Fusion+1","Static Discharge"],"picked":"SKIP","floor":39},{"not_picked":["Sunder+1","White Noise+1","Barrage+1"],"picked":"Hologram+1","floor":40},{"not_picked":["Redo+1","Fusion+1","Streamline+1","Reboot+1"],"picked":"Singing Bowl","floor":45},{"not_picked":["Cold Snap+1","Beam Cell","Turbo+1","Glacier+1"],"picked":"Singing Bowl","floor":48},{"not_picked":["Hologram+1","Cold Snap","Melter+1","Streamline"],"picked":"Singing Bowl","floor":49}],"player_experience":464606,"relics_obtained":[{"floor":7,"key":"Mercury Hourglass"},{"floor":9,"key":"Meat on the Bone"},{"floor":10,"key":"Pear"},{"floor":13,"key":"Toxic Egg 2"},{"floor":22,"key":"Dream Catcher"},{"floor":24,"key":"HornCleat"},{"floor":26,"key":"Question Card"},{"floor":40,"key":"Bird Faced Urn"},{"floor":43,"key":"Singing Bowl"},{"floor":45,"key":"Bottled Tornado"}],"event_choices":[{"damage_healed":0,"gold_gain":0,"player_choice":"Ignored","damage_taken":0,"max_hp_gain":0,"max_hp_loss":0,"event_name":"Liars Game","floor":12,"gold_loss":0},{"damage_healed":0,"gold_gain":0,"player_choice":"Searched \u00272\u0027 times","damage_taken":0,"max_hp_gain":0,"max_hp_loss":0,"event_name":"Dead Adventurer","floor":13,"gold_loss":0},{"cards_removed":["Strike_B"],"damage_healed":0,"gold_gain":0,"player_choice":"Offered Basic","damage_taken":0,"max_hp_gain":0,"max_hp_loss":0,"event_name":"Bonfire Elementals","floor":19,"gold_loss":0},{"damage_healed":0,"gold_gain":100,"player_choice":"Pray","damage_taken":0,"max_hp_gain":0,"max_hp_loss":0,"event_name":"Golden Shrine","floor":31,"gold_loss":0},{"damage_healed":0,"gold_gain":100,"player_choice":"Pray","damage_taken":0,"max_hp_gain":0,"max_hp_loss":0,"event_name":"Golden Shrine","floor":36,"gold_loss":0}],"is_beta":false,"boss_relics":[{"not_picked":["Tiny House","Black Star"],"picked":"Ectoplasm"},{"not_picked":["Calling Bell","Philosopher\u0027s Stone"],"picked":"Astrolabe"}],"items_purged_floors":[3],"is_endless":false,"potions_floor_spawned":[4,7,8,13,16,18,21,29,33,40,45,48],"ascension_level":14}}