{"host":"m4pe905ae9bldoe7","time":1613043101,"event":{"mods":["BaseMod","Bestiary","Block Reminder","Downfall","Minty Spire (QoL Compilation)","StSLib"],"gold_per_floor":[20,35,35,59,59,20,20,53,69,87,87,87,87,262,262,107,107,125,145,161,161,161,291,291,314,339,339,339,360,360,360,378,378,404,19,34,49,68,68,106,106,106,235,235,258,281,241,260,78,78,99,153,28,54,74,88,88,88,123,138,163,163,163,163,163,17,58,58,58],"floor_reached":68,"language":"ENG","playtime":2197,"items_purged":["Doubt","Injury","Heavy Blade"],"score":846,"play_id":"47ca8313-868d-40b3-8e6a-49f83a3083b1","local_time":"20210211123141","is_ascension_mode":false,"campfire_choices":[{"data":"Rampage","floor":7,"key":"SMITH"},{"data":"1","floor":17,"key":"LIFT"},{"floor":21,"key":"REST"},{"data":"2","floor":22,"key":"LIFT"},{"data":"Armaments","floor":30,"key":"SMITH"},{"data":"3","floor":33,"key":"LIFT"},{"data":"Clumsy","floor":39,"key":"PURGE"},{"data":"Dual Wield","floor":42,"key":"SMITH"},{"floor":50,"key":"RECALL"},{"data":"Double Tap","floor":58,"key":"SMITH"},{"data":"Inflame","floor":62,"key":"SMITH"},{"data":"Perfected Strike","floor":65,"key":"SMITH"}],"circlet_count":0,"master_deck":["Strike_R","Strike_R","Strike_R","Strike_R","Defend_R+1","Defend_R","Bash","Sword Boomerang","Heavy Blade","Dual Wield+1","Rampage+1","Twin Strike","Pommel Strike","Seeing Red","Perfected Strike","Twin Strike","Pommel Strike","Berserk+1","Armaments+1","CurseOfTheBell","CurseOfTheBell","Immolate","Perfected Strike+1","Intimidate+1","Reaper","Thunderclap+1","Shockwave","Double Tap+1","Twin Strike","Inflame+1","Perfected Strike+1","Perfected Strike","Disarm+1","Perfected Strike+1","Perfected Strike","Metallicize"],"relics":["Burning Blood","Golden Idol","StrikeDummy","Girya","Art of War","Peace Pipe","Philosopher\u0027s Stone","downfall:ExtraCursedBell","Oddly Smooth Stone","Mummified Hand","Pocketwatch","Bronze Scales","Lee\u0027s Waffle","Thread and Needle","bronze:MakeshiftBattery","ClockworkSouvenir","Akabeko","Boot","Ornamental Fan","Anchor","Magic Flower"],"acts_visited":["Exordium","TheCity","TheBeyond","TheEnding"],"potions_floor_usage":[23,23,23,32,43,59,63,68,68],"damage_taken":[{"damage":7,"enemies":"Small Slimes","floor":1,"turns":4},{"damage":5,"enemies":"2 Louse","floor":2,"turns":2},{"damage":6,"enemies":"Cultist","floor":4,"turns":3},{"damage":20,"enemies":"Gremlin Nob","floor":8,"turns":4},{"damage":21,"enemies":"Exordium Thugs","floor":9,"turns":3},{"damage":7,"enemies":"Blue Slaver","floor":10,"turns":2},{"damage":9,"enemies":"2 Fungi Beasts","floor":18,"turns":2},{"damage":20,"enemies":"Lots of Slimes","floor":19,"turns":3},{"damage":10,"enemies":"Looter","floor":20,"turns":2},{"damage":52,"enemies":"The Guardian","floor":23,"turns":6},{"damage":11,"enemies":"2 Thieves","floor":25,"turns":2},{"damage":0,"enemies":"Spheric Guardian","floor":26,"turns":1},{"damage":12,"enemies":"Shelled Parasite and Fungi","floor":29,"turns":2},{"damage":18,"enemies":"Snake Plant","floor":32,"turns":2},{"damage":16,"enemies":"Centurion and Healer","floor":36,"turns":3},{"damage":8,"enemies":"Chosen and Byrds","floor":37,"turns":3},{"damage":0,"enemies":"Snecko","floor":38,"turns":2},{"damage":22,"enemies":"Slavers","floor":40,"turns":2},{"damage":36,"enemies":"Automaton","floor":43,"turns":6},{"damage":7,"enemies":"Orb Walker","floor":45,"turns":2},{"damage":19,"enemies":"3 Darklings","floor":46,"turns":2},{"damage":16,"enemies":"Jaw Worm Horde","floor":48,"turns":3},{"damage":15,"enemies":"Maw","floor":51,"turns":3},{"damage":6,"enemies":"3 Darklings","floor":55,"turns":2},{"damage":20,"enemies":"4 Shapes","floor":56,"turns":3},{"damage":15,"enemies":"Reptomancer","floor":59,"turns":5},{"damage":0,"enemies":"Transient","floor":60,"turns":5},{"damage":0,"enemies":"Spire Growth","floor":61,"turns":2},{"damage":55,"enemies":"Awakened One","floor":63,"turns":6},{"damage":25,"enemies":"Shield and Spear","floor":67,"turns":4},{"damage":103,"enemies":"The Heart","floor":68,"turns":5}],"seed_played":"-2843983729366989152","potions_obtained":[{"floor":1,"key":"SpeedPotion"},{"floor":10,"key":"PowerPotion"},{"floor":19,"key":"DistilledChaos"},{"floor":20,"key":"SneckoOil"},{"floor":23,"key":"DistilledChaos"},{"floor":26,"key":"GamblersBrew"},{"floor":32,"key":"bronze:BurnAndBuffPotion"},{"floor":37,"key":"Guardian:BlockOnCardUsePotion"},{"floor":40,"key":"Explosive Potion"},{"floor":55,"key":"BloodPotion"},{"floor":59,"key":"Ancient Potion"}],"is_trial":false,"path_per_floor":["M","M","?","M","?","$","R","E","M","M","T","T","T","?","?","$","R","M","M","M","R","R","B",null,"M","M","?","?","M","R","?","M","R","T","$","M","M","M","R","E","?","R","B",null,"M","M","?","M","$","R","M","T","$","T","M","M","T","R","E","M","M","R","B",null,"R","$","E","B"],"character_chosen":"IRONCLAD","items_purchased":["Rampage","Seeing Red","Reaper","Lee\u0027s Waffle","Inflame","ClockworkSouvenir","DuplicationPotion","Perfected Strike","Fire Potion"],"campfire_rested":1,"item_purchase_floors":[6,16,35,35,49,49,66,66,66],"current_hp_per_floor":[79,80,80,80,80,80,80,66,51,50,50,50,50,50,50,50,50,47,33,29,53,53,7,80,75,80,80,80,74,74,59,47,47,47,92,82,80,86,86,70,70,70,50,92,92,79,79,69,69,69,60,60,60,60,60,64,64,64,73,79,85,85,36,92,92,92,73,0,0],"gold":58,"neow_bonus":"REMOVE_TWO","is_daily":false,"chose_seed":false,"campfire_upgraded":6,"win_rate":0.0,"timestamp":1613043101,"path_taken":["M","M","?","M","?","$","R","E","M","?","?","T","T","?","?","$","R","M","?","M","R","R","BOSS","M","M","?","?","M","R","?","M","R","T","$","M","?","M","R","E","?","R","BOSS","M","M","?","M","?","R","M","?","$","T","?","M","?","R","E","?","M","R","BOSS","R","$","E","BOSS"],"items_purchased_type":["Card","Card","Card","Relic","Card","Relic","Potion","Card","Potion"],"build_version":"2020-12-22","purchased_purges":3,"victory":false,"max_hp_per_floor":[80,80,80,80,80,80,80,80,80,80,80,80,80,80,80,80,80,80,80,80,80,80,80,80,80,80,80,80,80,80,85,85,85,85,92,92,92,92,92,92,92,92,92,92,92,92,92,92,92,92,92,92,92,92,92,92,92,92,92,92,92,92,92,92,92,92,92,92,92],"card_choices":[{"not_picked":["Searing Blow","Second Wind"],"picked":"Sword Boomerang","floor":1},{"not_picked":["Cleave","Twin Strike"],"picked":"Heavy Blade","floor":2},{"not_picked":["Sword Boomerang","Twin Strike"],"picked":"Dual Wield","floor":4},{"not_picked":["Pommel Strike","Seeing Red"],"picked":"Twin Strike","floor":8},{"not_picked":["Seeing Red","Anger"],"picked":"Pommel Strike","floor":9},{"not_picked":["Impervious","Havoc","Anger"],"picked":"SKIP","floor":10},{"not_picked":["Rampage","Wild Strike"],"picked":"Perfected Strike","floor":18},{"not_picked":["Cleave","Havoc"],"picked":"Twin Strike","floor":19},{"not_picked":["Bloodletting","Wild Strike"],"picked":"Pommel Strike","floor":20},{"not_picked":["Brutality","Exhume"],"picked":"Berserk","floor":23},{"not_picked":["Armaments+1","Pommel Strike"],"picked":"Heavy Blade","floor":25},{"not_picked":["Twin Strike","Uppercut"],"picked":"Armaments","floor":26},{"not_picked":["Clothesline","Shockwave"],"picked":"Perfected Strike+1","floor":29},{"not_picked":["Warcry","Shrug It Off"],"picked":"Intimidate+1","floor":32},{"not_picked":["Warcry","Intimidate"],"picked":"Thunderclap+1","floor":36},{"not_picked":["Clothesline","Evolve","Shrug It Off"],"picked":"SKIP","floor":37},{"not_picked":["Shrug It Off","Barricade","Thunderclap+1"],"picked":"SKIP","floor":38},{"not_picked":["Clothesline+1","Clash","Armaments"],"picked":"SKIP","floor":40},{"not_picked":["Offering","Fiend Fire"],"picked":"Double Tap","floor":43},{"not_picked":["Havoc+1","Blood for Blood+1","Power Through+1"],"picked":"SKIP","floor":45},{"not_picked":["Intimidate","Dark Embrace","Rupture"],"picked":"SKIP","floor":46},{"not_picked":["Flex+1","Carnage"],"picked":"Twin Strike","floor":48},{"not_picked":["Second Wind","Fiend Fire"],"picked":"Perfected Strike+1","floor":51},{"not_picked":["Sentinel+1","Anger+1"],"picked":"Perfected Strike","floor":55},{"not_picked":["True Grit","Fire Breathing+1","Sword Boomerang"],"picked":"SKIP","floor":56},{"not_picked":["True Grit","Impervious"],"picked":"Disarm+1","floor":59},{"not_picked":["Clothesline+1","Burning Pact+1"],"picked":"Perfected Strike","floor":60},{"not_picked":["Warcry+1","True Grit+1","Thunderclap"],"picked":"SKIP","floor":61},{"not_picked":["Hemokinesis","Feed"],"picked":"Metallicize","floor":67}],"player_experience":563279,"relics_obtained":[{"floor":8,"key":"StrikeDummy"},{"floor":11,"key":"Girya"},{"floor":13,"key":"Art of War"},{"floor":27,"key":"Oddly Smooth Stone"},{"floor":27,"key":"Mummified Hand"},{"floor":27,"key":"Pocketwatch"},{"floor":34,"key":"Bronze Scales"},{"floor":40,"key":"Thread and Needle"},{"floor":52,"key":"Akabeko"},{"floor":54,"key":"Boot"},{"floor":57,"key":"Ornamental Fan"},{"floor":59,"key":"Anchor"},{"floor":67,"key":"Magic Flower"}],"event_choices":[{"damage_healed":0,"gold_gain":0,"player_choice":"Take Wound","damage_taken":0,"relics_obtained":["Golden Idol"],"max_hp_gain":0,"max_hp_loss":0,"event_name":"Golden Idol","floor":3,"gold_loss":0,"cards_obtained":["Injury"]},{"cards_removed":["Strike_R"],"damage_healed":0,"gold_gain":0,"player_choice":"Offered Basic","damage_taken":0,"max_hp_gain":0,"max_hp_loss":0,"event_name":"Bonfire Elementals","floor":5,"gold_loss":0},{"damage_healed":0,"gold_gain":175,"player_choice":"AGREE","damage_taken":0,"max_hp_gain":0,"max_hp_loss":0,"event_name":"Liars Game","floor":14,"gold_loss":0,"cards_obtained":["Doubt"]},{"damage_healed":0,"gold_gain":0,"player_choice":"Gave Potion","damage_taken":0,"relics_obtained":["Peace Pipe"],"max_hp_gain":0,"max_hp_loss":0,"event_name":"WeMeetAgain","floor":15,"gold_loss":0},{"damage_healed":0,"gold_gain":0,"player_choice":"Ignored","damage_taken":0,"max_hp_gain":0,"max_hp_loss":0,"event_name":"Ghosts","floor":28,"gold_loss":0},{"damage_healed":0,"gold_gain":0,"player_choice":"Shed Blood","damage_taken":20,"max_hp_gain":5,"max_hp_loss":0,"event_name":"Forgotten Altar","floor":31,"gold_loss":0},{"damage_healed":0,"gold_gain":0,"player_choice":"Read","damage_taken":0,"max_hp_gain":0,"max_hp_loss":0,"event_name":"The Library","floor":41,"gold_loss":0,"cards_obtained":["Shockwave"]},{"damage_healed":0,"gold_gain":0,"player_choice":"Upgraded Two","damage_taken":0,"max_hp_gain":0,"max_hp_loss":0,"event_name":"Designer","floor":47,"gold_loss":40,"cards_upgraded":["Defend_R","Berserk"]}],"is_beta":false,"boss_relics":[{"not_picked":["SlaversCollar","Tiny House"],"picked":"Philosopher\u0027s Stone"},{"not_picked":["Runic Pyramid","Runic Cube"],"picked":"bronze:MakeshiftBattery"}],"items_purged_floors":[16,35,53],"is_endless":false,"potions_floor_spawned":[1,10,19,20,23,26,32,37,40,55,56,59],"killed_by":"The Heart","ascension_level":0}}