{"host":"29uuqgkzqd703i93","time":1613072897,"event":{"mods":["BaseMod","Minty Spire (QoL Compilation)"],"gold_per_floor":[218,178,194,194,194,194,194,194,194,234,250,263,281,301,301,422,422,447,372,372,393,393,393],"floor_reached":22,"language":"ENG","playtime":1054,"items_purged":[],"score":186,"play_id":"eade4cd9-4489-41e4-b276-da7cb32d21d5","local_time":"20210211204817","is_ascension_mode":false,"campfire_choices":[{"data":"Neutralize","floor":6.0,"key":"SMITH"},{"floor":8.0,"key":"REST"},{"floor":15.0,"key":"REST"}],"circlet_count":0,"master_deck":["Strike_G","Strike_G","Strike_G","Strike_G+1","Defend_G","Defend_G","Defend_G+1","Defend_G","Defend_G","Survivor","Neutralize+1","Sucker Punch","Noxious Fumes","Injury","Slice","Burst","Backflip","Poisoned Stab","Dodge and Roll","Phantasmal Killer","Outmaneuver","Poisoned Stab","Sucker Punch+1"],"relics":["Ring of the Serpent","InkBottle","Golden Idol","Pantograph","Omamori"],"acts_visited":["Exordium","TheCity"],"potions_floor_usage":[],"damage_taken":[{"damage":4.0,"enemies":"Cultist","floor":1.0,"turns":5.0},{"damage":3.0,"enemies":"2 Louse","floor":3.0,"turns":2.0},{"damage":29.0,"enemies":"Lagavulin","floor":10.0,"turns":9.0},{"damage":0.0,"enemies":"Small Slimes","floor":11.0,"turns":3.0},{"damage":9.0,"enemies":"3 Louse","floor":12.0,"turns":4.0},{"damage":7.0,"enemies":"Exordium Wildlife","floor":13.0,"turns":4.0},{"damage":10.0,"enemies":"Gremlin Gang","floor":14.0,"turns":3.0},{"damage":33.0,"enemies":"The Guardian","floor":16.0,"turns":13.0},{"damage":22.0,"enemies":"Spheric Guardian","floor":18.0,"turns":6.0},{"damage":17,"enemies":"Chosen","floor":21,"turns":6},{"damage":37,"enemies":"Shelled Parasite and Fungi","floor":22,"turns":2}],"seed_played":"-4273476945080406240","potions_obtained":[{"floor":1.0,"key":"SkillPotion"},{"floor":2.0,"key":"DistilledChaos"},{"floor":2.0,"key":"Fire Potion"},{"floor":11.0,"key":"Dexterity Potion"},{"floor":18.0,"key":"BlessingOfTheForge"},{"floor":21,"key":"Poison Potion"}],"is_trial":false,"path_per_floor":["M","?","M","?","?","R","?","R","T","E","M","M","M","M","R","B",null,"M","?","?","M","M"],"character_chosen":"THE_SILENT","items_purchased":[],"campfire_rested":2,"item_purchase_floors":[],"current_hp_per_floor":[66,66,63,60,60,60,46,67,67,38,38,29,22,12,33,25,70,48,48,48,31,0,0],"gold":393,"neow_bonus":"HUNDRED_GOLD","is_daily":false,"chose_seed":false,"campfire_upgraded":1,"win_rate":0.0,"timestamp":1613072897,"path_taken":["M","?","?","?","?","R","?","R","T","E","M","M","?","M","R","BOSS","M","?","?","M","?"],"items_purchased_type":[],"build_version":"2020-12-22","purchased_purges":0,"victory":false,"max_hp_per_floor":[70,70,70,70,70,70,70,70,70,70,70,70,70,70,70,70,70,70,70,70,70,70,70],"card_choices":[{"not_picked":["Heel Hook","Slice"],"picked":"Sucker Punch","floor":1.0},{"not_picked":["Footwork","Backstab"],"picked":"Noxious Fumes","floor":3.0},{"not_picked":["Blade Dance","Concentrate"],"picked":"Slice","floor":10.0},{"not_picked":["Dagger Spray","Sucker Punch"],"picked":"Burst","floor":11.0},{"not_picked":["Endless Agony","Concentrate"],"picked":"Backflip","floor":12.0},{"not_picked":["Dodge and Roll","Calculated Gamble"],"picked":"Poisoned Stab","floor":13.0},{"not_picked":["Predator","Blade Dance"],"picked":"Dodge and Roll","floor":14.0},{"not_picked":["Night Terror","Malaise"],"picked":"Phantasmal Killer","floor":16.0},{"not_picked":["Eviscerate","Masterful Stab"],"picked":"Outmaneuver","floor":18.0},{"not_picked":["Prepared","Tactician+1"],"picked":"Sucker Punch+1","floor":21}],"player_experience":82766,"relics_obtained":[{"floor":9.0,"key":"Pantograph"},{"floor":10.0,"key":"Omamori"}],"event_choices":[{"damage_healed":0.0,"max_hp_gain":0.0,"max_hp_loss":0.0,"gold_gain":0.0,"event_name":"The Woman in Blue","player_choice":"Bought 3 Potions","floor":2.0,"gold_loss":0.0,"damage_taken":0.0},{"damage_healed":0.0,"max_hp_gain":0.0,"max_hp_loss":0.0,"gold_gain":0.0,"event_name":"Scrap Ooze","player_choice":"Success","floor":4.0,"gold_loss":0.0,"damage_taken":3.0,"relics_obtained":["InkBottle"]},{"damage_healed":0.0,"max_hp_gain":0.0,"max_hp_loss":0.0,"gold_gain":0.0,"event_name":"Golden Idol","player_choice":"Take Wound","floor":5.0,"gold_loss":0.0,"damage_taken":0.0,"relics_obtained":["Golden Idol"],"cards_obtained":["Injury"]},{"damage_healed":0.0,"max_hp_gain":0.0,"max_hp_loss":0.0,"gold_gain":0.0,"event_name":"Shining Light","player_choice":"Entered Light","floor":7.0,"gold_loss":0.0,"damage_taken":14.0,"cards_upgraded":["Strike_G","Defend_G"]},{"cards_removed":["Strike_G"],"damage_healed":0.0,"max_hp_gain":0.0,"max_hp_loss":0.0,"gold_gain":0.0,"event_name":"Beggar","player_choice":"Gave Gold","floor":19.0,"gold_loss":75.0,"damage_taken":0.0},{"damage_healed":0.0,"max_hp_gain":0.0,"max_hp_loss":0.0,"gold_gain":0.0,"event_name":"Duplicator","player_choice":"Copied","floor":20.0,"gold_loss":0.0,"damage_taken":0.0,"cards_obtained":["Poisoned Stab"]}],"is_beta":false,"boss_relics":[{"not_picked":["Runic Pyramid","Snecko Eye"],"picked":"Ring of the Serpent"}],"items_purged_floors":[],"is_endless":false,"potions_floor_spawned":[1,3,11,13,18,21],"killed_by":"Shelled Parasite and Fungi","ascension_level":0}}