{"host":"vumwfieg2b2mnrfl","time":1613004273,"event":{"mods":["AchievementEnabler","BaseMod","Minty Spire (QoL Compilation)","Rare Cards Sparkle","Relic Stats"],"gold_per_floor":[114,114,35,49,63,95,123,183,183,197,197,197],"floor_reached":11,"language":"ENG","playtime":315,"items_purged":[],"score":146,"play_id":"c5f8ead8-0540-4d60-bb06-d0a3b4be2e46","local_time":"20210210184433","is_ascension_mode":true,"campfire_choices":[],"circlet_count":0,"master_deck":["AscendersBane","Strike_G","Strike_G","Strike_G","Strike_G","Strike_G","Defend_G","Defend_G","Defend_G","Defend_G","Defend_G","Survivor","Neutralize","Noxious Fumes","Dash","Prepared","Poisoned Stab","Deflect","Escape Plan","Bane"],"relics":["Ring of the Snake","NeowsBlessing","Pear","Odd Mushroom","Frozen Egg 2"],"acts_visited":["Exordium"],"potions_floor_usage":[11],"damage_taken":[{"damage":0.0,"enemies":"Jaw Worm","floor":1.0,"turns":1.0},{"damage":0.0,"enemies":"2 Louse","floor":4.0,"turns":1.0},{"damage":0.0,"enemies":"Cultist","floor":5.0,"turns":1.0},{"damage":30.0,"enemies":"Gremlin Nob","floor":6.0,"turns":4.0},{"damage":21.0,"enemies":"The Mushroom Lair","floor":7.0,"turns":6.0},{"damage":7.0,"enemies":"3 Louse","floor":10.0,"turns":5.0},{"damage":16,"enemies":"Lagavulin","floor":11,"turns":6}],"seed_played":"-2429899641959157340","potions_obtained":[{"floor":5.0,"key":"ColorlessPotion"},{"floor":7.0,"key":"SneckoOil"}],"is_trial":false,"path_per_floor":["M","?","$","M","M","E","?","?","T","M","E"],"character_chosen":"THE_SILENT","items_purchased":["Dash"],"campfire_rested":0,"item_purchase_floors":[3],"current_hp_per_floor":[59,64,64,64,64,44,23,23,23,16,0,0],"gold":197,"neow_bonus":"THREE_ENEMY_KILL","is_daily":false,"chose_seed":false,"campfire_upgraded":0,"win_rate":0.0,"timestamp":1613004273,"path_taken":["M","?","$","M","M","E","?","?","T","?","E"],"items_purchased_type":["Card"],"build_version":"2020-12-22","purchased_purges":0,"victory":false,"max_hp_per_floor":[66,71,71,71,71,81,81,81,81,81,81,81],"relic_stats":{"counters":[7,24],"obtain_stats":[{"Pear":6,"NeowsBlessing":0,"Odd Mushroom":7,"Frozen Egg 2":9,"Ring of the Snake":0},{"Pear":4,"NeowsBlessing":0,"Odd Mushroom":5,"Frozen Egg 2":5,"Ring of the Snake":0},{"Pear":7,"NeowsBlessing":0,"Odd Mushroom":13,"Frozen Egg 2":13,"Ring of the Snake":0}],"Ring of the Snake":[14]},"card_choices":[{"not_picked":["Blade Dance","Acrobatics"],"picked":"Noxious Fumes","floor":1.0},{"not_picked":["Deflect","Poisoned Stab"],"picked":"Prepared","floor":4.0},{"not_picked":["Dodge and Roll","Well Laid Plans"],"picked":"Poisoned Stab","floor":5.0},{"not_picked":["Dagger Throw","Outmaneuver"],"picked":"Deflect","floor":6.0},{"not_picked":["Crippling Poison","Outmaneuver"],"picked":"Escape Plan","floor":7.0},{"not_picked":["Predator","Blade Dance"],"picked":"Bane","floor":10.0}],"player_experience":545252,"relics_obtained":[{"floor":6.0,"key":"Pear"},{"floor":7.0,"key":"Odd Mushroom"},{"floor":9.0,"key":"Frozen Egg 2"}],"event_choices":[{"damage_healed":0.0,"max_hp_gain":5.0,"max_hp_loss":0.0,"gold_gain":0.0,"event_name":"Big Fish","player_choice":"Donut","floor":2.0,"gold_loss":0.0,"damage_taken":0.0},{"damage_healed":0.0,"max_hp_gain":0.0,"max_hp_loss":0.0,"gold_gain":0.0,"event_name":"Mushrooms","player_choice":"Fought Mushrooms","floor":7.0,"gold_loss":0.0,"damage_taken":0.0},{"damage_healed":0.0,"max_hp_gain":0.0,"max_hp_loss":0.0,"gold_gain":60.0,"event_name":"Golden Wing","player_choice":"Gained Gold","floor":8.0,"gold_loss":0.0,"damage_taken":0.0}],"is_beta":false,"boss_relics":[],"items_purged_floors":[],"is_endless":false,"potions_floor_spawned":[5,7],"killed_by":"Lagavulin","ascension_level":20}}