{"host":"d61fcf2p3sjwe6yo","time":1613063354,"event":{"mods":["Act Like it!","BaseMod","Colored Map","Gensokyo","Koishi","Marisa????????","Minty Spire (QoL Compilation)","Reimu??????","StSLib","SuperFastMode","The Servant 0.9.4"],"gold_per_floor":[360,360,360,84,97,97,131,143,155,367,367],"floor_reached":10,"language":"ENG","playtime":457,"items_purged":[],"score":168,"play_id":"1e2c84c3-deea-4149-9727-a35ad0d497f4","local_time":"20210211200914","is_ascension_mode":true,"campfire_choices":[{"data":"GearUp","floor":6,"key":"SMITH"}],"circlet_count":0,"master_deck":["AscendersBane","Strike_S","Strike_S","Strike_S","Strike_S","Defend_S","Defend_S","Defend_S","Defend_S","KidneyShot","Exchange","Gensokyo:BlemishedSteel","Gensokyo:RPG","Gensokyo:ReactiveArmor","Rearm+1","GearUp+1","Solidify","Duplication"],"relics":["Uniform","Gensokyo:Justice","Omamori","MawBank","Meat on the Bone"],"acts_visited":["Gensokyo:Gensokyo"],"potions_floor_usage":[],"damage_taken":[{"damage":16,"enemies":"Gensokyo:3_Fairies","floor":1,"turns":6},{"damage":18,"enemies":"Gensokyo:Gryphon","floor":5,"turns":6},{"damage":0,"enemies":"Gensokyo:Mamizou","floor":7,"turns":14},{"damage":12,"enemies":"Gensokyo:Aya","floor":10,"turns":3}],"seed_played":"5825478326491663667","potions_obtained":[],"is_trial":false,"path_per_floor":["M","?","?","COS","M","R","E","$","T","E"],"character_chosen":"THE_SERVANT","items_purchased":[],"campfire_rested":0,"item_purchase_floors":[],"current_hp_per_floor":[38,38,38,38,20,20,20,20,20,8,8],"gold":367,"neow_bonus":"TWO_FIFTY_GOLD","is_daily":false,"chose_seed":false,"campfire_upgraded":1,"win_rate":0.0,"timestamp":1613063354,"path_taken":["M","?","?","COS","M","R","E","$","T","E"],"items_purchased_type":[],"build_version":"2020-12-22","purchased_purges":0,"victory":false,"max_hp_per_floor":[54,54,54,54,54,54,54,54,54,54,54],"card_choices":[{"not_picked":["Spin","Potential"],"picked":"FastForward","floor":1},{"not_picked":["Unruled+1","ShatteredReality+1"],"picked":"Rearm+1","floor":5},{"not_picked":["Revamp","Defy"],"picked":"GearUp","floor":5},{"not_picked":["Embodiment","TrueSight"],"picked":"Solidify","floor":7},{"not_picked":["Potential","Alleviate"],"picked":"Duplication","floor":7}],"player_experience":342566,"relics_obtained":[{"floor":7,"key":"MawBank"},{"floor":9,"key":"Meat on the Bone"}],"event_choices":[],"is_beta":false,"boss_relics":[],"items_purged_floors":[],"is_endless":false,"potions_floor_spawned":[],"killed_by":"Gensokyo:Aya","ascension_level":20}}