{"host":"gh97pv908ci4ql26","time":1613024474,"event":{"mods":["AchievementEnabler","BaseMod","Colored Powertips","Minty Spire (QoL Compilation)","StSLib","Together in Spire"],"gold_per_floor":[213,232,232,232,249,282,282,282,305,331,331,130,149,160,160,263,263,278,278,42,83,57,84,183,183,183,203,213,245,245,278,278,278,278],"floor_reached":33,"language":"ENG","playtime":4475,"items_purged":["Strike_R"],"score":277,"play_id":"7d4d64ad-4cc6-445d-baa6-472093a60e1e","local_time":"20210210222114","is_ascension_mode":false,"campfire_choices":[{"data":"Rage","floor":8,"key":"SMITH"},{"floor":15,"key":"REST"},{"data":"Armaments","floor":25,"key":"SMITH"},{"floor":30,"key":"REST"},{"floor":32,"key":"RECALL"}],"circlet_count":0,"master_deck":["Strike_R","Strike_R","Strike_R","Defend_R","Defend_R","Defend_R","Defend_R+1","Bash","Clash+1","Gash","Rage+1","Thunderclap","Armaments+1","Metallicize","Iron Wave","Rage","Clothesline","Berserk","HandOfGreed","Fire Breathing","Flex","Immolate","Armaments","Spot Weakness","Ghostly Armor"],"relics":["Burning Blood","Boot","Omamori","Ornamental Fan","Sozu","Self Forming Clay","Gremlin Horn"],"acts_visited":["Exordium","TheCity"],"potions_floor_usage":[16,27,33],"damage_taken":[{"damage":5,"enemies":"Cultist","floor":1,"turns":4},{"damage":10,"enemies":"Jaw Worm","floor":2,"turns":4},{"damage":0,"enemies":"2 Louse","floor":5,"turns":2},{"damage":19,"enemies":"3 Sentries","floor":6,"turns":9},{"damage":26,"enemies":"Gremlin Nob","floor":10,"turns":5},{"damage":0,"enemies":"Looter","floor":13,"turns":3},{"damage":0,"enemies":"Lots of Slimes","floor":14,"turns":5},{"damage":21,"enemies":"The Guardian","floor":16,"turns":13},{"damage":20,"enemies":"Spheric Guardian","floor":18,"turns":6},{"damage":2,"enemies":"Chosen","floor":21,"turns":5},{"damage":50,"enemies":"Slavers","floor":23,"turns":8},{"damage":25,"enemies":"Centurion and Healer","floor":27,"turns":6},{"damage":5,"enemies":"Shelled Parasite and Fungi","floor":28,"turns":5},{"damage":9,"enemies":"3 Cultists","floor":29,"turns":5},{"damage":1,"enemies":"Centurion and Healer","floor":31,"turns":4},{"damage":60,"enemies":"Automaton","floor":33,"turns":6}],"seed_played":"-2502985141099264122","potions_obtained":[{"floor":1,"key":"HeartOfIron"},{"floor":2,"key":"AttackPotion"},{"floor":6,"key":"LiquidBronze"},{"floor":13,"key":"Regen Potion"}],"is_trial":false,"path_per_floor":["M","M","?","?","M","E","?","R","T","E","?","$","M","M","R","B",null,"M","?","$","M","$","E","?","R","T","M","M","M","R","M","R","B"],"character_chosen":"IRONCLAD","items_purchased":["Metallicize","Iron Wave","HandOfGreed","Fire Breathing","Flex"],"campfire_rested":2,"item_purchase_floors":[12,12,20,20,22],"current_hp_per_floor":[80,76,60,60,66,53,41,41,41,21,21,21,27,33,57,42,80,66,80,80,80,80,36,36,36,36,31,32,29,53,58,58,0,0],"gold":278,"neow_bonus":"HUNDRED_GOLD","is_daily":false,"chose_seed":false,"campfire_upgraded":2,"win_rate":0.0,"timestamp":1613024474,"path_taken":["M","?","?","?","?","E","?","R","T","E","?","$","M","?","R","BOSS","M","?","$","M","?","E","?","R","T","M","M","?","R","M","R","BOSS"],"items_purchased_type":["Card","Card","Card","Card","Card"],"build_version":"2020-12-22","purchased_purges":1,"victory":false,"max_hp_per_floor":[80,80,80,80,80,80,80,80,80,80,80,80,80,80,80,80,80,80,80,80,80,80,80,80,80,80,80,80,80,80,80,80,80,80],"card_choices":[{"not_picked":["Burning Pact","Headbutt"],"picked":"Seeing Red","floor":1},{"not_picked":["Bloodletting","Perfected Strike"],"picked":"Clash","floor":2},{"not_picked":["Body Slam","True Grit"],"picked":"Rage","floor":5},{"not_picked":["Corruption","Battle Trance"],"picked":"Thunderclap","floor":6},{"not_picked":["Anger","Flex"],"picked":"Armaments","floor":10},{"not_picked":["Cleave","Seeing Red"],"picked":"Rage","floor":13},{"not_picked":["Cleave","Pummel"],"picked":"Clothesline","floor":14},{"not_picked":["Limit Break","Reaper"],"picked":"Berserk","floor":16},{"not_picked":["Twin Strike","Carnage+1"],"picked":"Bloodletting","floor":18},{"not_picked":["True Grit","Sword Boomerang","Twin Strike"],"picked":"SKIP","floor":21},{"not_picked":["Heavy Blade","True Grit"],"picked":"Immolate","floor":23},{"not_picked":["Combust","Battle Trance"],"picked":"Armaments","floor":27},{"not_picked":["Combust","Searing Blow+1"],"picked":"Spot Weakness","floor":28},{"not_picked":["Flex","Shrug It Off"],"picked":"Ghostly Armor","floor":29},{"not_picked":["Cleave+1","True Grit","Twin Strike"],"picked":"SKIP","floor":31}],"player_experience":102849,"relics_obtained":[{"floor":6,"key":"Boot"},{"floor":10,"key":"Ornamental Fan"},{"floor":23,"key":"Self Forming Clay"},{"floor":26,"key":"Gremlin Horn"}],"event_choices":[{"damage_healed":0,"gold_gain":0,"player_choice":"Entered Light","damage_taken":16,"max_hp_gain":0,"max_hp_loss":0,"event_name":"Shining Light","floor":3,"gold_loss":0,"cards_upgraded":["Defend_R","Clash"]},{"cards_removed":["Seeing Red"],"damage_healed":0,"gold_gain":0,"player_choice":"Took Card","damage_taken":0,"max_hp_gain":0,"max_hp_loss":0,"event_name":"NoteForYourself","floor":4,"gold_loss":0,"cards_obtained":["Gash"]},{"damage_healed":0,"gold_gain":0,"player_choice":"Success","damage_taken":12,"relics_obtained":["Omamori"],"max_hp_gain":0,"max_hp_loss":0,"event_name":"Scrap Ooze","floor":7,"gold_loss":0},{"cards_removed":["Strike_R"],"damage_healed":0,"gold_gain":0,"player_choice":"Purged","damage_taken":0,"max_hp_gain":0,"max_hp_loss":0,"event_name":"Purifier","floor":11,"gold_loss":0},{"cards_removed":["Bloodletting"],"damage_healed":14,"gold_gain":0,"player_choice":"Offered Uncommon","damage_taken":0,"max_hp_gain":0,"max_hp_loss":0,"event_name":"Bonfire Elementals","floor":19,"gold_loss":0},{"damage_healed":0,"gold_gain":99,"player_choice":"Stole From Cult","damage_taken":0,"max_hp_gain":0,"max_hp_loss":0,"event_name":"Nest","floor":24,"gold_loss":0}],"is_beta":false,"boss_relics":[{"not_picked":["Velvet Choker","Fusion Hammer"],"picked":"Sozu"}],"items_purged_floors":[12],"is_endless":false,"potions_floor_spawned":[1,2,6,13,23,29],"killed_by":"Automaton","ascension_level":0}}