{"host":"n95r2z13dwkl182w","time":1613024411,"event":{"mods":["2.2 Compatiblity","AchievementEnabler","BaseMod","Colored Map","Hermit","Marisa£¨Ùöéë¡¡Øª×âÞÞ£©","Minty Spire (QoL Compilation)","StSLib","SuperFastMode","everything is the same but u backflip on backflip"],"gold_per_floor":[110,110,110,168,185,185,214,232,232,232,232,244,98,117,117,213,213,228,248,20,36,51,51,51,51],"floor_reached":24,"language":"KOR","playtime":1014,"items_purged":["Regret"],"score":248,"play_id":"5f421120-53b6-48fc-98bc-27d7fc0f87c3","local_time":"20210211152011","is_ascension_mode":false,"campfire_choices":[{"data":"hermit:Covet","floor":6.0,"key":"SMITH"},{"data":"hermit:BodyArmor","floor":10.0,"key":"SMITH"},{"data":"hermit:Strike_Hermit","floor":15.0,"key":"SMITH"}],"circlet_count":0,"master_deck":["hermit:Strike_Hermit","hermit:Strike_Hermit+1","hermit:Strike_Hermit+1","hermit:Defend_Hermit","hermit:Defend_Hermit","hermit:Snapshot+1","hermit:Covet+1","hermit:Ricochet+1","hermit:BodyArmor+1","hermit:Gambit+1","hermit:Enervate+1","hermit:HoleUp+1","hermit:TrackingShot+1","hermit:TakeCover+1","Ghostly","Ghostly","Ghostly","Ghostly","Ghostly"],"relics":["hermit:Momento","NeowsBlessing","Toy Ornithopter","MealTicket","Pantograph","Whetstone","Astrolabe","Oddly Smooth Stone"],"acts_visited":["Exordium","TheCity"],"potions_floor_usage":[22,24],"damage_taken":[{"damage":0.0,"enemies":"2 Louse","floor":1.0,"turns":1.0},{"damage":0.0,"enemies":"Small Slimes","floor":5.0,"turns":1.0},{"damage":0.0,"enemies":"3 Sentries","floor":7.0,"turns":2.0},{"damage":1.0,"enemies":"Jaw Worm","floor":8.0,"turns":2.0},{"damage":27.0,"enemies":"Gremlin Gang","floor":12.0,"turns":4.0},{"damage":0.0,"enemies":"Looter","floor":14.0,"turns":2.0},{"damage":39.0,"enemies":"The Guardian","floor":16.0,"turns":10.0},{"damage":5.0,"enemies":"3 Byrds","floor":18.0,"turns":6.0},{"damage":0.0,"enemies":"Spheric Guardian","floor":19.0,"turns":2.0},{"damage":8,"enemies":"Shelled Parasite and Fungi","floor":21,"turns":7},{"damage":13,"enemies":"Snecko","floor":22,"turns":6},{"damage":0,"enemies":"Gremlin Leader","floor":24,"turns":8}],"seed_played":"-5115964414682721556","potions_obtained":[{"floor":8.0,"key":"SteroidPotion"},{"floor":12.0,"key":"SkillPotion"},{"floor":16.0,"key":"Strength Potion"},{"floor":18.0,"key":"Dexterity Potion"},{"floor":19.0,"key":"SkillPotion"},{"floor":22,"key":"DistilledChaos"}],"is_trial":false,"path_per_floor":["M","?","?","?","M","R","E","M","T","R","?","M","$","M","R","B",null,"M","M","$","M","M","?","E"],"character_chosen":"HERMIT","items_purchased":["Whetstone","Oddly Smooth Stone"],"campfire_rested":0,"item_purchase_floors":[13,20],"current_hp_per_floor":[75,75,60,60,60,60,60,59,59,59,59,32,47,47,47,33,75,70,70,75,67,59,37,37,37],"gold":51,"neow_bonus":"THREE_ENEMY_KILL","is_daily":false,"chose_seed":false,"campfire_upgraded":3,"win_rate":0.0,"timestamp":1613024411,"path_taken":["M","?","?","?","M","R","E","M","T","R","?","?","$","M","R","BOSS","M","M","$","M","?","?","E"],"items_purchased_type":["Relic","Relic"],"build_version":"2020-12-22","purchased_purges":1,"victory":false,"max_hp_per_floor":[75,75,75,75,75,75,75,75,75,75,75,75,75,75,75,75,75,75,75,75,75,75,37,37,37],"card_choices":[{"not_picked":["hermit:Glare","hermit:Vantage"],"picked":"hermit:Ricochet","floor":1.0},{"not_picked":["hermit:CursedWeapon","hermit:Deadeye","hermit:WideOpen"],"picked":"SKIP","floor":5.0},{"not_picked":["hermit:HoleUp","hermit:Dive"],"picked":"hermit:BodyArmor","floor":7.0},{"not_picked":["hermit:Virtue","hermit:ItchyTrigger"],"picked":"hermit:Gambit","floor":8.0},{"not_picked":["hermit:TrackingShot","hermit:HighCaliber","hermit:Misfire"],"picked":"SKIP","floor":12.0},{"not_picked":["hermit:Desperado","hermit:BodyArmor","hermit:Shortfuse"],"picked":"SKIP","floor":14.0},{"not_picked":["hermit:HighCaliber","hermit:Misfire"],"picked":"hermit:TakeCover+1","floor":18.0},{"not_picked":["hermit:HoleUp","hermit:LoneWolf+1","hermit:Dive"],"picked":"SKIP","floor":19.0},{"not_picked":["hermit:SprayPray","hermit:HoleUp","hermit:Snipe"],"picked":"SKIP","floor":21},{"not_picked":["hermit:Gestalt","hermit:FullyLoaded","hermit:Scavenge"],"picked":"SKIP","floor":22}],"player_experience":68314,"relics_obtained":[{"floor":7.0,"key":"MealTicket"},{"floor":9.0,"key":"Pantograph"}],"event_choices":[{"damage_healed":0.0,"max_hp_gain":0.0,"max_hp_loss":0.0,"gold_gain":0.0,"event_name":"Big Fish","player_choice":"Box","floor":2.0,"gold_loss":0.0,"damage_taken":0.0,"relics_obtained":["Toy Ornithopter"],"cards_obtained":["Regret"]},{"damage_healed":0.0,"max_hp_gain":0.0,"max_hp_loss":0.0,"gold_gain":0.0,"event_name":"Shining Light","player_choice":"Entered Light","floor":3.0,"gold_loss":0.0,"damage_taken":15.0,"cards_upgraded":["hermit:Strike_Hermit","hermit:Snapshot"]},{"damage_healed":0.0,"max_hp_gain":0.0,"max_hp_loss":0.0,"gold_gain":58.0,"event_name":"Golden Wing","player_choice":"Gained Gold","floor":4.0,"gold_loss":0.0,"damage_taken":0.0},{"damage_healed":0.0,"max_hp_gain":0.0,"max_hp_loss":0.0,"gold_gain":0.0,"event_name":"Living Wall","player_choice":"Grow","floor":11.0,"gold_loss":0.0,"damage_taken":0.0,"cards_upgraded":["hermit:Gambit"]},{"damage_healed":0,"gold_gain":0,"player_choice":"Became a Ghost","damage_taken":0,"max_hp_gain":0,"max_hp_loss":38,"event_name":"Ghosts","floor":23,"gold_loss":0,"cards_obtained":["Ghostly","Ghostly","Ghostly","Ghostly","Ghostly"]}],"is_beta":false,"boss_relics":[{"not_picked":["Ectoplasm","Snecko Eye"],"picked":"Astrolabe"}],"items_purged_floors":[20],"is_endless":false,"potions_floor_spawned":[8,12,16,18,19,22],"killed_by":"Gremlin Leader","ascension_level":0}}