{"host":"mqhvlr3kpxebko0t","time":1613068479,"event":{"mods":["AchievementEnabler","BaseMod","Colored Map","Colored Powertips","KOR Keyword Fix","Keyboard Shortcuts","Minty Spire (QoL Compilation)","StSLib","SuperFastMode"],"gold_per_floor":[19,37,55,71,71,97,97,111,134,153,153,169,180,105,105,180,180,192,242,253,278,294,294,307,307,307,207,207,220,220,238,238,315,315,333,555,569,401,418,378,394,427,427,427,439,464,93,103,103,103,103],"floor_reached":52,"language":"KOR","playtime":1330,"items_purged":["Strike_R","Strike_R","Searing Blow+1","Heavy Blade+1"],"score":1980,"play_id":"0ea1ce42-1355-4e8e-b406-649a8658a9b6","local_time":"20210212033439","is_ascension_mode":true,"campfire_choices":[{"data":"Bash","floor":7.0,"key":"SMITH"},{"data":"Battle Trance","floor":11.0,"key":"SMITH"},{"data":"Pommel Strike","floor":15.0,"key":"SMITH"},{"data":"Impervious","floor":23.0,"key":"SMITH"},{"floor":25.0,"key":"REST"},{"data":"Heavy Blade","floor":28.0,"key":"SMITH"},{"floor":32,"key":"REST"},{"data":"Burning Pact","floor":44,"key":"SMITH"},{"data":"Evolve","floor":49,"key":"SMITH"}],"circlet_count":0,"master_deck":["AscendersBane","Defend_R","Bash+1","Dropkick","Battle Trance+1","Pommel Strike+1","Impervious+1","Dropkick","Dropkick","Sentinel+1","Fiend Fire+1","Second Wind+1","Burning Pact+1","Evolve+1"],"relics":["Burning Blood","Red Skull","Bronze Scales","Busted Crown","Red Mask","Self Forming Clay","Astrolabe","Nunchaku","Thread and Needle","TheAbacus"],"acts_visited":["Exordium","TheCity","TheBeyond"],"potions_floor_usage":[33,33,39,48,50,50],"damage_taken":[{"damage":2.0,"enemies":"Jaw Worm","floor":1.0,"turns":5.0},{"damage":10.0,"enemies":"Small Slimes","floor":2.0,"turns":4.0},{"damage":1.0,"enemies":"Cultist","floor":3.0,"turns":3.0},{"damage":6.0,"enemies":"Looter","floor":4.0,"turns":2.0},{"damage":8.0,"enemies":"Gremlin Nob","floor":6.0,"turns":3.0},{"damage":11.0,"enemies":"Blue Slaver","floor":8.0,"turns":3.0},{"damage":15.0,"enemies":"Red Slaver","floor":10.0,"turns":4.0},{"damage":10.0,"enemies":"3 Louse","floor":12.0,"turns":3.0},{"damage":11.0,"enemies":"Blue Slaver","floor":13.0,"turns":3.0},{"damage":46.0,"enemies":"Slime Boss","floor":16.0,"turns":8.0},{"damage":25.0,"enemies":"Shell Parasite","floor":18.0,"turns":5.0},{"damage":6.0,"enemies":"3 Byrds","floor":20.0,"turns":3.0},{"damage":36.0,"enemies":"Masked Bandits","floor":21.0,"turns":4.0},{"damage":19.0,"enemies":"Shelled Parasite and Fungi","floor":22.0,"turns":3.0},{"damage":11.0,"enemies":"Centurion and Healer","floor":24.0,"turns":5.0},{"damage":0.0,"enemies":"Snake Plant","floor":29.0,"turns":3.0},{"damage":12,"enemies":"Cultist and Chosen","floor":31,"turns":3},{"damage":59,"enemies":"Champ","floor":33,"turns":7},{"damage":8,"enemies":"Orb Walker","floor":35,"turns":2},{"damage":12,"enemies":"3 Darklings","floor":37,"turns":4},{"damage":0,"enemies":"Transient","floor":39,"turns":3},{"damage":21,"enemies":"Jaw Worm Horde","floor":41,"turns":3},{"damage":13,"enemies":"Giant Head","floor":42,"turns":3},{"damage":23,"enemies":"Sphere and 2 Shapes","floor":45,"turns":4},{"damage":0,"enemies":"Mind Bloom Boss Battle","floor":46,"turns":3},{"damage":0,"enemies":"Spire Growth","floor":48,"turns":2},{"damage":0,"enemies":"Donu and Deca","floor":50,"turns":4},{"damage":0,"enemies":"Awakened One","floor":51,"turns":3}],"seed_played":"2450955030639048386","potions_obtained":[{"floor":3.0,"key":"Dexterity Potion"},{"floor":4.0,"key":"SkillPotion"},{"floor":8.0,"key":"FairyPotion"},{"floor":16.0,"key":"GamblersBrew"},{"floor":22.0,"key":"LiquidBronze"},{"floor":35,"key":"HeartOfIron"},{"floor":40,"key":"DuplicationPotion"},{"floor":40,"key":"BlessingOfTheForge"},{"floor":48,"key":"SkillPotion"}],"is_trial":false,"path_per_floor":["M","M","M","M","?","E","R","M","T","M","R","M","M","$","R","B",null,"M","?","M","?","M","R","M","R","T","$","R","M","?","M","R","B",null,"M","?","M","$","M","?","M","E","T","R","M","?","$","M","R","B","B",null],"character_chosen":"IRONCLAD","items_purchased":["Evolve","TheAbacus","BloodPotion"],"campfire_rested":2,"item_purchase_floors":[38,47,47],"current_hp_per_floor":[72,68,73,73,73,71,71,66,66,57,57,53,48,48,48,8,58,39,39,39,9,24,24,19,41,41,41,41,47,47,41,63,10,59,57,57,51,51,57,57,42,35,35,35,18,24,24,45,45,51,57],"gold":103,"neow_bonus":"REMOVE_TWO","is_daily":false,"chose_seed":false,"campfire_upgraded":7,"win_rate":0.0,"timestamp":1613068479,"path_taken":["M","M","M","M","?","E","R","M","T","M","R","M","M","$","R","BOSS","M","?","?","?","M","R","M","R","T","$","R","M","?","?","R","BOSS","M","?","M","$","M","?","M","E","T","R","?","?","$","M","R","BOSS","BOSS"],"items_purchased_type":["Card","Relic","Potion"],"build_version":"2020-12-22","purchased_purges":4,"victory":true,"max_hp_per_floor":[75,75,75,75,75,75,75,75,75,75,75,75,75,75,75,75,75,75,75,75,75,75,75,75,75,75,75,75,75,75,75,75,75,75,75,75,75,75,75,75,75,75,75,75,75,75,75,75,75,75,75],"card_choices":[{"not_picked":["Shrug It Off","Battle Trance"],"picked":"Dropkick","floor":1.0},{"not_picked":["Twin Strike","Body Slam","Burning Pact"],"picked":"SKIP","floor":2.0},{"not_picked":["Wild Strike","Rupture","Clash"],"picked":"SKIP","floor":3.0},{"not_picked":["Rupture","Clash"],"picked":"Wild Strike","floor":3.0},{"not_picked":["Hemokinesis","Pummel","Rampage"],"picked":"SKIP","floor":4.0},{"not_picked":["Havoc","Body Slam","Combust"],"picked":"SKIP","floor":6.0},{"not_picked":["Flex","Perfected Strike","Havoc"],"picked":"SKIP","floor":8.0},{"not_picked":["Twin Strike","Thunderclap"],"picked":"Battle Trance","floor":10.0},{"not_picked":["Clash","Headbutt"],"picked":"Pommel Strike","floor":12.0},{"not_picked":["Pommel Strike","Entrench","Seeing Red"],"picked":"SKIP","floor":13.0},{"not_picked":["Barricade","Juggernaut"],"picked":"Impervious","floor":16.0},{"not_picked":["Headbutt"],"picked":"SKIP","floor":18.0},{"not_picked":["Heavy Blade"],"picked":"SKIP","floor":20.0},{"not_picked":[],"picked":"Dropkick","floor":22.0},{"not_picked":["Flame Barrier"],"picked":"SKIP","floor":24.0},{"not_picked":["Pommel Strike"],"picked":"SKIP","floor":29.0},{"not_picked":["Cleave"],"picked":"SKIP","floor":31},{"not_picked":[],"picked":"Second Wind+1","floor":35},{"not_picked":[],"picked":"Burning Pact","floor":37},{"not_picked":["Dropkick+1"],"picked":"SKIP","floor":39},{"not_picked":["Heavy Blade"],"picked":"SKIP","floor":41},{"not_picked":["Cleave+1"],"picked":"SKIP","floor":42},{"not_picked":["True Grit"],"picked":"SKIP","floor":45},{"not_picked":["Wild Strike+1"],"picked":"SKIP","floor":48}],"player_experience":714940,"relics_obtained":[{"floor":6.0,"key":"Red Skull"},{"floor":9.0,"key":"Bronze Scales"},{"floor":21.0,"key":"Red Mask"},{"floor":26.0,"key":"Self Forming Clay"},{"floor":42,"key":"Nunchaku"},{"floor":46,"key":"Thread and Needle"}],"event_choices":[{"damage_healed":0.0,"max_hp_gain":0.0,"max_hp_loss":0.0,"gold_gain":0.0,"cards_transformed":["Strike_R"],"event_name":"Living Wall","player_choice":"Change","floor":5.0,"gold_loss":0.0,"damage_taken":0.0,"cards_obtained":["Heavy Blade"]},{"damage_healed":0.0,"max_hp_gain":0.0,"max_hp_loss":0.0,"gold_gain":50.0,"event_name":"Golden Shrine","player_choice":"Pray","floor":19.0,"gold_loss":0.0,"damage_taken":0.0},{"damage_healed":0.0,"max_hp_gain":0.0,"max_hp_loss":0.0,"gold_gain":0.0,"event_name":"Masked Bandits","player_choice":"Fought Bandits","floor":21.0,"gold_loss":0.0,"damage_taken":0.0},{"damage_healed":0,"gold_gain":0,"cards_transformed":["Wild Strike"],"player_choice":"Transformed","damage_taken":0,"max_hp_gain":0,"max_hp_loss":0,"event_name":"Transmorgrifier","floor":30,"gold_loss":0,"cards_obtained":["Dropkick"]},{"damage_healed":0,"gold_gain":222,"player_choice":"Wore Mask","damage_taken":0,"max_hp_gain":0,"max_hp_loss":0,"event_name":"Tomb of Lord Red Mask","floor":36,"gold_loss":0},{"damage_healed":0,"gold_gain":0,"player_choice":"Bought 3 Potions","damage_taken":0,"max_hp_gain":0,"max_hp_loss":0,"event_name":"The Woman in Blue","floor":40,"gold_loss":0},{"damage_healed":0,"gold_gain":0,"player_choice":"Fight","damage_taken":0,"max_hp_gain":0,"max_hp_loss":0,"event_name":"MindBloom","floor":46,"gold_loss":0}],"is_beta":false,"boss_relics":[{"not_picked":["Velvet Choker","Ectoplasm"],"picked":"Busted Crown"},{"not_picked":["Black Star","Runic Cube"],"picked":"Astrolabe"}],"items_purged_floors":[14,27,38,47],"is_endless":false,"potions_floor_spawned":[3,4,8,10,12,16,20,22,35,45,46,48],"ascension_level":20}}