{"host":"bz6w3lfmpwgz81o3","time":1613074169,"event":{"mods":["BaseMod","Downfall","Hermit","Minty Spire (QoL Compilation)","StSLib"],"gold_per_floor":[118,130,144,64,79,79,106,106,106,106,141,141,141,159,159,268,268,261,186,210,224,245,245,282,282,282,308,313,313],"floor_reached":28,"language":"ENG","playtime":1542,"items_purged":["hermit:Strike_Hermit"],"score":281,"play_id":"7b723781-d4c6-4402-8130-593ad6e55dee","local_time":"20210211210929","is_ascension_mode":true,"campfire_choices":[{"data":"hermit:Spite","floor":6,"key":"SMITH"},{"data":"hermit:Gestalt","floor":8,"key":"SMITH"},{"data":"hermit:ShadowCloak","floor":10,"key":"SMITH"},{"data":"hermit:Cheat","floor":15,"key":"SMITH"},{"data":"hermit:Determination","floor":23,"key":"SMITH"},{"data":"hermit:Brawl","floor":25,"key":"SMITH"}],"circlet_count":0,"master_deck":["hermit:Strike_Hermit","hermit:Strike_Hermit","hermit:Defend_Hermit","hermit:Defend_Hermit","hermit:Defend_Hermit","hermit:Snapshot","hermit:Covet","Doubt","hermit:Cheat+1","hermit:Desperado","hermit:Spite+1","hermit:Deadeye","hermit:Gestalt+1","hermit:ShadowCloak+1","hermit:Scavenge","hermit:HeroicBravado","hermit:Malice+1","hermit:Determination+1","hermit:Brawl+1","hermit:Dive","hermit:SprayPray"],"relics":["hermit:Momento","Nunchaku","Anchor","bronze:DecasWashers","sneckomod:SneckoTalon","Ornamental Fan","MealTicket","Slimebound:PreparedRelic"],"acts_visited":["Exordium","TheCity"],"potions_floor_usage":[7,7,7,7,16,18,21,24,27],"damage_taken":[{"damage":0,"enemies":"2 Louse","floor":1,"turns":2},{"damage":6,"enemies":"Cultist","floor":2,"turns":3},{"damage":5,"enemies":"Small Slimes","floor":3,"turns":2},{"damage":0,"enemies":"Exordium Wildlife","floor":5,"turns":2},{"damage":22,"enemies":"3 Sentries","floor":7,"turns":8},{"damage":2,"enemies":"Gremlin Nob","floor":11,"turns":4},{"damage":0,"enemies":"Blue Slaver","floor":14,"turns":3},{"damage":23,"enemies":"The Guardian","floor":16,"turns":13},{"damage":2,"enemies":"2 Thieves","floor":18,"turns":4},{"damage":3,"enemies":"Spheric Guardian","floor":20,"turns":4},{"damage":19,"enemies":"Shelled Parasite and Fungi","floor":21,"turns":6},{"damage":3,"enemies":"Snake Plant","floor":22,"turns":5},{"damage":21,"enemies":"Slavers","floor":24,"turns":6},{"damage":22,"enemies":"Gremlin Leader","floor":27,"turns":7},{"damage":28,"enemies":"3 Cultists","floor":28,"turns":5}],"seed_played":"2818648386756962507","potions_obtained":[{"floor":1,"key":"EntropicBrew"},{"floor":5,"key":"AttackPotion"},{"floor":7,"key":"BlessingOfTheForge"},{"floor":16,"key":"LiquidMemories"},{"floor":18,"key":"Regen Potion"},{"floor":21,"key":"GamblersBrew"},{"floor":27,"key":"SteroidPotion"}],"is_trial":false,"path_per_floor":["M","M","M","$","M","R","E","R","T","R","E","?","$","M","R","B",null,"M","$","M","M","M","R","E","R","T","E","M"],"character_chosen":"HERMIT","items_purchased":["hermit:ShadowCloak"],"campfire_rested":0,"item_purchase_floors":[4],"current_hp_per_floor":[75,69,64,64,64,64,42,42,42,42,40,75,75,75,75,52,75,73,73,70,63,60,60,39,39,39,17,0,0],"gold":313,"neow_bonus":"TRANSFORM_TWO_CARDS","is_daily":false,"chose_seed":false,"campfire_upgraded":6,"win_rate":0.0,"timestamp":1613074169,"path_taken":["M","M","M","$","M","R","E","R","T","R","E","?","$","M","R","BOSS","M","$","M","M","M","R","E","R","T","E","?"],"items_purchased_type":["Card"],"build_version":"2020-12-22","purchased_purges":1,"victory":false,"max_hp_per_floor":[75,75,75,75,75,75,75,75,75,75,75,75,75,75,75,75,75,75,75,75,75,75,75,75,75,75,75,75,75],"card_choices":[{"not_picked":["hermit:Ricochet","hermit:LuckOfTheDraw"],"picked":"hermit:Spite","floor":1},{"not_picked":["hermit:Feint","hermit:Roulette"],"picked":"hermit:Deadeye","floor":2},{"not_picked":["hermit:Vantage","hermit:Maintenance"],"picked":"hermit:Gestalt","floor":3},{"not_picked":["hermit:LuckOfTheDraw","hermit:Maintenance","hermit:TrackingShot"],"picked":"SKIP","floor":5},{"not_picked":["hermit:Maintenance","hermit:Spite","hermit:TakeAim"],"picked":"SKIP","floor":7},{"not_picked":["hermit:CalledShot","hermit:ItchyTrigger"],"picked":"hermit:Scavenge","floor":11},{"not_picked":["hermit:TrackingShot","hermit:PistolWhip","hermit:Feint"],"picked":"SKIP","floor":14},{"not_picked":["hermit:Dissolve","hermit:Roughhouse"],"picked":"hermit:HeroicBravado","floor":16},{"not_picked":["hermit:Brawl","hermit:Gestalt"],"picked":"hermit:Malice+1","floor":18},{"not_picked":["hermit:Showdown","hermit:TrackingShot"],"picked":"hermit:Determination","floor":20},{"not_picked":["hermit:CalledShot","hermit:TrackingShot"],"picked":"hermit:Brawl","floor":21},{"not_picked":["hermit:Feint","hermit:Combo"],"picked":"hermit:Dive","floor":22},{"not_picked":["hermit:Quickdraw","hermit:Roulette","hermit:LuckOfTheDraw"],"picked":"SKIP","floor":24},{"not_picked":["hermit:WideOpen","hermit:ItchyTrigger"],"picked":"hermit:SprayPray","floor":27}],"player_experience":38775,"relics_obtained":[{"floor":7,"key":"Nunchaku"},{"floor":9,"key":"Anchor"},{"floor":11,"key":"bronze:DecasWashers"},{"floor":24,"key":"Ornamental Fan"},{"floor":26,"key":"MealTicket"},{"floor":27,"key":"Slimebound:PreparedRelic"}],"event_choices":[{"damage_healed":35,"gold_gain":0,"player_choice":"Full Heal","damage_taken":0,"max_hp_gain":0,"max_hp_loss":0,"event_name":"Wheel of Change","floor":12,"gold_loss":0}],"is_beta":false,"boss_relics":[{"not_picked":["Runic Pyramid","SacredBark"],"picked":"sneckomod:SneckoTalon"}],"items_purged_floors":[19],"is_endless":false,"potions_floor_spawned":[1,5,7,16,18,21,27],"killed_by":"3 Cultists","ascension_level":1}}