{"host":"y0xh955wy0xwdoys","time":1613028759,"event":{"mods":["AchievementEnabler","BaseMod","Colored Powertips","Minty Spire (QoL Compilation)","Relic Sorter"],"gold_per_floor":[119,130,130,142,152,152,152,164,164,14,25,60,60,119,119,214,214,230,247,263,195,195,223,223,223,299,332,88,107,107,307,307,406,406,423,423,440,453,330,360,374,374,374,374,405,415,440,468,480,492],"floor_reached":51,"language":"ENG","playtime":6877,"items_purged":["Clash","Hello World+1"],"score":1027,"play_id":"27e4dbd3-3332-4f65-bd0f-d301e4a920b8","local_time":"20210210233239","daily_mods":["SealedDeck","Vintage","Diverse"],"is_ascension_mode":false,"campfire_choices":[{"data":"Hello World","floor":6,"key":"SMITH"},{"data":"SashWhip","floor":13,"key":"SMITH"},{"data":"Crescendo","floor":15,"key":"SMITH"},{"floor":25,"key":"DIG"},{"data":"Storm","floor":30,"key":"SMITH"},{"floor":32,"key":"DIG"},{"floor":44,"key":"REST"},{"data":"Prostrate","floor":49,"key":"SMITH"}],"circlet_count":0,"master_deck":["Gash+1","Meditate+1","Storm+1","Shrug It Off","Ball Lightning+1","SashWhip+1","Envenom","Lockon+1","ReachHeaven+1","BootSequence+1","EmptyMind+1","Sweeping Beam","Compile Driver+1","Flash of Steel","Barricade","Prostrate+1","Acrobatics+1","Cold Snap+1","LikeWater+1"],"relics":["Burning Blood","Happy Flower","Sundial","Pocketwatch","Ornamental Fan","Pen Nib","Bird Faced Urn","Toy Ornithopter","Gambling Chip","Mercury Hourglass","Self Forming Clay","Mummified Hand","Blue Candle","PreservedInsect","Astrolabe","Regal Pillow","Red Skull","Shovel","StrikeDummy","War Paint","Bottled Flame","Black Star","Omamori","TungstenRod","Ancient Tea Set","Dream Catcher","Darkstone Periapt","Mango","Molten Egg 2","Ginger","Eternal Feather","Lantern","MawBank","Smiling Mask","Whetstone"],"acts_visited":["Exordium","TheCity","TheBeyond"],"potions_floor_usage":[16,19,33,33,33,46,50,50],"damage_taken":[{"damage":11,"enemies":"Jaw Worm","floor":1,"turns":3},{"damage":0,"enemies":"Cultist","floor":2,"turns":3},{"damage":0,"enemies":"Small Slimes","floor":4,"turns":2},{"damage":8,"enemies":"2 Fungi Beasts","floor":5,"turns":2},{"damage":0,"enemies":"Large Slime","floor":8,"turns":5},{"damage":6,"enemies":"Looter","floor":11,"turns":2},{"damage":0,"enemies":"Gremlin Nob","floor":12,"turns":2},{"damage":34,"enemies":"The Guardian","floor":16,"turns":6},{"damage":2,"enemies":"Spheric Guardian","floor":18,"turns":3},{"damage":15,"enemies":"2 Thieves","floor":19,"turns":3},{"damage":8,"enemies":"Shelled Parasite and Fungi","floor":20,"turns":4},{"damage":1,"enemies":"Book of Stabbing","floor":23,"turns":3},{"damage":17,"enemies":"Gremlin Leader","floor":27,"turns":4},{"damage":4,"enemies":"Snake Plant","floor":29,"turns":3},{"damage":8,"enemies":"Automaton","floor":33,"turns":6},{"damage":2,"enemies":"Orb Walker","floor":35,"turns":2},{"damage":5,"enemies":"3 Shapes","floor":37,"turns":3},{"damage":8,"enemies":"3 Darklings","floor":38,"turns":4},{"damage":31,"enemies":"Reptomancer","floor":40,"turns":6},{"damage":16,"enemies":"Sphere and 2 Shapes","floor":41,"turns":4},{"damage":4,"enemies":"Nemesis","floor":45,"turns":5},{"damage":10,"enemies":"Writhing Mass","floor":46,"turns":6},{"damage":0,"enemies":"Giant Head","floor":47,"turns":6},{"damage":17,"enemies":"Spire Growth","floor":48,"turns":4},{"damage":0,"enemies":"Time Eater","floor":50,"turns":6}],"seed_played":"544193062115090970","potions_obtained":[{"floor":2,"key":"BloodPotion"},{"floor":12,"key":"Fire Potion"},{"floor":16,"key":"FearPotion"},{"floor":18,"key":"BlessingOfTheForge"},{"floor":19,"key":"Regen Potion"},{"floor":33,"key":"Fruit Juice"},{"floor":40,"key":"GamblersBrew"},{"floor":46,"key":"AttackPotion"},{"floor":48,"key":"DistilledChaos"}],"is_trial":true,"path_per_floor":["M","M","?","M","M","R","?","M","T","$","M","E","R","?","R","B",null,"M","M","M","$","?","E","?","R","T","E","$","M","R","?","R","B",null,"M","?","M","M","$","E","M","?","T","R","E","M","E","M","R","B",null],"character_chosen":"IRONCLAD","items_purchased":["Ball Lightning","Flex","EmptyMind","Flash of Steel","Happy Flower","Prostrate"],"campfire_rested":1,"item_purchase_floors":[10,10,21,28,28,39],"current_hp_per_floor":[75,80,80,80,78,78,78,80,80,80,80,80,80,80,80,52,80,80,80,78,78,78,80,80,80,80,73,73,77,77,77,77,85,85,85,85,85,83,83,60,70,70,70,99,99,95,99,88,97,99],"gold":504,"neow_bonus":"","is_daily":false,"chose_seed":false,"campfire_upgraded":5,"win_rate":0.0,"timestamp":1613028759,"path_taken":["M","M","?","?","?","R","?","M","T","$","M","E","R","?","R","BOSS","M","M","M","$","?","E","?","R","T","E","$","M","R","?","R","BOSS","M","?","M","?","$","E","M","?","T","R","E","M","E","M","R","BOSS"],"items_purchased_type":["Card","Card","Card","Card","Relic","Card"],"build_version":"2020-12-22","purchased_purges":2,"victory":true,"max_hp_per_floor":[80,80,80,80,80,80,80,80,80,80,80,80,80,80,80,80,80,80,80,80,80,80,80,80,80,80,80,80,80,80,80,80,85,85,85,85,85,85,85,85,99,99,99,99,99,99,99,99,99,99],"card_choices":[{"not_picked":["ThirdEye","Ball Lightning"],"picked":"SashWhip","floor":12},{"not_picked":["LessonLearned","Buffer"],"picked":"Envenom","floor":16},{"not_picked":["DeceiveReality","Escape Plan"],"picked":"Sweeping Beam","floor":23},{"not_picked":["Leap","SignatureMove"],"picked":"Compile Driver+1","floor":27},{"not_picked":["Brutality","Wish"],"picked":"Barricade","floor":33},{"not_picked":["Storm+1","ClearTheMind+1"],"picked":"Acrobatics+1","floor":40},{"not_picked":["Collect+1","EmptyBody+1"],"picked":"Cold Snap+1","floor":44},{"not_picked":["Cleave+1","Capacitor"],"picked":"LikeWater+1","floor":45},{"not_picked":["Coolheaded+1","True Grit","Halt+1"],"picked":"SKIP","floor":47}],"player_experience":77373,"relics_obtained":[{"floor":1,"key":"Ornamental Fan"},{"floor":2,"key":"Mercury Hourglass"},{"floor":4,"key":"Self Forming Clay"},{"floor":5,"key":"Pen Nib"},{"floor":8,"key":"Mummified Hand"},{"floor":9,"key":"Blue Candle"},{"floor":11,"key":"Gambling Chip"},{"floor":12,"key":"PreservedInsect"},{"floor":18,"key":"Regal Pillow"},{"floor":19,"key":"Bird Faced Urn"},{"floor":20,"key":"Red Skull"},{"floor":23,"key":"Shovel"},{"floor":25,"key":"StrikeDummy"},{"floor":26,"key":"Sundial"},{"floor":27,"key":"War Paint"},{"floor":29,"key":"Toy Ornithopter"},{"floor":32,"key":"Bottled Flame"},{"floor":35,"key":"Omamori"},{"floor":37,"key":"Ancient Tea Set"},{"floor":38,"key":"Dream Catcher"},{"floor":40,"key":"Pocketwatch"},{"floor":40,"key":"Darkstone Periapt"},{"floor":41,"key":"Mango"},{"floor":43,"key":"Molten Egg 2"},{"floor":45,"key":"Ginger"},{"floor":45,"key":"Eternal Feather"},{"floor":46,"key":"Lantern"},{"floor":47,"key":"MawBank"},{"floor":47,"key":"Smiling Mask"},{"floor":48,"key":"Whetstone"}],"event_choices":[{"cards_removed":["Flex"],"damage_healed":5,"gold_gain":0,"player_choice":"Offered Common","damage_taken":0,"max_hp_gain":0,"max_hp_loss":0,"event_name":"Bonfire Elementals","floor":3,"gold_loss":0},{"cards_removed":["Flex"],"damage_healed":5,"gold_gain":0,"player_choice":"Offered Special","damage_taken":0,"max_hp_gain":0,"max_hp_loss":0,"event_name":"Bonfire Elementals","floor":3,"gold_loss":0},{"damage_healed":0,"gold_gain":0,"player_choice":"Ignored","damage_taken":0,"max_hp_gain":0,"max_hp_loss":0,"event_name":"Liars Game","floor":7,"gold_loss":0},{"damage_healed":0,"gold_gain":59,"player_choice":"Gained Gold","damage_taken":0,"max_hp_gain":0,"max_hp_loss":0,"event_name":"Golden Wing","floor":14,"gold_loss":0},{"damage_healed":0,"gold_gain":0,"player_choice":"Ignored","damage_taken":0,"max_hp_gain":0,"max_hp_loss":0,"event_name":"Ghosts","floor":22,"gold_loss":0},{"damage_healed":0,"gold_gain":0,"player_choice":"Ignored","damage_taken":0,"max_hp_gain":0,"max_hp_loss":0,"event_name":"Vampires","floor":24,"gold_loss":0},{"damage_healed":0,"gold_gain":200,"player_choice":"Gold","damage_taken":0,"max_hp_gain":0,"max_hp_loss":0,"event_name":"Wheel of Change","floor":31,"gold_loss":0},{"damage_healed":0,"gold_gain":0,"player_choice":"Gave Potion","damage_taken":0,"relics_obtained":["TungstenRod"],"max_hp_gain":0,"max_hp_loss":0,"event_name":"WeMeetAgain","floor":36,"gold_loss":0},{"cards_removed":["Slice"],"damage_healed":0,"gold_gain":0,"player_choice":"Removed Attack","damage_taken":0,"max_hp_gain":0,"max_hp_loss":0,"event_name":"Falling","floor":42,"gold_loss":0}],"is_beta":false,"boss_relics":[{"not_picked":["Cursed Key","SacredBark"],"picked":"Astrolabe"},{"not_picked":["Velvet Choker","Calling Bell"],"picked":"Black Star"}],"items_purged_floors":[10,39],"is_endless":false,"potions_floor_spawned":[2,12,16,18,19,29,33,40,46,48],"ascension_level":0}}