{"host":"rolltorest","time":1613019078,"event":{"mods":["BaseMod","Minty Spire (QoL Compilation)","Relic Stats","Slay the Relics Exporter","StSLib"],"gold_per_floor":[114,114,132,18,37,64,81,81,107,107,107,107],"floor_reached":11,"language":"ENG","playtime":295,"items_purged":["Normality"],"score":146,"play_id":"02f1e238-52a6-4ee9-b084-2d915bba381d","local_time":"20210210205118","is_ascension_mode":true,"campfire_choices":[{"data":"Blade Dance","floor":8,"key":"SMITH"},{"data":"Accuracy","floor":10,"key":"SMITH"}],"circlet_count":0,"master_deck":["AscendersBane","Strike_G","Strike_G","Strike_G","Strike_G","Defend_G","Defend_G","Defend_G","Defend_G","Defend_G","Survivor","Neutralize","The Bomb","Blade Dance+1","Noxious Fumes","Accuracy+1","Well Laid Plans","Finisher"],"relics":["Ring of the Snake","Boot","Ancient Tea Set"],"acts_visited":["Exordium"],"potions_floor_usage":[7,11],"damage_taken":[{"damage":0,"enemies":"2 Louse","floor":1,"turns":5},{"damage":3,"enemies":"Cultist","floor":3,"turns":4},{"damage":8,"enemies":"Small Slimes","floor":5,"turns":4},{"damage":26,"enemies":"3 Sentries","floor":6,"turns":8},{"damage":0,"enemies":"Red Slaver","floor":7,"turns":1},{"damage":22,"enemies":"Lagavulin","floor":11,"turns":4}],"seed_played":"-2890185993949503669","potions_obtained":[{"floor":1,"key":"DuplicationPotion"},{"floor":7,"key":"SkillPotion"}],"is_trial":false,"path_per_floor":["M","?","M","$","M","E","M","R","T","R","E"],"character_chosen":"THE_SILENT","items_purchased":["Well Laid Plans"],"campfire_rested":0,"item_purchase_floors":[4],"current_hp_per_floor":[59,59,56,56,48,22,22,22,22,22,0,0],"gold":107,"neow_bonus":"RANDOM_COLORLESS_2","is_daily":false,"chose_seed":false,"campfire_upgraded":2,"win_rate":0.0,"timestamp":1613019078,"path_taken":["M","?","M","$","M","E","?","R","T","R","E"],"items_purchased_type":["Card"],"build_version":"2020-12-18","purchased_purges":1,"victory":false,"max_hp_per_floor":[66,66,66,66,66,66,66,66,66,66,66,66],"relic_stats":{"counters":[6,26],"Boot":[3],"obtain_stats":[{"Boot":6,"Ancient Tea Set":9,"Ring of the Snake":0},{"Boot":4,"Ancient Tea Set":5,"Ring of the Snake":0},{"Boot":21,"Ancient Tea Set":22,"Ring of the Snake":0}],"Ring of the Snake":[12]},"card_choices":[{"not_picked":["Apotheosis","Magnetism"],"picked":"The Bomb","floor":0},{"not_picked":["Dodge and Roll","Expertise"],"picked":"Blade Dance","floor":1},{"not_picked":["Endless Agony","Heel Hook"],"picked":"Accuracy","floor":3},{"not_picked":["Distraction","Quick Slash","Skewer"],"picked":"SKIP","floor":5},{"not_picked":["Deadly Poison","All Out Attack"],"picked":"Finisher","floor":6},{"not_picked":["Dodge and Roll","Flying Knee","Prepared"],"picked":"SKIP","floor":7}],"player_experience":1945864,"relics_obtained":[{"floor":6,"key":"Boot"},{"floor":9,"key":"Ancient Tea Set"}],"event_choices":[{"damage_healed":0,"gold_gain":0,"cards_transformed":["Strike_G"],"player_choice":"Transformed","damage_taken":0,"max_hp_gain":0,"max_hp_loss":0,"event_name":"Transmorgrifier","floor":2,"gold_loss":0,"cards_obtained":["Noxious Fumes"]}],"is_beta":true,"boss_relics":[],"items_purged_floors":[4],"is_endless":false,"potions_floor_spawned":[1,7],"killed_by":"Lagavulin","ascension_level":20}}