{"host":"symc43ke1l3o6af7","time":1613020518,"event":{"mods":["BaseMod","Bestiary","Better Altar","Better Skull","Better Third Choice","Downfall","Hermit","Hubris","Jorbs\u0027s Wanderer Trilogy","Marisa????????","Minty Spire (QoL Compilation)","Relic Stats","Replay The Spire","Robot Space Explorer","StSLib","The Construct","The Cursed","The Disciple","The Marked","The Servant 0.9.4"],"gold_per_floor":[99,113,129,129,143,171,226,226,226,261,276,276,276,288,302,397,397,397,397],"floor_reached":17,"language":"ENG","playtime":852,"items_purged":[],"score":167,"play_id":"d97a862b-6016-491d-9b2a-4cd9fce57843","local_time":"20210211001518","is_ascension_mode":false,"campfire_choices":[{"floor":8,"key":"REST"},{"data":"hexamod:HexaLevel","floor":12,"key":"SMITH"}],"circlet_count":0,"master_deck":["hexamod:Strike","hexamod:Strike","hexamod:Strike","hexamod:Strike","hexamod:Defend","hexamod:Defend","hexamod:Defend","hexamod:Defend","hexamod:Sear","hexamod:Float","Mayhem+1","hexamod:FirstSeal","hexamod:BurningTouch","hexamod:HexaLevel+1","hexamod:WildfireWeapon","hexamod:InspiringFlames","hexamod:ThermalTransfer","hexamod:RetreatToShadows","hexamod:FifthSeal"],"relics":["hexamod:SpiritBrand","ReplayFunnel","Potion Belt","Art of War","hubris:Icosahedron","Anchor","hexamod:IceCube"],"acts_visited":["Exordium","TheCity"],"potions_floor_usage":[6,6,16,16],"damage_taken":[{"damage":7,"enemies":"Small Slimes","floor":2,"turns":5},{"damage":1,"enemies":"Jaw Worm","floor":3,"turns":4},{"damage":0,"enemies":"Cultist","floor":5,"turns":4},{"damage":35,"enemies":"3 Sentries","floor":6,"turns":10},{"damage":20,"enemies":"Gremlin Nob","floor":10,"turns":5},{"damage":5,"enemies":"3 Louse","floor":11,"turns":4},{"damage":8,"enemies":"2 Fungi Beasts","floor":14,"turns":4},{"damage":6,"enemies":"Exordium Wildlife","floor":15,"turns":6},{"damage":43,"enemies":"DF_ARCHETYPE_STREAMLINE","floor":16,"turns":11}],"seed_played":"2865174516747831797","potions_obtained":[{"floor":3,"key":"Elixir"},{"floor":5,"key":"SkillPotion"},{"floor":11,"key":"PowerPotion"},{"floor":15,"key":"Guardian:BlockOnCardUsePotion"}],"is_trial":false,"path_per_floor":["R","M","M","?","M","E","T","R","?","E","M","R","?","M","M","B",null],"character_chosen":"THE_SPIRIT","items_purchased":[],"campfire_rested":1,"item_purchase_floors":[],"current_hp_per_floor":[70,63,69,57,64,36,36,57,57,44,46,46,70,62,63,27,70,70,70],"gold":397,"neow_bonus":"RANDOM_COLORLESS_2","is_daily":false,"chose_seed":false,"campfire_upgraded":1,"win_rate":0.0,"timestamp":1613020518,"path_taken":["R","M","M","?","M","E","T","R","?","E","M","R","?","M","M","BOSS"],"items_purchased_type":[],"build_version":"2020-12-22","purchased_purges":0,"victory":false,"max_hp_per_floor":[70,70,70,70,70,70,70,70,70,70,70,70,70,70,70,70,70,70,70],"relic_stats":{"counters":[9,53],"Art of War":[4],"obtain_stats":[{"ReplayFunnel":4,"Potion Belt":6,"Anchor":10,"hubris:Icosahedron":9,"Art of War":7,"hexamod:SpiritBrand":0,"hexamod:IceCube":17},{"ReplayFunnel":2,"Potion Belt":4,"Anchor":5,"hubris:Icosahedron":4,"Art of War":4,"hexamod:SpiritBrand":0,"hexamod:IceCube":9},{"ReplayFunnel":9,"Potion Belt":23,"Anchor":28,"hubris:Icosahedron":23,"Art of War":23,"hexamod:SpiritBrand":0,"hexamod:IceCube":53}]},"card_choices":[{"not_picked":["Magnetism","Secret Technique"],"picked":"Mayhem","floor":0},{"not_picked":["hexamod:Haunt","hexamod:HauntingEcho"],"picked":"hexamod:FirstSeal","floor":2},{"not_picked":["hexamod:GhostOfSpirePast","hexamod:BacktrackSmack"],"picked":"hexamod:BurningTouch","floor":3},{"not_picked":["hexamod:GhostLash","hexamod:AdvancingGuard"],"picked":"hexamod:RadiantFlame","floor":5},{"not_picked":["hexamod:Rewind","hexamod:BacktrackSmack"],"picked":"hexamod:HexaLevel","floor":6},{"not_picked":["hexamod:HeatShield","hexamod:GhostLash"],"picked":"hexamod:WildfireWeapon","floor":10},{"not_picked":["hexamod:BacktrackSmack","hexamod:StepThrough"],"picked":"hexamod:InspiringFlames","floor":11},{"not_picked":["hexamod:NightmareStrike","hexamod:RetreatToShadows"],"picked":"hexamod:ThermalTransfer","floor":14},{"not_picked":["hexamod:NightmareGuise","hexamod:NightmareStrike"],"picked":"hexamod:RetreatToShadows","floor":15},{"not_picked":["hexamod:GhostflameInferno","hexamod:TimeWarp"],"picked":"hexamod:FifthSeal","floor":16}],"player_experience":221321,"relics_obtained":[{"floor":6,"key":"Potion Belt"},{"floor":7,"key":"Art of War"},{"floor":10,"key":"Anchor"}],"event_choices":[{"damage_healed":0,"gold_gain":0,"player_choice":"Relic ","damage_taken":12,"max_hp_gain":0,"max_hp_loss":0,"event_name":"betterThird:BetterScrap","floor":4,"gold_loss":0,"cards_obtained":["Dropkick"]},{"cards_removed":["hexamod:RadiantFlame"],"damage_healed":24,"gold_gain":0,"player_choice":"Offered Uncommon","damage_taken":0,"max_hp_gain":0,"max_hp_loss":0,"event_name":"Bonfire Elementals","floor":13,"gold_loss":0}],"is_beta":false,"boss_relics":[{"not_picked":["Runic Pyramid","hubris:CrackedHourglass"],"picked":"hexamod:IceCube"}],"items_purged_floors":[],"is_endless":false,"potions_floor_spawned":[3,5,11,15],"ascension_level":0}}