{"host":"ewns8ifhbubwkcum","time":1613080886,"event":{"mods":["BaseMod","Block Reminder","Colored Map","Colored Powertips","Downfall","Highlight Path","Minty Spire (QoL Compilation)","Permanent Neow","Quick Restart","Random Character Button","StSLib"],"gold_per_floor":[0,18,37,48,48,148,175,75,109,109,12,32,58,81,94,208,208,108,129,148,348,392,392,392,392,424,453,453,496,496,551,590,698,698,698,725,725,875,892,938,938,967,867,534,588,1,56,101,152,162,162,162,162,162],"floor_reached":52,"language":"ENG","playtime":5220,"items_purged":["downfall:Haunted"],"score":1139,"play_id":"4e16a199-8e65-45f9-91c9-61514bdeccec","local_time":"20210211160126","is_ascension_mode":true,"campfire_choices":[{"floor":1.0,"key":"RECALL"},{"data":"sneckomod:TailWhip","floor":8.0,"key":"SMITH"},{"data":"sneckomod:WideSting","floor":10.0,"key":"SMITH"},{"floor":28.0,"key":"REST"},{"data":"sneckomod:MasterEye","floor":43.0,"key":"SMITH"}],"circlet_count":0,"master_deck":["sneckomod:Defend","sneckomod:Defend","sneckomod:Defend","sneckomod:TailWhip+1","sneckomod:SnekBite+1","sneckomod:Unknown","sneckomod:Unknown","hexamod:BacktrackSmack+1","sneckomod:WideSting+1","sneckomod:UnknownBoss","Guardian:StasisField","sneckomod:Unknown1Cost+1","sneckomod:GlitteringGambit+1","sneckomod:Nope","sneckomod:TrashToTreasure","sneckomod:MorePower","CurseOfTheBell","Guardian:TemporalStrike","sneckomod:UnknownRareSkill+1","sneckomod:WideSting","sneckomod:UnknownDraw+1","Guardian:Repulse+1","sneckomod:MixItUp+1","sneckomod:MasterEye+1","sneckomod:SnakeSap+1","Footwork+1","sneckomod:UnknownClassGREEN+1","sneckomod:UnknownRarePower+1","sneckomod:Mudshield+1","sneckomod:Unknown0Cost+1","sneckomod:UnknownDraw+1","sneckomod:GlitteringGambit","sneckomod:SerpentMind","sneckomod:UnknownClassGREEN+1","Corpse Explosion+1","sneckomod:UnknownUncommonPower+1","sneckomod:Nope+1","Parasite","sneckomod:UnknownDexterity+1","sneckomod:UnknownBlock+1","sneckomod:Unknown2Cost+1","sneckomod:UnknownDexterity+1","sneckomod:UnknownClassGUARDIAN+1","sneckomod:UnknownBlock+1","sneckomod:SoulRoll","sneckomod:UnknownRareSkill+1","sneckomod:CheapStock+1","sneckomod:UnknownUncommonPower","sneckomod:IronFang","Magnetism","Parasite","sneckomod:UnknownBlock+1","sneckomod:UnknownDraw","sneckomod:UnknownCommonSkill+1","sneckomod:UnknownDexterity","sneckomod:UnknownRarePower+1","sneckomod:SoulDraw+1"],"relics":["sneckomod:SneckoSoul","Bronze Scales","downfall:HeartBlessingRed","sneckomod:BlankCard","Ice Cream","Calling Bell","Lizard Tail","Meat on the Bone","Guardian:PocketSentry","downfall:HeartBlessingGreen","Mummified Hand","Bottled Flame","Happy Flower","Runic Dome","downfall:HeartBlessingBlue","Shuriken","sneckomod:LoadedDie","Calipers"],"acts_visited":["Exordium","TheCity","TheBeyond","TheEnding"],"potions_floor_usage":[50,50,50,50,50],"damage_taken":[{"damage":1.0,"enemies":"2 Louse","floor":2.0,"turns":2.0},{"damage":12.0,"enemies":"Jaw Worm","floor":3.0,"turns":2.0},{"damage":1.0,"enemies":"Small Slimes","floor":4.0,"turns":4.0},{"damage":25.0,"enemies":"3 Sentries","floor":9.0,"turns":7.0},{"damage":5.0,"enemies":"downfall:FleeingMerchant","floor":11.0,"turns":4.0},{"damage":0.0,"enemies":"2 Fungi Beasts","floor":12.0,"turns":3.0},{"damage":6.0,"enemies":"Gremlin Nob","floor":13.0,"turns":3.0},{"damage":0.0,"enemies":"3 Louse","floor":14.0,"turns":1.0},{"damage":3.0,"enemies":"Lots of Slimes","floor":15.0,"turns":2.0},{"damage":32.0,"enemies":"IC_STATUS_ARCHETYPE","floor":16.0,"turns":8.0},{"damage":16.0,"enemies":"Spheric Guardian","floor":19.0,"turns":3.0},{"damage":6.0,"enemies":"Shell Parasite","floor":20.0,"turns":5.0},{"damage":10.0,"enemies":"Centurion and Healer","floor":22.0,"turns":8.0},{"damage":0.0,"enemies":"Gremlin Leader","floor":26.0,"turns":5.0},{"damage":36.0,"enemies":"Cultist and Chosen","floor":27.0,"turns":8.0},{"damage":22.0,"enemies":"Book of Stabbing","floor":29.0,"turns":4.0},{"damage":0.0,"enemies":"Gremlin Leader","floor":31.0,"turns":5.0},{"damage":6.0,"enemies":"Snake Plant","floor":32.0,"turns":3.0},{"damage":114.0,"enemies":"DF_ARCHETYPE_CLAW","floor":33.0,"turns":7.0},{"damage":23.0,"enemies":"3 Darklings","floor":36.0,"turns":5.0},{"damage":0.0,"enemies":"3 Shapes","floor":37.0,"turns":1.0},{"damage":10.0,"enemies":"Writhing Mass","floor":39.0,"turns":5.0},{"damage":7.0,"enemies":"3 Darklings","floor":40.0,"turns":6.0},{"damage":0.0,"enemies":"Maw","floor":42.0,"turns":8.0},{"damage":36.0,"enemies":"Nemesis","floor":45.0,"turns":8.0},{"damage":0.0,"enemies":"downfall:FleeingMerchant","floor":46.0,"turns":4.0},{"damage":6.0,"enemies":"Writhing Mass","floor":47.0,"turns":4.0},{"damage":5.0,"enemies":"Giant Head","floor":48.0,"turns":5.0},{"damage":22,"enemies":"4 Shapes","floor":49,"turns":3},{"damage":13,"enemies":"WA_ARCHETYPE_DIVINITY","floor":50,"turns":11},{"damage":0,"enemies":"downfall:CharBossMerchant","floor":52,"turns":1}],"seed_played":"5885015114554629118","potions_obtained":[{"floor":2.0,"key":"Strength Potion"},{"floor":4.0,"key":"Dexterity Potion"},{"floor":9.0,"key":"GamblersBrew"},{"floor":12.0,"key":"SteroidPotion"},{"floor":22.0,"key":"EssenceOfSteel"},{"floor":26.0,"key":"SteroidPotion"},{"floor":31.0,"key":"Fire Potion"},{"floor":33.0,"key":"Weak Potion"},{"floor":39.0,"key":"sneckomod:CheatPotion"},{"floor":39.0,"key":"Fire Potion"},{"floor":40.0,"key":"DistilledChaos"},{"floor":48.0,"key":"DuplicationPotion"},{"floor":48.0,"key":"Fire Potion"},{"floor":49,"key":"EntropicBrew"}],"is_trial":false,"path_per_floor":["R","M","M","M","?","?","T","R","E","R","$","M","E","M","M","B",null,"R","M","M","?","M","R","T","?","E","M","R","E","?","E","M","B",null,"R","M","M","?","M","M","T","M","R","?","E","$","M","E","M","B",null,"E"],"character_chosen":"THE_SNECKO","items_purchased":["sneckomod:Memorize","sneckomod:LoadedDie","sneckomod:UnknownUncommonPower","sneckomod:IronFang","PowerPotion","Magnetism"],"campfire_rested":1,"item_purchase_floors":[11,46,46,46,46,46],"current_hp_per_floor":[108,107,95,94,94,94,94,94,69,69,64,64,58,58,55,33,89,89,73,67,67,57,57,57,57,57,33,65,55,55,55,61,41,91,91,68,68,68,58,63,63,63,73,133,97,97,91,86,76,75,119,119,119,119],"gold":162,"neow_bonus":"TWENTY_PERCENT_HP_BONUS","is_daily":false,"chose_seed":false,"campfire_upgraded":3,"win_rate":0.0,"timestamp":1613080886,"path_taken":["R","M","M","M","?","?","T","R","E","R","?","M","E","M","M","BOSS","R","M","M","?","M","R","T","?","E","M","R","E","?","E","M","BOSS","R","M","M","?","?","M","T","M","R","?","E","$","M","E","M","BOSS","E"],"items_purchased_type":["Card","Relic","Card","Card","Potion","Card"],"build_version":"2020-12-22","purchased_purges":1,"victory":false,"max_hp_per_floor":[108,108,108,108,108,108,108,108,108,108,108,108,108,108,108,108,108,108,108,108,108,108,108,108,108,108,108,108,108,108,108,108,108,108,108,108,108,108,108,108,108,108,118,133,133,133,133,133,133,133,133,133,133,133],"card_choices":[{"not_picked":["sneckomod:UnknownVulnerable","sneckomod:SoulDraw"],"picked":"sneckomod:Unknown1Cost","floor":2.0},{"not_picked":["sneckomod:Rotation","sneckomod:SoulDraw"],"picked":"sneckomod:Unknown1Cost","floor":3.0},{"not_picked":["sneckomod:ImprovisedGuard","sneckomod:RainOfDice"],"picked":"sneckomod:Memorize","floor":4.0},{"not_picked":["sneckomod:QuickMove","sneckomod:SoulRoll"],"picked":"sneckomod:WideSting","floor":9.0},{"not_picked":["sneckomod:UnknownBlock","sneckomod:Unknown3Cost"],"picked":"sneckomod:UnknownBoss","floor":11.0},{"not_picked":["sneckomod:SnekBeam","sneckomod:UnknownCommonAttack"],"picked":"sneckomod:Unknown1Cost","floor":12.0},{"not_picked":["sneckomod:QuickMove","sneckomod:Unknown1Cost"],"picked":"sneckomod:GlitteringGambit","floor":13.0},{"not_picked":["sneckomod:UnknownCommonSkill","sneckomod:IronFang"],"picked":"sneckomod:Nope","floor":14.0},{"not_picked":["sneckomod:QuickMove","sneckomod:Unknown2Cost"],"picked":"sneckomod:TrashToTreasure","floor":15.0},{"not_picked":["sneckomod:Mudshield","sneckomod:Cheat"],"picked":"sneckomod:MorePower","floor":16.0},{"not_picked":["sneckomod:UnknownClassHEXA_GHOST_PURPLE+1","sneckomod:UnknownStrike+1"],"picked":"sneckomod:UnknownRareSkill+1","floor":19.0},{"not_picked":["sneckomod:Nope","sneckomod:SoulRoll","sneckomod:UnknownDexterity"],"picked":"SKIP","floor":19.0},{"not_picked":["sneckomod:UnknownUncommonAttack","sneckomod:UnknownCommonSkill+1"],"picked":"sneckomod:WideSting","floor":20.0},{"not_picked":["sneckomod:Unknown3Cost+1","sneckomod:UnknownUncommonPower+1"],"picked":"sneckomod:UnknownDraw+1","floor":22.0},{"not_picked":["sneckomod:UnknownClassGREEN","sneckomod:WideSting"],"picked":"sneckomod:Unknown2Cost+1","floor":22.0},{"not_picked":["sneckomod:UnknownCommonSkill+1","sneckomod:UnknownDraw+1"],"picked":"sneckomod:UnknownDexterity+1","floor":26.0},{"not_picked":["sneckomod:SoulRoll","sneckomod:Rotation+1"],"picked":"sneckomod:SnakeSap+1","floor":26.0},{"not_picked":["sneckomod:UnknownClassGUARDIAN+1","sneckomod:UnknownStrength+1"],"picked":"sneckomod:UnknownClassGREEN+1","floor":27.0},{"not_picked":["sneckomod:DiceBoulder","sneckomod:SoulCleanse+1","sneckomod:Unknown2Cost+1"],"picked":"SKIP","floor":27.0},{"not_picked":["sneckomod:DiceBoulder","sneckomod:SoulCleanse+1"],"picked":"sneckomod:Unknown2Cost+1","floor":27.0},{"not_picked":["sneckomod:UnknownCommonAttack+1","sneckomod:UnknownX+1"],"picked":"sneckomod:UnknownRarePower+1","floor":29.0},{"not_picked":["sneckomod:QuickMove","sneckomod:MixItUp"],"picked":"sneckomod:Mudshield","floor":29.0},{"not_picked":["sneckomod:UnknownStrength+1","sneckomod:Unknown1Cost+1"],"picked":"sneckomod:Unknown0Cost+1","floor":31.0},{"not_picked":["sneckomod:UnknownStrike+1","sneckomod:RainOfDice","sneckomod:DiceBlock"],"picked":"SKIP","floor":31.0},{"not_picked":["sneckomod:UnknownClassGUARDIAN+1","sneckomod:UnknownStrike+1"],"picked":"sneckomod:UnknownDraw+1","floor":32.0},{"not_picked":["sneckomod:WideSting","sneckomod:QuickMove"],"picked":"sneckomod:GlitteringGambit","floor":32.0},{"not_picked":["sneckomod:UnknownRareSkill","sneckomod:Unknown3Cost"],"picked":"sneckomod:SerpentMind","floor":33.0},{"not_picked":["sneckomod:UnknownStrike+1","sneckomod:UnknownCommonAttack+1"],"picked":"sneckomod:UnknownClassGREEN+1","floor":33.0},{"not_picked":["sneckomod:Unknown1Cost+1","sneckomod:UnknownUncommonSkill+1"],"picked":"sneckomod:UnknownUncommonPower+1","floor":36.0},{"not_picked":["sneckomod:WideSting","sneckomod:DiceCrush+1"],"picked":"sneckomod:Nope+1","floor":36.0},{"not_picked":["sneckomod:UnknownBoss+1","sneckomod:UnknownUncommonAttack+1"],"picked":"sneckomod:UnknownDexterity+1","floor":39.0},{"not_picked":["sneckomod:UnknownWeak","sneckomod:IronFang+1"],"picked":"sneckomod:UnknownBlock+1","floor":39.0},{"not_picked":["sneckomod:UnknownClassGUARDIAN","sneckomod:SnakeSap"],"picked":"sneckomod:Unknown2Cost","floor":40.0},{"not_picked":["sneckomod:Unknown1Cost+1","sneckomod:UnknownRareAttack+1"],"picked":"sneckomod:UnknownDexterity+1","floor":40.0},{"not_picked":["sneckomod:Unknown0Cost+1","sneckomod:UnknownExhaust+1"],"picked":"sneckomod:UnknownClassGUARDIAN+1","floor":42.0},{"not_picked":["sneckomod:UnknownDexterity+1","sneckomod:DiceCrush+1","sneckomod:WideSting"],"picked":"SKIP","floor":42.0},{"not_picked":["sneckomod:UnknownBoss+1","sneckomod:Unknown3Cost+1"],"picked":"sneckomod:UnknownBlock+1","floor":45.0},{"not_picked":["sneckomod:UnknownStrike","sneckomod:WideSting"],"picked":"sneckomod:SoulRoll","floor":45.0},{"not_picked":["sneckomod:Unknown1Cost+1","sneckomod:UnknownCommonAttack+1"],"picked":"sneckomod:UnknownRareSkill+1","floor":46.0},{"not_picked":["sneckomod:UnknownDraw+1","sneckomod:PureSnecko"],"picked":"sneckomod:CheapStock+1","floor":46.0},{"not_picked":["sneckomod:UnknownStrike+1","sneckomod:UnknownDraw+1"],"picked":"sneckomod:UnknownBlock+1","floor":47.0},{"not_picked":["sneckomod:UnknownClassGUARDIAN","sneckomod:CheapStock"],"picked":"sneckomod:UnknownDraw","floor":47.0},{"not_picked":["sneckomod:UnknownClassHEXA_GHOST_PURPLE+1","sneckomod:UnknownStrike+1"],"picked":"sneckomod:UnknownCommonSkill+1","floor":48.0},{"not_picked":["sneckomod:GlitteringGambit","sneckomod:UnknownCommonAttack"],"picked":"sneckomod:UnknownDexterity","floor":48.0},{"not_picked":["sneckomod:UnknownCommonSkill+1","sneckomod:UnknownBoss+1"],"picked":"sneckomod:UnknownRarePower+1","floor":49},{"not_picked":["sneckomod:UnknownClassGUARDIAN+1","sneckomod:Unknown0Cost+1"],"picked":"sneckomod:SoulDraw+1","floor":49}],"player_experience":1174893,"relics_obtained":[{"floor":7.0,"key":"Bronze Scales"},{"floor":9.0,"key":"sneckomod:BlankCard"},{"floor":13.0,"key":"Ice Cream"},{"floor":17.0,"key":"Lizard Tail"},{"floor":17.0,"key":"Meat on the Bone"},{"floor":17.0,"key":"Guardian:PocketSentry"},{"floor":24.0,"key":"Mummified Hand"},{"floor":26.0,"key":"Bottled Flame"},{"floor":29.0,"key":"War Paint"},{"floor":31.0,"key":"Happy Flower"},{"floor":45.0,"key":"Shuriken"},{"floor":48.0,"key":"Calipers"}],"event_choices":[{"cards_removed":["sneckomod:Strike"],"damage_healed":0.0,"max_hp_gain":0.0,"max_hp_loss":0.0,"gold_gain":0.0,"event_name":"The Cleric","player_choice":"Card Removal","floor":5.0,"gold_loss":0.0,"damage_taken":0.0},{"damage_healed":0.0,"max_hp_gain":0.0,"max_hp_loss":0.0,"gold_gain":0.0,"cards_transformed":["sneckomod:Strike","sneckomod:Strike"],"event_name":"Drug Dealer","player_choice":"Became Test Subject","floor":25.0,"gold_loss":0.0,"damage_taken":0.0,"cards_obtained":["sneckomod:MixItUp","sneckomod:MasterEye"]},{"damage_healed":0.0,"max_hp_gain":0.0,"max_hp_loss":0.0,"gold_gain":0.0,"event_name":"Vampires","player_choice":"Ignored","floor":30.0,"gold_loss":0.0,"damage_taken":0.0}],"is_beta":false,"boss_relics":[{"not_picked":["Runic Pyramid","Coffee Dripper"],"picked":"Calling Bell"},{"not_picked":["Tiny House","Pandora\u0027s Box"],"picked":"Runic Dome"}],"items_purged_floors":[46],"is_endless":false,"potions_floor_spawned":[2,4,9,12,22,26,31,33,37,39,40,48,49],"killed_by":"downfall:CharBossMerchant","ascension_level":5}}