{"host":"a4s27ghlnr83kbqz","time":1613030722,"event":{"mods":["AchievementEnabler","BaseMod","Colored Map","Minty Spire (QoL Compilation)","Permanent Neow","SuperFastMode"],"gold_per_floor":[115,130,140,159,178,178,207,227,227,237,65,76,92,92,92,165,165,178,178,189,189,32,32,52,52,52,87,87,103,103,114,114,114,114],"floor_reached":33,"language":"KOR","playtime":882,"items_purged":[],"score":546,"play_id":"a34ba859-5f27-4ee1-8c18-f6ca9efdbfda","local_time":"20210211170522","is_ascension_mode":true,"campfire_choices":[{"data":"Immolate","floor":6,"key":"SMITH"},{"data":"Dark Embrace","floor":15,"key":"SMITH"},{"data":"Offering","floor":23,"key":"SMITH"},{"data":"Evolve","floor":25,"key":"SMITH"},{"data":"Inflame","floor":30,"key":"SMITH"},{"data":"Second Wind","floor":32,"key":"SMITH"}],"circlet_count":0,"master_deck":["AscendersBane","Strike_R","Strike_R","Strike_R","Defend_R","Defend_R","Defend_R","Defend_R","Bash","Immolate+1","Inflame+1","Evolve+1","Pommel Strike","Wild Strike","Power Through","Shrug It Off","Dark Embrace+1","Offering+1","Battle Trance","Disarm","True Grit+1","Regret","Double Tap","Shockwave","Second Wind+1"],"relics":["Burning Blood","Blue Candle","InkBottle","TheAbacus","Cursed Key","Orrery","Meat on the Bone","Du-Vu Doll"],"acts_visited":["Exordium","TheCity"],"potions_floor_usage":[33],"damage_taken":[{"damage":2,"enemies":"2 Louse","floor":1,"turns":4},{"damage":5,"enemies":"Small Slimes","floor":2,"turns":2},{"damage":7,"enemies":"Jaw Worm","floor":3,"turns":3},{"damage":12,"enemies":"Exordium Wildlife","floor":4,"turns":3},{"damage":17,"enemies":"Gremlin Gang","floor":5,"turns":4},{"damage":10,"enemies":"3 Sentries","floor":7,"turns":3},{"damage":8,"enemies":"Red Slaver","floor":8,"turns":4},{"damage":0,"enemies":"Lots of Slimes","floor":10,"turns":1},{"damage":0,"enemies":"Gremlin Gang","floor":12,"turns":3},{"damage":0,"enemies":"2 Fungi Beasts","floor":13,"turns":2},{"damage":36,"enemies":"The Guardian","floor":16,"turns":17},{"damage":9,"enemies":"2 Thieves","floor":18,"turns":5},{"damage":13,"enemies":"Spheric Guardian","floor":20,"turns":4},{"damage":6,"enemies":"Snecko","floor":24,"turns":6},{"damage":29,"enemies":"Slavers","floor":27,"turns":4},{"damage":16,"enemies":"Shelled Parasite and Fungi","floor":29,"turns":4},{"damage":23,"enemies":"3 Cultists","floor":31,"turns":5},{"damage":76,"enemies":"Champ","floor":33,"turns":10}],"seed_played":"-2919430189047679396","potions_obtained":[{"floor":2,"key":"FairyPotion"},{"floor":3,"key":"ElixirPotion"},{"floor":4,"key":"EssenceOfSteel"},{"floor":18,"key":"CultistPotion"}],"is_trial":false,"path_per_floor":["M","M","M","M","M","R","E","M","T","M","$","M","M","?","R","B",null,"M","?","M","?","$","R","M","R","T","E","T","M","R","M","R","B"],"character_chosen":"IRONCLAD","items_purchased":["TheAbacus","Orrery"],"campfire_rested":0,"item_purchase_floors":[11,22],"current_hp_per_floor":[68,68,67,61,50,50,46,44,44,50,50,56,62,67,67,37,64,61,61,54,54,54,54,54,54,54,43,43,45,45,40,40,0,0],"gold":114,"neow_bonus":"TRANSFORM_TWO_CARDS","is_daily":false,"chose_seed":false,"campfire_upgraded":6,"win_rate":0.0,"timestamp":1613030722,"path_taken":["M","M","M","M","M","R","E","M","T","M","$","M","M","?","R","BOSS","M","?","M","?","?","R","?","R","T","E","?","?","R","M","R","BOSS"],"items_purchased_type":["Relic","Relic"],"build_version":"2020-12-22","purchased_purges":0,"victory":false,"max_hp_per_floor":[68,68,68,68,68,68,68,68,68,68,68,68,68,73,73,73,73,73,73,73,73,73,73,73,73,73,73,73,73,73,73,73,73,73],"card_choices":[{"not_picked":["Clash","Sword Boomerang"],"picked":"Evolve","floor":1},{"not_picked":["Carnage","True Grit","Body Slam"],"picked":"SKIP","floor":2},{"not_picked":["Iron Wave","Clash"],"picked":"Pommel Strike","floor":3},{"not_picked":["Rupture","Combust","Infernal Blade"],"picked":"SKIP","floor":4},{"not_picked":["Anger","Flex"],"picked":"Wild Strike","floor":5},{"not_picked":["Fiend Fire","Thunderclap"],"picked":"Power Through","floor":7},{"not_picked":["Twin Strike","True Grit","Dropkick"],"picked":"SKIP","floor":8},{"not_picked":["Sword Boomerang","Hemokinesis"],"picked":"Shrug It Off","floor":10},{"not_picked":["Twin Strike","Evolve","Cleave"],"picked":"SKIP","floor":12},{"not_picked":["Wild Strike","Reckless Charge"],"picked":"Dark Embrace","floor":13},{"not_picked":["Fiend Fire","Corruption"],"picked":"Offering","floor":16},{"not_picked":["Anger","Havoc","True Grit"],"picked":"SKIP","floor":18},{"not_picked":["Body Slam","Clothesline","Cleave"],"picked":"SKIP","floor":20},{"not_picked":["Exhume","Clash"],"picked":"Disarm","floor":22},{"not_picked":["Warcry","Clash"],"picked":"True Grit+1","floor":22},{"not_picked":["Whirlwind","Dropkick","Clothesline"],"picked":"SKIP","floor":24},{"not_picked":["Iron Wave","Armaments"],"picked":"Double Tap","floor":27},{"not_picked":["Flex","Armaments"],"picked":"Shockwave","floor":29},{"not_picked":["Perfected Strike+1","Warcry"],"picked":"Second Wind","floor":31}],"player_experience":1125364,"relics_obtained":[{"floor":7,"key":"Blue Candle"},{"floor":9,"key":"InkBottle"},{"floor":26,"key":"Meat on the Bone"},{"floor":27,"key":"Du-Vu Doll"}],"event_choices":[{"damage_healed":0,"gold_gain":0,"player_choice":"Donut","damage_taken":0,"max_hp_gain":5,"max_hp_loss":0,"event_name":"Big Fish","floor":14,"gold_loss":0},{"damage_healed":0,"gold_gain":0,"player_choice":"Ignored","damage_taken":0,"max_hp_gain":0,"max_hp_loss":0,"event_name":"Vampires","floor":19,"gold_loss":0},{"damage_healed":0,"gold_gain":0,"player_choice":"Read","damage_taken":0,"max_hp_gain":0,"max_hp_loss":0,"event_name":"The Library","floor":21,"gold_loss":0,"cards_obtained":["Battle Trance"]}],"is_beta":false,"boss_relics":[{"not_picked":["Tiny House","Runic Cube"],"picked":"Cursed Key"}],"items_purged_floors":[],"is_endless":false,"potions_floor_spawned":[2,3,4,13,18,20,29],"killed_by":"Champ","ascension_level":20}}