{"host":"17u3w43rikeuspxs","time":1613009617,"event":{"mods":["BaseMod","BetterRewards","Curses Come First","Infinite Spire","Minty Spire (QoL Compilation)","StSLib"],"gold_per_floor":[119,119,140,140,140,179,179,197,197,197,167,181,181,199,199,199,199],"floor_reached":16,"language":"ENG","playtime":510,"items_purged":["Strike_B"],"score":150,"play_id":"e429ad88-5871-4ca2-9528-1472d2a7ed44","local_time":"20210210211337","is_ascension_mode":false,"campfire_choices":[{"data":"Reprogram","floor":7.0,"key":"SMITH"},{"data":"Beam Cell","floor":10.0,"key":"SMITH"},{"floor":15.0,"key":"REST"}],"circlet_count":0,"master_deck":["Strike_B","Strike_B","Strike_B","Defend_B","Defend_B","Defend_B","Defend_B","Zap","Dualcast","Reprogram+1","Beam Cell","Electrodynamics","Beam Cell+1","Leap","Heatsinks+1","Go for the Eyes"],"relics":["Cracked Core","infinitespire:Freezer","Golden Idol","Letter Opener","Frozen Egg 2"],"acts_visited":["Exordium"],"potions_floor_usage":[],"damage_taken":[{"damage":0.0,"enemies":"2 Louse","floor":1.0,"turns":4.0},{"damage":1.0,"enemies":"Small Slimes","floor":3.0,"turns":4.0},{"damage":37.0,"enemies":"Lagavulin","floor":6.0,"turns":8.0},{"damage":0.0,"enemies":"Cultist","floor":8.0,"turns":3.0},{"damage":0.0,"enemies":"Looter","floor":11.0,"turns":4.0},{"damage":21.0,"enemies":"Exordium Wildlife","floor":12.0,"turns":6.0},{"damage":0.0,"enemies":"Large Slime","floor":14.0,"turns":6.0},{"damage":35,"enemies":"Slime Boss","floor":16,"turns":3}],"seed_played":"2919526581817223574","potions_obtained":[{"floor":1.0,"key":"SpeedPotion"},{"floor":6.0,"key":"Weak Potion"},{"floor":12.0,"key":"GamblersBrew"}],"is_trial":false,"path_per_floor":["M","?","M","?","?","E","R","M","T","R","M","M","?","M","R","B"],"character_chosen":"DEFECT","items_purchased":["infinitespire:Freezer"],"campfire_rested":1,"item_purchase_floors":[0],"current_hp_per_floor":[62,62,61,61,61,24,24,24,24,24,24,3,3,3,23,0,0],"gold":199,"neow_bonus":"","is_daily":false,"chose_seed":false,"campfire_upgraded":2,"win_rate":0.0,"timestamp":1613009617,"path_taken":["M","?","M","?","?","E","R","M","T","R","M","?","?","M","R","BOSS"],"items_purchased_type":["Relic"],"build_version":"2020-12-22","purchased_purges":1,"victory":false,"max_hp_per_floor":[75,69,69,69,69,69,69,69,69,69,69,69,69,69,69,69,69],"card_choices":[{"not_picked":["Beam Cell","Double Energy"],"picked":"Reprogram","floor":1.0},{"not_picked":["Fusion","Skim"],"picked":"Beam Cell","floor":3.0},{"not_picked":["Doom and Gloom","Redo"],"picked":"Beam Cell","floor":6.0},{"not_picked":["Steam","Compile Driver"],"picked":"Leap","floor":8.0},{"not_picked":["Rebound","Stack"],"picked":"Heatsinks+1","floor":11.0},{"not_picked":["Double Energy","Redo","Blizzard"],"picked":"SKIP","floor":12.0},{"not_picked":["Conserve Battery","Defragment+1"],"picked":"Go for the Eyes","floor":14.0}],"player_experience":99893,"relics_obtained":[{"floor":6.0,"key":"Letter Opener"},{"floor":9.0,"key":"Frozen Egg 2"}],"event_choices":[{"damage_healed":0.0,"max_hp_gain":0.0,"max_hp_loss":6.0,"gold_gain":0.0,"event_name":"Golden Idol","player_choice":"Lose Max HP","floor":2.0,"gold_loss":0.0,"damage_taken":0.0,"relics_obtained":["Golden Idol"]},{"damage_healed":0.0,"max_hp_gain":0.0,"max_hp_loss":0.0,"gold_gain":0.0,"event_name":"Liars Game","player_choice":"Ignored","floor":4.0,"gold_loss":0.0,"damage_taken":0.0},{"damage_healed":0.0,"max_hp_gain":0.0,"max_hp_loss":0.0,"gold_gain":0.0,"event_name":"Match and Keep!","player_choice":"1 cards matched","floor":5.0,"gold_loss":0.0,"damage_taken":0.0,"cards_obtained":["Electrodynamics"]},{"damage_healed":0.0,"max_hp_gain":0.0,"max_hp_loss":0.0,"gold_gain":0.0,"event_name":"Scrap Ooze","player_choice":"Fled","floor":13.0,"gold_loss":0.0,"damage_taken":0.0}],"is_beta":false,"boss_relics":[],"items_purged_floors":[0],"is_endless":false,"potions_floor_spawned":[1,6,12],"killed_by":"Slime Boss","ascension_level":0}}