{"host":"fauqrvll5t0ss0vm","time":1613072925,"event":{"mods":["2.2 Compatiblity","Act Like it!","Aspiration","Bard","BaseMod","Beaked The Cultist","Better Altar","Better Match","Better Note","Better Sensory Stone","Better Skull","Better Third Choice","Better Vampires","Card Filter","Clockwork Mod","Colored Map","Conspire","Displayed Cursed Tome","Downfall","Emptier Cage","Energized Spire","Friendly Minions","GifTheSpireLib","Glutton Mod","Gremlin Mod","Gremlin Skip","Halation","Hermit","Highlight Path","Hubris","Jorbs\u0027s Wanderer Trilogy","Mad Scientist","Marked Mod","Minty Spire (QoL Compilation)","Permanent Neow","Random Character Button","Relic Filter","Reorder Act Four","Replay The Spire","Shop Mod","Somnambulant","Spikes Relics","StSLib","Stuff the Spire","SuperFastMode","The Construct","The Cursed","The Disciple","The Elementalist","The Judge","The Juggle","The Mystic","The Runesmith","The Sage","The Servant 0.9.4","The Valiant","Trackpad","Uncapped"],"gold_per_floor":[112,130,173,10,105,105,132,143,167,177,177,177,208,223,223,301,301,320,320,332,332,332],"floor_reached":21,"language":"ENG","playtime":1889,"items_purged":[],"score":428,"play_id":"ba0e4b2b-408d-437a-bb94-fa5fea7f85e2","local_time":"20210211204845","is_ascension_mode":true,"campfire_choices":[{"data":"TheCursedMod:ReleasedStrength","floor":6,"key":"SMITH"},{"floor":11,"key":"REST"},{"floor":15,"key":"REST"}],"circlet_count":0,"master_deck":["AscendersBane","TheCursedMod:Strike_TheCursed","TheCursedMod:Strike_TheCursed","TheCursedMod:Strike_TheCursed","TheCursedMod:Strike_TheCursed","TheCursedMod:Defend_TheCursed","TheCursedMod:Defend_TheCursed","TheCursedMod:Defend_TheCursed","TheCursedMod:Defend_TheCursed","TheCursedMod:CursedWand+1","TheCursedMod:CleanUpWorkshop","TheCursedMod:Dregs","TheCursedMod:ReleasedStrength+1","TheCursedMod:StingEye","TheCursedMod:SurpriseAttack","TheCursedMod:CursedShiv","TheCursedMod:Obscuration","Pain","TheCursedMod:CursedBlade","TheCursedMod:CursedShiv","TheCursedMod:DemonSword+1","TheCursedMod:RapidMovement","TheCursedMod:CursedAmulet","TheCursedMod:TroublousMinions","TheCursedMod:AntiAging"],"relics":["TheCursedMod:BlackMagic101","MealTicket","Anchor","Replay:Rubber Ducky","Thread and Needle","Bag of Marbles","Oddly Smooth Stone","halation:HeavySnake"],"acts_visited":["Exordium","TheCity"],"potions_floor_usage":[13,13,18,18],"damage_taken":[{"damage":0,"enemies":"conspire:RoseBush","floor":1,"turns":4},{"damage":7,"enemies":"Small Slimes","floor":2,"turns":5},{"damage":34,"enemies":"conspire:MimicChest","floor":3,"turns":12},{"damage":18,"enemies":"Lagavulin","floor":7,"turns":5},{"damage":1,"enemies":"Jaw Worm","floor":8,"turns":2},{"damage":2,"enemies":"Exordium Thugs","floor":10,"turns":4},{"damage":1,"enemies":"Replay:BlueRogue","floor":13,"turns":4},{"damage":0,"enemies":"3 Louse","floor":14,"turns":1},{"damage":33,"enemies":"Slime Boss","floor":16,"turns":9},{"damage":28,"enemies":"Chosen","floor":18,"turns":8},{"damage":1,"enemies":"Shell Parasite","floor":20,"turns":5},{"damage":31,"enemies":"Masked Bandits","floor":21,"turns":5}],"seed_played":"6725277543792136395","potions_obtained":[{"floor":1,"key":"EntropicBrew"},{"floor":13,"key":"Languid Potion"}],"is_trial":false,"path_per_floor":["M","M","?","$","?","R","E","M","T","M","R","?","E","M","R_BF","B",null,"M","?","M","?"],"character_chosen":"THE_CURSED","items_purchased":["TheCursedMod:CursedShiv","TheCursedMod:Obscuration","Fire Potion"],"campfire_rested":2,"item_purchase_floors":[4,4,4],"current_hp_per_floor":[64,57,23,38,38,38,20,19,19,17,38,17,16,16,37,4,54,28,28,29,0,0],"gold":332,"neow_bonus":"RANDOM_COMMON_RELIC","is_daily":false,"chose_seed":false,"campfire_upgraded":1,"win_rate":0.0,"timestamp":1613072925,"path_taken":["M","M","?","$","?","R","E","M","T","?","R","?","E","M","R_BF","BOSS","M","?","M","?"],"items_purchased_type":["Card","Card","Potion"],"build_version":"2020-12-22","purchased_purges":0,"victory":false,"max_hp_per_floor":[71,71,71,71,71,71,71,71,71,71,71,71,71,71,71,71,71,73,73,75,77,77],"card_choices":[{"not_picked":["TheCursedMod:SaltUponWound","TheCursedMod:Stretching"],"picked":"TheCursedMod:ReleasedStrength","floor":1},{"not_picked":["TheCursedMod:TacticalStrike","TheCursedMod:SpreadPlague"],"picked":"TheCursedMod:StingEye","floor":2},{"not_picked":["TheCursedMod:WearCloak","TheCursedMod:RapidMovement"],"picked":"TheCursedMod:SurpriseAttack","floor":3},{"not_picked":["TheCursedMod:DemonicPact","TheCursedMod:CursedMace"],"picked":"TheCursedMod:CursedBlade","floor":5},{"not_picked":["TheCursedMod:FuryStrike","TheCursedMod:FleshFromBone"],"picked":"TheCursedMod:CursedShiv","floor":5},{"not_picked":["TheCursedMod:EmpowerCircles","TheCursedMod:CircleOfFlame"],"picked":"TheCursedMod:DemonSword","floor":7},{"not_picked":["TheCursedMod:LuckyCharm","TheCursedMod:CursedAmulet"],"picked":"TheCursedMod:RapidMovement","floor":8},{"not_picked":["TheCursedMod:TacticalStrike","TheCursedMod:SmokeScreen"],"picked":"TheCursedMod:CursedAmulet","floor":10},{"not_picked":["TheCursedMod:RapidMovement","TheCursedMod:Neurasthenia"],"picked":"TheCursedMod:TroublousMinions","floor":13},{"not_picked":["TheCursedMod:RavingStaff","TheCursedMod:Evocation","TheCursedMod:CircleOfBlood"],"picked":"SKIP","floor":14},{"not_picked":["TheCursedMod:UltimatePain","TheCursedMod:VoidForm"],"picked":"TheCursedMod:AntiAging","floor":16},{"not_picked":["TheCursedMod:RavingStaff","TheCursedMod:SaltUponWound","TheCursedMod:Stigma"],"picked":"SKIP","floor":18},{"not_picked":["TheCursedMod:VitalStrike","TheCursedMod:FleshFromBone","TheCursedMod:Stretching"],"picked":"SKIP","floor":20}],"player_experience":7426812,"relics_obtained":[{"floor":3,"key":"Anchor"},{"floor":5,"key":"Replay:Rubber Ducky"},{"floor":7,"key":"Thread and Needle"},{"floor":9,"key":"Bag of Marbles"},{"floor":13,"key":"Oddly Smooth Stone"}],"event_choices":[{"damage_healed":38,"gold_gain":0,"player_choice":"Upgrade","damage_taken":21,"max_hp_gain":0,"max_hp_loss":71,"event_name":"betterThird:BetterShining","floor":12,"gold_loss":0,"cards_upgraded":["TheCursedMod:DemonSword","TheCursedMod:CursedWand"]},{"damage_healed":0,"gold_gain":0,"player_choice":"Ignored","damage_taken":0,"max_hp_gain":0,"max_hp_loss":0,"event_name":"betterNote:BetterNote","floor":19,"gold_loss":0,"cards_obtained":["Glutton:Feed"]},{"damage_healed":0,"gold_gain":0,"player_choice":"Fought Bandits","damage_taken":0,"max_hp_gain":0,"max_hp_loss":0,"event_name":"Masked Bandits","floor":21,"gold_loss":0}],"is_beta":false,"boss_relics":[{"not_picked":["hubris:RunicObelisk","halation:PlatinumPhoenix"],"picked":"halation:HeavySnake"}],"items_purged_floors":[],"is_endless":false,"potions_floor_spawned":[1,7,13,14,16],"killed_by":"Masked Bandits","ascension_level":20}}