{"host":"4amcrcg6ktw8dbzk","time":1613059060,"event":{"mods":["ATMod(°¢èªMod)","BaseMod","Dota2Spire","Minty Spire (QoL Compilation)","MostiFishMod","Spicy Shops","StSLib","Waifu the Spire","¡¾ÒÅÎï¿¨ÅÆ¡¿REMEMod"],"gold_per_floor":[115,40,40,40,63,97,97,136,136,151,172,211,286,26,26,117,117,142,26,26,76,119,152,27,63,111,144,160,184,222,235,235,330,330,349,362,362,695,715,742,283,314,366,397,510,72,126,126,126,151,201,201,201,-1199,-1114,-1089],"floor_reached":57,"language":"ZHS","playtime":3081,"items_purged":["Defend_R","Strike_R","Strike_R","Strike_R"],"score":4003,"play_id":"5e00e6c4-fe7c-4e10-85d1-08a9abcc151a","local_time":"20210211235740","is_ascension_mode":true,"campfire_choices":[{"data":"Armaments","floor":7.0,"key":"SMITH"},{"data":"Body Slam","floor":15.0,"key":"SMITH"},{"data":"True Grit","floor":32.0,"key":"SMITH"},{"floor":49,"key":"RECALL"},{"data":"Entrench","floor":53,"key":"SMITH"}],"circlet_count":0,"master_deck":["AscendersBane","Strike_R","Defend_R","Defend_R","Defend_R","Bash","AT_ShrugMaster","MostiFishMod:UltimateDefense","Body Slam+1","AT_DrawKnifeCut","Armaments+1","True Grit+1","Barricade+1","Entrench+1","Burning Pact","Evolve+1","Madness","Disarm+1","REME_Scribble+1","Madness","Madness"],"relics":["Burning Blood","DaveBox","REME_ComplimentaryCards","AT_ATBox","BirthdayGift-Icosahedron","SynthV:TestCard","MostiFishMod:Haymaker","Bottled Lightning","Frozen Egg 2","Juzu Bracelet","Busted Crown","Nilry\u0027s Codex","Red Mask","Bag of Preparation","AT_SeraphEmbrace","Pen Nib","Dota2Spire:EtherealBlade","Orichalcum","Black Star","HornCleat","MawBank","Medical Kit","OrangePellets","Ginger","Mercury Hourglass","Bag of Marbles","PreservedInsect","AT_MibuBalloonWealth","BrkXgEgg","Sundial","Dota2Spire:Vanguard","AT_SilvercatRing","SynthV:MejaisSoulstealer","AT_TimeSand","Dota2Spire:ShadowBlade"],"acts_visited":["Exordium","TheCity","TheBeyond","TheEnding"],"potions_floor_usage":[56,56],"damage_taken":[{"damage":0.0,"enemies":"2 Louse","floor":1.0,"turns":2.0},{"damage":0.0,"enemies":"Small Slimes","floor":5.0,"turns":2.0},{"damage":0.0,"enemies":"Lagavulin","floor":6.0,"turns":5.0},{"damage":0.0,"enemies":"3 Sentries","floor":8.0,"turns":3.0},{"damage":0.0,"enemies":"Cultist","floor":10.0,"turns":2.0},{"damage":0.0,"enemies":"Looter","floor":11.0,"turns":2.0},{"damage":0.0,"enemies":"Gremlin Nob","floor":12.0,"turns":3.0},{"damage":0.0,"enemies":"The Guardian","floor":16.0,"turns":5.0},{"damage":0.0,"enemies":"Shell Parasite","floor":18.0,"turns":3.0},{"damage":0.0,"enemies":"Masked Bandits","floor":22.0,"turns":2.0},{"damage":0.0,"enemies":"Book of Stabbing","floor":23.0,"turns":4.0},{"damage":0.0,"enemies":"Slavers","floor":25.0,"turns":4.0},{"damage":0.0,"enemies":"Gremlin Leader","floor":27.0,"turns":6.0},{"damage":0.0,"enemies":"3 Byrds","floor":28.0,"turns":2.0},{"damage":0.0,"enemies":"3 Cultists","floor":29.0,"turns":3.0},{"damage":0.0,"enemies":"Slavers","floor":30.0,"turns":5.0},{"damage":0.0,"enemies":"Snake Plant","floor":31.0,"turns":3.0},{"damage":0.0,"enemies":"Automaton","floor":33.0,"turns":6.0},{"damage":0.0,"enemies":"Orb Walker","floor":35.0,"turns":3.0},{"damage":0.0,"enemies":"3 Darklings","floor":36.0,"turns":3.0},{"damage":0.0,"enemies":"Sphere and 2 Shapes","floor":39.0,"turns":4.0},{"damage":0.0,"enemies":"Nemesis","floor":40.0,"turns":5.0},{"damage":0.0,"enemies":"Giant Head","floor":42.0,"turns":4.0},{"damage":0.0,"enemies":"Reptomancer","floor":44.0,"turns":2.0},{"damage":0.0,"enemies":"4 Shapes","floor":45.0,"turns":3.0},{"damage":3,"enemies":"Giant Head","floor":47,"turns":5},{"damage":3,"enemies":"Time Eater","floor":50,"turns":8},{"damage":0,"enemies":"Donu and Deca","floor":51,"turns":4},{"damage":0,"enemies":"Shield and Spear","floor":55,"turns":2},{"damage":6,"enemies":"The Heart","floor":56,"turns":5}],"seed_played":"-1788180065108969214","potions_obtained":[{"floor":1.0,"key":"LiquidMemories"},{"floor":6.0,"key":"SteroidPotion"},{"floor":10.0,"key":"CultistPotion"},{"floor":42.0,"key":"Swift Potion"}],"is_trial":false,"path_per_floor":["M","$","?","?","M","E","R","E","T","M","M","E","?","$","R","B",null,"M","$","?","?","?","E","$","E","T","E","M","M","E","M","R","B",null,"M","M","?","?","M","E","$","E","T","E","M","$","E","?","R","B","B",null,"R","$","E","B",null],"character_chosen":"IRONCLAD","items_purchased":["Juzu Bracelet","Burning Pact","Medical Kit","OrangePellets","BrkXgEgg","Sundial","SynthV:MejaisSoulstealer"],"campfire_rested":0,"item_purchase_floors":[14,19,41,41,46,46,54],"current_hp_per_floor":[75,75,75,49,56,63,63,70,70,75,75,75,64,64,64,71,74,75,75,54,47,56,65,65,75,75,79,79,79,79,79,79,79,79,81,81,81,81,81,81,81,81,81,81,81,81,87,71,71,81,91,95,95,95,99,108],"gold":-1089,"neow_bonus":"ONE_RANDOM_RARE_CARD","is_daily":false,"chose_seed":false,"campfire_upgraded":4,"win_rate":0.0,"timestamp":1613059060,"path_taken":["M","$","?","?","M","E","R","E","T","M","M","E","?","?","R","BOSS","M","$","?","?","?","E","$","E","T","E","M","M","E","M","R","BOSS","M","M","?","?","M","E","$","E","T","E","M","?","E","?","R","BOSS","BOSS","R","$","E","BOSS"],"items_purchased_type":["Relic","Card","Relic","Relic","Relic","Relic","Relic"],"build_version":"2020-12-22","purchased_purges":4,"victory":true,"max_hp_per_floor":[75,75,75,75,75,75,75,75,75,75,75,75,75,75,75,75,75,75,75,75,75,77,79,79,79,79,79,79,79,79,79,79,79,79,81,81,81,81,81,81,81,81,81,81,81,81,87,87,87,93,96,96,96,96,99,108],"card_choices":[{"not_picked":["Iron Wave","AT_BodySlamDance"],"picked":"Body Slam","floor":1.0},{"not_picked":["Twin Strike","REME_Fury","Flex","Heavy Blade","Wild Strike"],"picked":"SKIP","floor":5.0},{"not_picked":["Clash","Iron Wave","Pummel","AT_IchimonjiDouble"],"picked":"Armaments","floor":6.0},{"not_picked":["Warcry","REME_SingleHolding","Pommel Strike","AT_IchimonjiDouble","MostiFishMod:FlyOverUtopia"],"picked":"SKIP","floor":8.0},{"not_picked":["AT_BodySlamDance","Thunderclap","Twin Strike","AT_DrawKnifeCut"],"picked":"True Grit","floor":10.0},{"not_picked":["Rupture","Heavy Blade","True Grit","AT_IchimonjiDouble","Iron Wave"],"picked":"SKIP","floor":11.0},{"not_picked":["True Grit","AT_DiedThrough","Flame Barrier","Clash","Cleave"],"picked":"SKIP","floor":12.0},{"not_picked":["REME_ACTH","Limit Break","Corruption+1","MostiFishMod:404NotFound"],"picked":"Barricade+1","floor":16.0},{"not_picked":["Clash","Armaments"],"picked":"Entrench","floor":18.0},{"not_picked":["MostiFishMod:#F4004","REME_SingleHolding","Inflame+1"],"picked":"SKIP","floor":23.0},{"not_picked":["REME_FearOfPain+1","Thunderclap","Sword Boomerang"],"picked":"SKIP","floor":25.0},{"not_picked":["Havoc","Inflame+1","AT_Dispersion+1"],"picked":"SKIP","floor":27.0},{"not_picked":["Clash","AT_BodySlamDance"],"picked":"Evolve+1","floor":28.0},{"not_picked":["Armaments","AT_ShrugMaster+1","Sword Boomerang+1"],"picked":"SKIP","floor":29.0},{"not_picked":["Flex","Carnage","Clothesline"],"picked":"SKIP","floor":30.0},{"not_picked":["Seeing Red","Shrug It Off","Spot Weakness+1"],"picked":"SKIP","floor":31.0},{"not_picked":["Havoc","Body Slam","Flex"],"picked":"SKIP","floor":35.0},{"not_picked":["Entrench+1","Warcry+1","MostiFishMod:BrandingRite"],"picked":"SKIP","floor":36.0},{"not_picked":["REME_ShortnessOfBreath","Discovery"],"picked":"Madness","floor":37.0},{"not_picked":["Wild Strike+1","Carnage","Cleave+1"],"picked":"SKIP","floor":39.0},{"not_picked":["Anger","Flame Barrier","Combust+1"],"picked":"SKIP","floor":40.0},{"not_picked":["True Grit","Twin Strike"],"picked":"Disarm+1","floor":42.0},{"not_picked":["MostiFishMod:FlyOverUtopia","Warcry","Battle Trance"],"picked":"SKIP","floor":44.0},{"not_picked":["True Grit","Pommel Strike"],"picked":"REME_Scribble+1","floor":45.0},{"not_picked":["Cleave+1","AT_Dispersion+1","AT_IchimonjiDouble"],"picked":"SKIP","floor":47},{"not_picked":["MostiFishMod:TemporaryOutbreak+1","Intimidate+1","True Grit"],"picked":"SKIP","floor":55}],"player_experience":400167,"relics_obtained":[{"floor":1.0,"key":"SynthV:TestCard"},{"floor":6.0,"key":"MostiFishMod:Haymaker"},{"floor":8.0,"key":"Bottled Lightning"},{"floor":12.0,"key":"Frozen Egg 2"},{"floor":20.0,"key":"Nilry\u0027s Codex"},{"floor":22.0,"key":"Red Mask"},{"floor":23.0,"key":"Bag of Preparation"},{"floor":25.0,"key":"AT_ArchangelStaff"},{"floor":26.0,"key":"Pen Nib"},{"floor":27.0,"key":"Dota2Spire:EtherealBlade"},{"floor":30.0,"key":"Orichalcum"},{"floor":40.0,"key":"HornCleat"},{"floor":40.0,"key":"MawBank"},{"floor":42.0,"key":"Ginger"},{"floor":42.0,"key":"Mercury Hourglass"},{"floor":43.0,"key":"Bag of Marbles"},{"floor":44.0,"key":"PreservedInsect"},{"floor":44.0,"key":"AT_MibuBalloonWealth"},{"floor":47,"key":"Dota2Spire:Vanguard"},{"floor":47,"key":"AT_SilvercatRing"},{"floor":55,"key":"AT_TimeSand"},{"floor":55,"key":"Dota2Spire:ShadowBlade"}],"event_choices":[{"damage_healed":0.0,"max_hp_gain":0.0,"max_hp_loss":0.0,"gold_gain":0.0,"cards_transformed":["Strike_R"],"event_name":"Living Wall","player_choice":"Change","floor":3.0,"gold_loss":0.0,"damage_taken":0.0,"cards_obtained":["AT_DrawKnifeCut"]},{"damage_healed":0.0,"max_hp_gain":0.0,"max_hp_loss":0.0,"gold_gain":0.0,"event_name":"Golden Idol","player_choice":"Take Damage","floor":4.0,"gold_loss":0.0,"damage_taken":26.0,"relics_obtained":["Golden Idol"]},{"damage_healed":0.0,"max_hp_gain":0.0,"max_hp_loss":0.0,"gold_gain":75.0,"event_name":"World of Goop","player_choice":"Gather Gold","floor":13.0,"gold_loss":0.0,"damage_taken":11.0},{"damage_healed":0.0,"max_hp_gain":0.0,"max_hp_loss":0.0,"gold_gain":0.0,"event_name":"Cursed Tome","player_choice":"Obtained Book","floor":20.0,"gold_loss":0.0,"damage_taken":21.0},{"damage_healed":0.0,"max_hp_gain":0.0,"max_hp_loss":0.0,"gold_gain":50.0,"event_name":"FaceTrader","player_choice":"Touch","floor":21.0,"gold_loss":0.0,"damage_taken":7.0},{"damage_healed":0.0,"max_hp_gain":0.0,"max_hp_loss":0.0,"gold_gain":0.0,"event_name":"Masked Bandits","player_choice":"Fought Bandits","floor":22.0,"gold_loss":0.0,"damage_taken":0.0},{"damage_healed":0.0,"max_hp_gain":0.0,"max_hp_loss":0.0,"gold_gain":0.0,"event_name":"SensoryStone","player_choice":"Memory 1","floor":37.0,"gold_loss":0.0,"damage_taken":0.0},{"damage_healed":0.0,"max_hp_gain":0.0,"max_hp_loss":0.0,"gold_gain":333.0,"event_name":"The Moai Head","player_choice":"Gave Idol","floor":38.0,"relics_lost":["Golden Idol"],"gold_loss":0.0,"damage_taken":0.0},{"damage_healed":0,"gold_gain":0,"player_choice":"Embrace Madness","damage_taken":16,"max_hp_gain":0,"max_hp_loss":0,"event_name":"Winding Halls","floor":48,"gold_loss":0,"cards_obtained":["Madness","Madness"]}],"is_beta":false,"boss_relics":[{"not_picked":["Pandora\u0027s Box","BloodWine"],"picked":"Busted Crown"},{"not_picked":["REME_ChargedStone","Dota2Spire:Bloodstone"],"picked":"Black Star"}],"items_purged_floors":[2,14,24,41],"is_endless":false,"potions_floor_spawned":[1,6,8,10,12,23,25,27,28,31,33,36,42,45,47],"ascension_level":20}}