{"host":"hpn0uxah5qjr7pa6","time":1613017705,"event":{"mods":["2.2 Compatiblity","Act Like it!","Aspiration","BaseMod","Better Third Choice","BetterRewards","Challenge The Spire","Colored Powertips","Conspire","DeckTracker","Downfall","Energized Spire","Hallownest","Hermit","Highlight Path","Hubris","Infinite Spire","Minty Spire (QoL Compilation)","Permanent Neow","Quick Restart","Rare Cards Sparkle","Replay The Spire","Spicy Shops","StSLib","The Bug Knight","The Jungle"],"gold_per_floor":[114,128,145,130,130,130,130,142,159,159,170,80,92,77,77,174,174,194,214,214,230,230,177,177,197,197,197,216,229,229,229,229,229,229,229],"floor_reached":33,"language":"ENG","playtime":1282,"items_purged":["bronze:Break"],"score":325,"play_id":"05bda1df-fa95-47d4-9420-722cd3fcc25d","local_time":"20210210202825","is_ascension_mode":true,"campfire_choices":[{"data":"bronze:Branch","floor":15,"key":"SMITH"},{"floor":30,"key":"REST"},{"floor":32,"key":"REST"}],"circlet_count":0,"master_deck":["bronze:Strike","bronze:Strike","bronze:Strike","bronze:Strike","bronze:Defend","bronze:Defend","bronze:Defend","bronze:Defend","bronze:DelayedSlice","bronze:Repair","bronze:Branch","bronze:OilSpill","bronze:Repair","bronze:Branch+1","bronze:BronzeOrb","bronze:Branch","bronze:ChosenStrike","bronze:OilSpill","bronze:Boost"],"relics":["bronze:BronzeCore","Bag of Preparation","Pondfish Scales","Runic Dome","White Beast Statue","Bird Faced Urn"],"acts_visited":["Exordium","TheCity"],"potions_floor_usage":[2,9,16,16,16,23,29,33,33],"damage_taken":[{"damage":0,"enemies":"Small Slimes","floor":1,"turns":4},{"damage":1,"enemies":"2 Louse","floor":2,"turns":3},{"damage":3,"enemies":"Jaw Worm","floor":3,"turns":4},{"damage":0,"enemies":"downfall:FleeingMerchant","floor":4,"turns":4},{"damage":0,"enemies":"3 Louse","floor":8,"turns":5},{"damage":13,"enemies":"Exordium Thugs","floor":9,"turns":6},{"damage":8,"enemies":"Exordium Wildlife","floor":11,"turns":3},{"damage":7,"enemies":"downfall:FleeingMerchant","floor":12,"turns":4},{"damage":3,"enemies":"Gremlin Gang","floor":13,"turns":6},{"damage":10,"enemies":"downfall:FleeingMerchant","floor":14,"turns":4},{"damage":27,"enemies":"WA_ARCHETYPE_RETAIN","floor":16,"turns":8},{"damage":7,"enemies":"Shell Parasite","floor":18,"turns":5},{"damage":19,"enemies":"Spheric Guardian","floor":19,"turns":5},{"damage":23,"enemies":"Shelled Parasite and Fungi","floor":21,"turns":8},{"damage":12,"enemies":"downfall:FleeingMerchant","floor":23,"turns":4},{"damage":16,"enemies":"Centurion and Healer","floor":25,"turns":7},{"damage":36,"enemies":"3 Cultists","floor":28,"turns":7},{"damage":6,"enemies":"Sentry and Sphere","floor":29,"turns":4},{"damage":77,"enemies":"DF_ARCHETYPE_CLAW","floor":33,"turns":6}],"seed_played":"-8395659039503388479","potions_obtained":[{"floor":2,"key":"EntropicBrew"},{"floor":3,"key":"LiquidBronze"},{"floor":13,"key":"Explosive Potion"},{"floor":18,"key":"AttackPotion"},{"floor":21,"key":"Regen Potion"},{"floor":23,"key":"SkillPotion"},{"floor":25,"key":"sneckomod:MuddlingPotion"},{"floor":28,"key":"SteroidPotion"},{"floor":29,"key":"AttackPotion"}],"is_trial":false,"path_per_floor":["M","M","M","$","?","?","T","M","M","?","M","$","M","$","R","B",null,"M","M","AVR","M","?","$","T","M","?","?","M","M","R","?","R","B"],"character_chosen":"THE_AUTOMATON","items_purchased":["bronze:BronzeOrb"],"campfire_rested":2,"item_purchase_floors":[23],"current_hp_per_floor":[63,62,59,59,59,59,59,66,60,60,59,66,70,67,67,50,65,63,51,51,42,42,58,58,56,56,63,34,42,63,63,70,0,0,0],"gold":229,"neow_bonus":"RANDOM_COMMON_RELIC","is_daily":false,"chose_seed":false,"campfire_upgraded":1,"win_rate":0.0,"timestamp":1613017705,"path_taken":["M","M","M","$","?","?","T","M","M","?","M","$","M","$","R","BOSS","M","M","AVR","M","?","$","T","M","?","?","?","M","R","?","R","BOSS"],"items_purchased_type":["Card"],"build_version":"2020-12-22","purchased_purges":1,"victory":false,"max_hp_per_floor":[70,70,70,70,70,70,70,70,70,70,70,70,70,70,70,70,70,70,70,70,70,70,70,70,70,70,70,70,70,70,70,70,70,70,70],"card_choices":[{"not_picked":["bronze:WildBeam","bronze:Separator"],"picked":"bronze:DelayedSlice","floor":1},{"not_picked":["bronze:BuggyMess","bronze:CloningBeam","bronze:FineTuning"],"picked":"SKIP","floor":2},{"not_picked":["bronze:MaxOutput","bronze:Shield","bronze:HardenedForm"],"picked":"SKIP","floor":3},{"not_picked":["bronze:Turbo","bronze:BronzeArmor"],"picked":"bronze:Repair","floor":4},{"not_picked":["bronze:Iterate","bronze:Overheat","bronze:ChildClass"],"picked":"SKIP","floor":8},{"not_picked":["bronze:FineTuning","bronze:Separator"],"picked":"bronze:OilSpill","floor":9},{"not_picked":["bronze:Overload","bronze:CleanCode"],"picked":"bronze:Repair","floor":11},{"not_picked":["bronze:CutThrough","bronze:Repair","bronze:Iterate"],"picked":"SKIP","floor":12},{"not_picked":["bronze:Invalidate","bronze:Iterate"],"picked":"bronze:Branch","floor":13},{"not_picked":["bronze:DelayedGuard","bronze:Invalidate","bronze:BitShift"],"picked":"SKIP","floor":14},{"not_picked":["bronze:ClassDefault","bronze:Iterate","bronze:WhirlingStrike"],"picked":"SKIP","floor":18},{"not_picked":["bronze:FineTuning","bronze:BurnOut","bronze:Philosophize"],"picked":"SKIP","floor":19},{"not_picked":["bronze:Fortify+1","bronze:Terminator+1","bronze:WhirlingStrike+1"],"picked":"SKIP","floor":21},{"not_picked":["bronze:Philosophize","bronze:Turbo+1","bronze:Constructor"],"picked":"SKIP","floor":23},{"not_picked":["bronze:FineTuning+1","bronze:Frontload"],"picked":"bronze:Branch","floor":25},{"not_picked":["bronze:Invalidate","bronze:ClassDefault"],"picked":"bronze:ChosenStrike","floor":28},{"not_picked":["bronze:FineTuning","bronze:Separator"],"picked":"bronze:OilSpill","floor":29}],"player_experience":220264,"relics_obtained":[{"floor":7,"key":"Pondfish Scales"},{"floor":24,"key":"Bird Faced Urn"}],"event_choices":[],"is_beta":false,"boss_relics":[{"not_picked":["Velvet Choker","Replay:Drink Me"],"picked":"Runic Dome"}],"items_purged_floors":[12],"is_endless":false,"potions_floor_spawned":[2,3,8,13,18,21,23,25,28,29],"killed_by":"DF_ARCHETYPE_CLAW","ascension_level":7}}