{"host":"yhhyog5h1q67ienp","time":1613077770,"event":{"mods":["AchievementEnabler","BaseMod","Block Reminder","Colored Map","Colored Powertips","Minty Spire (QoL Compilation)","Quick Restart","Relic Stats","StSLib","Weighted Paths","ojb\u0027s Better Paths Mod","ojb\u0027s Info Mod"],"gold_per_floor":[116,135,5,16,66,66,98,98,121,134,134,168,238,251,251,324,324,341,391,16,31,41,41,91,125,207,276,276,276],"floor_reached":28,"language":"ENG","playtime":1963,"items_purged":["Bite+1"],"score":525,"play_id":"3670f88d-2843-4d1d-b6b9-f203096202d3","local_time":"20210211180930","is_ascension_mode":true,"campfire_choices":[{"data":"Capacitor","floor":6,"key":"SMITH"},{"data":"Biased Cognition","floor":8,"key":"SMITH"},{"data":"Hologram","floor":15,"key":"SMITH"},{"floor":23,"key":"REST"}],"circlet_count":0,"master_deck":["AscendersBane","Defend_B","Defend_B","Defend_B","Defend_B","Zap","Dualcast","FTL","Hologram+1","Capacitor+1","Ball Lightning","Biased Cognition+1","Rebound","Ball Lightning+1","Go for the Eyes+1","Barrage+1","Electrodynamics","Go for the Eyes+1","Bite+1","Bite+1","Bite+1","Bite+1","Capacitor","Chill","Leap+1","Defragment","Conserve Battery+1"],"relics":["Cracked Core","NeowsBlessing","Oddly Smooth Stone","DataDisk","SsserpentHead","Molten Egg 2","Snecko Eye","Membership Card","Potion Belt","Shovel","Blue Candle"],"acts_visited":["Exordium","TheCity"],"potions_floor_usage":[7,7,18,18,28,28,28],"damage_taken":[{"damage":0,"enemies":"2 Louse","floor":1,"turns":1},{"damage":0,"enemies":"Cultist","floor":2,"turns":1},{"damage":0,"enemies":"Small Slimes","floor":4,"turns":1},{"damage":15,"enemies":"3 Sentries","floor":7,"turns":7},{"damage":8,"enemies":"Red Slaver","floor":10,"turns":3},{"damage":10,"enemies":"Lagavulin","floor":12,"turns":4},{"damage":0,"enemies":"Large Slime","floor":13,"turns":2},{"damage":6,"enemies":"Lots of Slimes","floor":14,"turns":3},{"damage":4,"enemies":"Hexaghost","floor":16,"turns":8},{"damage":24,"enemies":"3 Byrds","floor":18,"turns":3},{"damage":23,"enemies":"Shell Parasite","floor":21,"turns":3},{"damage":17,"enemies":"Snake Plant","floor":22,"turns":4},{"damage":1,"enemies":"Gremlin Leader","floor":25,"turns":4},{"damage":1,"enemies":"Centurion and Healer","floor":27,"turns":7},{"damage":49,"enemies":"Slavers","floor":28,"turns":5}],"seed_played":"-382431310537537759","potions_obtained":[{"floor":2,"key":"BlessingOfTheForge"},{"floor":7,"key":"BlessingOfTheForge"},{"floor":13,"key":"SkillPotion"},{"floor":16,"key":"GamblersBrew"},{"floor":21,"key":"Energy Potion"},{"floor":22,"key":"Fire Potion"},{"floor":25,"key":"SkillPotion"},{"floor":27,"key":"PotionOfCapacity"}],"is_trial":false,"path_per_floor":["M","M","$","M","?","R","E","R","T","M","?","E","M","M","R","B",null,"M","?","$","M","M","R","?","E","T","M","E"],"character_chosen":"DEFECT","items_purchased":["Capacitor","Block Potion","Membership Card","Capacitor","Potion Belt","Chill"],"campfire_rested":1,"item_purchase_floors":[3,3,20,20,20,20],"current_hp_per_floor":[64,64,64,64,64,64,49,49,49,41,41,31,31,25,25,21,59,35,35,35,18,4,18,12,20,20,31,0,0],"gold":276,"neow_bonus":"THREE_ENEMY_KILL","is_daily":false,"chose_seed":false,"campfire_upgraded":3,"win_rate":0.0,"timestamp":1613077770,"path_taken":["M","M","$","M","?","R","E","R","T","?","?","E","?","M","R","BOSS","M","?","$","M","M","R","?","E","T","?","E"],"items_purchased_type":["Card","Potion","Relic","Card","Relic","Card"],"build_version":"2020-12-22","purchased_purges":1,"victory":false,"max_hp_per_floor":[71,71,71,71,71,71,71,71,71,71,71,71,71,71,71,71,71,71,49,49,49,49,49,49,49,49,49,49,49],"relic_stats":{"SsserpentHead":200,"Shovel":0,"counters":[15,56],"Blue Candle":[0],"Snecko Eye":[39,32,50,58],"obtain_stats":[{"Potion Belt":20,"SsserpentHead":11,"DataDisk":9,"Shovel":25,"NeowsBlessing":0,"Blue Candle":26,"Oddly Smooth Stone":7,"Snecko Eye":17,"Molten Egg 2":12,"Membership Card":20,"Cracked Core":0},{"Potion Belt":10,"SsserpentHead":5,"DataDisk":4,"Shovel":13,"NeowsBlessing":0,"Blue Candle":13,"Oddly Smooth Stone":4,"Snecko Eye":9,"Molten Egg 2":6,"Membership Card":10,"Cracked Core":0},{"Potion Belt":33,"SsserpentHead":13,"DataDisk":10,"Shovel":44,"NeowsBlessing":0,"Blue Candle":44,"Oddly Smooth Stone":10,"Snecko Eye":30,"Molten Egg 2":17,"Membership Card":33,"Cracked Core":0}]},"card_choices":[{"not_picked":["Turbo","Blizzard"],"picked":"FTL","floor":1},{"not_picked":["Tempest","Beam Cell"],"picked":"Hologram","floor":2},{"not_picked":["Hologram","Steam"],"picked":"Ball Lightning","floor":4},{"not_picked":["Cold Snap","Skim"],"picked":"Biased Cognition","floor":7},{"not_picked":["Fusion","Scrape"],"picked":"Rebound","floor":10},{"not_picked":["Creative AI","Recycle"],"picked":"Ball Lightning+1","floor":12},{"not_picked":["Gash+1","Glacier"],"picked":"Go for the Eyes+1","floor":13},{"not_picked":["Lockon+1","White Noise"],"picked":"Barrage+1","floor":14},{"not_picked":["Hyperbeam+1","Creative AI"],"picked":"Electrodynamics","floor":16},{"not_picked":["Genetic Algorithm","Steam Power"],"picked":"Go for the Eyes+1","floor":18},{"not_picked":["Barrage+1","Leap+1","Gash+1"],"picked":"SKIP","floor":21},{"not_picked":["Barrage+1","Gash+1"],"picked":"Leap+1","floor":21},{"not_picked":["Steam Power","Sunder+1"],"picked":"Defragment","floor":22},{"not_picked":["Thunder Strike+1","White Noise"],"picked":"Conserve Battery+1","floor":25},{"not_picked":["Redo","Rebound+1","Stack"],"picked":"SKIP","floor":27}],"player_experience":1453012,"relics_obtained":[{"floor":7,"key":"Oddly Smooth Stone"},{"floor":9,"key":"DataDisk"},{"floor":12,"key":"Molten Egg 2"},{"floor":25,"key":"Shovel"},{"floor":26,"key":"Blue Candle"}],"event_choices":[{"damage_healed":0,"gold_gain":50,"player_choice":"Pray","damage_taken":0,"max_hp_gain":0,"max_hp_loss":0,"event_name":"Golden Shrine","floor":5,"gold_loss":0},{"damage_healed":0,"gold_gain":0,"player_choice":"Trade","damage_taken":0,"relics_obtained":["SsserpentHead"],"max_hp_gain":0,"max_hp_loss":0,"event_name":"FaceTrader","floor":11,"gold_loss":0},{"damage_healed":0,"gold_gain":0,"player_choice":"Became a vampire","damage_taken":0,"max_hp_gain":0,"max_hp_loss":22,"event_name":"Vampires","floor":19,"gold_loss":0,"cards_obtained":["Bite","Bite","Bite","Bite","Bite"]},{"damage_healed":0,"gold_gain":0,"player_choice":"","damage_taken":6,"max_hp_gain":0,"max_hp_loss":0,"event_name":"Knowing Skull","floor":24,"potions_obtained":[],"gold_loss":0,"cards_obtained":[]}],"is_beta":false,"boss_relics":[{"not_picked":["Calling Bell","Velvet Choker"],"picked":"Snecko Eye"}],"items_purged_floors":[20],"is_endless":false,"potions_floor_spawned":[2,7,13,16,21,22,25,27],"killed_by":"Slavers","ascension_level":20}}