{"host":"0flpm62pz1oti8w0","time":1613041088,"event":{"mods":["ATMod(ªü½@Mod)","AchievementEnabler","Act Like it!","Arknights","BaseMod","Conspire","Downfall","FanaticalFans","Hermit","Minty Spire (QoL Compilation)","Reimu¡]³Õ???¡^","Remilia¡]Á¢¦Ì²ú?¡^","Spicy Shops","StSLib","The Animator","Waifu the Spire","Youmu¡]»î¾z§¯?¡^","êº¤õ«ü«n"],"gold_per_floor":[128,138,167,32,50,50,50],"floor_reached":6,"language":"ZHS","playtime":491,"items_purged":[],"score":38,"play_id":"e0b944d6-c822-4f20-9aae-6d78dd076f59","local_time":"20210211185808","is_ascension_mode":false,"campfire_choices":[],"circlet_count":0,"master_deck":["animator:Strike_NoGameNoLife","animator:Defend_NoGameNoLife","animator:Strike","animator:Strike","animator:Strike","animator:Defend","animator:Defend","animator:Defend","animator:DolaSchwi","animator:DolaCouronne","AT_LightSaberMaster","animator:Jibril","animator:IzunaHatsuse","animator:FielNirvalen","animator:Konayuki","animator:Shuna","animator:Scar","animator:IzunaHatsuse"],"relics":["animator:TheMissingPiece","Fans:FanaticalFans","AT_ATBox","animator:PurgingStone","Black Star"],"acts_visited":["Exordium"],"potions_floor_usage":[5,6],"damage_taken":[{"damage":11,"enemies":"Small Slimes","floor":1,"turns":4},{"damage":3,"enemies":"2 Louse","floor":2,"turns":3},{"damage":9,"enemies":"Cultist","floor":3,"turns":4},{"damage":29,"enemies":"Gremlin Gang","floor":5,"turns":7},{"damage":22,"enemies":"3 Sentries","floor":6,"turns":2}],"seed_played":"2430327874326533399","potions_obtained":[{"floor":2,"key":"Energy Potion"},{"floor":5,"key":"ColorlessPotion"}],"is_trial":false,"path_per_floor":["M","M","M","$","M","E"],"character_chosen":"THE_ANIMATOR","items_purchased":["animator:Konayuki","animator:Shuna","animator:Scar"],"campfire_rested":0,"item_purchase_floors":[4,4,4],"current_hp_per_floor":[55,53,44,44,19,0,0],"gold":50,"neow_bonus":"BOSS_RELIC","is_daily":false,"chose_seed":false,"campfire_upgraded":0,"win_rate":0.0,"timestamp":1613041088,"path_taken":["M","M","M","$","M","E"],"items_purchased_type":["Card","Card","Card"],"build_version":"2020-12-22","purchased_purges":0,"victory":false,"max_hp_per_floor":[66,67,67,67,67,67,67],"card_choices":[{"not_picked":["animator:SilverFang","animator:Mitsuba"],"picked":"animator:Jibril","floor":1},{"not_picked":["animator:PandorasActor","animator:Ciel"],"picked":"animator:IzunaHatsuse","floor":2},{"not_picked":["animator:Evileye","animator:Alexander"],"picked":"animator:FielNirvalen","floor":3},{"not_picked":["animator:Jibril","animator:Tet"],"picked":"animator:IzunaHatsuse","floor":5}],"player_experience":138270,"relics_obtained":[],"event_choices":[],"is_beta":false,"boss_relics":[],"items_purged_floors":[],"is_endless":false,"potions_floor_spawned":[2,5],"killed_by":"3 Sentries","ascension_level":0}}