{"host":"kag8mfq4or8nkqb2","time":1613068474,"event":{"mods":["2.2 Compatiblity","BaseMod","Colored Map","Colored Powertips","Downfall","Minty Spire (QoL Compilation)","Relic Stats","StSLib"],"gold_per_floor":[99,99,99,99,9,9,32,32,32,32],"floor_reached":8,"language":"ENG","playtime":202,"items_purged":["Slimebound:Strike_Slimebound"],"score":68,"play_id":"e2ac18bb-20c8-41ef-aa70-d05241d71bff","local_time":"20210211183434","is_ascension_mode":true,"campfire_choices":[{"data":"Slimebound:CorrosiveSpit","floor":1,"key":"SMITH"}],"circlet_count":0,"master_deck":["AscendersBane","Slimebound:Strike_Slimebound","Slimebound:Strike_Slimebound","Slimebound:Tackle","Slimebound:Defend_Slimebound","Slimebound:Defend_Slimebound","Slimebound:Defend_Slimebound","Slimebound:Defend_Slimebound","Slimebound:Split","Slimebound:CorrosiveSpit+1","Slimebound:RollThrough","Slimebound:Prepare","Slimebound:Prepare","Slimebound:LivingWall"],"relics":["Slimebound:AbsorbEndCombat","downfall:HeartsMalice","Regal Pillow","Bronze Scales"],"acts_visited":["Exordium"],"potions_floor_usage":[],"damage_taken":[{"damage":0,"enemies":"Cultist","floor":2,"turns":1},{"damage":0,"enemies":"Small Slimes","floor":3,"turns":1},{"damage":0,"enemies":"Jaw Worm","floor":4,"turns":1},{"damage":0,"enemies":"downfall:FleeingMerchant","floor":5,"turns":4},{"damage":51,"enemies":"Gremlin Nob","floor":8,"turns":5}],"seed_played":"8210893077690060155","potions_obtained":[],"is_trial":false,"path_per_floor":["R","M","M","M","$","?","T","E"],"character_chosen":"SLIMEBOUND","items_purchased":[],"campfire_rested":0,"item_purchase_floors":[],"current_hp_per_floor":[53,53,53,53,57,39,39,0,0,0],"gold":32,"neow_bonus":"THREE_ENEMY_KILL","is_daily":false,"chose_seed":false,"campfire_upgraded":1,"win_rate":0.0,"timestamp":1613068474,"path_taken":["R","M","M","M","$","?","T","E"],"items_purchased_type":[],"build_version":"2020-12-22","purchased_purges":1,"victory":false,"max_hp_per_floor":[59,59,59,59,59,59,59,59,59,59],"relic_stats":{"Regal Pillow":0,"counters":[5,9],"Bronze Scales":[9],"obtain_stats":[{"Regal Pillow":6,"Bronze Scales":7,"downfall:HeartsMalice":0,"Slimebound:AbsorbEndCombat":0},{"Regal Pillow":4,"Bronze Scales":4,"downfall:HeartsMalice":0,"Slimebound:AbsorbEndCombat":0},{"Regal Pillow":4,"Bronze Scales":4,"downfall:HeartsMalice":0,"Slimebound:AbsorbEndCombat":0}]},"card_choices":[{"not_picked":["Slimebound:ItLooksTasty","Slimebound:SlimeTap"],"picked":"Slimebound:RollThrough","floor":2},{"not_picked":["Slimebound:GoopSpray","Slimebound:ProtectTheBoss"],"picked":"Slimebound:Prepare","floor":3},{"not_picked":["Slimebound:LeechEnergy","Slimebound:SplitAcid"],"picked":"Slimebound:Prepare","floor":4},{"not_picked":["Slimebound:SplitBruiser","Slimebound:Teamwork"],"picked":"Slimebound:LivingWall","floor":5}],"player_experience":1098329,"relics_obtained":[{"floor":7,"key":"Bronze Scales"}],"event_choices":[{"damage_healed":0,"gold_gain":0,"player_choice":"Success","damage_taken":18,"relics_obtained":["Regal Pillow"],"max_hp_gain":0,"max_hp_loss":0,"event_name":"Scrap Ooze","floor":6,"gold_loss":0}],"is_beta":false,"boss_relics":[],"items_purged_floors":[5],"is_endless":false,"potions_floor_spawned":[],"killed_by":"Gremlin Nob","ascension_level":14}}