{"host":"5n1fl7z5i1vf7jan","time":1613014178,"event":{"mods":["BaseMod","Minty Spire (QoL Compilation)","Quick Restart","Relic Stats"],"gold_per_floor":[117,127,144,144,157,157,171,197,277,302,322,322,68,96,96,172,172,187,34,34,34,34,62,62,95,166,166,27,35,85,103,103,177,177,197,215,215,215,226,226,32,57,57,70,95,95,108,127,127,127,127],"floor_reached":50,"language":"ENG","playtime":2374,"items_purged":["Pain"],"score":1106,"play_id":"c1651f89-9cdf-4468-90cb-a442230656fc","local_time":"20210210192938","is_ascension_mode":true,"campfire_choices":[{"floor":6.0,"key":"REST"},{"data":"Uppercut","floor":15.0,"key":"SMITH"},{"floor":24.0,"key":"REST"},{"data":"True Grit","floor":27.0,"key":"SMITH"},{"data":"Limit Break","floor":32.0,"key":"SMITH"},{"floor":40.0,"key":"REST"},{"floor":49.0,"key":"REST"}],"circlet_count":0,"master_deck":["AscendersBane","Defend_R","Defend_R","Defend_R","Bash+1","Sentinel+1","Barricade+1","Bludgeon+1","Disarm","Power Through","Thunderclap","Spot Weakness","Uppercut+1","Immolate","True Grit+1","Flash of Steel","Bite","Bite","Bite","Bite","Bite","Limit Break+1","Shame","Flame Barrier+1","Hemokinesis","True Grit+1","Second Wind+1","Shrug It Off+1","Enlightenment+1","Pommel Strike+1","Disarm+1","Armaments+1","Power Through+1"],"relics":["Astrolabe","Sundial","Shuriken","Bird Faced Urn","Toolbox","Juzu Bracelet","Cursed Key","Spirit Poop","InkBottle","Pocketwatch","Toxic Egg 2","Fusion Hammer","WarpedTongs","TungstenRod","StoneCalendar"],"acts_visited":["Exordium","TheCity","TheBeyond"],"potions_floor_usage":[],"damage_taken":[{"damage":3.0,"enemies":"2 Louse","floor":1.0,"turns":3.0},{"damage":5.0,"enemies":"Small Slimes","floor":2.0,"turns":2.0},{"damage":0.0,"enemies":"Cultist","floor":3.0,"turns":2.0},{"damage":2.0,"enemies":"Exordium Thugs","floor":5.0,"turns":3.0},{"damage":28.0,"enemies":"Lots of Slimes","floor":7.0,"turns":6.0},{"damage":6.0,"enemies":"Gremlin Nob","floor":8.0,"turns":3.0},{"damage":16.0,"enemies":"Lagavulin","floor":10.0,"turns":9.0},{"damage":9.0,"enemies":"3 Louse","floor":11.0,"turns":5.0},{"damage":0.0,"enemies":"Gremlin Nob","floor":14.0,"turns":3.0},{"damage":11.0,"enemies":"Hexaghost","floor":16.0,"turns":7.0},{"damage":0.0,"enemies":"Chosen","floor":18.0,"turns":3.0},{"damage":27.0,"enemies":"Book of Stabbing","floor":23.0,"turns":4.0},{"damage":7.0,"enemies":"Slavers","floor":25.0,"turns":2.0},{"damage":7.0,"enemies":"2 Thieves","floor":29.0,"turns":4.0},{"damage":18.0,"enemies":"Centurion and Healer","floor":31.0,"turns":5.0},{"damage":48.0,"enemies":"Automaton","floor":33.0,"turns":8.0},{"damage":19.0,"enemies":"Orb Walker","floor":35.0,"turns":4.0},{"damage":4.0,"enemies":"3 Shapes","floor":36.0,"turns":6.0},{"damage":21.0,"enemies":"Sphere and 2 Shapes","floor":39.0,"turns":9.0},{"damage":0.0,"enemies":"Mind Bloom Boss Battle","floor":42.0,"turns":3.0},{"damage":2.0,"enemies":"Writhing Mass","floor":44.0,"turns":9.0},{"damage":30.0,"enemies":"Nemesis","floor":45.0,"turns":9.0},{"damage":3.0,"enemies":"Transient","floor":47.0,"turns":6.0},{"damage":37.0,"enemies":"Spire Growth","floor":48.0,"turns":5.0},{"damage":53,"enemies":"Awakened One","floor":50,"turns":7}],"seed_played":"8166481107501572187","potions_obtained":[{"floor":2.0,"key":"ColorlessPotion"},{"floor":7.0,"key":"SteroidPotion"},{"floor":8.0,"key":"Regen Potion"},{"floor":10.0,"key":"Weak Potion"},{"floor":14.0,"key":"DuplicationPotion"},{"floor":23.0,"key":"SkillPotion"},{"floor":25.0,"key":"BloodPotion"},{"floor":29.0,"key":"PowerPotion"},{"floor":31.0,"key":"Strength Potion"},{"floor":35.0,"key":"Weak Potion"},{"floor":39.0,"key":"ColorlessPotion"},{"floor":44.0,"key":"SpeedPotion"},{"floor":45.0,"key":"Fire Potion"},{"floor":47.0,"key":"AttackPotion"}],"is_trial":false,"path_per_floor":["M","M","M","?","M","R","M","E","T","E","M","?","$","E","R","B",null,"M","$","?","?","?","E","R","E","T","R","$","M","?","M","R","B",null,"M","M","?","?","M","R","$","?","T","M","E","?","M","M","R","B"],"character_chosen":"IRONCLAD","items_purchased":["Uppercut","Toolbox","Flash of Steel","Explosive Potion","Flame Barrier+1","ColorlessPotion","Shrug It Off+1","Enlightenment+1"],"campfire_rested":4,"item_purchase_floors":[13,13,19,19,28,28,41,41],"current_hp_per_floor":[65,60,60,37,35,57,29,23,23,22,13,31,31,31,31,20,61,61,61,40,40,40,23,38,35,35,35,35,38,38,42,42,15,44,37,43,43,43,34,49,49,53,53,53,32,32,51,21,36,0,0],"gold":127,"neow_bonus":"BOSS_RELIC","is_daily":false,"chose_seed":false,"campfire_upgraded":3,"win_rate":0.0,"timestamp":1613014178,"path_taken":["M","M","M","?","M","R","M","E","T","E","M","?","$","E","R","BOSS","M","$","?","?","?","E","R","E","T","R","$","M","?","M","R","BOSS","M","M","?","?","M","R","$","?","T","M","E","?","M","M","R","BOSS"],"items_purchased_type":["Card","Relic","Card","Potion","Card","Potion","Card","Card"],"build_version":"2020-12-22","purchased_purges":1,"victory":false,"max_hp_per_floor":[75,75,75,75,75,75,75,75,75,75,75,75,75,75,75,75,75,75,75,80,56,53,53,53,53,53,53,53,53,53,53,53,53,53,53,53,53,53,53,53,53,53,53,53,53,53,53,53,53,53,53],"relic_stats":{"counters":[25,127],"Astrolabe":["Sentinel","Barricade","Bludgeon"],"StoneCalendar":[52],"Juzu Bracelet":2,"Cursed Key":1,"WarpedTongs":[47],"Sundial":[12],"Shuriken":[28],"Bird Faced Urn":[16],"obtain_stats":[{"Astrolabe":0,"Spirit Poop":22,"StoneCalendar":45,"Juzu Bracelet":14,"Cursed Key":17,"Burning Blood":0,"WarpedTongs":37,"Sundial":8,"Shuriken":9,"Bird Faced Urn":10,"Toolbox":13,"Fusion Hammer":34,"Toxic Egg 2":26,"InkBottle":23,"TungstenRod":42,"Pocketwatch":25},{"Astrolabe":0,"Spirit Poop":11,"StoneCalendar":22,"Juzu Bracelet":9,"Cursed Key":10,"Burning Blood":0,"WarpedTongs":18,"Sundial":6,"Shuriken":6,"Bird Faced Urn":7,"Toolbox":8,"Fusion Hammer":16,"Toxic Egg 2":13,"InkBottle":12,"TungstenRod":20,"Pocketwatch":13},{"Astrolabe":0,"Spirit Poop":46,"StoneCalendar":109,"Juzu Bracelet":36,"Cursed Key":43,"Burning Blood":0,"WarpedTongs":79,"Sundial":19,"Shuriken":19,"Bird Faced Urn":28,"Toolbox":33,"Fusion Hammer":69,"Toxic Egg 2":52,"InkBottle":50,"TungstenRod":91,"Pocketwatch":52}],"InkBottle":[26],"TungstenRod":17,"Pocketwatch":[69]},"card_choices":[{"not_picked":["Sword Boomerang","Perfected Strike","Heavy Blade"],"picked":"SKIP","floor":1.0},{"not_picked":["Body Slam","Heavy Blade"],"picked":"Disarm","floor":2.0},{"not_picked":["Burning Pact","Dual Wield"],"picked":"Power Through","floor":3.0},{"not_picked":["Twin Strike","Iron Wave","Heavy Blade"],"picked":"SKIP","floor":5.0},{"not_picked":["Twin Strike","Iron Wave","Heavy Blade"],"picked":"SKIP","floor":5.0},{"not_picked":["Searing Blow","Clothesline"],"picked":"Thunderclap","floor":7.0},{"not_picked":["Heavy Blade","Whirlwind","Intimidate"],"picked":"SKIP","floor":8.0},{"not_picked":["Clash","Brutality"],"picked":"Spot Weakness","floor":10.0},{"not_picked":["Clash","Flex","Spot Weakness"],"picked":"SKIP","floor":11.0},{"not_picked":["Heavy Blade","Brutality","Blood for Blood"],"picked":"SKIP","floor":14.0},{"not_picked":["Offering","Limit Break"],"picked":"Immolate","floor":16.0},{"not_picked":["Heavy Blade","Clash"],"picked":"True Grit","floor":18.0},{"not_picked":["Havoc+1","Headbutt","Dark Embrace"],"picked":"SKIP","floor":23.0},{"not_picked":["Entrench","Dark Embrace"],"picked":"Limit Break","floor":25.0},{"not_picked":["Flex+1","Clothesline"],"picked":"Hemokinesis","floor":29.0},{"not_picked":["Perfected Strike","Heavy Blade"],"picked":"True Grit+1","floor":31.0},{"not_picked":["Perfected Strike","Twin Strike","Body Slam"],"picked":"SKIP","floor":35.0},{"not_picked":["Wild Strike","Thunderclap+1"],"picked":"Second Wind+1","floor":36.0},{"not_picked":["Dark Embrace+1","Clothesline+1","Iron Wave"],"picked":"SKIP","floor":39.0},{"not_picked":["Dark Embrace+1","Wild Strike"],"picked":"Pommel Strike+1","floor":44.0},{"not_picked":["Flex+1","Wild Strike"],"picked":"Disarm+1","floor":45.0},{"not_picked":["Bloodletting+1","Infernal Blade+1"],"picked":"Armaments+1","floor":47.0},{"not_picked":["Twin Strike+1","Sword Boomerang"],"picked":"Power Through+1","floor":48.0}],"player_experience":336467,"relics_obtained":[{"floor":8.0,"key":"Sundial"},{"floor":9.0,"key":"Shuriken"},{"floor":10.0,"key":"Bird Faced Urn"},{"floor":14.0,"key":"Juzu Bracelet"},{"floor":23.0,"key":"InkBottle"},{"floor":25.0,"key":"Pocketwatch"},{"floor":26.0,"key":"Toxic Egg 2"},{"floor":42.0,"key":"TungstenRod"},{"floor":45.0,"key":"StoneCalendar"}],"event_choices":[{"damage_healed":0.0,"max_hp_gain":0.0,"max_hp_loss":0.0,"gold_gain":0.0,"event_name":"Shining Light","player_choice":"Entered Light","floor":4.0,"gold_loss":0.0,"damage_taken":23.0,"cards_upgraded":["Strike_R","Bash"]},{"damage_healed":18.0,"max_hp_gain":0.0,"max_hp_loss":0.0,"gold_gain":0.0,"event_name":"Mushrooms","player_choice":"Healed and dodged fight","floor":12.0,"gold_loss":0.0,"damage_taken":0.0,"cards_obtained":["Parasite"]},{"damage_healed":0.0,"max_hp_gain":5.0,"max_hp_loss":0.0,"gold_gain":0.0,"event_name":"Forgotten Altar","player_choice":"Shed Blood","floor":20.0,"gold_loss":0.0,"damage_taken":26.0},{"damage_healed":0.0,"max_hp_gain":0.0,"max_hp_loss":24.0,"gold_gain":0.0,"event_name":"Vampires","player_choice":"Became a vampire","floor":21.0,"gold_loss":0.0,"damage_taken":0.0,"cards_obtained":["Bite","Bite","Bite","Bite","Bite"]},{"cards_removed":["Parasite"],"damage_healed":0.0,"max_hp_gain":0.0,"max_hp_loss":0.0,"gold_gain":0.0,"event_name":"Bonfire Elementals","player_choice":"Offered Curse","floor":22.0,"gold_loss":0.0,"damage_taken":0.0,"relics_obtained":["Spirit Poop"]},{"damage_healed":0.0,"max_hp_gain":0.0,"max_hp_loss":0.0,"gold_gain":50.0,"event_name":"Golden Shrine","player_choice":"Pray","floor":30.0,"gold_loss":0.0,"damage_taken":0.0},{"damage_healed":0.0,"max_hp_gain":0.0,"max_hp_loss":0.0,"gold_gain":0.0,"event_name":"Accursed Blacksmith","player_choice":"Rummage","floor":37.0,"gold_loss":0.0,"damage_taken":0.0,"relics_obtained":["WarpedTongs"],"cards_obtained":["Pain"]},{"damage_healed":0.0,"max_hp_gain":0.0,"max_hp_loss":0.0,"gold_gain":0.0,"event_name":"Tomb of Lord Red Mask","player_choice":"Ignored","floor":38.0,"gold_loss":0.0,"damage_taken":0.0},{"damage_healed":0.0,"max_hp_gain":0.0,"max_hp_loss":0.0,"gold_gain":0.0,"event_name":"MindBloom","player_choice":"Fight","floor":42.0,"gold_loss":0.0,"damage_taken":0.0},{"damage_healed":0.0,"max_hp_gain":0.0,"max_hp_loss":0.0,"gold_gain":0.0,"event_name":"Mysterious Sphere","player_choice":"Ignored","floor":46.0,"gold_loss":0.0,"damage_taken":0.0}],"is_beta":false,"boss_relics":[{"not_picked":["Coffee Dripper","Pandora\u0027s Box"],"picked":"Cursed Key"},{"not_picked":["Mark of Pain","Runic Cube"],"picked":"Fusion Hammer"}],"items_purged_floors":[41],"is_endless":false,"potions_floor_spawned":[2,7,8,10,14,23,25,29,31,35,39,44,45,47],"killed_by":"Awakened One","ascension_level":19}}