{"host":"awrw1gk2acwismlg","time":1613012933,"event":{"mods":["ATMod(°¢èªMod)","Aspiration","BaseMod","Bestiary","Challenge The Spire","Conspire","Downfall","Energized Spire","Hermit","Jedi Mod","Marked Mod","Minty Spire (QoL Compilation)","Morshu Shopkeeper","Morshu Shopkeeper - ENHANCED","Quarter Circle Forward PUNCH!","Reliquary","Remilia_Scarlet Moed£¨ÀÙÃ×ÀòÑÇ¡¤Ë¹¿¨À×ÌØ£©3.3.5","Replay The Spire","SIMod","Shop Mod","Small Relic Pack","StSLib","The Bug Knight","The Cursed","Warlord Emblem","Wide Potions","Yakumo Yukari mod","¡¾ÒÅÎï¿¨ÅÆ¡¿REMEMod","óô»ðÖ¸ÄÏ"],"gold_per_floor":[117,117,67,78,92,92,104,104,104,123,151,169,201,219,219,323,323,340,359,359,377,397,397,410,420,500,520,520,520,533,533,533,635,635,653,41,56,56,56,82,94,110,136,155,155,155,165,177,177,177,177],"floor_reached":50,"language":"ZHS","playtime":5556,"items_purged":["Defend_B"],"score":569,"play_id":"7e1435a0-59a7-49ba-82d7-f4cc48cd5490","local_time":"20210211110853","is_ascension_mode":false,"campfire_choices":[{"data":"AT_BodySlamDance","floor":6.0,"key":"SMITH"},{"data":"Steam","floor":8.0,"key":"SMITH"},{"data":"Stack","floor":15.0,"key":"SMITH"},{"data":"Machine Learning","floor":23,"key":"SMITH"},{"data":"Reboot","floor":28,"key":"SMITH"},{"data":"ReplayTheSpireMod:GoodbyeWorld","floor":32,"key":"PURGE"},{"data":"Steam","floor":45,"key":"SMITH"},{"floor":49,"key":"REST"}],"circlet_count":0,"master_deck":["Strike_B","Strike_B+1","Strike_B+1","Defend_B","Defend_B","Defend_B","Zap","Dualcast","AT_BodySlamDance+1","Auto Shields+1","Steam+1","Strike_B+1","Coolheaded+1","Reboot+1","Stack+1","Machine Learning+1","Steam","BootSequence","Leap+1","Reinforced Body+1","Steam+1","PanicButton","Steam+1"],"relics":["Cracked Core","REME_ComplimentaryCards","AT_ATBox","aspiration:Nostalgia","The_element_of_harmony","jedi:gremlinknob","CaptainsWheel","Whetstone","energizedSpire:NeverEndingSparkler","Bottled Tornado","reliquary:TridentHead","REME_DuelDisc","War Paint","conspire:Boomerang","aspiration:EnhancedActuators","reliquary:ExpiredCoupon"],"acts_visited":["Exordium","TheCity","TheBeyond"],"potions_floor_usage":[16,16,18,33,37,40,50,50,50],"damage_taken":[{"damage":1.0,"enemies":"Jaw Worm","floor":1.0,"turns":2.0},{"damage":0.0,"enemies":"Cultist","floor":4.0,"turns":3.0},{"damage":1.0,"enemies":"2 Louse","floor":5.0,"turns":3.0},{"damage":8.0,"enemies":"Exordium Thugs","floor":7.0,"turns":3.0},{"damage":0.0,"enemies":"Large Slime","floor":10.0,"turns":1.0},{"damage":10.0,"enemies":"3 Sentries","floor":11.0,"turns":6.0},{"damage":0.0,"enemies":"Blue Slaver","floor":12.0,"turns":2.0},{"damage":12.0,"enemies":"Lagavulin","floor":13.0,"turns":6.0},{"damage":0.0,"enemies":"2 Fungi Beasts","floor":14.0,"turns":3.0},{"damage":0,"enemies":"Slime Boss","floor":16,"turns":7},{"damage":0,"enemies":"2 Thieves","floor":18,"turns":2},{"damage":0,"enemies":"Chosen","floor":19,"turns":4},{"damage":3,"enemies":"Centurion and Healer","floor":21,"turns":3},{"damage":0,"enemies":"Snake Plant","floor":22,"turns":3},{"damage":0,"enemies":"3 Cultists","floor":24,"turns":5},{"damage":0,"enemies":"Centurion and Healer","floor":25,"turns":5},{"damage":17,"enemies":"Snake Plant","floor":27,"turns":7},{"damage":0,"enemies":"Snecko","floor":30,"turns":3},{"damage":83,"enemies":"Automaton","floor":33,"turns":14},{"damage":3,"enemies":"3 Shapes","floor":35,"turns":4},{"damage":0,"enemies":"Orb Walker","floor":37,"turns":4},{"damage":29,"enemies":"Reptomancer","floor":40,"turns":4},{"damage":7,"enemies":"Maw","floor":41,"turns":7},{"damage":0,"enemies":"Spire Growth","floor":42,"turns":4},{"damage":6,"enemies":"Writhing Mass","floor":44,"turns":3},{"damage":0,"enemies":"Maw","floor":47,"turns":5},{"damage":0,"enemies":"Spire Growth","floor":48,"turns":3},{"damage":60,"enemies":"conspire:OrnateMirror","floor":50,"turns":6}],"seed_played":"-2760232112299212109","potions_obtained":[{"floor":4.0,"key":"PowerPotion"},{"floor":10.0,"key":"SteroidPotion"},{"floor":11.0,"key":"ColorlessPotion"},{"floor":14.0,"key":"Strength Potion"},{"floor":16,"key":"EntropicBrew"},{"floor":18,"key":"Adrenaline Potion"},{"floor":19,"key":"FairyPotion"},{"floor":30,"key":"Swift Potion"},{"floor":41,"key":"Adrenaline Potion"},{"floor":44,"key":"Energy Potion"},{"floor":47,"key":"Elixir"}],"is_trial":false,"path_per_floor":["M","?","?","M","M","R","M","R","T","M","E","M","E","M","R","B",null,"M","M","?","M","M","R","M","M","T","M","R","?","M","T","R","B",null,"M","$","M","?","?","E","M","M","T","M","R","?","M","M","R","B"],"character_chosen":"DEFECT","items_purchased":["War Paint","conspire:Boomerang","Block Potion","Adrenaline Potion"],"campfire_rested":1,"item_purchase_floors":[36,36,36,36],"current_hp_per_floor":[74,67,67,67,66,66,58,58,58,58,48,48,36,36,36,36,75,75,75,75,72,72,72,72,72,72,55,55,55,55,55,55,28,75,72,72,72,72,75,46,39,39,39,33,33,33,33,33,55,0,0],"gold":177,"neow_bonus":"NOSTALGIA","is_daily":false,"chose_seed":false,"campfire_upgraded":6,"win_rate":0.0,"timestamp":1613012933,"path_taken":["M","?","?","M","M","R","M","R","T","M","E","?","E","M","R","BOSS","M","?","?","M","M","R","M","M","T","?","R","?","M","?","R","BOSS","M","$","M","?","?","E","M","?","T","M","R","?","M","M","R","BOSS"],"items_purchased_type":["Relic","Relic","Potion","Potion"],"build_version":"2020-12-22","purchased_purges":1,"victory":false,"max_hp_per_floor":[75,75,75,75,75,75,75,75,75,75,75,75,75,75,75,75,75,75,75,75,75,75,75,75,75,75,75,75,75,75,75,75,75,75,75,75,75,75,75,75,75,75,75,75,75,75,75,75,75,75,75],"card_choices":[{"not_picked":["aspiration:Polymerization"],"picked":"Auto Shields","floor":1.0},{"not_picked":["Stack"],"picked":"Steam","floor":1.0},{"not_picked":["AT_HeatAcrobatics","Hologram"],"picked":"SKIP","floor":4.0},{"not_picked":["Self Repair","Rebound"],"picked":"SKIP","floor":4.0},{"not_picked":["Reprogram"],"picked":"Coolheaded","floor":5.0},{"not_picked":["Recycle","Beam Cell"],"picked":"SKIP","floor":5.0},{"not_picked":["Doom and Gloom","Redo"],"picked":"SKIP","floor":7.0},{"not_picked":["Tempest","Turbo"],"picked":"SKIP","floor":7.0},{"not_picked":["Beam Cell"],"picked":"ReplayTheSpireMod:GoodbyeWorld","floor":10.0},{"not_picked":["Streamline","Redo"],"picked":"SKIP","floor":10.0},{"not_picked":["Panic Button"],"picked":"Reboot","floor":11.0},{"not_picked":["Storm","jedi:spotbugs"],"picked":"SKIP","floor":11.0},{"not_picked":["ReplayTheSpireMod:Calculation Training","Cold Snap"],"picked":"SKIP","floor":12.0},{"not_picked":["Cold Snap","FIFO Queue"],"picked":"SKIP","floor":12.0},{"not_picked":["Sweeping Beam"],"picked":"Stack","floor":13.0},{"not_picked":["AT_EMC2","Consume"],"picked":"SKIP","floor":13.0},{"not_picked":["Gash","Beam Cell"],"picked":"SKIP","floor":14.0},{"not_picked":["Panic Button","Fusion"],"picked":"SKIP","floor":14.0},{"not_picked":["Core Surge"],"picked":"Machine Learning","floor":16},{"not_picked":["Ball Lightning"],"picked":"Steam","floor":18},{"not_picked":["Defragment+1"],"picked":"BootSequence","floor":18},{"not_picked":["ReplayTheSpireMod:System Scan","Time Bomb"],"picked":"SKIP","floor":19},{"not_picked":["jedi:blockon","Gash"],"picked":"SKIP","floor":19},{"not_picked":["Loop"],"picked":"Leap+1","floor":21},{"not_picked":["Beam Cell+1","Coolheaded"],"picked":"SKIP","floor":21},{"not_picked":["jedi:markofdeath","Gash"],"picked":"SKIP","floor":22},{"not_picked":["Cold Snap","Hello World+1"],"picked":"SKIP","floor":22},{"not_picked":["jedi:BurstLightning"],"picked":"Reinforced Body","floor":24},{"not_picked":["Compile Driver+1","Rainbow"],"picked":"SKIP","floor":24},{"not_picked":["Gash","BasicCrystalCard"],"picked":"SKIP","floor":25},{"not_picked":["Beam Cell+1","Conserve Battery"],"picked":"SKIP","floor":25},{"not_picked":["AT_StudyProgram"],"picked":"Steam","floor":27},{"not_picked":["Beam Cell","Redo"],"picked":"SKIP","floor":27},{"not_picked":["Rebound","Compile Driver+1"],"picked":"SKIP","floor":30},{"not_picked":["Storm","Ball Lightning"],"picked":"SKIP","floor":30},{"not_picked":["Gash+1","jedi:markofdeath"],"picked":"SKIP","floor":35},{"not_picked":["Streamline","Conserve Battery"],"picked":"SKIP","floor":35},{"not_picked":["Gash+1","ReplayTheSpireMod:GoodbyeWorld+1"],"picked":"SKIP","floor":37},{"not_picked":["REME_Compress","ReplayTheSpireMod:Omega Cannon"],"picked":"SKIP","floor":37},{"not_picked":["REME_Whirling+1","Sweeping Beam"],"picked":"SKIP","floor":40},{"not_picked":["Storm","AT_WaterDrop"],"picked":"SKIP","floor":40},{"not_picked":["AT_RobotInSpace+1","BasicCrystalCard"],"picked":"SKIP","floor":41},{"not_picked":["Barrage+1","Chill"],"picked":"SKIP","floor":41},{"not_picked":["Cold Snap+1","Sunder+1"],"picked":"SKIP","floor":42},{"not_picked":["Go for the Eyes+1","Heatsinks"],"picked":"SKIP","floor":42},{"not_picked":["Turbo","Rebound+1"],"picked":"SKIP","floor":44},{"not_picked":["AT_ThunderBolt","jedi:blockon+1"],"picked":"SKIP","floor":44},{"not_picked":["Flash of Steel"],"picked":"PanicButton","floor":46},{"not_picked":["Loop","Go for the Eyes"],"picked":"SKIP","floor":47},{"not_picked":["Beam Cell","AT_HeatAcrobatics"],"picked":"SKIP","floor":47},{"not_picked":["Panic Button"],"picked":"Steam+1","floor":48},{"not_picked":["Thunder Strike","BasicCrystalCard+1"],"picked":"SKIP","floor":48}],"player_experience":101553,"relics_obtained":[{"floor":9.0,"key":"jedi:gremlinknob"},{"floor":11.0,"key":"CaptainsWheel"},{"floor":13.0,"key":"Whetstone"},{"floor":26,"key":"Bottled Tornado"},{"floor":31,"key":"reliquary:TridentHead"},{"floor":40,"key":"aspiration:EnhancedActuators"},{"floor":43,"key":"reliquary:ExpiredCoupon"}],"event_choices":[{"cards_removed":["Strike_B"],"damage_healed":0.0,"max_hp_gain":0.0,"max_hp_loss":0.0,"gold_gain":0.0,"event_name":"The Cleric","player_choice":"Card Removal","floor":3.0,"gold_loss":50.0,"damage_taken":0.0},{"damage_healed":0,"gold_gain":0,"player_choice":"Forge","damage_taken":0,"max_hp_gain":0,"max_hp_loss":0,"event_name":"Accursed Blacksmith","floor":20,"gold_loss":0,"cards_upgraded":["Auto Shields"]},{"damage_healed":0,"gold_gain":0,"player_choice":"Leave","damage_taken":0,"max_hp_gain":0,"max_hp_loss":0,"event_name":"conspire:Investor","floor":29,"gold_loss":0},{"damage_healed":3,"gold_gain":0,"player_choice":"Full Heal","damage_taken":0,"max_hp_gain":0,"max_hp_loss":0,"event_name":"Wheel of Change","floor":39,"gold_loss":0},{"damage_healed":0,"gold_gain":0,"player_choice":"Memory 1","damage_taken":0,"max_hp_gain":0,"max_hp_loss":0,"event_name":"SensoryStone","floor":46,"gold_loss":0}],"is_beta":false,"boss_relics":[{"not_picked":["bronze:MakeshiftBattery","aspiration:IroncladSkillbook"],"picked":"energizedSpire:NeverEndingSparkler"},{"not_picked":["Pandora\u0027s Box","REME_DemonsWealth"],"picked":"REME_DuelDisc"}],"items_purged_floors":[36],"is_endless":false,"potions_floor_spawned":[4,10,11,14,16,18,19,25,30,41,44,47],"killed_by":"conspire:OrnateMirror","ascension_level":0}}