{"host":"4zpqi6gd0xcmibwu","time":1613053208,"event":{"mods":["AchievementEnabler","BaseMod","Better Altar","Better Match","Better Note","Better Skull","Better Third Choice","Block Reminder","Bossed Relics","Colored Map","Colored Powertips","DeckTracker","Displayed Cursed Tome","Googly Eyes","Highlight Path","Infinite Spire","Key Reminder","Minty Spire (QoL Compilation)","Permanent Neow","Quick Restart","Random Character Button","Rare Cards Sparkle","Relic Sorter","Relic Stats","Replay The Spire","ShortenTheSpire","Smile Girya","Spire Arcade","Spire Birthday Party","StSLib","Steal the Spire","SuperFastMode","Uncapped","Unceasing Turn Reminder","Waifu the Spire","everything is the same but u backflip on backflip","slay the spire mod where everything is the same but ironclad has a cowboy hat"],"gold_per_floor":[367,38,38,56,56,82,82,117,129,141,153,184,206,251,263,374,386,410,275,289,289,309,344,364,398,398,410,410,410],"floor_reached":28,"language":"ENG","playtime":1394,"items_purged":["Strike_R"],"score":292,"play_id":"e5ffc4d7-41f8-4137-a106-797bf7398396","local_time":"20210211152008","is_ascension_mode":true,"campfire_choices":[{"data":"Bash","floor":7.0,"key":"SMITH"},{"data":"Metallicize","floor":10.0,"key":"SMITH"},{"data":"Evolve","floor":15.0,"key":"SMITH"}],"circlet_count":0,"master_deck":["Strike_R","Strike_R","Strike_R","Defend_R","Defend_R","Defend_R","Defend_R","Bash+1","Bludgeon+1","Body Slam+1","Metallicize+1","Wild Strike","Evolve+1","Immolate","Whirlwind","Shrug It Off","Dark Embrace+1","Disarm","Immolate"],"relics":["Burning Blood","Medical Kit","Bronze Scales","MawBank","Darkstone Periapt","Girya","Replay:Grab Bag","Velvet Choker","Ring of Chaos","Red Skull","ReplayTheSpireMod:EnergyBall","Blue Doll","infinitespire:Broken Mirror","Replay:Accelerometer"],"acts_visited":["Exordium","TheCity"],"potions_floor_usage":[],"damage_taken":[{"damage":1.0,"enemies":"Cultist","floor":1.0,"turns":3.0},{"damage":0.0,"enemies":"2 Louse","floor":4.0,"turns":3.0},{"damage":13.0,"enemies":"Lagavulin","floor":6.0,"turns":4.0},{"damage":11.0,"enemies":"Gremlin Nob","floor":8.0,"turns":3.0},{"damage":7.0,"enemies":"Jaw Worm","floor":12.0,"turns":2.0},{"damage":9.0,"enemies":"Gremlin Gang","floor":13.0,"turns":6.0},{"damage":13.0,"enemies":"3 Sentries","floor":14.0,"turns":6.0},{"damage":16.0,"enemies":"Slime Boss","floor":16.0,"turns":8.0},{"damage":1.0,"enemies":"Spheric Guardian","floor":18.0,"turns":3.0},{"damage":15.0,"enemies":"2 Thieves","floor":20.0,"turns":3.0},{"damage":14,"enemies":"3 Cultists","floor":22,"turns":5},{"damage":30,"enemies":"Slavers","floor":23,"turns":4},{"damage":3,"enemies":"Snecko","floor":24,"turns":3},{"damage":31,"enemies":"Gremlin Leader","floor":25,"turns":5},{"damage":14,"enemies":"Shelled Parasite and Fungi","floor":27,"turns":4},{"damage":12,"enemies":"Slavers","floor":28,"turns":1}],"seed_played":"6193096118381589779","potions_obtained":[{"floor":1.0,"key":"LiquidBronze"},{"floor":6.0,"key":"Fire Potion"},{"floor":12.0,"key":"LiquidBronze"}],"is_trial":false,"path_per_floor":["M","$","?","M","?","E","R","E","T","R","$","M","M","E","R","B",null,"M","$","M","AVR","M","E","M","E","T","M","E"],"character_chosen":"IRONCLAD","items_purchased":["Medical Kit","Bludgeon+1","Red Skull"],"campfire_rested":0,"item_purchase_floors":[2,2,19],"current_hp_per_floor":[61,61,61,67,67,60,60,55,55,55,55,54,51,44,44,34,80,80,80,71,71,63,39,42,17,17,9,0,0],"gold":410,"neow_bonus":"TWO_FIFTY_GOLD","is_daily":false,"chose_seed":false,"campfire_upgraded":3,"win_rate":0.0,"timestamp":1613053208,"path_taken":["M","$","?","M","?","E","R","E","T","R","?","M","M","E","R","BOSS","M","$","M","AVR","M","E","?","E","T","M","E"],"items_purchased_type":["Relic","Card","Relic"],"build_version":"2020-12-22","purchased_purges":1,"victory":false,"max_hp_per_floor":[80,80,80,80,80,80,80,80,80,80,80,80,80,80,80,80,80,80,80,80,80,80,80,80,80,80,80,80,80],"relic_stats":{"Darkstone Periapt":0,"counters":[16,63],"Bronze Scales":[129],"Medical Kit":[14],"MawBank":132,"obtain_stats":[{"Darkstone Periapt":9,"Girya":14,"Replay:Accelerometer":26,"Replay:Grab Bag":17,"Velvet Choker":17,"Blue Doll":23,"Ring of Chaos":17,"Medical Kit":2,"MawBank":8,"Burning Blood":0,"ReplayTheSpireMod:EnergyBall":21,"infinitespire:Broken Mirror":25,"Bronze Scales":6,"Red Skull":19},{"Darkstone Periapt":4,"Girya":7,"Replay:Accelerometer":14,"Replay:Grab Bag":8,"Velvet Choker":8,"Blue Doll":12,"Ring of Chaos":8,"Medical Kit":1,"MawBank":4,"Burning Blood":0,"ReplayTheSpireMod:EnergyBall":10,"infinitespire:Broken Mirror":14,"Bronze Scales":3,"Red Skull":9},{"Darkstone Periapt":13,"Girya":27,"Replay:Accelerometer":58,"Replay:Grab Bag":35,"Velvet Choker":35,"Blue Doll":50,"Ring of Chaos":35,"Medical Kit":3,"MawBank":13,"Burning Blood":0,"ReplayTheSpireMod:EnergyBall":41,"infinitespire:Broken Mirror":58,"Bronze Scales":10,"Red Skull":38}],"Burning Blood":85},"card_choices":[{"not_picked":["Armaments","Perfected Strike","Havoc"],"picked":"SKIP","floor":1.0},{"not_picked":["Hemokinesis","Rampage"],"picked":"Body Slam","floor":4.0},{"not_picked":["Heavy Blade","Flex"],"picked":"Metallicize","floor":6.0},{"not_picked":["Body Slam","Uppercut","Brutality"],"picked":"SKIP","floor":8.0},{"not_picked":["Reckless Charge","Dark Embrace"],"picked":"Wild Strike","floor":12.0},{"not_picked":["Clothesline","Cleave"],"picked":"Evolve","floor":13.0},{"not_picked":["Perfected Strike","Armaments","Ghostly Armor"],"picked":"SKIP","floor":14.0},{"not_picked":["Limit Break","Bludgeon"],"picked":"Immolate","floor":16.0},{"not_picked":["Iron Wave","Clothesline"],"picked":"Whirlwind","floor":18.0},{"not_picked":["Sentinel","Replay:Undeath\u0027s Touch+1"],"picked":"Shrug It Off","floor":20},{"not_picked":["Wild Strike","Flex"],"picked":"Dark Embrace+1","floor":22},{"not_picked":["True Grit+1","Body Slam","Infernal Blade"],"picked":"SKIP","floor":23},{"not_picked":["ReplayTheSpireMod:Limb From Limb","Heavy Blade","Anger"],"picked":"SKIP","floor":24},{"not_picked":["Shrug It Off","Rupture+1"],"picked":"Disarm","floor":25},{"not_picked":["Wild Strike","Cleave"],"picked":"Immolate","floor":27}],"player_experience":60864,"relics_obtained":[{"floor":6.0,"key":"Bronze Scales"},{"floor":8.0,"key":"MawBank"},{"floor":9.0,"key":"Darkstone Periapt"},{"floor":14.0,"key":"Girya"},{"floor":23,"key":"Blue Doll"},{"floor":25,"key":"infinitespire:Broken Mirror"},{"floor":26,"key":"Replay:Accelerometer"}],"event_choices":[],"is_beta":false,"boss_relics":[{"not_picked":["Painkiller Herb","Calling Bell"],"picked":"Replay:Grab Bag"},{"not_picked":["Electric Blood","Abe\u0027s Treasure"],"picked":"Velvet Choker"},{"not_picked":["Black Blood","Kintsugi"],"picked":"Ring of Chaos"}],"items_purged_floors":[2],"is_endless":false,"potions_floor_spawned":[1,6,12,20,25,27],"killed_by":"Slavers","ascension_level":1}}