{"host":"1xo5g347e5o4auts","time":1613055574,"event":{"mods":["BaseMod","Minty Spire (QoL Compilation)","Permanent Neow","StSLib"],"gold_per_floor":[115,132,132,155,168,168,188,223,272,290,310,310,310],"floor_reached":12,"language":"ENG","playtime":375,"items_purged":[],"score":168,"play_id":"8f5b273d-3088-4e54-955c-cbdfbecdef6e","local_time":"20210211165934","is_ascension_mode":true,"campfire_choices":[{"data":"Neutralize","floor":6,"key":"SMITH"}],"circlet_count":0,"master_deck":["AscendersBane","Strike_G","Strike_G","Strike_G","Strike_G","Strike_G","Defend_G","Defend_G","Defend_G","Defend_G","Defend_G","Survivor","Neutralize+1","Blade Dance","Blade Dance","Predator","Quick Slash","Well Laid Plans"],"relics":["Ring of the Snake","Blood Vial","Golden Idol","HornCleat","Regal Pillow"],"acts_visited":["Exordium"],"potions_floor_usage":[5,7,11,12,12],"damage_taken":[{"damage":2,"enemies":"Small Slimes","floor":1,"turns":4},{"damage":2,"enemies":"2 Louse","floor":2,"turns":3},{"damage":0,"enemies":"Cultist","floor":4,"turns":3},{"damage":0,"enemies":"2 Fungi Beasts","floor":5,"turns":5},{"damage":13,"enemies":"Large Slime","floor":7,"turns":8},{"damage":37,"enemies":"3 Sentries","floor":8,"turns":10},{"damage":1,"enemies":"3 Louse","floor":10,"turns":3},{"damage":0,"enemies":"Blue Slaver","floor":11,"turns":3},{"damage":12,"enemies":"Lagavulin","floor":12,"turns":7}],"seed_played":"-4847542224658186621","potions_obtained":[{"floor":2,"key":"Fruit Juice"},{"floor":4,"key":"Ancient Potion"},{"floor":5,"key":"Weak Potion"},{"floor":8,"key":"EssenceOfSteel"},{"floor":11,"key":"Energy Potion"}],"is_trial":false,"path_per_floor":["M","M","?","M","M","R","M","E","T","M","M","E"],"character_chosen":"THE_SILENT","items_purchased":[],"campfire_rested":0,"item_purchase_floors":[],"current_hp_per_floor":[59,59,59,60,60,60,47,12,12,13,20,10,10],"gold":310,"neow_bonus":"RANDOM_COMMON_RELIC","is_daily":false,"chose_seed":false,"campfire_upgraded":1,"win_rate":0.0,"timestamp":1613055574,"path_taken":["M","M","?","M","M","R","M","E","T","M","M","E"],"items_purchased_type":[],"build_version":"2020-12-22","purchased_purges":0,"victory":false,"max_hp_per_floor":[66,66,60,60,60,60,60,60,60,60,65,65,65],"card_choices":[{"not_picked":["Sucker Punch","Cloak And Dagger"],"picked":"Blade Dance","floor":1},{"not_picked":["Accuracy","Choke","Reflex"],"picked":"SKIP","floor":2},{"not_picked":["Outmaneuver","Expertise","Backflip"],"picked":"SKIP","floor":4},{"not_picked":["PiercingWail","Venomology"],"picked":"Blade Dance","floor":5},{"not_picked":["Acrobatics","Prepared","Flying Knee"],"picked":"SKIP","floor":7},{"not_picked":["Concentrate","Dagger Spray"],"picked":"Predator","floor":8},{"not_picked":["Prepared","Underhanded Strike"],"picked":"Quick Slash","floor":10},{"not_picked":["Slice","Outmaneuver"],"picked":"Well Laid Plans","floor":11}],"player_experience":1478566,"relics_obtained":[{"floor":8,"key":"HornCleat"},{"floor":9,"key":"Regal Pillow"}],"event_choices":[{"damage_healed":0,"gold_gain":0,"player_choice":"Lose Max HP","damage_taken":0,"relics_obtained":["Golden Idol"],"max_hp_gain":0,"max_hp_loss":6,"event_name":"Golden Idol","floor":3,"gold_loss":0}],"is_beta":false,"boss_relics":[],"items_purged_floors":[],"is_endless":false,"potions_floor_spawned":[2,4,5,8,11],"killed_by":"Lagavulin","ascension_level":20}}