{"host":"pqs17sqrgflf4eqa","time":1613087170,"event":{"mods":["AchievementEnabler","BaseMod","Bestiary","Better Altar","Colored Map","Colored Powertips","Emptier Cage","Googly Eyes","Highlight Path","Minty Spire (QoL Compilation)","Quick Restart","StSLib","SuperFastMode","Transform Curses","slay the spire mod where everything is the same but ironclad has a cowboy hat"],"gold_per_floor":[114,30,44,44,44,44,73,73,73,33,68,83,83,110,110,214,264,277,25,41,73,73,73,98,98,124,141,101,28,59,71,71,173,173,186,32,82,82,97,123,123,123,123,139,36,66,66,78,78,78],"floor_reached":51,"language":"ENG","playtime":1985,"items_purged":[],"score":968,"play_id":"e4b5d954-efe3-4cb6-9316-319bf1e13829","local_time":"20210211184610","is_ascension_mode":true,"campfire_choices":[{"data":"Dualcast","floor":6.0,"key":"SMITH"},{"data":"Electrodynamics","floor":8.0,"key":"SMITH"},{"floor":15.0,"key":"REST"},{"data":"Echo Form","floor":23.0,"key":"SMITH"},{"data":"Coolheaded","floor":25.0,"key":"SMITH"},{"floor":32,"key":"REST"},{"data":"Multi-Cast","floor":41,"key":"SMITH"},{"floor":47,"key":"REST"},{"data":"Coolheaded","floor":49,"key":"SMITH"}],"circlet_count":0,"master_deck":["Strike_B+1","Strike_B+1","Strike_B+1","Strike_B+1","Defend_B+1","Defend_B+1","Defend_B+1","Defend_B+1","Zap+1","Dualcast+1","Conserve Battery+1","Sunder","Cold Snap","BootSequence","Electrodynamics+1","Glacier","Undo","Beam Cell+1","Coolheaded+1","Echo Form+1","Coolheaded+1","Rebound","Leap","Hologram+1","Leap+1","Multi-Cast+1","Stack+1","Core Surge","Steam+1","Ball Lightning","Lockon+1","Sweeping Beam+1","Redo+1","Hologram+1"],"relics":["Cracked Core","Pantograph","Omamori","PreservedInsect","Ornamental Fan","Bag of Marbles","Tiny House","Bag of Preparation","Red Mask","Shuriken","Potion Belt","Pocketwatch","Philosopher\u0027s Stone","Vajra","Unceasing Top","Ancient Tea Set","Art of War","Frozen Egg 2","Toy Ornithopter"],"acts_visited":["Exordium","TheCity","TheBeyond"],"potions_floor_usage":[31,33,33,37,42,50,50,50,50],"damage_taken":[{"damage":6.0,"enemies":"Cultist","floor":1.0,"turns":3.0},{"damage":0.0,"enemies":"2 Louse","floor":3.0,"turns":2.0},{"damage":18.0,"enemies":"Lagavulin","floor":7.0,"turns":7.0},{"damage":9.0,"enemies":"3 Sentries","floor":11.0,"turns":5.0},{"damage":0.0,"enemies":"Jaw Worm","floor":12.0,"turns":2.0},{"damage":4.0,"enemies":"Lagavulin","floor":14.0,"turns":5.0},{"damage":37.0,"enemies":"Hexaghost","floor":16.0,"turns":10.0},{"damage":8.0,"enemies":"2 Thieves","floor":18.0,"turns":3.0},{"damage":8.0,"enemies":"3 Byrds","floor":20.0,"turns":4.0},{"damage":0.0,"enemies":"Masked Bandits","floor":21.0,"turns":2.0},{"damage":0.0,"enemies":"Gremlin Leader","floor":24.0,"turns":4.0},{"damage":2.0,"enemies":"Centurion and Healer","floor":27.0,"turns":5.0},{"damage":9.0,"enemies":"Slavers","floor":30.0,"turns":2.0},{"damage":21,"enemies":"Sentry and Sphere","floor":31,"turns":4},{"damage":66,"enemies":"Automaton","floor":33,"turns":15},{"damage":0,"enemies":"3 Shapes","floor":35,"turns":5},{"damage":4,"enemies":"Mind Bloom Boss Battle","floor":37,"turns":5},{"damage":5,"enemies":"Orb Walker","floor":39,"turns":3},{"damage":21,"enemies":"Nemesis","floor":40,"turns":7},{"damage":0,"enemies":"Spire Growth","floor":42,"turns":2},{"damage":0,"enemies":"3 Darklings","floor":44,"turns":3},{"damage":28,"enemies":"Reptomancer","floor":46,"turns":5},{"damage":0,"enemies":"4 Shapes","floor":48,"turns":4},{"damage":45,"enemies":"Time Eater","floor":50,"turns":16}],"seed_played":"6416339089352839261","potions_obtained":[{"floor":11.0,"key":"LiquidBronze"},{"floor":12.0,"key":"ColorlessPotion"},{"floor":16.0,"key":"Weak Potion"},{"floor":17.0,"key":"DistilledChaos"},{"floor":21.0,"key":"Block Potion"},{"floor":24.0,"key":"Explosive Potion"},{"floor":27.0,"key":"Dexterity Potion"},{"floor":33,"key":"SkillPotion"},{"floor":37,"key":"DistilledChaos"},{"floor":39,"key":"SmokeBomb"},{"floor":40,"key":"Fire Potion"},{"floor":46,"key":"SpeedPotion"}],"is_trial":false,"path_per_floor":["M","$","M","$","?","R","E","R","T","$","E","M","?","E","R","B",null,"M","$","M","?","?","R","E","R","T","M","?","$","E","M","R","B",null,"M","$","?","?","M","E","R","M","T","M","$","E","R","M","R","B",null],"character_chosen":"DEFECT","items_purchased":["Sunder","Cold Snap","Glacier","Bag of Preparation","FocusPotion","Leap","DuplicationPotion","Vajra","FocusPotion","Strength Potion"],"campfire_rested":3,"item_purchase_floors":[2,2,10,19,19,19,29,36,45,45],"current_hp_per_floor":[69,69,69,69,54,54,36,36,36,36,27,27,20,16,38,26,68,60,60,52,52,52,52,52,52,52,50,50,50,41,20,44,3,61,61,61,76,76,71,50,50,50,50,50,50,22,46,46,46,35],"gold":78,"neow_bonus":"UPGRADE_CARD","is_daily":false,"chose_seed":false,"campfire_upgraded":6,"win_rate":0.0,"timestamp":1613087170,"path_taken":["M","?","M","$","?","R","E","R","T","?","E","M","?","E","R","BOSS","M","$","M","?","?","R","E","R","T","M","?","$","E","?","R","BOSS","M","$","?","?","M","E","R","M","T","M","$","E","R","?","R","BOSS"],"items_purchased_type":["Card","Card","Card","Relic","Potion","Card","Potion","Relic","Potion","Potion"],"build_version":"2020-12-22","purchased_purges":0,"victory":true,"max_hp_per_floor":[75,75,75,75,75,75,75,75,75,75,75,75,75,75,75,75,80,80,80,80,80,80,80,80,80,80,80,80,80,80,80,80,80,80,80,80,80,80,80,80,80,80,80,80,80,80,80,80,80,80],"card_choices":[{"not_picked":["Hologram","Gash"],"picked":"Conserve Battery","floor":1.0},{"not_picked":["Leap","Streamline"],"picked":"BootSequence","floor":3.0},{"not_picked":["Streamline","Rebound"],"picked":"Electrodynamics","floor":7.0},{"not_picked":["Sunder","Go for the Eyes"],"picked":"Undo","floor":11.0},{"not_picked":["Auto Shields","White Noise"],"picked":"Beam Cell","floor":12.0},{"not_picked":["Reinforced Body","Capacitor"],"picked":"Coolheaded","floor":14.0},{"not_picked":["Buffer","Machine Learning"],"picked":"Echo Form","floor":16.0},{"not_picked":["Reprogram","Undo"],"picked":"Coolheaded","floor":17.0},{"not_picked":["Compile Driver","Barrage"],"picked":"Rebound","floor":18.0},{"not_picked":["Auto Shields+1","Recycle"],"picked":"Hologram+1","floor":20.0},{"not_picked":["Reinforced Body","Force Field"],"picked":"Leap","floor":21.0},{"not_picked":["Go for the Eyes","Rebound"],"picked":"Multi-Cast","floor":24.0},{"not_picked":["Skim","Leap"],"picked":"Stack+1","floor":27.0},{"not_picked":["Skim","Machine Learning","Compile Driver"],"picked":"SKIP","floor":30.0},{"not_picked":["Go for the Eyes","Coolheaded","Recycle+1"],"picked":"SKIP","floor":31},{"not_picked":["Thunder Strike","Buffer"],"picked":"Core Surge","floor":33},{"not_picked":["Coolheaded","Hello World"],"picked":"Steam+1","floor":35},{"not_picked":["FTL","Skim"],"picked":"Ball Lightning","floor":37},{"not_picked":["FTL","Consume+1"],"picked":"Lockon+1","floor":39},{"not_picked":["Consume+1","Genetic Algorithm+1","Rip and Tear"],"picked":"SKIP","floor":40},{"not_picked":["Beam Cell+1","Go for the Eyes"],"picked":"Sweeping Beam+1","floor":44},{"not_picked":["FTL","Chaos+1"],"picked":"Redo+1","floor":46},{"not_picked":["Streamline","Fission"],"picked":"Hologram+1","floor":48}],"player_experience":165219,"relics_obtained":[{"floor":7.0,"key":"Pantograph"},{"floor":9.0,"key":"Omamori"},{"floor":11.0,"key":"PreservedInsect"},{"floor":14.0,"key":"Bag of Marbles"},{"floor":21.0,"key":"Red Mask"},{"floor":24.0,"key":"Shuriken"},{"floor":26.0,"key":"Potion Belt"},{"floor":30.0,"key":"Pocketwatch"},{"floor":37,"key":"Unceasing Top"},{"floor":40,"key":"Art of War"},{"floor":43,"key":"Frozen Egg 2"},{"floor":46,"key":"Toy Ornithopter"}],"event_choices":[{"damage_healed":0.0,"max_hp_gain":0.0,"max_hp_loss":0.0,"gold_gain":0.0,"event_name":"Shining Light","player_choice":"Entered Light","floor":5.0,"gold_loss":0.0,"damage_taken":15.0,"cards_upgraded":["Conserve Battery","Defend_B"]},{"damage_healed":0.0,"max_hp_gain":0.0,"max_hp_loss":0.0,"gold_gain":0.0,"event_name":"Scrap Ooze","player_choice":"Success","floor":13.0,"gold_loss":0.0,"damage_taken":7.0,"relics_obtained":["Ornamental Fan"]},{"damage_healed":0.0,"max_hp_gain":0.0,"max_hp_loss":0.0,"gold_gain":0.0,"event_name":"Masked Bandits","player_choice":"Fought Bandits","floor":21.0,"gold_loss":0.0,"damage_taken":0.0},{"damage_healed":0.0,"max_hp_gain":0.0,"max_hp_loss":0.0,"gold_gain":0.0,"event_name":"Back to Basics","player_choice":"Simplicity","floor":22.0,"gold_loss":0.0,"damage_taken":0.0,"cards_upgraded":["Strike_B","Strike_B","Strike_B","Defend_B","Defend_B","Defend_B"]},{"damage_healed":0.0,"max_hp_gain":0.0,"max_hp_loss":0.0,"gold_gain":0.0,"event_name":"Designer","player_choice":"Upgraded Two","floor":28.0,"gold_loss":40.0,"damage_taken":0.0,"cards_upgraded":["Beam Cell","Leap"]},{"damage_healed":0,"gold_gain":0,"player_choice":"Fight","damage_taken":0,"max_hp_gain":0,"max_hp_loss":0,"event_name":"MindBloom","floor":37,"gold_loss":0},{"damage_healed":0,"gold_gain":0,"player_choice":"Gave Potion","damage_taken":0,"relics_obtained":["Ancient Tea Set"],"max_hp_gain":0,"max_hp_loss":0,"event_name":"WeMeetAgain","floor":38,"gold_loss":0}],"is_beta":false,"boss_relics":[{"not_picked":["SacredBark","Busted Crown"],"picked":"Tiny House"},{"not_picked":["SlaversCollar","Sozu"],"picked":"Philosopher\u0027s Stone"}],"items_purged_floors":[],"is_endless":false,"potions_floor_spawned":[11,12,16,21,24,27,33,37,39,40,46],"ascension_level":5}}