{"host":"vyjryxuuuxkt43k4","time":1613053361,"event":{"mods":["AchievementEnabler","BaseMod","Colored Map","DeckTracker","Keyboard Shortcuts","Minty Spire (QoL Compilation)","Permanent Neow","Quick Restart","StSLib","SuperFastMode","everything is the same but u backflip on backflip"],"gold_per_floor":[359,378,528,159,174,174,189,189,189,220,220,254,269,282,282,282,282],"floor_reached":16,"language":"KOR","playtime":1295,"items_purged":["Doubt"],"score":224,"play_id":"9e53ee99-5cca-4df1-8d08-f486b958060e","local_time":"20210211232241","is_ascension_mode":true,"campfire_choices":[{"data":"Skewer","floor":6.0,"key":"SMITH"},{"data":"Crippling Poison","floor":8.0,"key":"SMITH"},{"floor":15.0,"key":"REST"}],"circlet_count":0,"master_deck":["AscendersBane","Strike_G","Strike_G","Strike_G","Strike_G","Strike_G","Defend_G","Defend_G","Defend_G","Defend_G","Defend_G","Survivor","Neutralize","Crippling Poison+1","Skewer+1","Terror","Dash+1","A Thousand Cuts","Blade Dance"],"relics":["Ring of the Snake","Bronze Scales","Shuriken","Darkstone Periapt","MealTicket"],"acts_visited":["Exordium"],"potions_floor_usage":[16],"damage_taken":[{"damage":0.0,"enemies":"2 Louse","floor":1.0,"turns":4.0},{"damage":3.0,"enemies":"Cultist","floor":2.0,"turns":6.0},{"damage":9.0,"enemies":"Small Slimes","floor":5.0,"turns":4.0},{"damage":1.0,"enemies":"Exordium Wildlife","floor":7.0,"turns":4.0},{"damage":20.0,"enemies":"Lagavulin","floor":10.0,"turns":5.0},{"damage":14.0,"enemies":"3 Sentries","floor":12.0,"turns":5.0},{"damage":3.0,"enemies":"Blue Slaver","floor":13.0,"turns":4.0},{"damage":0.0,"enemies":"Large Slime","floor":14.0,"turns":5.0},{"damage":27,"enemies":"Slime Boss","floor":16,"turns":9}],"seed_played":"-630937203205419767","potions_obtained":[{"floor":1.0,"key":"Energy Potion"},{"floor":5.0,"key":"LiquidMemories"},{"floor":10.0,"key":"Explosive Potion"},{"floor":12.0,"key":"SpeedPotion"},{"floor":13.0,"key":"LiquidMemories"}],"is_trial":false,"path_per_floor":["M","M","?","$","M","R","M","R","T","E","?","E","M","M","R","B"],"character_chosen":"THE_SILENT","items_purchased":["Bronze Scales","SteroidPotion","Terror"],"campfire_rested":1,"item_purchase_floors":[4,4,4],"current_hp_per_floor":[59,56,56,56,47,47,46,46,46,26,26,12,9,9,27,0,0],"gold":282,"neow_bonus":"TWO_FIFTY_GOLD","is_daily":false,"chose_seed":false,"campfire_upgraded":2,"win_rate":0.0,"timestamp":1613053361,"path_taken":["M","M","?","$","M","R","M","R","T","E","?","E","?","M","R","BOSS"],"items_purchased_type":["Relic","Potion","Card"],"build_version":"2020-12-22","purchased_purges":1,"victory":false,"max_hp_per_floor":[60,60,60,60,60,60,60,60,60,60,60,60,60,60,60,60,60],"card_choices":[{"not_picked":["Reflex","Terror"],"picked":"Crippling Poison","floor":1.0},{"not_picked":["Deflect","Deadly Poison"],"picked":"Skewer","floor":2.0},{"not_picked":["Tactician","Dagger Throw","Prepared"],"picked":"SKIP","floor":5.0},{"not_picked":["Eviscerate","Prepared","Quick Slash"],"picked":"SKIP","floor":7.0},{"not_picked":["Eviscerate","Prepared","Quick Slash"],"picked":"SKIP","floor":7.0},{"not_picked":["Escape Plan","Dagger Throw"],"picked":"Dash","floor":10.0},{"not_picked":["Flying Knee","Caltrops","Bane"],"picked":"SKIP","floor":12.0},{"not_picked":["Slice","Backflip"],"picked":"A Thousand Cuts","floor":13.0},{"not_picked":["Reflex","Quick Slash"],"picked":"Blade Dance","floor":14.0}],"player_experience":948061,"relics_obtained":[{"floor":9.0,"key":"Shuriken"},{"floor":10.0,"key":"Darkstone Periapt"},{"floor":12.0,"key":"MealTicket"}],"event_choices":[{"damage_healed":0.0,"max_hp_gain":0.0,"max_hp_loss":0.0,"gold_gain":150.0,"event_name":"Liars Game","player_choice":"AGREE","floor":3.0,"gold_loss":0.0,"damage_taken":0.0,"cards_obtained":["Doubt"]},{"damage_healed":0.0,"max_hp_gain":0.0,"max_hp_loss":0.0,"gold_gain":0.0,"event_name":"Upgrade Shrine","player_choice":"Upgraded","floor":11.0,"gold_loss":0.0,"damage_taken":0.0,"cards_upgraded":["Dash"]}],"is_beta":false,"boss_relics":[],"items_purged_floors":[4],"is_endless":false,"potions_floor_spawned":[1,5,10,12,13],"killed_by":"Slime Boss","ascension_level":20}}