{"host":"uc8wz0q199a7d901","time":1613008463,"event":{"mods":["2.2 Compatiblity","BaseMod","Colored Map","DeckTracker","Highlight Path","Minty Spire (QoL Compilation)","Permanent Neow","Quick Restart","SuperFastMode"],"gold_per_floor":[12,22,40,14,33,59,78,110,191,191,223,223,188,217,217,289,289,302,320,320,8,25,25,25,25],"floor_reached":24,"language":"KOR","playtime":885,"items_purged":[],"score":452,"play_id":"387f79dc-43e4-4023-9dc6-e43b8a3e8002","local_time":"20210211105423","is_ascension_mode":true,"campfire_choices":[{"floor":10.0,"key":"REST"},{"floor":15.0,"key":"REST"},{"data":"Creative AI","floor":23,"key":"SMITH"}],"circlet_count":0,"master_deck":["AscendersBane","Strike_B","Strike_B","Defend_B","Defend_B","Zap","Dualcast","Creative AI+1","BootSequence","Ball Lightning","Sweeping Beam","Cold Snap","Chill","Self Repair","Coolheaded","Double Energy","Coolheaded","Multi-Cast","Gash+1","Loop+1","Core Surge+1","Conserve Battery","Aggregate"],"relics":["Cracked Core","White Beast Statue","Juzu Bracelet","Ornamental Fan","Thread and Needle","Art of War","Astrolabe","Lantern"],"acts_visited":["Exordium","TheCity"],"potions_floor_usage":[22,24,24],"damage_taken":[{"damage":7.0,"enemies":"Cultist","floor":1.0,"turns":4.0},{"damage":0.0,"enemies":"Jaw Worm","floor":2.0,"turns":3.0},{"damage":0.0,"enemies":"2 Louse","floor":3.0,"turns":2.0},{"damage":1.0,"enemies":"Blue Slaver","floor":5.0,"turns":3.0},{"damage":27.0,"enemies":"Gremlin Nob","floor":6.0,"turns":4.0},{"damage":4.0,"enemies":"Red Slaver","floor":7.0,"turns":3.0},{"damage":13.0,"enemies":"Lagavulin","floor":8.0,"turns":7.0},{"damage":4.0,"enemies":"3 Sentries","floor":11.0,"turns":8.0},{"damage":32.0,"enemies":"Gremlin Nob","floor":14.0,"turns":5.0},{"damage":47.0,"enemies":"Hexaghost","floor":16.0,"turns":11.0},{"damage":13.0,"enemies":"Chosen","floor":18.0,"turns":6.0},{"damage":7.0,"enemies":"3 Byrds","floor":19.0,"turns":7.0},{"damage":14,"enemies":"Shelled Parasite and Fungi","floor":22,"turns":16},{"damage":52,"enemies":"Slavers","floor":24,"turns":5}],"seed_played":"4426762677909211140","potions_obtained":[{"floor":1.0,"key":"Swift Potion"},{"floor":2.0,"key":"Block Potion"},{"floor":7.0,"key":"AttackPotion"},{"floor":8.0,"key":"PotionOfCapacity"},{"floor":11.0,"key":"FocusPotion"},{"floor":14.0,"key":"LiquidMemories"},{"floor":16.0,"key":"SkillPotion"},{"floor":18.0,"key":"Block Potion"},{"floor":19.0,"key":"Explosive Potion"},{"floor":22,"key":"ColorlessPotion"}],"is_trial":false,"path_per_floor":["M","M","M","$","M","E","M","E","T","R","E","?","?","E","R","B",null,"M","M","?","$","M","R","E"],"character_chosen":"DEFECT","items_purchased":["Cold Snap","Aggregate","Lantern","PowerPotion"],"campfire_rested":2,"item_purchase_floors":[4,21,21,21],"current_hp_per_floor":[57,57,57,57,56,29,25,19,19,40,36,36,53,28,49,9,56,50,50,50,50,43,43,0,0],"gold":25,"neow_bonus":"THREE_RARE_CARDS","is_daily":false,"chose_seed":false,"campfire_upgraded":1,"win_rate":0.0,"timestamp":1613008463,"path_taken":["M","M","M","$","M","E","?","E","T","R","E","?","?","E","R","BOSS","M","M","?","$","M","R","E"],"items_purchased_type":["Card","Card","Relic","Potion"],"build_version":"2020-12-22","purchased_purges":0,"victory":false,"max_hp_per_floor":[71,71,71,71,71,71,71,71,71,71,71,71,71,71,71,71,71,71,71,71,71,71,71,71,71],"card_choices":[{"not_picked":["Buffer","Amplify"],"picked":"Creative AI","floor":0.0},{"not_picked":["White Noise","Hello World"],"picked":"BootSequence","floor":1.0},{"not_picked":["Self Repair","Compile Driver"],"picked":"Ball Lightning","floor":2.0},{"not_picked":["Auto Shields","Recycle"],"picked":"Sweeping Beam","floor":3.0},{"not_picked":["Sunder","Streamline"],"picked":"Chill","floor":5.0},{"not_picked":["Streamline","Go for the Eyes","Steam"],"picked":"SKIP","floor":6.0},{"not_picked":["Beam Cell","Stack"],"picked":"Self Repair","floor":7.0},{"not_picked":["Genetic Algorithm","Steam"],"picked":"Coolheaded","floor":8.0},{"not_picked":["Steam","Rebound"],"picked":"Double Energy","floor":11.0},{"not_picked":["Redo","Barrage"],"picked":"Coolheaded","floor":14.0},{"not_picked":["All For One","Machine Learning"],"picked":"Multi-Cast","floor":16.0},{"not_picked":["Rebound","Go for the Eyes"],"picked":"Conserve Battery","floor":18.0},{"not_picked":["Auto Shields","Compile Driver","Ball Lightning"],"picked":"SKIP","floor":19.0},{"not_picked":["Conserve Battery","Skim","Go for the Eyes"],"picked":"SKIP","floor":22}],"player_experience":737878,"relics_obtained":[{"floor":6.0,"key":"White Beast Statue"},{"floor":8.0,"key":"Juzu Bracelet"},{"floor":9.0,"key":"Ornamental Fan"},{"floor":11.0,"key":"Thread and Needle"},{"floor":14.0,"key":"Art of War"}],"event_choices":[{"damage_healed":0.0,"max_hp_gain":0.0,"max_hp_loss":0.0,"gold_gain":0.0,"event_name":"Scrap Ooze","player_choice":"Fled","floor":12.0,"gold_loss":0.0,"damage_taken":0.0},{"damage_healed":17.0,"max_hp_gain":0.0,"max_hp_loss":0.0,"gold_gain":0.0,"event_name":"The Cleric","player_choice":"Healed","floor":13.0,"gold_loss":35.0,"damage_taken":0.0},{"cards_removed":["Defend_B"],"damage_healed":0.0,"max_hp_gain":0.0,"max_hp_loss":0.0,"gold_gain":0.0,"event_name":"Purifier","player_choice":"Purged","floor":20.0,"gold_loss":0.0,"damage_taken":0.0}],"is_beta":false,"boss_relics":[{"not_picked":["Black Star","Ectoplasm"],"picked":"Astrolabe"}],"items_purged_floors":[],"is_endless":false,"potions_floor_spawned":[1,2,3,7,8,11,14,16,18,19,22],"killed_by":"Slavers","ascension_level":20}}