{"host":"5hsgormuu0lj4iiq","time":1613011249,"event":{"mods":["AchievementEnabler","BaseMod","Colored Map","Colored Powertips","Minty Spire (QoL Compilation)","Quick Restart","Relic Stats","SuperFastMode","everything is the same but u backflip on backflip","slay the spire mod where everything is the same but ironclad has a cowboy hat"],"gold_per_floor":[111,111,111,286,309,347,347,366,366,391,404,419,419,454,454,454,454],"floor_reached":16,"language":"ENG","playtime":359,"items_purged":[],"score":219,"play_id":"19f8078e-f1bd-4819-8c97-4181191e35c0","local_time":"20210210214049","is_ascension_mode":true,"campfire_choices":[{"floor":7,"key":"RECALL"},{"data":"Self Repair","floor":13,"key":"SMITH"},{"floor":15,"key":"REST"}],"circlet_count":0,"master_deck":["AscendersBane","Strike_B","Strike_B","Strike_B","Strike_B","Defend_B","Defend_B","Defend_B","Defend_B","Zap","Dualcast","Cold Snap","Doubt","Genetic Algorithm","Chill","Self Repair+1","Ball Lightning"],"relics":["Cracked Core","NeowsBlessing","Golden Idol","Kunai","Centennial Puzzle","Potion Belt"],"acts_visited":["Exordium"],"potions_floor_usage":[16],"damage_taken":[{"damage":0,"enemies":"2 Louse","floor":1,"turns":1},{"damage":0,"enemies":"Small Slimes","floor":5,"turns":1},{"damage":0,"enemies":"Lagavulin","floor":6,"turns":1},{"damage":13,"enemies":"Jaw Worm","floor":8,"turns":4},{"damage":15,"enemies":"3 Louse","floor":10,"turns":6},{"damage":14,"enemies":"Exordium Wildlife","floor":11,"turns":4},{"damage":9,"enemies":"Large Slime","floor":12,"turns":9},{"damage":31,"enemies":"Gremlin Nob","floor":14,"turns":5},{"damage":44,"enemies":"Slime Boss","floor":16,"turns":7}],"seed_played":"-3367736255169821735","potions_obtained":[{"floor":5,"key":"SteroidPotion"},{"floor":10,"key":"Explosive Potion"},{"floor":14,"key":"SpeedPotion"}],"is_trial":false,"path_per_floor":["M","?","?","?","M","E","R","M","T","M","M","M","R","E","R","B"],"character_chosen":"DEFECT","items_purchased":[],"campfire_rested":1,"item_purchase_floors":[],"current_hp_per_floor":[68,68,73,73,73,73,73,60,60,52,45,43,43,22,44,0,0],"gold":454,"neow_bonus":"THREE_ENEMY_KILL","is_daily":false,"chose_seed":false,"campfire_upgraded":1,"win_rate":0.0,"timestamp":1613011249,"path_taken":["M","?","?","?","M","E","R","M","T","?","M","M","R","E","R","BOSS"],"items_purchased_type":[],"build_version":"2020-12-22","purchased_purges":0,"victory":false,"max_hp_per_floor":[75,69,74,74,74,74,74,74,74,74,74,74,74,74,74,74,74],"relic_stats":{"Centennial Puzzle":[15],"counters":[9,38],"Golden Idol":35,"Kunai":[3],"obtain_stats":[{"Potion Belt":14,"Centennial Puzzle":9,"NeowsBlessing":0,"Golden Idol":2,"Kunai":6,"Cracked Core":0},{"Potion Belt":8,"Centennial Puzzle":4,"NeowsBlessing":0,"Golden Idol":1,"Kunai":3,"Cracked Core":0},{"Potion Belt":31,"Centennial Puzzle":7,"NeowsBlessing":0,"Golden Idol":1,"Kunai":3,"Cracked Core":0}]},"card_choices":[{"not_picked":["Gash","Steam"],"picked":"Cold Snap","floor":1},{"not_picked":["Ball Lightning","Capacitor"],"picked":"Genetic Algorithm","floor":5},{"not_picked":["FTL","Turbo"],"picked":"Chill","floor":6},{"not_picked":["Hologram","Rebound"],"picked":"Self Repair","floor":8},{"not_picked":["Barrage","Stack","Turbo"],"picked":"SKIP","floor":10},{"not_picked":["Go for the Eyes","Turbo","Gash"],"picked":"SKIP","floor":11},{"not_picked":["Melter","Storm"],"picked":"Ball Lightning","floor":12},{"not_picked":["Rebound","Barrage","All For One"],"picked":"SKIP","floor":14}],"player_experience":723423,"relics_obtained":[{"floor":6,"key":"Kunai"},{"floor":9,"key":"Centennial Puzzle"},{"floor":14,"key":"Potion Belt"}],"event_choices":[{"damage_healed":0,"gold_gain":0,"player_choice":"Lose Max HP","damage_taken":0,"relics_obtained":["Golden Idol"],"max_hp_gain":0,"max_hp_loss":6,"event_name":"Golden Idol","floor":2,"gold_loss":0},{"damage_healed":0,"gold_gain":0,"player_choice":"Donut","damage_taken":0,"max_hp_gain":5,"max_hp_loss":0,"event_name":"Big Fish","floor":3,"gold_loss":0},{"damage_healed":0,"gold_gain":175,"player_choice":"AGREE","damage_taken":0,"max_hp_gain":0,"max_hp_loss":0,"event_name":"Liars Game","floor":4,"gold_loss":0,"cards_obtained":["Doubt"]}],"is_beta":false,"boss_relics":[],"items_purged_floors":[],"is_endless":false,"potions_floor_spawned":[5,10,11,14],"killed_by":"Slime Boss","ascension_level":12}}