{"host":"5rycm1ajjg5acc5q","time":1613054911,"event":{"mods":["BaseMod","Better Third Choice","Downfall","Highlight Path","Minty Spire (QoL Compilation)","Replay The Spire","StSLib"],"gold_per_floor":[110,130,177,197,215,215,250,264,290,290,302,347,21,56,56,157,157,170,26,38,38,51,85,85,111,111,127,127,174,174,92,92,191,191,221,231,231,244,262,262,62,62,62,62,97,197,212,13,13,13,13,13,65,97,97],"floor_reached":56,"language":"ENG","playtime":20036,"items_purged":["Normality","Writhe"],"score":1703,"play_id":"c8d20e2e-0d05-4b16-9548-0b1071f91914","local_time":"20210211084831","is_ascension_mode":true,"campfire_choices":[{"data":"Demon Form","floor":6,"key":"SMITH"},{"data":"Barricade","floor":10,"key":"SMITH"},{"floor":15,"key":"RECALL"},{"data":"Uppercut","floor":30,"key":"SMITH"},{"data":"Flame Barrier","floor":32,"key":"SMITH"},{"data":"Corruption","floor":40,"key":"SMITH"},{"data":"Magnetism","floor":42,"key":"SMITH"},{"data":"Magnetism","floor":44,"key":"SMITH"},{"data":"Rupture","floor":49,"key":"SMITH"},{"data":"Replay:Undeath\u0027s Touch","floor":52,"key":"SMITH"}],"circlet_count":0,"master_deck":["Defend_R","Defend_R","Defend_R","Defend_R","Bash","Pommel Strike","Thunderclap","Burning Pact+1","Demon Form+1","Pot Of Greed+1","Pot Of Greed+1","Barricade+1","Pommel Strike+1","Replay:Undeath\u0027s Touch+1","Armaments+1","Uppercut+1","Eclipse+1","Iron Wave","ReplayTheSpireMod:Strike From Hell","Dual Wield+1","Pot Of Greed+1","ReplayTheSpireMod:Stacked+1","ReplayTheSpireMod:LeadingStrike+1","Bite","Bite","Bite","Bite","Bite","Languid","ReplayTheSpireMod:IOU","Flame Barrier+1","True Grit+1","Magnetism+1","Magnetism+1","Pot Of Greed+1","Corruption+1","ReplayTheSpireMod:IOU","ReplayTheSpireMod:Splinters","Voices","Shrug It Off+1","Parasite","Pommel Strike+1","Sever Soul+1","ReplayTheSpireMod:IOU","ReplayTheSpireMod:IOU","Brutality+1","Pot Of Greed+1","Defy Death+1","ReplayTheSpireMod:IOU","ReplayTheSpireMod:IOU","Bandage Up+1","Bandage Up+1","ReplayTheSpireMod:IOU","ReplayTheSpireMod:IOU","Mayhem+1","ReplayTheSpireMod:IOU","Shrug It Off+1","Rampage+1","Evolve+1","Pot Of Greed+1","Languid","Juggernaut+1","ReplayTheSpireMod:Restless Dread","Rupture+1","Metamorphosis+1","Mind Blast+1","Mind Blast+1","ReplayTheSpireMod:IOU","ReplayTheSpireMod:IOU","Combust+1","ReplayTheSpireMod:IOU","Pot Of Greed+1","ReplayUltimateDefense+1","Madness+1","ReplayUltimateDefense+1","ReplayTheSpireMod:IOU","ReplayTheSpireMod:IOU","ReplayTheSpireMod:IOU","ReplayTheSpireMod:IOU","ReplayTheSpireMod:IOU","ReplayTheSpireMod:IOU","ReplayTheSpireMod:IOU","ReplayTheSpireMod:IOU","ReplayTheSpireMod:IOU","Pot Of Greed+1","ReplayTheSpireMod:IOU","ReplayTheSpireMod:IOU","Inflame+1","Body Slam+1","Body Slam+1","Armaments+1","Headbutt+1","Good Instincts+1","ReplayTheSpireMod:IOU","ReplayTheSpireMod:IOU","Secret Technique+1","ReplayTheSpireMod:IOU","Pot Of Greed+1","Dropkick+1"],"relics":["Burning Blood","Blue Doll","Mummified Hand","Grinning Jar","Whetstone","Thread and Needle","Vajra","bronze:MakeshiftBattery","Guide Book","MutagenicStrength","Anchor","Ring of Peace","Strawberry","ReplayTheSpireMod:Ninjato","Juzu Bracelet","Replay:Wax Seal","ReplayTheSpireMod:CursedCoin","Replay:Ancient Bell","Oddly Smooth Stone","Replay:Bottled Eggs","Du-Vu Doll","Golden Egg","OrangePellets","Toy Ornithopter","InkBottle","downfall:ExtraCursedKey","ReplayTheSpireMod:ShopPack","Replay:WaspNest","Replay:Bottled Flurry","Shuriken","ReplayFunnel","Replay:Towering Pillar of Hats"],"acts_visited":["Exordium","TheCity","TheBeyond","TheEnding"],"potions_floor_usage":[5,16,23,25,25,47,55,55,55,55,55],"damage_taken":[{"damage":6,"enemies":"Jaw Worm","floor":1,"turns":4},{"damage":6,"enemies":"2 Louse","floor":2,"turns":3},{"damage":5,"enemies":"Small Slimes","floor":4,"turns":3},{"damage":6,"enemies":"Blue Slaver","floor":5,"turns":5},{"damage":21,"enemies":"3 Sentries","floor":7,"turns":5},{"damage":17,"enemies":"Exordium Wildlife","floor":8,"turns":5},{"damage":7,"enemies":"Gremlin Gang","floor":11,"turns":6},{"damage":10,"enemies":"Gremlin Nob","floor":14,"turns":4},{"damage":0,"enemies":"The Guardian","floor":16,"turns":9},{"damage":0,"enemies":"Shell Parasite","floor":18,"turns":4},{"damage":0,"enemies":"3 Byrds","floor":20,"turns":7},{"damage":12,"enemies":"Centurion and Healer","floor":22,"turns":5},{"damage":20,"enemies":"Gremlin Leader","floor":23,"turns":4},{"damage":5,"enemies":"Slavers","floor":25,"turns":6},{"damage":21,"enemies":"Shelled Parasite and Fungi","floor":27,"turns":7},{"damage":0,"enemies":"Champ","floor":33,"turns":7},{"damage":12,"enemies":"3 Darklings","floor":35,"turns":4},{"damage":0,"enemies":"Orb Walker","floor":36,"turns":4},{"damage":7,"enemies":"Writhing Mass","floor":38,"turns":6},{"damage":15,"enemies":"Jaw Worm Horde","floor":39,"turns":4},{"damage":6,"enemies":"Giant Head","floor":45,"turns":4},{"damage":0,"enemies":"4 Shapes","floor":47,"turns":2},{"damage":25,"enemies":"Awakened One","floor":50,"turns":9},{"damage":0,"enemies":"Shield and Spear","floor":54,"turns":2},{"damage":23,"enemies":"The Heart","floor":55,"turns":5}],"seed_played":"-2598495605980068167","potions_obtained":[{"floor":1,"key":"sneckomod:MuddlingPotion"},{"floor":2,"key":"Adrenaline Potion"},{"floor":3,"key":"ElixirPotion"},{"floor":7,"key":"FairyPotion"},{"floor":14,"key":"SkillPotion"},{"floor":18,"key":"Strength Potion"},{"floor":22,"key":"ColorlessPotion"},{"floor":25,"key":"FearPotion"},{"floor":27,"key":"SteroidPotion"},{"floor":36,"key":"EntropicBrew"},{"floor":38,"key":"Weak Potion"}],"is_trial":false,"path_per_floor":["M","M","?","M","M","R","E","M","T","R","M","T","$","E","R","B",null,"M","$","M","?","M","E","?","E","T","M","?","T","R","$","R","B",null,"M","M","?","M","M","R","$","R","T","R","E","?","M","$","R","B",null,"R","$","E","B",null],"character_chosen":"IRONCLAD","items_purchased":["Thread and Needle","Armaments+1","Guide Book","Replay:Wax Seal","ReplayTheSpireMod:CursedCoin","Flame Barrier","True Grit+1","Magnetism","Golden Egg","Brutality","Defy Death+1","Bandage Up","OrangePellets","Mayhem","Shrug It Off","Rampage","Metamorphosis+1","Mind Blast","Combust","ReplayTheSpireMod:ShopPack","Replay:WaspNest","Replay:Bottled Flurry","Shuriken","ReplayFunnel","Inflame+1","Body Slam","Armaments","Headbutt","Good Instincts","Secret Technique","BloodPotion"],"campfire_rested":0,"item_purchase_floors":[13,13,19,31,31,31,31,31,41,41,41,41,41,41,41,41,48,48,48,48,48,48,53,53,53,53,53,53,53,53,53],"current_hp_per_floor":[80,80,80,80,80,80,65,54,54,54,53,53,53,49,49,55,80,80,80,80,80,74,60,60,68,68,53,53,53,53,53,53,60,60,54,60,60,60,55,55,55,55,55,55,60,65,65,65,65,50,65,65,65,65,65],"gold":97,"neow_bonus":"RANDOM_COMMON_RELIC","is_daily":false,"chose_seed":false,"campfire_upgraded":9,"win_rate":0.0,"timestamp":1613054911,"path_taken":["M","M","?","M","M","R","E","M","T","R","M","?","$","E","R","BOSS","M","$","M","?","M","E","?","E","T","M","?","?","R","?","R","BOSS","M","M","?","M","M","R","$","R","T","R","E","?","M","$","R","BOSS","R","$","E","BOSS"],"items_purchased_type":["Relic","Card","Relic","Relic","Relic","Card","Card","Card","Relic","Card","Card","Card","Relic","Card","Card","Card","Card","Card","Card","Relic","Relic","Relic","Relic","Relic","Card","Card","Card","Card","Card","Card","Potion"],"build_version":"2020-12-22","purchased_purges":2,"victory":true,"max_hp_per_floor":[80,80,80,80,80,80,80,80,80,80,80,80,80,80,80,80,80,80,80,80,80,80,80,80,87,87,87,60,60,60,60,60,60,60,60,60,60,60,60,60,60,60,60,60,60,65,65,65,65,65,65,65,65,65,65],"card_choices":[{"not_picked":["Carnage","Armaments"],"picked":"Pommel Strike","floor":1},{"not_picked":["Abandon","Second Wind"],"picked":"Thunderclap","floor":2},{"not_picked":["Carnage","Wild Strike"],"picked":"Burning Pact","floor":4},{"not_picked":["Fire Breathing","Shrug It Off"],"picked":"Demon Form","floor":5},{"not_picked":["Clothesline","Anger"],"picked":"Barricade","floor":7},{"not_picked":["Intimidate","Wild Strike"],"picked":"Pommel Strike","floor":8},{"not_picked":["Armaments","Thunderclap"],"picked":"Replay:Undeath\u0027s Touch","floor":11},{"not_picked":["Anger","Clash"],"picked":"Uppercut","floor":14},{"not_picked":["Barricade","Limit Break"],"picked":"Eclipse","floor":16},{"not_picked":["Anger+1","Body Slam"],"picked":"Iron Wave","floor":18},{"not_picked":["Clothesline","Run Through"],"picked":"ReplayTheSpireMod:Strike From Hell","floor":20},{"not_picked":["True Grit","Intimidate","Abandon"],"picked":"SKIP","floor":22},{"not_picked":["Clothesline","Flex+1"],"picked":"Dual Wield+1","floor":23},{"not_picked":["ReplayTheSpireMod:Limb From Limb","Second Wind+1"],"picked":"ReplayTheSpireMod:Stacked+1","floor":25},{"not_picked":["Sword Boomerang","Body Slam"],"picked":"ReplayTheSpireMod:LeadingStrike+1","floor":27},{"not_picked":["Brutality","Berserk"],"picked":"Corruption","floor":33},{"not_picked":["Doubt","Injury"],"picked":"ReplayTheSpireMod:IOU","floor":34},{"not_picked":["ReplayTheSpireMod:Faulty Equipment","AbeCurse"],"picked":"ReplayTheSpireMod:Splinters","floor":34},{"not_picked":["Shame","Writhe"],"picked":"Voices","floor":34},{"not_picked":["Limit Break","Flex","Body Slam"],"picked":"SKIP","floor":35},{"not_picked":["True Grit","Body Slam"],"picked":"Shrug It Off+1","floor":36},{"not_picked":["Entrench+1","Intimidate"],"picked":"Pommel Strike+1","floor":38},{"not_picked":["Dropkick+1","Battle Trance"],"picked":"Sever Soul+1","floor":39},{"not_picked":["Limit Break","Heavy Blade+1"],"picked":"Evolve+1","floor":45},{"not_picked":["Anger+1","Cleave"],"picked":"Rupture","floor":47},{"not_picked":["Panache","ReplayTheSpireMod:Brewmster"],"picked":"ReplayUltimateDefense","floor":48},{"not_picked":["Flash of Steel","Good Instincts"],"picked":"Madness","floor":48},{"not_picked":["ReplayTheSpireMod:Necrogeddon","Specialist"],"picked":"ReplayUltimateDefense","floor":48},{"not_picked":["Thunderclap+1","Clothesline"],"picked":"Dropkick+1","floor":54}],"player_experience":486632,"relics_obtained":[{"floor":3,"key":"Mummified Hand"},{"floor":7,"key":"Grinning Jar"},{"floor":9,"key":"Whetstone"},{"floor":14,"key":"Vajra"},{"floor":23,"key":"Anchor"},{"floor":24,"key":"Ring of Peace"},{"floor":25,"key":"Strawberry"},{"floor":26,"key":"ReplayTheSpireMod:Ninjato"},{"floor":29,"key":"Juzu Bracelet"},{"floor":43,"key":"Toy Ornithopter"},{"floor":45,"key":"InkBottle"},{"floor":54,"key":"Replay:Towering Pillar of Hats"}],"event_choices":[{"damage_healed":0,"gold_gain":0,"player_choice":"Inject Mutagens","damage_taken":0,"relics_obtained":["MutagenicStrength"],"max_hp_gain":0,"max_hp_loss":0,"event_name":"Drug Dealer","floor":21,"gold_loss":0},{"damage_healed":0,"gold_gain":0,"player_choice":"Became a vampire","damage_taken":0,"max_hp_gain":0,"max_hp_loss":27,"event_name":"Vampires","floor":28,"gold_loss":0,"cards_obtained":["Bite","Bite","Bite","Bite","Bite"]},{"damage_healed":0,"gold_gain":0,"player_choice":"Ignored","damage_taken":0,"max_hp_gain":0,"max_hp_loss":0,"event_name":"Tomb of Lord Red Mask","floor":37,"gold_loss":0}],"is_beta":false,"boss_relics":[{"not_picked":["Sozu","Replay:Drink Me"],"picked":"bronze:MakeshiftBattery"},{"not_picked":["Pandora\u0027s Box","Fusion Hammer"],"picked":"Replay:Ancient Bell"},{"not_picked":["Orichalcum","War Paint"],"picked":"Oddly Smooth Stone"},{"not_picked":["Darkstone Periapt","Iron Hammer"],"picked":"Replay:Bottled Eggs"},{"not_picked":["Mango","Durian"],"picked":"Du-Vu Doll"}],"items_purged_floors":[31,48],"is_endless":false,"potions_floor_spawned":[1,2,7,11,14,18,22,25,27,36,38,39],"ascension_level":1}}