{"host":"rykcscnxwcosqdkz","time":1613077737,"event":{"mods":["100% Spire Juice","Act Like it!","Arknights","BaseMod","DeckTracker","GifTheSpireLib","Minty Spire (QoL Compilation)","Reliquary","StSLib","Stuff the Spire","The Dragon Tamer","The Marked","??????REMEMod"],"gold_per_floor":[114,114,114,39,56,76,76,76,156,156,174,174,174,184,184,288,288,298,298,313,313,120,145,145,155,178,78,78,78,78,93,93,193,193,209,209,226,276,291,291,291,291],"floor_reached":41,"language":"ENG","playtime":2077,"items_purged":["theMarked:Strike","theMarked:Strike+1"],"score":399,"play_id":"1bc00ab0-a30b-4ec0-87ff-eeb647e564e3","local_time":"20210211220857","is_ascension_mode":false,"campfire_choices":[{"data":"theMarked:SoldierOfQuellstein","floor":7.0,"key":"SMITH"},{"data":"theMarked:Electrify","floor":10.0,"key":"SMITH"},{"data":"theMarked:Defend","floor":12.0,"key":"SMITH"},{"data":"theMarked:ComboAttacks","floor":15.0,"key":"SMITH"},{"data":"theMarked:Maelstrom","floor":28.0,"key":"SMITH"},{"data":"theMarked:Aftermath","floor":30.0,"key":"SMITH"},{"data":"theMarked:TurnInvisible","floor":32.0,"key":"SMITH"}],"circlet_count":0,"master_deck":["theMarked:Defend","theMarked:Defend+1","theMarked:Defend","theMarked:SoldierOfQuellstein+1","theMarked:Electrify+1","theMarked:ComboAttacks+1","theMarked:TurnInvisible+1","theMarked:Improvise+1","StuffTheSpire:Brawn","theMarked:Aftermath+1","theMarked:Maelstrom+1","theMarked:TakeCover+1","theMarked:TakeOffHeels+1","theMarked:TakeCover"],"relics":["theMarked:ArtifactOfAir","REME_ComplimentaryCards","NeowsBlessing","StuffTheSpire:RedRose","REME_LimitBreaker","Astrolabe","Bronze Scales","Shuriken","Whetstone","Empty Cage","Peace Pipe"],"acts_visited":["Exordium","TheCity","TheBeyond"],"potions_floor_usage":[41,41,41,41,41,41],"damage_taken":[{"damage":0.0,"enemies":"Small Slimes","floor":1.0,"turns":1.0},{"damage":0.0,"enemies":"Cultist","floor":5.0,"turns":1.0},{"damage":0.0,"enemies":"Jaw Worm","floor":6.0,"turns":1.0},{"damage":0.0,"enemies":"Blue Slaver","floor":11.0,"turns":4.0},{"damage":5.0,"enemies":"3 Louse","floor":14.0,"turns":3.0},{"damage":32.0,"enemies":"Hexaghost","floor":16.0,"turns":9.0},{"damage":18.0,"enemies":"2 Thieves","floor":18.0,"turns":5.0},{"damage":0.0,"enemies":"Chosen","floor":20.0,"turns":4.0},{"damage":20.0,"enemies":"Slavers","floor":23.0,"turns":3.0},{"damage":16.0,"enemies":"Snecko","floor":25.0,"turns":5.0},{"damage":14.0,"enemies":"Shelled Parasite and Fungi","floor":31.0,"turns":4.0},{"damage":49.0,"enemies":"Collector","floor":33.0,"turns":9.0},{"damage":7.0,"enemies":"3 Shapes","floor":35.0,"turns":6.0},{"damage":1,"enemies":"Orb Walker","floor":37,"turns":3},{"damage":0,"enemies":"Mind Bloom Boss Battle","floor":38,"turns":3},{"damage":0,"enemies":"Spire Growth","floor":39,"turns":4},{"damage":63,"enemies":"Reptomancer","floor":41,"turns":4}],"seed_played":"-7251758494938089968","potions_obtained":[{"floor":1.0,"key":"SteroidPotion"},{"floor":11.0,"key":"BlessingOfTheForge"},{"floor":14.0,"key":"SkillPotion"},{"floor":35.0,"key":"EntropicBrew"}],"is_trial":false,"path_per_floor":["M","?","?","$","M","M","R","$","T","R","M","R","?","M","R","B",null,"M","?","M","?","$","E","?","M","T","$","R","?","R","M","R","B",null,"M","?","M","?","M","?","E"],"character_chosen":"THE_DEFAULT","items_purchased":["theMarked:Aftermath","Bronze Scales"],"campfire_rested":0,"item_purchase_floors":[22,22],"current_hp_per_floor":[70,70,70,70,70,70,70,70,70,70,70,70,70,65,65,33,70,52,37,37,60,60,40,40,24,24,24,24,70,70,56,56,7,70,63,63,62,62,62,62,0,0],"gold":291,"neow_bonus":"THREE_ENEMY_KILL","is_daily":false,"chose_seed":false,"campfire_upgraded":7,"win_rate":0.0,"timestamp":1613077737,"path_taken":["M","?","?","$","?","M","R","?","T","R","M","R","?","M","R","BOSS","M","?","M","?","$","E","?","M","T","?","R","?","R","?","R","BOSS","M","?","M","?","M","?","E"],"items_purchased_type":["Card","Relic"],"build_version":"2020-12-22","purchased_purges":2,"victory":false,"max_hp_per_floor":[70,70,70,70,70,70,70,70,70,70,70,70,70,70,70,70,70,70,70,70,70,70,70,70,70,70,70,70,70,70,70,70,70,70,70,66,66,66,66,66,66,66],"card_choices":[{"not_picked":["theMarked:Friction","theMarked:Maelstrom"],"picked":"theMarked:Electrify","floor":1.0},{"not_picked":["theMarked:ChainLightning","theMarked:BanishingStrike","theMarked:EmpowerWeapon"],"picked":"SKIP","floor":5.0},{"not_picked":["theMarked:Frustration","theMarked:HeightenedSenses","theMarked:RepellingDischarge"],"picked":"SKIP","floor":6.0},{"not_picked":["theMarked:EmpowerWeapon","theMarked:TheMission","theMarked:ParalyzingBlade"],"picked":"SKIP","floor":11.0},{"not_picked":["theMarked:ChainLightning","theMarked:Overthink"],"picked":"theMarked:ComboAttacks","floor":14.0},{"not_picked":["theMarked:ThrowWeapon","theMarked:Vacuum"],"picked":"theMarked:TurnInvisible","floor":16.0},{"not_picked":["theMarked:ResourceFulStrike+1","theMarked:Standoff","theMarked:BanishingStrike"],"picked":"SKIP","floor":18.0},{"not_picked":["theMarked:WastefulAttack","theMarked:ShockingTouch","theMarked:BanishingStrike"],"picked":"SKIP","floor":20.0},{"not_picked":["theMarked:WastefulAttack","theMarked:ShockingTouch","theMarked:BanishingStrike"],"picked":"SKIP","floor":20.0},{"not_picked":["theMarked:Static","theMarked:RepellingDischarge"],"picked":"theMarked:Maelstrom","floor":23.0},{"not_picked":["theMarked:ChainLightning","theMarked:TwofoldDefense","theMarked:Pokerface+1"],"picked":"SKIP","floor":25.0},{"not_picked":["theMarked:WardOff","theMarked:HeightenedSenses"],"picked":"theMarked:TakeCover+1","floor":31.0},{"not_picked":["theMarked:Toughness","theMarked:MagusForm"],"picked":"theMarked:TakeOffHeels","floor":33.0},{"not_picked":["theMarked:Parkour+1","theMarked:ShockingTouch+1","theMarked:Improvise"],"picked":"SKIP","floor":35.0},{"not_picked":["theMarked:ChainLightning","theMarked:ResourceFulStrike"],"picked":"theMarked:TakeCover","floor":37},{"not_picked":["theMarked:ElectricStrings","theMarked:Memento","theMarked:Frustration"],"picked":"SKIP","floor":39}],"player_experience":45796,"relics_obtained":[{"floor":9.0,"key":"REME_LimitBreaker"},{"floor":23.0,"key":"Shuriken"},{"floor":26.0,"key":"Whetstone"},{"floor":38,"key":"Peace Pipe"}],"event_choices":[{"cards_removed":["Regret"],"damage_healed":0.0,"max_hp_gain":0.0,"max_hp_loss":0.0,"gold_gain":0.0,"event_name":"Purifier","player_choice":"Purged","floor":3.0,"gold_loss":0.0,"damage_taken":0.0},{"damage_healed":23.0,"max_hp_gain":0.0,"max_hp_loss":0.0,"gold_gain":0.0,"event_name":"The Library","player_choice":"Heal","floor":21.0,"gold_loss":0.0,"damage_taken":0.0},{"damage_healed":0.0,"max_hp_gain":0.0,"max_hp_loss":0.0,"gold_gain":0.0,"event_name":"Vampires","player_choice":"Ignored","floor":24.0,"gold_loss":0.0,"damage_taken":0.0},{"cards_removed":["theMarked:TheMission"],"damage_healed":46.0,"max_hp_gain":0.0,"max_hp_loss":0.0,"gold_gain":0.0,"event_name":"Bonfire Elementals","player_choice":"Offered Uncommon","floor":29.0,"gold_loss":0.0,"damage_taken":0.0},{"damage_healed":0,"gold_gain":0,"player_choice":"Max HP","damage_taken":0,"max_hp_gain":0,"max_hp_loss":4,"event_name":"Winding Halls","floor":36,"gold_loss":0},{"damage_healed":0,"gold_gain":0,"player_choice":"Fight","damage_taken":0,"max_hp_gain":0,"max_hp_loss":0,"event_name":"MindBloom","floor":38,"gold_loss":0},{"damage_healed":0,"gold_gain":0,"player_choice":"Upgraded","damage_taken":0,"max_hp_gain":0,"max_hp_loss":0,"event_name":"Upgrade Shrine","floor":40,"gold_loss":0,"cards_upgraded":["theMarked:TakeOffHeels"]}],"is_beta":false,"boss_relics":[{"not_picked":["Philosopher\u0027s Stone","Velvet Choker"],"picked":"Astrolabe"},{"not_picked":["StuffTheSpire:RunicConfusion","theMarked:BronzeBlade"],"picked":"Empty Cage"}],"items_purged_floors":[4,27],"is_endless":false,"potions_floor_spawned":[1,11,14,20,23,35],"killed_by":"Reptomancer","ascension_level":0}}