{"host":"phapnj0danpxvjlm","time":1613087816,"event":{"mods":["Ascension Reborn","BaseMod","Better Note","Better Third Choice","Bossed Relics","Downfall","Hermit","Minty Spire (QoL Compilation)","Permanent Neow","Quick Restart","Rare Cards Sparkle","Spire Arcade","StSLib","The Necromancer","The Wild Card"],"gold_per_floor":[111,127,127,140,140,165,165,185,209,163,163,183,183,193,193,193,193],"floor_reached":16,"language":"ENG","playtime":436,"items_purged":[],"score":102,"play_id":"4eb7b7c1-4882-4683-8f8f-551c4d9b4963","local_time":"20210212005656","is_ascension_mode":true,"campfire_choices":[{"floor":7,"key":"REST"},{"floor":11,"key":"REST"},{"floor":13,"key":"REST"},{"data":"hermit:GoldenBullet","floor":15,"key":"SMITH"}],"circlet_count":0,"master_deck":["hermit:Strike_Hermit","hermit:Strike_Hermit","hermit:Strike_Hermit","hermit:Strike_Hermit","hermit:Defend_Hermit","hermit:Defend_Hermit","hermit:Defend_Hermit","hermit:Defend_Hermit","hermit:Snapshot","hermit:Covet","hermit:Brawl","hermit:GoldenBullet+1","hermit:Enervate","hermit:Quickdraw","hermit:SprayPray","hermit:Snipe","hermit:Quickdraw"],"relics":["hermit:Momento","Nunchaku","PreservedInsect","Pen Nib"],"acts_visited":["Exordium"],"potions_floor_usage":[6,14],"damage_taken":[{"damage":6,"enemies":"Cultist","floor":1,"turns":4},{"damage":10,"enemies":"Jaw Worm","floor":2,"turns":4},{"damage":7,"enemies":"2 Louse","floor":4,"turns":3},{"damage":29,"enemies":"Gremlin Nob","floor":6,"turns":5},{"damage":16,"enemies":"2 Fungi Beasts","floor":8,"turns":4},{"damage":19,"enemies":"3 Louse","floor":12,"turns":3},{"damage":4,"enemies":"Red Slaver","floor":14,"turns":3},{"damage":43,"enemies":"The Guardian","floor":16,"turns":7}],"seed_played":"-4068483911195615047","potions_obtained":[{"floor":1,"key":"champ:CounterPotion"},{"floor":12,"key":"Swift Potion"}],"is_trial":false,"path_per_floor":["M","M","?","M","?","E","R","M","T","?","R","M","R","M","R","B"],"character_chosen":"HERMIT","items_purchased":[],"campfire_rested":3,"item_purchase_floors":[],"current_hp_per_floor":[76,66,66,59,34,5,29,13,13,13,37,18,42,38,38,0,0],"gold":193,"neow_bonus":"TEN_PERCENT_HP_BONUS","is_daily":false,"chose_seed":false,"campfire_upgraded":1,"win_rate":0.0,"timestamp":1613087816,"path_taken":["M","?","?","?","?","E","R","M","T","?","R","M","R","M","R","BOSS"],"items_purchased_type":[],"build_version":"2020-12-22","purchased_purges":0,"victory":false,"max_hp_per_floor":[82,82,82,82,82,82,82,82,82,82,82,82,82,82,82,82,82],"card_choices":[{"not_picked":["hermit:Spite","hermit:FullyLoaded"],"picked":"hermit:Brawl","floor":1},{"not_picked":["hermit:Coalescence","hermit:Snipe"],"picked":"hermit:GoldenBullet","floor":2},{"not_picked":["hermit:LowProfile","hermit:Horror"],"picked":"hermit:Enervate","floor":4},{"not_picked":["hermit:HoleUp","hermit:HighCaliber"],"picked":"hermit:Quickdraw","floor":6},{"not_picked":["hermit:Vantage","hermit:Ricochet"],"picked":"hermit:SprayPray","floor":8},{"not_picked":["hermit:CalledShot","hermit:Manifest"],"picked":"hermit:Snipe","floor":12},{"not_picked":["hermit:HighCaliber","hermit:TrackingShot"],"picked":"hermit:Quickdraw","floor":14}],"player_experience":491234,"relics_obtained":[{"floor":6,"key":"PreservedInsect"},{"floor":9,"key":"Pen Nib"}],"event_choices":[{"damage_healed":0,"gold_gain":0,"player_choice":"Ignored","damage_taken":0,"max_hp_gain":0,"max_hp_loss":0,"event_name":"Purifier","floor":3,"gold_loss":0},{"damage_healed":0,"gold_gain":0,"player_choice":"Relic ","damage_taken":25,"max_hp_gain":0,"max_hp_loss":0,"event_name":"betterThird:BetterScrap","floor":5,"gold_loss":0,"cards_obtained":["Meteor Strike"]},{"damage_healed":0,"gold_gain":0,"player_choice":"Left","damage_taken":0,"max_hp_gain":0,"max_hp_loss":0,"event_name":"betterThird:BetterGoop","floor":10,"gold_loss":46}],"is_beta":false,"boss_relics":[],"items_purged_floors":[],"is_endless":false,"potions_floor_spawned":[1,12],"killed_by":"The Guardian","ascension_level":0}}