{"host":"kg61lsvem4dxoat8","time":1613055463,"event":{"mods":["AchievementEnabler","BaseMod","Better Altar","Better Match","Better Sensory Stone","Better Skull","Block Reminder","Highlight Path","Minty Spire (QoL Compilation)","Quick Restart","Rare Cards Sparkle","Relic Sorter","Relic Stats","StSLib","Synergy Search","slay the spire mod where everything is the same but ironclad has a cowboy hat"],"gold_per_floor":[111,111,131,21,34,34,61,61,61,73,73,141,155,155,155],"floor_reached":14,"language":"ENG","playtime":361,"items_purged":[],"score":138,"play_id":"42d0039e-0b49-4754-9785-57cd6d8825df","local_time":"20210211225743","is_ascension_mode":true,"campfire_choices":[{"data":"Hemokinesis","floor":6,"key":"SMITH"},{"floor":11,"key":"REST"}],"circlet_count":0,"master_deck":["AscendersBane","Strike_R","Strike_R","Strike_R","Strike_R","Strike_R","Defend_R","Defend_R","Defend_R","Defend_R","Bash","Thunderclap","Flame Barrier","Hemokinesis+1","Shrug It Off","Flame Barrier+1","Shrug It Off+1"],"relics":["Black Star","Toxic Egg 2","Torii","SsserpentHead","Blood Vial"],"acts_visited":["Exordium"],"potions_floor_usage":[7,14],"damage_taken":[{"damage":6,"enemies":"Cultist","floor":1,"turns":3},{"damage":6,"enemies":"2 Louse","floor":3,"turns":3},{"damage":9,"enemies":"Jaw Worm","floor":5,"turns":3},{"damage":33,"enemies":"3 Sentries","floor":7,"turns":9},{"damage":5,"enemies":"Large Slime","floor":10,"turns":6},{"damage":10,"enemies":"Lots of Slimes","floor":12,"turns":4},{"damage":18,"enemies":"Exordium Thugs","floor":13,"turns":6},{"damage":21,"enemies":"Gremlin Nob","floor":14,"turns":5}],"seed_played":"8676105059070827408","potions_obtained":[{"floor":1,"key":"Block Potion"},{"floor":12,"key":"SteroidPotion"}],"is_trial":false,"path_per_floor":["M","?","M","$","M","R","E","?","T","M","R","M","M","E"],"character_chosen":"IRONCLAD","items_purchased":["Flame Barrier","Hemokinesis"],"campfire_rested":1,"item_purchase_floors":[4,4],"current_hp_per_floor":[66,70,64,64,55,55,22,22,22,19,43,35,19,0,0],"gold":155,"neow_bonus":"BOSS_RELIC","is_daily":false,"chose_seed":false,"campfire_upgraded":1,"win_rate":0.0,"timestamp":1613055463,"path_taken":["M","?","?","?","M","R","E","?","T","M","R","?","M","E"],"items_purchased_type":["Card","Card"],"build_version":"2020-12-22","purchased_purges":0,"victory":false,"max_hp_per_floor":[80,80,80,80,80,80,80,80,80,80,80,80,80,80,80],"relic_stats":{"Blood Vial":8,"SsserpentHead":50,"Torii":10,"counters":[8,39],"Black Star":1,"obtain_stats":[{"Blood Vial":9,"SsserpentHead":8,"Torii":7,"Black Star":0,"Toxic Egg 2":7,"Burning Blood":0},{"Blood Vial":4,"SsserpentHead":4,"Torii":4,"Black Star":0,"Toxic Egg 2":4,"Burning Blood":0},{"Blood Vial":18,"SsserpentHead":18,"Torii":18,"Black Star":0,"Toxic Egg 2":18,"Burning Blood":0}]},"card_choices":[{"not_picked":["Bloodletting","Evolve"],"picked":"Thunderclap","floor":1},{"not_picked":["Thunderclap","Warcry","Pommel Strike"],"picked":"SKIP","floor":3},{"not_picked":["Headbutt","Clash"],"picked":"Shrug It Off","floor":5},{"not_picked":["Wild Strike","Perfected Strike"],"picked":"Flame Barrier+1","floor":7},{"not_picked":["Clothesline","Pommel Strike","Corruption"],"picked":"SKIP","floor":10},{"not_picked":["Thunderclap","Uppercut"],"picked":"Shrug It Off+1","floor":12},{"not_picked":["Havoc+1","Pommel Strike","Thunderclap"],"picked":"SKIP","floor":13}],"player_experience":1463680,"relics_obtained":[{"floor":7,"key":"Toxic Egg 2"},{"floor":7,"key":"Torii"},{"floor":9,"key":"Blood Vial"}],"event_choices":[{"damage_healed":4,"gold_gain":0,"player_choice":"LEAVE ","damage_taken":0,"relics_obtained":[],"max_hp_gain":0,"max_hp_loss":0,"event_name":"betterSkull:BetterSkull","floor":2,"gold_loss":0,"cards_upgraded":[]},{"damage_healed":0,"gold_gain":0,"player_choice":"Trade","damage_taken":0,"relics_obtained":["SsserpentHead"],"max_hp_gain":0,"max_hp_loss":0,"event_name":"FaceTrader","floor":8,"gold_loss":0}],"is_beta":false,"boss_relics":[],"items_purged_floors":[],"is_endless":false,"potions_floor_spawned":[1,12],"killed_by":"Gremlin Nob","ascension_level":10}}