{"host":"18wi9kpcl4eah7pe","time":1613080415,"event":{"mods":["BaseMod","Colored Powertips","Downfall","Minty Spire (QoL Compilation)","StSLib"],"gold_per_floor":[199,219,219,219,219,249,249,249,49,77,103,55,155,174,186,282,282,182,195,215,215,415,415,415,428,338,338,338,338],"floor_reached":27,"language":"ENG","playtime":996,"items_purged":["downfall:Malfunctioning"],"score":294,"play_id":"982c163f-eec6-4cfb-a00e-4ff1fe8640b5","local_time":"20210211155335","is_ascension_mode":true,"campfire_choices":[{"floor":1,"key":"RECALL"},{"floor":9,"key":"REST"},{"floor":18,"key":"REST"},{"floor":23,"key":"REST"}],"circlet_count":0,"master_deck":["bronze:Strike","bronze:Strike","bronze:Strike","bronze:Strike","bronze:Defend+1","bronze:Defend","bronze:Defend","bronze:Defend","bronze:Replicate","bronze:Goto","bronze:WildBeam+1","bronze:Replicate+1","bronze:Constructor","bronze:Iterate","bronze:BurnOut","bronze:Repair+1","bronze:BuggyMess","bronze:GetLatest","bronze:Break","bronze:Overheat","bronze:ForceShield","bronze:BronzeOrb+1","bronze:FineTuning"],"relics":["bronze:BronzeCore","Juzu Bracelet","Question Card","downfall:HeartBlessingBlue","downfall:HeartBlessingRed","Mango","Odd Mushroom","bronze:ElectromagneticCoil","downfall:HeartBlessingGreen","Toy Ornithopter"],"acts_visited":["Exordium","TheCity"],"potions_floor_usage":[11,25],"damage_taken":[{"damage":2,"enemies":"Jaw Worm","floor":2,"turns":3},{"damage":44,"enemies":"3 Sentries","floor":10,"turns":8},{"damage":5,"enemies":"The Mushroom Lair","floor":11,"turns":3},{"damage":0,"enemies":"downfall:FleeingMerchant","floor":12,"turns":4},{"damage":8,"enemies":"Small Slimes","floor":14,"turns":2},{"damage":0,"enemies":"Cultist","floor":15,"turns":2},{"damage":32,"enemies":"IC_STATUS_ARCHETYPE","floor":16,"turns":5},{"damage":24,"enemies":"3 Byrds","floor":19,"turns":6},{"damage":30,"enemies":"Shelled Parasite and Fungi","floor":20,"turns":5},{"damage":72,"enemies":"Centurion and Healer","floor":25,"turns":10},{"damage":6,"enemies":"downfall:FleeingMerchant","floor":26,"turns":4},{"damage":24,"enemies":"Slavers","floor":27,"turns":1}],"seed_played":"-8195639625779203750","potions_obtained":[{"floor":10,"key":"Explosive Potion"},{"floor":20,"key":"FearPotion"}],"is_trial":false,"path_per_floor":["R","M","?","?","?","?","T","?","R","E","?","$","?","M","M","B",null,"R","M","M","?","?","R","T","M","$","E"],"character_chosen":"THE_AUTOMATON","items_purchased":["bronze:Repair"],"campfire_rested":3,"item_purchase_floors":[12],"current_hp_per_floor":[63,61,49,49,49,49,49,49,80,50,45,45,45,44,44,19,75,94,77,54,54,54,82,82,25,19,0,0,0],"gold":338,"neow_bonus":"HUNDRED_GOLD","is_daily":false,"chose_seed":false,"campfire_upgraded":0,"win_rate":0.0,"timestamp":1613080415,"path_taken":["R","M","?","?","?","?","T","?","R","E","?","?","?","M","M","BOSS","R","M","M","?","?","R","T","M","?","E"],"items_purchased_type":["Card"],"build_version":"2020-12-22","purchased_purges":1,"victory":false,"max_hp_per_floor":[70,70,70,70,70,70,70,70,80,94,94,94,94,94,94,94,94,94,94,94,94,94,94,94,94,94,94,94,94],"card_choices":[{"not_picked":["bronze:DelayedGuard","bronze:Branch"],"picked":"bronze:WildBeam","floor":2},{"not_picked":["bronze:Deprecate","bronze:BronzeOrb","bronze:Terminator"],"picked":"bronze:Constructor","floor":10},{"not_picked":["bronze:Deprecate","bronze:WildBeam","bronze:Frontload"],"picked":"bronze:Iterate","floor":11},{"not_picked":["bronze:Invalidate","bronze:DarkDash","bronze:Refactor"],"picked":"bronze:BurnOut","floor":12},{"not_picked":["bronze:Allocate","bronze:InfiniteBeams","bronze:NullPointer"],"picked":"bronze:BuggyMess","floor":14},{"not_picked":["bronze:CloningBeam","bronze:Allocate","bronze:Terminator"],"picked":"bronze:GetLatest","floor":15},{"not_picked":["bronze:TinkerersToolbox","bronze:Verify","bronze:SpaghettiCode"],"picked":"bronze:Break","floor":16},{"not_picked":["bronze:DelayedGuard","bronze:BuggyMess","bronze:InfiniteBeams"],"picked":"bronze:Overheat","floor":19},{"not_picked":["bronze:Terminator+1","bronze:InfiniteBeams+1","bronze:BuggyMess+1"],"picked":"bronze:ForceShield","floor":20},{"not_picked":["bronze:NullPointer","bronze:BronzeArmor+1","bronze:Constructor+1"],"picked":"bronze:BronzeOrb+1","floor":25},{"not_picked":["bronze:BitShift","bronze:Allocate+1","bronze:FindAndReplace"],"picked":"bronze:FineTuning","floor":26}],"player_experience":1014384,"relics_obtained":[{"floor":10,"key":"Mango"},{"floor":11,"key":"Odd Mushroom"},{"floor":24,"key":"Toy Ornithopter"}],"event_choices":[{"damage_healed":0,"gold_gain":0,"player_choice":"Success","damage_taken":12,"relics_obtained":["Juzu Bracelet"],"max_hp_gain":0,"max_hp_loss":0,"event_name":"Scrap Ooze","floor":3,"gold_loss":0},{"damage_healed":0,"gold_gain":0,"player_choice":"Fought Mushrooms","damage_taken":0,"max_hp_gain":0,"max_hp_loss":0,"event_name":"Mushrooms","floor":11,"gold_loss":0},{"damage_healed":0,"gold_gain":200,"player_choice":"Gold","damage_taken":0,"max_hp_gain":0,"max_hp_loss":0,"event_name":"Wheel of Change","floor":22,"gold_loss":0}],"is_beta":false,"boss_relics":[{"not_picked":["Tiny House","Calling Bell"],"picked":"bronze:ElectromagneticCoil"}],"items_purged_floors":[26],"is_endless":false,"potions_floor_spawned":[10,20],"killed_by":"Slavers","ascension_level":6}}