{"host":"pqs17sqrgflf4eqa","time":1613083444,"event":{"mods":["AchievementEnabler","BaseMod","Bestiary","Better Altar","Colored Map","Colored Powertips","Emptier Cage","Googly Eyes","Highlight Path","Minty Spire (QoL Compilation)","Quick Restart","StSLib","SuperFastMode","Transform Curses","slay the spire mod where everything is the same but ironclad has a cowboy hat"],"gold_per_floor":[212,5,80,98,116,143,218,218,289,315,31,31,31,42,42,146,146,161,161,161,180,28,53,68,68,142,152,152,177,177,277,277,277,277],"floor_reached":33,"language":"ENG","playtime":761,"items_purged":[],"score":364,"play_id":"b89b9f7a-77a5-4ab5-ba4a-d49c4780ffd5","local_time":"20210211174404","is_ascension_mode":true,"campfire_choices":[{"floor":12.0,"key":"REST"},{"floor":15.0,"key":"REST"},{"data":"Burst","floor":25,"key":"SMITH"},{"floor":28,"key":"REST"},{"data":"Terror","floor":30,"key":"SMITH"},{"floor":32,"key":"REST"}],"circlet_count":0,"master_deck":["Strike_G","Strike_G","Strike_G","Strike_G","Strike_G","Defend_G","Defend_G","Defend_G","Defend_G","Survivor","Neutralize+1","Quick Slash","PiercingWail","Dash","Dagger Spray","Venomology","Dodge and Roll","Glass Knife","Bouncing Flask","Burst+1","Masterful Stab","Footwork","Deflect+1","Slice+1","Terror+1"],"relics":["Ring of the Snake","Lantern","Akabeko","Singing Bowl","Omamori","Paper Crane","WristBlade","TwistedFunnel","Question Card","Letter Opener","Pen Nib"],"acts_visited":["Exordium","TheCity"],"potions_floor_usage":[24,27,27,29,29,33],"damage_taken":[{"damage":7.0,"enemies":"Small Slimes","floor":1.0,"turns":4.0},{"damage":0.0,"enemies":"Cultist","floor":4.0,"turns":4.0},{"damage":0.0,"enemies":"Jaw Worm","floor":5.0,"turns":3.0},{"damage":20.0,"enemies":"3 Sentries","floor":6.0,"turns":8.0},{"damage":24.0,"enemies":"Lagavulin","floor":10.0,"turns":6.0},{"damage":0.0,"enemies":"Blue Slaver","floor":14.0,"turns":1.0},{"damage":17.0,"enemies":"The Guardian","floor":16.0,"turns":12.0},{"damage":1.0,"enemies":"Chosen","floor":18.0,"turns":4.0},{"damage":11.0,"enemies":"Shell Parasite","floor":21.0,"turns":3.0},{"damage":7.0,"enemies":"Book of Stabbing","floor":23.0,"turns":6.0},{"damage":24,"enemies":"Snecko","floor":24,"turns":5},{"damage":8,"enemies":"Centurion and Healer","floor":27,"turns":4},{"damage":30,"enemies":"Slavers","floor":29,"turns":3},{"damage":45,"enemies":"Collector","floor":33,"turns":3}],"seed_played":"-5685357583235447591","potions_obtained":[{"floor":1.0,"key":"LiquidMemories"},{"floor":14.0,"key":"BlessingOfTheForge"},{"floor":16.0,"key":"FearPotion"},{"floor":24,"key":"AttackPotion"},{"floor":27,"key":"ColorlessPotion"},{"floor":29,"key":"Poison Potion"}],"is_trial":false,"path_per_floor":["M","$","?","M","M","E","?","?","T","E","$","R","?","M","R","B",null,"M","?","?","M","$","E","M","R","T","M","R","E","R","?","R","B"],"character_chosen":"THE_SILENT","items_purchased":["Lantern","Quick Slash","Paper Crane","Dodge and Roll","TwistedFunnel"],"campfire_rested":4,"item_purchase_floors":[2,2,11,11,22],"current_hp_per_floor":[63,63,56,56,56,36,25,25,25,1,1,22,22,22,43,26,59,58,58,58,59,59,52,30,30,30,22,43,13,13,13,34,0,0],"gold":277,"neow_bonus":"HUNDRED_GOLD","is_daily":false,"chose_seed":false,"campfire_upgraded":2,"win_rate":0.0,"timestamp":1613083444,"path_taken":["M","$","?","?","M","E","?","?","T","E","$","R","?","?","R","BOSS","M","?","?","M","$","E","?","R","T","M","R","E","R","?","R","BOSS"],"items_purchased_type":["Relic","Card","Relic","Card","Relic"],"build_version":"2020-12-22","purchased_purges":0,"victory":false,"max_hp_per_floor":[70,70,70,70,70,70,70,70,70,70,70,70,70,70,70,70,70,70,70,70,70,70,70,72,72,72,72,72,72,72,72,72,72,72],"card_choices":[{"not_picked":["Distraction","Prepared","Bane"],"picked":"SKIP","floor":1.0},{"not_picked":["Skewer","Outmaneuver"],"picked":"PiercingWail","floor":4.0},{"not_picked":["All Out Attack","Predator"],"picked":"Dash","floor":5.0},{"not_picked":["Dagger Throw","Setup"],"picked":"Dagger Spray","floor":6.0},{"not_picked":["Reflex","Slice"],"picked":"Venomology","floor":10.0},{"not_picked":["Calculated Gamble","Outmaneuver"],"picked":"Bouncing Flask","floor":14.0},{"not_picked":["Night Terror","Unload"],"picked":"Burst","floor":16.0},{"not_picked":["Dagger Throw","Distraction+1"],"picked":"Masterful Stab","floor":18.0},{"not_picked":["Skewer","Expertise"],"picked":"Footwork","floor":21.0},{"not_picked":["Choke","Dash"],"picked":"Deflect+1","floor":23.0},{"not_picked":["Infinite Blades","Bane","Outmaneuver","Underhanded Strike"],"picked":"Singing Bowl","floor":24},{"not_picked":["Bane+1","Outmaneuver","Blur+1"],"picked":"Slice+1","floor":27},{"not_picked":["Blur","Eviscerate","Flying Knee"],"picked":"Terror","floor":29}],"player_experience":161431,"relics_obtained":[{"floor":6.0,"key":"Akabeko"},{"floor":9.0,"key":"Singing Bowl"},{"floor":10.0,"key":"Omamori"},{"floor":23.0,"key":"Question Card"},{"floor":26,"key":"Letter Opener"},{"floor":29,"key":"Pen Nib"}],"event_choices":[{"damage_healed":0.0,"max_hp_gain":0.0,"max_hp_loss":0.0,"gold_gain":75.0,"event_name":"FaceTrader","player_choice":"Touch","floor":3.0,"gold_loss":0.0,"damage_taken":7.0},{"damage_healed":0.0,"max_hp_gain":0.0,"max_hp_loss":0.0,"gold_gain":75.0,"event_name":"World of Goop","player_choice":"Gather Gold","floor":7.0,"gold_loss":0.0,"damage_taken":11.0},{"damage_healed":0.0,"max_hp_gain":0.0,"max_hp_loss":0.0,"gold_gain":0.0,"event_name":"Living Wall","player_choice":"Grow","floor":8.0,"gold_loss":0.0,"damage_taken":0.0,"cards_upgraded":["Neutralize"]},{"damage_healed":0.0,"max_hp_gain":0.0,"max_hp_loss":0.0,"gold_gain":0.0,"cards_transformed":["Defend_G"],"event_name":"Transmorgrifier","player_choice":"Transformed","floor":13.0,"gold_loss":0.0,"damage_taken":0.0,"cards_obtained":["Glass Knife"]},{"damage_healed":0.0,"max_hp_gain":0.0,"max_hp_loss":0.0,"gold_gain":0.0,"event_name":"Vampires","player_choice":"Ignored","floor":19.0,"gold_loss":0.0,"damage_taken":0.0},{"damage_healed":0.0,"max_hp_gain":0.0,"max_hp_loss":0.0,"gold_gain":0.0,"event_name":"Ghosts","player_choice":"Ignored","floor":20.0,"gold_loss":0.0,"damage_taken":0.0},{"damage_healed":0,"gold_gain":100,"player_choice":"Pray","damage_taken":0,"max_hp_gain":0,"max_hp_loss":0,"event_name":"Golden Shrine","floor":31,"gold_loss":0}],"is_beta":false,"boss_relics":[{"not_picked":["Astrolabe","Coffee Dripper"],"picked":"WristBlade"}],"items_purged_floors":[],"is_endless":false,"potions_floor_spawned":[1,14,16,24,27,29],"killed_by":"Collector","ascension_level":5}}