{"host":"c2ypwvkuo6d4slur","time":1613031093,"event":{"mods":["BaseMod","Colored Map","Minty Spire (QoL Compilation)","StSLib","Together in Spire"],"gold_per_floor":[114,114,125,125,145,176,176,211,211,275,290,189,199,213,213,317,317,333,337,387,437,448,129,129,156,181,201,201,251,280,300,300,403,403,413,83,183,279,296,333,357,416,416,466,496,555,555,581,581,581,610,610,128,158,158],"floor_reached":56,"language":"ENG","playtime":4500,"items_purged":["Strike_B","Melter","Rip and Tear","Defend_B"],"score":1112,"play_id":"a94fbe8d-bab4-473f-b9f5-052f1d7a407c","local_time":"20210211001133","is_ascension_mode":false,"campfire_choices":[{"data":"Defragment","floor":7.0,"key":"SMITH"},{"data":"Capacitor","floor":15.0,"key":"SMITH"},{"data":"Biased Cognition","floor":24.0,"key":"SMITH"},{"data":"Zap","floor":28.0,"key":"SMITH"},{"data":"Dualcast","floor":32.0,"key":"SMITH"},{"floor":47.0,"key":"RECALL"},{"data":"Hologram","floor":49.0,"key":"SMITH"},{"data":"Electrodynamics","floor":52.0,"key":"SMITH"}],"circlet_count":0,"master_deck":["Defend_B","Zap+1","Dualcast+1","Force Field+1","Hologram+1","Chill+1","Defragment+1","Leap+1","Doom and Gloom","Capacitor+1","White Noise+1","Hologram+1","Biased Cognition+1","Chill+1","Ghostly+1","Ghostly+1","Ghostly+1","Ghostly+1","Ghostly+1","Doom and Gloom","Electrodynamics+1","Chaos+1","Ball Lightning","Redo+1","Glacier+1","Doom and Gloom+1","Amplify+1","Recycle+1","Coolheaded+1","Darkness+1","Loop+1","Redo+1","Redo+1","Defragment+1","Panacea+1","Compile Driver+1","Reinforced Body+1"],"relics":["Cracked Core","SsserpentHead","Blood Vial","Toxic Egg 2","Empty Cage","Lee\u0027s Waffle","Juzu Bracelet","Boot","Akabeko","Nuclear Battery","Runic Capacitor","TungstenRod","FossilizedHelix","CeramicFish","HornCleat","Bottled Lightning","Lantern","War Paint","HandDrill","Eternal Feather"],"acts_visited":[],"potions_floor_usage":[55,55,55,55,55],"damage_taken":[{"damage":0.0,"enemies":"Small Slimes","floor":1.0,"turns":1.0},{"damage":0.0,"enemies":"Jaw Worm","floor":3.0,"turns":1.0},{"damage":0.0,"enemies":"Cultist","floor":5.0,"turns":1.0},{"damage":1.0,"enemies":"Lagavulin","floor":6.0,"turns":4.0},{"damage":0.0,"enemies":"Gremlin Nob","floor":8.0,"turns":2.0},{"damage":0.0,"enemies":"Exordium Thugs","floor":10.0,"turns":2.0},{"damage":3.0,"enemies":"Looter","floor":11.0,"turns":2.0},{"damage":0.0,"enemies":"Blue Slaver","floor":13.0,"turns":1.0},{"damage":0.0,"enemies":"2 Fungi Beasts","floor":14.0,"turns":1.0},{"damage":20.0,"enemies":"The Guardian","floor":16.0,"turns":6.0},{"damage":0.0,"enemies":"Spheric Guardian","floor":18.0,"turns":1.0},{"damage":8.0,"enemies":"2 Thieves","floor":19.0,"turns":2.0},{"damage":0.0,"enemies":"Snake Plant","floor":22.0,"turns":2.0},{"damage":0.0,"enemies":"Gremlin Leader","floor":25.0,"turns":3.0},{"damage":0.0,"enemies":"Sentry and Sphere","floor":27.0,"turns":2.0},{"damage":3.0,"enemies":"Slavers","floor":30.0,"turns":2.0},{"damage":0.0,"enemies":"3 Cultists","floor":31.0,"turns":2.0},{"damage":0.0,"enemies":"Automaton","floor":33.0,"turns":4.0},{"damage":5.0,"enemies":"3 Darklings","floor":35.0,"turns":3.0},{"damage":0.0,"enemies":"Mind Bloom Boss Battle","floor":37.0,"turns":4.0},{"damage":0.0,"enemies":"2 Orb Walkers","floor":38.0,"turns":3.0},{"damage":0.0,"enemies":"3 Shapes","floor":39.0,"turns":2.0},{"damage":0.0,"enemies":"Reptomancer","floor":40.0,"turns":7.0},{"damage":0.0,"enemies":"Maw","floor":41.0,"turns":5.0},{"damage":0.0,"enemies":"Nemesis","floor":45.0,"turns":6.0},{"damage":0.0,"enemies":"Giant Head","floor":48.0,"turns":4.0},{"damage":0.0,"enemies":"Cultist","floor":51.0,"turns":1.0},{"damage":0,"enemies":"Shield and Spear","floor":54,"turns":2},{"damage":3,"enemies":"The Heart","floor":55,"turns":4}],"seed_played":"-2655342126199841368","potions_obtained":[{"floor":0.0,"key":"Energy Potion"},{"floor":0.0,"key":"EssenceOfSteel"},{"floor":0.0,"key":"LiquidBronze"},{"floor":5.0,"key":"GamblersBrew"},{"floor":10.0,"key":"EntropicBrew"},{"floor":22.0,"key":"DistilledChaos"},{"floor":40.0,"key":"PotionOfCapacity"}],"is_trial":false,"path_per_floor":["M","?","M","?","M","E","R","E","T","M","M","$","M","M","R","B",null,"M","M","?","?","M","$","R","E","T","M","R","?","E","M","R","B",null,"M","$","?","?","M","E","M","?","T","?","E","?","R","E","R","B","M","R","$","E","B",null],"character_chosen":"DEFECT","items_purchased":["Capacitor","Lee\u0027s Waffle","Chaos+1","Runic Capacitor","Coolheaded+1","War Paint","Reinforced Body+1","HandDrill"],"campfire_rested":0,"item_purchase_floors":[12,23,23,36,36,53,53,53],"current_hp_per_floor":[75,75,75,75,75,74,74,75,75,75,72,72,74,75,75,55,75,75,67,37,37,37,44,44,44,44,44,44,44,41,43,43,44,44,39,39,41,43,44,44,44,44,44,42,42,42,42,42,42,42,42,42,42,42,39],"gold":158,"neow_bonus":"THREE_SMALL_POTIONS","is_daily":false,"chose_seed":false,"campfire_upgraded":7,"win_rate":0.0,"timestamp":1613031093,"path_taken":["M","?","M","?","M","E","R","E","T","?","M","?","M","M","R","BOSS","M","M","?","?","M","$","R","E","T","M","R","?","E","M","R","BOSS","M","$","?","?","M","E","M","?","T","?","E","?","R","E","R","BOSS","R","$","E","BOSS"],"items_purchased_type":["Card","Relic","Card","Relic","Card","Relic","Card","Relic"],"build_version":"2020-12-22","purchased_purges":4,"victory":true,"max_hp_per_floor":[75,75,75,75,75,75,75,75,75,75,75,75,75,75,75,75,75,75,75,37,37,37,44,44,44,44,44,44,44,44,44,44,44,44,44,44,44,44,44,44,44,44,44,42,42,42,42,42,42,42,42,42,42,42,42],"card_choices":[{"not_picked":["Go for the Eyes","Reprogram"],"picked":"Melter","floor":1.0},{"not_picked":["Lockon","Sweeping Beam"],"picked":"Hologram","floor":3.0},{"not_picked":["Skim","Compile Driver"],"picked":"Chill","floor":5.0},{"not_picked":["Leap","Compile Driver"],"picked":"Defragment","floor":6.0},{"not_picked":["Auto Shields+1","Melter"],"picked":"Leap+1","floor":8.0},{"not_picked":["Streamline","Barrage","Amplify+1"],"picked":"SKIP","floor":10.0},{"not_picked":["Steam+1","Leap+1"],"picked":"Doom and Gloom","floor":11.0},{"not_picked":["Turbo+1","Undo+1"],"picked":"White Noise+1","floor":13.0},{"not_picked":["Leap+1","BootSequence+1"],"picked":"Hologram+1","floor":14.0},{"not_picked":["Buffer","Meteor Strike"],"picked":"Biased Cognition","floor":16.0},{"not_picked":["Barrage","Doom and Gloom+1"],"picked":"Chill+1","floor":18.0},{"not_picked":["Stack+1","Sunder","Barrage"],"picked":"SKIP","floor":19.0},{"not_picked":["Rebound","Doom and Gloom"],"picked":"Electrodynamics","floor":22.0},{"not_picked":["Steam+1","Conserve Battery+1"],"picked":"Ball Lightning","floor":25.0},{"not_picked":["Leap+1","Go for the Eyes"],"picked":"Redo+1","floor":27.0},{"not_picked":["Buffer","Self Repair+1"],"picked":"Glacier+1","floor":30.0},{"not_picked":["Consume+1","Skim+1"],"picked":"Doom and Gloom+1","floor":31.0},{"not_picked":["Electrodynamics","All For One"],"picked":"Amplify+1","floor":33.0},{"not_picked":["Glacier+1","Leap+1"],"picked":"Recycle+1","floor":35.0},{"not_picked":["Glacier+1","BootSequence+1"],"picked":"Darkness+1","floor":37.0},{"not_picked":["Self Repair","Glacier+1"],"picked":"Loop+1","floor":38.0},{"not_picked":["Melter+1","Doom and Gloom","Stack+1"],"picked":"SKIP","floor":39.0},{"not_picked":["Compile Driver","All For One"],"picked":"Redo+1","floor":40.0},{"not_picked":["Rebound","Streamline"],"picked":"Redo+1","floor":41.0},{"not_picked":["Sweeping Beam","Storm+1","Cold Snap"],"picked":"SKIP","floor":45.0},{"not_picked":["Enlightenment+1","Deep Breath+1"],"picked":"Panacea+1","floor":46.0},{"not_picked":["BootSequence+1","Sweeping Beam","Reprogram+1"],"picked":"SKIP","floor":48.0},{"not_picked":["Turbo+1","Gash+1"],"picked":"Compile Driver+1","floor":51.0},{"not_picked":["Sweeping Beam","Reboot+1","Cold Snap+1"],"picked":"SKIP","floor":54}],"player_experience":47233,"relics_obtained":[{"floor":6.0,"key":"Blood Vial"},{"floor":8.0,"key":"Toxic Egg 2"},{"floor":25.0,"key":"Juzu Bracelet"},{"floor":26.0,"key":"Boot"},{"floor":30.0,"key":"Akabeko"},{"floor":37.0,"key":"TungstenRod"},{"floor":38.0,"key":"FossilizedHelix"},{"floor":40.0,"key":"CeramicFish"},{"floor":43.0,"key":"HornCleat"},{"floor":45.0,"key":"Bottled Lightning"},{"floor":48.0,"key":"Lantern"},{"floor":54,"key":"Eternal Feather"}],"event_choices":[{"damage_healed":0.0,"max_hp_gain":0.0,"max_hp_loss":0.0,"gold_gain":0.0,"cards_transformed":["Strike_B"],"event_name":"Living Wall","player_choice":"Change","floor":2.0,"gold_loss":0.0,"damage_taken":0.0,"cards_obtained":["Force Field"]},{"damage_healed":0.0,"max_hp_gain":0.0,"max_hp_loss":0.0,"gold_gain":0.0,"event_name":"FaceTrader","player_choice":"Trade","floor":4.0,"gold_loss":0.0,"damage_taken":0.0,"relics_obtained":["SsserpentHead"]},{"damage_healed":0.0,"max_hp_gain":0.0,"max_hp_loss":38.0,"gold_gain":0.0,"event_name":"Ghosts","player_choice":"Became a Ghost","floor":20.0,"gold_loss":0.0,"damage_taken":0.0,"cards_obtained":["Ghostly","Ghostly","Ghostly","Ghostly","Ghostly"]},{"damage_healed":0.0,"max_hp_gain":0.0,"max_hp_loss":0.0,"gold_gain":0.0,"cards_transformed":["Defend_B","Defend_B"],"event_name":"Drug Dealer","player_choice":"Became Test Subject","floor":21.0,"gold_loss":0.0,"damage_taken":0.0,"cards_obtained":["Doom and Gloom","Melter"]},{"damage_healed":0.0,"max_hp_gain":0.0,"max_hp_loss":0.0,"gold_gain":0.0,"cards_transformed":["Melter"],"event_name":"Transmorgrifier","player_choice":"Transformed","floor":29.0,"gold_loss":0.0,"damage_taken":0.0,"cards_obtained":["Rip and Tear"]},{"damage_healed":0.0,"max_hp_gain":0.0,"max_hp_loss":0.0,"gold_gain":0.0,"event_name":"MindBloom","player_choice":"Fight","floor":37.0,"gold_loss":0.0,"damage_taken":0.0},{"damage_healed":0.0,"max_hp_gain":0.0,"max_hp_loss":0.0,"gold_gain":0.0,"event_name":"Mysterious Sphere","player_choice":"Fight","floor":38.0,"gold_loss":0.0,"damage_taken":0.0},{"damage_healed":0.0,"max_hp_gain":0.0,"max_hp_loss":0.0,"gold_gain":0.0,"event_name":"Duplicator","player_choice":"Copied","floor":42.0,"gold_loss":0.0,"damage_taken":0.0,"cards_obtained":["Defragment"]},{"damage_healed":0.0,"max_hp_gain":0.0,"max_hp_loss":2.0,"gold_gain":0.0,"event_name":"Winding Halls","player_choice":"Max HP","floor":44.0,"gold_loss":0.0,"damage_taken":0.0},{"damage_healed":0.0,"max_hp_gain":0.0,"max_hp_loss":0.0,"gold_gain":0.0,"event_name":"SensoryStone","player_choice":"Memory 1","floor":46.0,"gold_loss":0.0,"damage_taken":0.0}],"is_beta":false,"boss_relics":[{"not_picked":["Busted Crown","Cursed Key"],"picked":"Empty Cage"},{"not_picked":["SacredBark","Tiny House"],"picked":"Nuclear Battery"}],"items_purged_floors":[12,23,36,53],"is_endless":false,"potions_floor_spawned":[5,6,8,10,11,19,22,25,33,40,45,48,51],"ascension_level":0}}