{"host":"5jdby9iqu3ct6557","time":1613012813,"event":{"mods":["BaseMod","DeckTracker","Highlight Path","Minty Spire (QoL Compilation)","Relic Stats","StSLib"],"gold_per_floor":[13,13,31,31,52,52,68,106,106,106,119,7,43,43,43,132,132,147,107,107,107,127,127,127,127],"floor_reached":24,"language":"ENG","playtime":4902,"items_purged":["Strike_R"],"score":512,"play_id":"288105e4-4adb-4a9f-a502-ce9c8c14ab9e","local_time":"20210210220653","is_ascension_mode":true,"campfire_choices":[{"data":"Bash","floor":6.0,"key":"SMITH"},{"floor":15.0,"key":"REST"},{"data":"Berserk","floor":23,"key":"SMITH"}],"circlet_count":0,"master_deck":["AscendersBane","Defend_R","Defend_R","Defend_R","Defend_R","Bash+1","Rampage+1","Armaments","Headbutt+1","Flame Barrier","Berserk+1","Infernal Blade","Shrug It Off","Feed","Blood for Blood+1","Feed+1","Immolate+1","Hemokinesis","Shockwave"],"relics":["Burning Blood","Magic Flower","Golden Idol","InkBottle","Ginger","Thread and Needle","Astrolabe","CultistMask"],"acts_visited":["Exordium","TheCity"],"potions_floor_usage":[24],"damage_taken":[{"damage":4.0,"enemies":"2 Louse","floor":1.0,"turns":5.0},{"damage":12.0,"enemies":"Small Slimes","floor":3.0,"turns":5.0},{"damage":2.0,"enemies":"Cultist","floor":5.0,"turns":4.0},{"damage":4.0,"enemies":"2 Fungi Beasts","floor":7.0,"turns":5.0},{"damage":24.0,"enemies":"Lagavulin","floor":8.0,"turns":9.0},{"damage":1.0,"enemies":"Blue Slaver","floor":11.0,"turns":3.0},{"damage":33.0,"enemies":"3 Sentries","floor":13.0,"turns":11.0},{"damage":0.0,"enemies":"The Guardian","floor":16.0,"turns":10.0},{"damage":17.0,"enemies":"Spheric Guardian","floor":18.0,"turns":5.0},{"damage":14,"enemies":"2 Thieves","floor":19,"turns":5},{"damage":20,"enemies":"Sentry and Sphere","floor":22,"turns":4},{"damage":66,"enemies":"Book of Stabbing","floor":24,"turns":5}],"seed_played":"-8339567131713892938","potions_obtained":[{"floor":3.0,"key":"PowerPotion"},{"floor":5.0,"key":"GamblersBrew"},{"floor":18.0,"key":"Swift Potion"}],"is_trial":false,"path_per_floor":["M","?","M","?","M","R","M","E","T","?","M","$","E","?","R","B",null,"M","M","?","?","M","R","E"],"character_chosen":"IRONCLAD","items_purchased":["Infernal Blade"],"campfire_rested":1,"item_purchase_floors":[12],"current_hp_per_floor":[73,68,65,65,68,68,68,53,53,33,41,41,17,10,30,39,61,58,58,58,58,58,58,0,0],"gold":127,"neow_bonus":"ONE_RARE_RELIC","is_daily":false,"chose_seed":false,"campfire_upgraded":2,"win_rate":0.0,"timestamp":1613012813,"path_taken":["M","?","M","?","M","R","?","E","T","?","M","$","E","?","R","BOSS","M","M","?","?","?","R","E"],"items_purchased_type":["Card"],"build_version":"2020-12-22","purchased_purges":1,"victory":false,"max_hp_per_floor":[75,68,68,68,68,68,68,68,68,68,68,68,68,68,68,68,68,71,74,74,74,81,81,81,81],"relic_stats":{"counters":[12,71],"Golden Idol":58,"Astrolabe":["Blood for Blood","Feed","Immolate"],"Magic Flower":[35],"Ginger":[2],"obtain_stats":[{"Golden Idol":2,"Astrolabe":17,"Magic Flower":0,"Thread and Needle":13,"CultistMask":21,"Ginger":9,"Burning Blood":0,"InkBottle":8},{"Golden Idol":1,"Astrolabe":8,"Magic Flower":0,"Thread and Needle":7,"CultistMask":10,"Ginger":5,"Burning Blood":0,"InkBottle":5},{"Golden Idol":5,"Astrolabe":52,"Magic Flower":0,"Thread and Needle":42,"CultistMask":62,"Ginger":28,"Burning Blood":0,"InkBottle":28}],"Burning Blood":90,"InkBottle":[13]},"card_choices":[{"not_picked":["Armaments","Seeing Red"],"picked":"Rampage","floor":1.0},{"not_picked":["Entrench","Thunderclap"],"picked":"Armaments","floor":3.0},{"not_picked":["Dropkick","Shrug It Off"],"picked":"Headbutt","floor":5.0},{"not_picked":["Twin Strike","Perfected Strike"],"picked":"Flame Barrier","floor":7.0},{"not_picked":["Clothesline","Metallicize"],"picked":"Anger","floor":8.0},{"not_picked":["Perfected Strike","Ghostly Armor"],"picked":"Berserk","floor":11.0},{"not_picked":["Cleave","Sentinel"],"picked":"Shrug It Off","floor":13.0},{"not_picked":["Corruption","Bludgeon"],"picked":"Feed","floor":16.0},{"not_picked":["Shrug It Off","Clash"],"picked":"Hemokinesis","floor":18.0},{"not_picked":["Entrench","Twin Strike"],"picked":"Shockwave","floor":22}],"player_experience":2652448,"relics_obtained":[{"floor":8.0,"key":"InkBottle"},{"floor":9.0,"key":"Ginger"},{"floor":13.0,"key":"Thread and Needle"}],"event_choices":[{"damage_healed":0.0,"max_hp_gain":0.0,"max_hp_loss":7.0,"gold_gain":0.0,"event_name":"Golden Idol","player_choice":"Lose Max HP","floor":2.0,"gold_loss":0.0,"damage_taken":0.0,"relics_obtained":["Golden Idol"]},{"cards_removed":["Strike_R"],"damage_healed":0.0,"max_hp_gain":0.0,"max_hp_loss":0.0,"gold_gain":0.0,"event_name":"Purifier","player_choice":"Purged","floor":4.0,"gold_loss":0.0,"damage_taken":0.0},{"damage_healed":0.0,"max_hp_gain":0.0,"max_hp_loss":0.0,"gold_gain":0.0,"event_name":"Shining Light","player_choice":"Entered Light","floor":10.0,"gold_loss":0.0,"damage_taken":20.0,"cards_upgraded":["Headbutt","Rampage"]},{"cards_removed":["Strike_R"],"damage_healed":0.0,"max_hp_gain":0.0,"max_hp_loss":0.0,"gold_gain":0.0,"event_name":"Golden Wing","player_choice":"Card Removal","floor":14.0,"gold_loss":0.0,"damage_taken":7.0},{"damage_healed":0,"gold_gain":0,"player_choice":"Ignored","damage_taken":0,"max_hp_gain":0,"max_hp_loss":0,"event_name":"The Mausoleum","floor":20,"gold_loss":0},{"damage_healed":0,"gold_gain":0,"player_choice":"Trade","damage_taken":0,"relics_obtained":["CultistMask"],"max_hp_gain":0,"max_hp_loss":0,"event_name":"FaceTrader","floor":21,"gold_loss":0}],"is_beta":false,"boss_relics":[{"not_picked":["Calling Bell","Mark of Pain"],"picked":"Astrolabe"}],"items_purged_floors":[12],"is_endless":false,"potions_floor_spawned":[3,5,7,18],"killed_by":"Book of Stabbing","ascension_level":20}}