{"host":"msmkw03x1o7nq45i","time":1613048662,"event":{"mods":["AchievementEnabler","BaseMod","Bestiary","Colored Powertips","GifTheSpireLib","Highlight Path","Minty Spire (QoL Compilation)","Random Character Button","StSLib","everything is the same but u backflip on backflip"],"gold_per_floor":[119,135,152,169,244,244,271,283,295,307,333,310,353,376,388,479,491,513,475,504,52,82,82,115,115,164,164,174,207,222,137,137,214,214,232,252,252,271,324,324,344,372,397,414,414,636,666,399,399,399,399,399,22,47,47,47],"floor_reached":55,"language":"ENG","playtime":5984,"items_purged":["Strike_G","Strike_G","Dash"],"score":1805,"play_id":"d048d312-df61-4fd5-868e-d22fbc324fe4","local_time":"20210211150422","is_ascension_mode":true,"campfire_choices":[{"data":"Glass Knife","floor":6,"key":"SMITH"},{"data":"Noxious Fumes","floor":8,"key":"SMITH"},{"data":"Neutralize","floor":10,"key":"SMITH"},{"data":"Cloak And Dagger","floor":15,"key":"SMITH"},{"data":"Outmaneuver","floor":23,"key":"SMITH"},{"data":"Dagger Spray","floor":25,"key":"SMITH"},{"data":"Calculated Gamble","floor":27,"key":"SMITH"},{"data":"Cloak And Dagger","floor":32,"key":"SMITH"},{"floor":40,"key":"REST"},{"floor":45,"key":"RECALL"},{"data":"Adrenaline","floor":49,"key":"SMITH"},{"data":"Blade Dance","floor":52,"key":"SMITH"}],"circlet_count":0,"master_deck":["AscendersBane","Strike_G","Strike_G","Strike_G","Defend_G","Defend_G","Defend_G","Defend_G","Defend_G","Survivor","Neutralize+1","Glass Knife+1","Noxious Fumes+1","Dagger Throw","Adrenaline+1","Calculated Gamble+1","Dagger Spray+1","Cloak And Dagger+1","After Image","Blade Dance+1","Cloak And Dagger+1","Outmaneuver+1","Terror","Corpse Explosion","Blade Dance","Flash of Steel","Madness","Flash of Steel","Deflect","Dodge and Roll","Endless Agony","After Image","Blur","After Image","Dodge and Roll"],"relics":["Ring of the Snake","MawBank","Kunai","FossilizedHelix","Runic Pyramid","ClockworkSouvenir","Omamori","Red Mask","Happy Flower","Centennial Puzzle","Thread and Needle","Akabeko","WristBlade","Ancient Tea Set","Bronze Scales","Mercury Hourglass"],"acts_visited":["Exordium","TheCity","TheBeyond","TheEnding"],"potions_floor_usage":[7,13,18,22,24,33,50,55,55],"damage_taken":[{"damage":0,"enemies":"2 Louse","floor":1,"turns":2},{"damage":1,"enemies":"Jaw Worm","floor":2,"turns":3},{"damage":1,"enemies":"Cultist","floor":3,"turns":4},{"damage":10,"enemies":"Large Slime","floor":4,"turns":6},{"damage":14,"enemies":"Gremlin Nob","floor":7,"turns":4},{"damage":0,"enemies":"3 Louse","floor":11,"turns":3},{"damage":12,"enemies":"3 Sentries","floor":13,"turns":5},{"damage":0,"enemies":"Looter","floor":14,"turns":2},{"damage":18,"enemies":"The Guardian","floor":16,"turns":11},{"damage":4,"enemies":"Shell Parasite","floor":18,"turns":5},{"damage":0,"enemies":"Spheric Guardian","floor":20,"turns":4},{"damage":15,"enemies":"Masked Bandits","floor":22,"turns":3},{"damage":0,"enemies":"Book of Stabbing","floor":24,"turns":5},{"damage":5,"enemies":"Snake Plant","floor":28,"turns":5},{"damage":7,"enemies":"Gremlin Leader","floor":29,"turns":7},{"damage":0,"enemies":"Centurion and Healer","floor":30,"turns":5},{"damage":0,"enemies":"Automaton","floor":33,"turns":10},{"damage":0,"enemies":"3 Shapes","floor":35,"turns":5},{"damage":0,"enemies":"3 Darklings","floor":36,"turns":3},{"damage":0,"enemies":"Jaw Worm Horde","floor":38,"turns":3},{"damage":21,"enemies":"2 Orb Walkers","floor":39,"turns":3},{"damage":0,"enemies":"4 Shapes","floor":41,"turns":6},{"damage":0,"enemies":"Giant Head","floor":42,"turns":7},{"damage":0,"enemies":"Transient","floor":44,"turns":6},{"damage":0,"enemies":"Nemesis","floor":47,"turns":7},{"damage":0,"enemies":"Awakened One","floor":50,"turns":20},{"damage":18,"enemies":"Shield and Spear","floor":54,"turns":5},{"damage":43,"enemies":"The Heart","floor":55,"turns":3}],"seed_played":"-9092650168649419228","potions_obtained":[{"floor":1,"key":"BlessingOfTheForge"},{"floor":2,"key":"LiquidBronze"},{"floor":11,"key":"BlessingOfTheForge"},{"floor":16,"key":"Poison Potion"},{"floor":22,"key":"Swift Potion"},{"floor":29,"key":"CunningPotion"},{"floor":35,"key":"Swift Potion"},{"floor":38,"key":"Dexterity Potion"},{"floor":47,"key":"Dexterity Potion"},{"floor":54,"key":"GamblersBrew"}],"is_trial":false,"path_per_floor":["M","M","M","M","?","R","E","R","T","R","M","?","E","M","R","B",null,"M","?","M","$","?","R","E","R","T","R","M","E","M","?","R","B",null,"M","M","?","M","?","R","M","E","T","M","R","?","E","$","R","B",null,"R","$","E","B"],"character_chosen":"THE_SILENT","items_purchased":["Explosive Potion","ClockworkSouvenir","Omamori","DuplicationPotion","DistilledChaos","Blur","After Image"],"campfire_rested":1,"item_purchase_floors":[21,21,21,48,48,53,53],"current_hp_per_floor":[44,43,42,32,32,32,18,18,18,18,18,34,22,22,22,4,51,47,47,47,47,32,32,32,32,32,32,27,20,20,20,20,20,55,55,55,45,45,24,43,43,43,43,43,43,43,43,43,43,43,60,60,60,42,0,0],"gold":47,"neow_bonus":"THREE_RARE_CARDS","is_daily":false,"chose_seed":false,"campfire_upgraded":10,"win_rate":0.0,"timestamp":1613048662,"path_taken":["M","M","M","M","?","R","E","R","T","R","M","?","E","M","R","BOSS","M","?","?","$","?","R","E","R","T","R","M","E","M","?","R","BOSS","M","M","?","M","?","R","M","E","T","M","R","?","E","$","R","BOSS","R","$","E","BOSS"],"items_purchased_type":["Potion","Relic","Relic","Potion","Potion","Card","Card"],"build_version":"2020-12-22","purchased_purges":3,"victory":false,"max_hp_per_floor":[66,66,66,66,66,66,66,66,66,66,66,66,66,66,66,66,66,66,66,66,66,66,66,66,66,66,66,66,66,66,66,66,66,66,66,66,66,66,66,66,66,66,66,66,66,66,66,66,66,66,66,66,66,66,66,66],"card_choices":[{"not_picked":["Tools of the Trade","A Thousand Cuts"],"picked":"Glass Knife","floor":0},{"not_picked":["Accuracy","Underhanded Strike"],"picked":"Noxious Fumes","floor":1},{"not_picked":["Flying Knee","PiercingWail"],"picked":"Dash","floor":2},{"not_picked":["PiercingWail","Reflex"],"picked":"Dagger Throw","floor":3},{"not_picked":["Blade Dance","Outmaneuver"],"picked":"Adrenaline","floor":4},{"not_picked":["Outmaneuver","Quick Slash"],"picked":"Calculated Gamble","floor":7},{"not_picked":["Acrobatics","Dagger Throw"],"picked":"Dagger Spray","floor":11},{"not_picked":["Expertise","Caltrops","Poisoned Stab"],"picked":"SKIP","floor":13},{"not_picked":["Flying Knee","Dash"],"picked":"Cloak And Dagger","floor":14},{"not_picked":["A Thousand Cuts","Venomology"],"picked":"After Image","floor":16},{"not_picked":["Choke","Backflip+1"],"picked":"Blade Dance","floor":18},{"not_picked":["Dodge and Roll","Poisoned Stab"],"picked":"Cloak And Dagger","floor":20},{"not_picked":["Dagger Throw","Noxious Fumes"],"picked":"Outmaneuver","floor":22},{"not_picked":["Eviscerate","Expertise","Underhanded Strike"],"picked":"SKIP","floor":24},{"not_picked":["Infinite Blades","Distraction","Expertise"],"picked":"SKIP","floor":28},{"not_picked":["Poisoned Stab","Distraction","Endless Agony"],"picked":"SKIP","floor":29},{"not_picked":["Setup","Caltrops+1"],"picked":"Terror","floor":30},{"not_picked":["Grand Finale","Malaise"],"picked":"Corpse Explosion","floor":33},{"not_picked":["PiercingWail","Well Laid Plans","All Out Attack"],"picked":"SKIP","floor":35},{"not_picked":["Well Laid Plans","Bouncing Flask"],"picked":"Blade Dance","floor":36},{"not_picked":["Discovery","Enlightenment"],"picked":"Flash of Steel","floor":37},{"not_picked":["Purity","Flash of Steel"],"picked":"Madness","floor":37},{"not_picked":["Purity","Forethought"],"picked":"Flash of Steel","floor":37},{"not_picked":["Eviscerate","Caltrops","Quick Slash+1"],"picked":"SKIP","floor":38},{"not_picked":["Sucker Punch+1","Skewer"],"picked":"Deflect","floor":39},{"not_picked":["Flechettes","Poisoned Stab"],"picked":"Dodge and Roll","floor":41},{"not_picked":["Predator","PiercingWail","Prepared"],"picked":"SKIP","floor":42},{"not_picked":["Bouncing Flask","Crippling Poison+1"],"picked":"Endless Agony","floor":44},{"not_picked":["Backflip","Underhanded Strike+1"],"picked":"After Image","floor":47},{"not_picked":["Acrobatics","Underhanded Strike"],"picked":"Dodge and Roll","floor":54}],"player_experience":526981,"relics_obtained":[{"floor":7,"key":"MawBank"},{"floor":9,"key":"Kunai"},{"floor":13,"key":"FossilizedHelix"},{"floor":22,"key":"Red Mask"},{"floor":24,"key":"Happy Flower"},{"floor":26,"key":"Centennial Puzzle"},{"floor":29,"key":"Thread and Needle"},{"floor":42,"key":"Ancient Tea Set"},{"floor":47,"key":"Bronze Scales"},{"floor":54,"key":"Mercury Hourglass"}],"event_choices":[{"damage_healed":0,"gold_gain":75,"player_choice":"Gained Gold","damage_taken":0,"max_hp_gain":0,"max_hp_loss":0,"event_name":"Golden Wing","floor":5,"gold_loss":0},{"damage_healed":16,"gold_gain":0,"player_choice":"Healed","damage_taken":0,"max_hp_gain":0,"max_hp_loss":0,"event_name":"The Cleric","floor":12,"gold_loss":35},{"damage_healed":0,"gold_gain":0,"player_choice":"Bet on Murderer","damage_taken":0,"max_hp_gain":0,"max_hp_loss":0,"event_name":"The Joust","floor":19,"gold_loss":50},{"damage_healed":0,"gold_gain":0,"player_choice":"Fought Bandits","damage_taken":0,"max_hp_gain":0,"max_hp_loss":0,"event_name":"Masked Bandits","floor":22,"gold_loss":0},{"damage_healed":0,"gold_gain":0,"player_choice":"Obtained Relic","damage_taken":0,"relics_obtained":["Akabeko"],"max_hp_gain":0,"max_hp_loss":0,"event_name":"Addict","floor":31,"gold_loss":85},{"damage_healed":0,"gold_gain":0,"player_choice":"Memory 3","damage_taken":10,"max_hp_gain":0,"max_hp_loss":0,"event_name":"SensoryStone","floor":37,"gold_loss":0},{"damage_healed":0,"gold_gain":0,"player_choice":"Fight","damage_taken":0,"max_hp_gain":0,"max_hp_loss":0,"event_name":"Mysterious Sphere","floor":39,"gold_loss":0},{"damage_healed":0,"gold_gain":222,"player_choice":"Wore Mask","damage_taken":0,"max_hp_gain":0,"max_hp_loss":0,"event_name":"Tomb of Lord Red Mask","floor":46,"gold_loss":0}],"is_beta":false,"boss_relics":[{"not_picked":["Velvet Choker","Ring of the Serpent"],"picked":"Runic Pyramid"},{"not_picked":["Coffee Dripper","Tiny House"],"picked":"WristBlade"}],"items_purged_floors":[21,48,53],"is_endless":false,"potions_floor_spawned":[1,2,11,16,22,29,35,38,47,54],"killed_by":"The Heart","ascension_level":19}}