{"host":"yqw1zpryoutrnocq","time":1613066721,"event":{"mods":["2.2 Compatiblity","AchievementEnabler","BaseMod","Colored Map","Custom Start","DeckTracker","Minty Spire (QoL Compilation)","StSLib","SuperFastMode"],"gold_per_floor":[116,116,134,5,5,5,39,39,39,39,39,58,58,58,58,158,158,173,189,214,214,6,6,35,49,49,49,49,69,85,5,5,104,104,117,128,28,40,59,84,84,111,111,111,111,161,161,179,179,179,179],"floor_reached":50,"language":"KOR","playtime":1981,"items_purged":["Strike_G","Terror"],"score":849,"play_id":"de1fc750-bcfc-4072-8d66-7269fdc604ae","local_time":"20210211120521","is_ascension_mode":true,"campfire_choices":[{"floor":6.0,"key":"REST"},{"data":"Neutralize","floor":8.0,"key":"SMITH"},{"floor":11.0,"key":"REST"},{"data":"Prepared","floor":15.0,"key":"SMITH"},{"data":"Venomology","floor":23.0,"key":"SMITH"},{"data":"Infinite Blades","floor":32.0,"key":"SMITH"},{"data":"Terror","floor":41,"key":"SMITH"},{"data":"Night Terror","floor":47,"key":"SMITH"},{"floor":49,"key":"RECALL"}],"circlet_count":0,"master_deck":["AscendersBane","Survivor","Neutralize+1","Prepared+1","Terror+1","Deflect","Quick Slash","Slice","PiercingWail","Footwork","Night Terror+1","Deflect+1","Dagger Spray","Venomology+1","A Thousand Cuts","Concentrate+1","Adrenaline","Infinite Blades+1","Envenom","Deflect+1","Escape Plan","Parasite"],"relics":["Ring of the Snake","Unceasing Top","Pen Nib","Whetstone","Incense Burner","Pandora\u0027s Box","Red Mask","Vajra","Question Card","Letter Opener","SacredBark","Juzu Bracelet","Lantern","Tingsha"],"acts_visited":["Exordium","TheCity","TheBeyond"],"potions_floor_usage":[33,33,35,36,36,36,38,38,39,42,42,46,48,50],"damage_taken":[{"damage":6.0,"enemies":"2 Louse","floor":1.0,"turns":3.0},{"damage":8.0,"enemies":"Jaw Worm","floor":3.0,"turns":8.0},{"damage":11.0,"enemies":"Gremlin Nob","floor":7.0,"turns":4.0},{"damage":0.0,"enemies":"Small Slimes","floor":12.0,"turns":3.0},{"damage":4.0,"enemies":"The Guardian","floor":16.0,"turns":14.0},{"damage":5.0,"enemies":"Spheric Guardian","floor":18.0,"turns":4.0},{"damage":24.0,"enemies":"3 Byrds","floor":19.0,"turns":6.0},{"damage":0.0,"enemies":"Masked Bandits","floor":20.0,"turns":8.0},{"damage":26.0,"enemies":"Slavers","floor":24.0,"turns":5.0},{"damage":0.0,"enemies":"Shelled Parasite and Fungi","floor":25.0,"turns":3.0},{"damage":9.0,"enemies":"Snecko","floor":29.0,"turns":3.0},{"damage":0.0,"enemies":"Chosen and Byrds","floor":30.0,"turns":3.0},{"damage":4,"enemies":"Champ","floor":33,"turns":6},{"damage":9,"enemies":"Orb Walker","floor":35,"turns":4},{"damage":0,"enemies":"3 Darklings","floor":36,"turns":2},{"damage":0,"enemies":"Jaw Worm Horde","floor":38,"turns":3},{"damage":0,"enemies":"Sphere and 2 Shapes","floor":39,"turns":3},{"damage":5,"enemies":"Giant Head","floor":40,"turns":6},{"damage":0,"enemies":"Nemesis","floor":42,"turns":5},{"damage":1,"enemies":"Mind Bloom Boss Battle","floor":46,"turns":4},{"damage":14,"enemies":"Writhing Mass","floor":48,"turns":3},{"damage":30,"enemies":"Time Eater","floor":50,"turns":4}],"seed_played":"7314225033333151479","potions_obtained":[{"floor":3.0,"key":"ColorlessPotion"},{"floor":18.0,"key":"LiquidMemories"},{"floor":24.0,"key":"Swift Potion"},{"floor":25.0,"key":"FearPotion"},{"floor":38,"key":"Swift Potion"},{"floor":42,"key":"Energy Potion"},{"floor":48,"key":"GhostInAJar"}],"is_trial":false,"path_per_floor":["M","?","M","$","?","R","E","R","T","?","R","M","?","?","R","B",null,"M","M","?","?","$","R","E","M","T","$","T","M","M","$","R","B",null,"M","M","$","M","M","E","R","E","T","?","$","?","R","M","R","B"],"character_chosen":"THE_SILENT","items_purchased":["Deflect","Venomology","A Thousand Cuts","Infinite Blades"],"campfire_rested":2,"item_purchase_floors":[4,22,22,31],"current_hp_per_floor":[39,25,17,17,10,31,20,20,20,8,29,29,29,29,29,25,59,54,30,30,30,30,30,16,16,16,16,16,7,7,7,7,3,53,44,44,44,44,44,39,39,39,39,39,39,38,38,24,24,0,0],"gold":179,"neow_bonus":"ONE_RARE_RELIC","is_daily":false,"chose_seed":false,"campfire_upgraded":6,"win_rate":0.0,"timestamp":1613066721,"path_taken":["M","?","M","$","?","R","E","R","T","?","R","M","?","?","R","BOSS","M","M","?","?","$","R","E","M","T","$","?","M","M","?","R","BOSS","M","M","$","M","M","E","R","E","T","?","?","?","R","M","R","BOSS"],"items_purchased_type":["Card","Card","Card","Card"],"build_version":"2020-12-22","purchased_purges":2,"victory":false,"max_hp_per_floor":[70,70,70,70,70,70,70,70,70,70,70,70,70,70,70,70,70,70,70,70,70,70,70,70,70,70,70,70,70,70,70,70,70,70,70,70,70,70,70,70,70,70,70,70,70,70,70,70,70,70,70],"card_choices":[{"not_picked":["Predator","Sucker Punch"],"picked":"Prepared","floor":1.0},{"not_picked":["Dagger Throw","Flying Knee"],"picked":"Terror","floor":3.0},{"not_picked":["Leg Sweep","Poisoned Stab","Underhanded Strike"],"picked":"SKIP","floor":7.0},{"not_picked":["Deflect","Poisoned Stab"],"picked":"Quick Slash","floor":12.0},{"not_picked":["Tools of the Trade","Bullet Time"],"picked":"Night Terror","floor":16.0},{"not_picked":["Outmaneuver","Bane+1","Underhanded Strike"],"picked":"SKIP","floor":18.0},{"not_picked":["Bane+1","Dagger Spray"],"picked":"Deflect+1","floor":19.0},{"not_picked":["Poisoned Stab","All Out Attack","Well Laid Plans"],"picked":"SKIP","floor":24.0},{"not_picked":["Crippling Poison","Outmaneuver","Sucker Punch+1"],"picked":"SKIP","floor":25.0},{"not_picked":["Cloak And Dagger","Accuracy","Terror"],"picked":"Concentrate+1","floor":29.0},{"not_picked":["Underhanded Strike","Calculated Gamble","Choke"],"picked":"Adrenaline","floor":30.0},{"not_picked":["Die Die Die","Corpse Explosion","Adrenaline"],"picked":"Envenom","floor":33},{"not_picked":["Underhanded Strike","Slice","Expertise+1","Finisher+1"],"picked":"SKIP","floor":35},{"not_picked":["Accuracy+1","Caltrops","Backflip"],"picked":"Deflect+1","floor":36},{"not_picked":["Setup","Dagger Throw","Accuracy","Heel Hook+1"],"picked":"SKIP","floor":38},{"not_picked":["Dodge and Roll","Quick Slash+1","Cloak And Dagger","Dagger Throw+1"],"picked":"SKIP","floor":39},{"not_picked":["Acrobatics","Well Laid Plans","Flechettes+1"],"picked":"Escape Plan","floor":40},{"not_picked":["Setup+1","Choke","Dagger Spray","Envenom"],"picked":"SKIP","floor":42},{"not_picked":["Outmaneuver+1","Bouncing Flask","Cloak And Dagger","Finisher+1"],"picked":"SKIP","floor":48}],"player_experience":327190,"relics_obtained":[{"floor":7.0,"key":"Pen Nib"},{"floor":9.0,"key":"Whetstone"},{"floor":20.0,"key":"Red Mask"},{"floor":24.0,"key":"Vajra"},{"floor":26.0,"key":"Question Card"},{"floor":28.0,"key":"Letter Opener"},{"floor":40,"key":"Juzu Bracelet"},{"floor":42,"key":"Lantern"},{"floor":46,"key":"Tingsha"}],"event_choices":[{"damage_healed":0.0,"max_hp_gain":0.0,"max_hp_loss":0.0,"gold_gain":0.0,"event_name":"Shining Light","player_choice":"Entered Light","floor":2.0,"gold_loss":0.0,"damage_taken":14.0,"cards_upgraded":["Defend_G","Strike_G"]},{"cards_removed":["Strike_G"],"damage_healed":0.0,"max_hp_gain":0.0,"max_hp_loss":0.0,"gold_gain":0.0,"event_name":"Golden Wing","player_choice":"Card Removal","floor":5.0,"gold_loss":0.0,"damage_taken":7.0},{"damage_healed":0.0,"max_hp_gain":0.0,"max_hp_loss":0.0,"gold_gain":0.0,"event_name":"Scrap Ooze","player_choice":"Success","floor":10.0,"gold_loss":0.0,"damage_taken":12.0,"relics_obtained":["Incense Burner"]},{"cards_removed":["Defend_G"],"damage_healed":0.0,"max_hp_gain":0.0,"max_hp_loss":0.0,"gold_gain":0.0,"event_name":"Living Wall","player_choice":"Forget","floor":13.0,"gold_loss":0.0,"damage_taken":0.0},{"cards_removed":["Defend_G"],"damage_healed":0.0,"max_hp_gain":0.0,"max_hp_loss":0.0,"gold_gain":0.0,"event_name":"Purifier","player_choice":"Purged","floor":14.0,"gold_loss":0.0,"damage_taken":0.0},{"damage_healed":0.0,"max_hp_gain":0.0,"max_hp_loss":0.0,"gold_gain":0.0,"event_name":"Masked Bandits","player_choice":"Fought Bandits","floor":20.0,"gold_loss":0.0,"damage_taken":0.0},{"damage_healed":0.0,"max_hp_gain":0.0,"max_hp_loss":0.0,"gold_gain":0.0,"cards_transformed":["Reflex","Night Terror"],"event_name":"Drug Dealer","player_choice":"Became Test Subject","floor":21.0,"gold_loss":0.0,"damage_taken":0.0,"cards_obtained":["Terror","Dagger Spray"]},{"cards_removed":["Acrobatics"],"damage_healed":0,"gold_gain":0,"player_choice":"Card Removal","damage_taken":0,"max_hp_gain":0,"max_hp_loss":0,"event_name":"Wheel of Change","floor":44,"gold_loss":0},{"damage_healed":0,"gold_gain":0,"player_choice":"Fight","damage_taken":0,"max_hp_gain":0,"max_hp_loss":0,"event_name":"MindBloom","floor":46,"gold_loss":0}],"is_beta":false,"boss_relics":[{"not_picked":["Busted Crown","Philosopher\u0027s Stone"],"picked":"Pandora\u0027s Box"},{"not_picked":["HoveringKite","Snecko Eye"],"picked":"SacredBark"}],"items_purged_floors":[4,37],"is_endless":false,"potions_floor_spawned":[3,18,24,25,38,42,48],"killed_by":"Time Eater","ascension_level":10}}