{"host":"m552uo5jodlktm3e","time":1613077907,"event":{"mods":["BaseMod","Colored Powertips","Downfall","Minty Spire (QoL Compilation)","Quick Restart","StSLib"],"gold_per_floor":[99,113,113,130,130,40,94,94,105,121,121,153,153,153,169,270,270,270,287,307,307,317,346,372,386,486,71,134,184,214,54,69,69,69,69],"floor_reached":33,"language":"ENG","playtime":2547,"items_purged":["Injury","champ:Defend"],"score":379,"play_id":"d43bb472-cc0d-4147-b755-cf12869aa521","local_time":"20210211131147","is_ascension_mode":true,"campfire_choices":[{"data":"champ:Improvising","floor":1,"key":"SMITH"},{"data":"champ:DefensiveShout","floor":11,"key":"SMITH"},{"data":"champ:StrikeOfGenius","floor":13,"key":"SMITH"},{"data":"champ:DefensiveStyle","floor":18,"key":"SMITH"}],"circlet_count":0,"master_deck":["champ:Strike+1","champ:Defend","champ:Defend","champ:Defend+1","champ:Execute","champ:Taunt+1","champ:Improvising+1","champ:Lariat+1","Forethought","champ:ShieldThrow","champ:DefensiveShout+1","champ:FaceSlap","champ:StrikeOfGenius+1","champ:ShieldThrow","champ:DefensiveStyle+1","champ:MurderStrike+1","CurseOfTheBell","champ:GutPunch+1","champ:GladiatorForm","champ:ViciousMockery+1"],"relics":["champ:ChampionCrown","Art of War","Nunchaku","Calling Bell","Vajra","Singing Bowl","Lizard Tail","Toxic Egg 2","downfall:CloakOfManyFaces","CultistMask","FaceOfCleric","NlothsMask","GremlinMask","SsserpentHead","Whetstone","Oddly Smooth Stone","Bronze Scales","Blood Vial"],"acts_visited":["Exordium","TheCity"],"potions_floor_usage":[23,25,27,30],"damage_taken":[{"damage":21,"enemies":"Cultist","floor":2,"turns":4},{"damage":11,"enemies":"2 Louse","floor":4,"turns":3},{"damage":40,"enemies":"downfall:FleeingMerchant","floor":6,"turns":4},{"damage":10,"enemies":"Small Slimes","floor":9,"turns":3},{"damage":26,"enemies":"Gremlin Gang","floor":10,"turns":5},{"damage":13,"enemies":"Lagavulin","floor":12,"turns":6},{"damage":10,"enemies":"3 Louse","floor":15,"turns":2},{"damage":30,"enemies":"IC_STATUS_ARCHETYPE","floor":16,"turns":5},{"damage":15,"enemies":"Chosen","floor":19,"turns":4},{"damage":5,"enemies":"Spheric Guardian","floor":20,"turns":3},{"damage":22,"enemies":"Snecko","floor":22,"turns":4},{"damage":22,"enemies":"Book of Stabbing","floor":23,"turns":4},{"damage":19,"enemies":"Shelled Parasite and Fungi","floor":25,"turns":5},{"damage":78,"enemies":"downfall:FaceTrader","floor":26,"turns":9},{"damage":12,"enemies":"downfall:FleeingMerchant","floor":27,"turns":4},{"damage":45,"enemies":"Centurion and Healer","floor":28,"turns":6},{"damage":56,"enemies":"Slavers","floor":30,"turns":7},{"damage":18,"enemies":"downfall:FleeingMerchant","floor":31,"turns":4},{"damage":33,"enemies":"Snecko","floor":32,"turns":4},{"damage":39,"enemies":"DF_ARCHETYPE_CLAW","floor":33,"turns":3}],"seed_played":"767933063020329963","potions_obtained":[{"floor":9,"key":"Fire Potion"},{"floor":12,"key":"champ:TechniquePotion"},{"floor":19,"key":"Block Potion"},{"floor":20,"key":"SkillPotion"},{"floor":26,"key":"BlessingOfTheForge"}],"is_trial":false,"path_per_floor":["R","M","?","M","?","$","T","?","M","M","R","E","R","?","M","B",null,"R","M","M","?","M","E","T","M","?","$","M","?","E","$","M","B"],"character_chosen":"THE_CHAMP","items_purchased":["Whetstone","Oddly Smooth Stone","Blood Vial"],"campfire_rested":0,"item_purchase_floors":[27,27,31],"current_hp_per_floor":[90,89,89,88,88,83,83,90,90,74,74,66,66,66,66,66,90,90,85,87,79,74,72,72,65,29,25,56,56,38,38,35,0,0,0],"gold":69,"neow_bonus":"TRANSFORM_CARD","is_daily":false,"chose_seed":false,"campfire_upgraded":4,"win_rate":0.0,"timestamp":1613077907,"path_taken":["R","M","?","?","?","?","T","?","?","M","R","E","R","?","M","BOSS","R","M","M","?","?","E","T","M","?","$","?","?","E","$","M","BOSS"],"items_purchased_type":["Relic","Relic","Relic"],"build_version":"2020-12-22","purchased_purges":2,"victory":false,"max_hp_per_floor":[90,90,90,90,90,90,90,90,90,90,90,90,90,90,90,90,90,90,90,92,92,94,94,94,96,98,101,102,102,105,108,111,111,111,111],"card_choices":[{"not_picked":["champ:BerserkersShout","champ:BringItOn"],"picked":"champ:Lariat","floor":2},{"not_picked":["champ:Endure","champ:Duel"],"picked":"champ:CalledShot","floor":4},{"not_picked":["champ:GutPunch","champ:HoldFirm"],"picked":"champ:ShieldThrow","floor":6},{"not_picked":["champ:EnragedBash","champ:AdrenalArmor"],"picked":"champ:DefensiveShout","floor":9},{"not_picked":["champ:BladeFlurry","champ:FlashCut"],"picked":"champ:FaceSlap","floor":10},{"not_picked":["champ:PerfectedStrike","champ:CrownThrow"],"picked":"champ:StrikeOfGenius","floor":12},{"not_picked":["champ:Endure","champ:ViciousMockery"],"picked":"champ:DefensiveStyle","floor":15},{"not_picked":["champ:VampiricStrike","champ:UltimateStance"],"picked":"champ:MurderStrike","floor":16},{"not_picked":["champ:DefensiveShout","champ:Haymaker"],"picked":"champ:GutPunch+1","floor":19},{"not_picked":["champ:SwordSigil","champ:HeartStrike","champ:FlashCut"],"picked":"Singing Bowl","floor":20},{"not_picked":["champ:PerfectedStrike","champ:Backstep+1","champ:StanceDance"],"picked":"Singing Bowl","floor":22},{"not_picked":["champ:Backstep+1","champ:ShieldSigil+1"],"picked":"champ:GladiatorForm","floor":23},{"not_picked":["champ:CrookedStrike","champ:DefensiveShout+1","champ:Encircle"],"picked":"Singing Bowl","floor":25},{"not_picked":["champ:IronFortress","champ:CrownThrow","champ:BerserkersShout+1"],"picked":"Singing Bowl","floor":26},{"not_picked":["champ:ShieldSlam+1","champ:FlashCut","champ:Shatter"],"picked":"Singing Bowl","floor":27},{"not_picked":["champ:TornadoPunch+1","champ:ShieldSigil+1"],"picked":"champ:ViciousMockery+1","floor":28},{"not_picked":["champ:RapidStrikes","champ:BerserkersShout+1","champ:GutPunch"],"picked":"Singing Bowl","floor":30},{"not_picked":["champ:Shatter","champ:GladiatorForm","champ:DefensiveShout+1"],"picked":"Singing Bowl","floor":31},{"not_picked":["champ:DefensiveShout+1","champ:Circumvent+1","champ:Haymaker"],"picked":"Singing Bowl","floor":32}],"player_experience":1046214,"relics_obtained":[{"floor":7,"key":"Art of War"},{"floor":12,"key":"Nunchaku"},{"floor":17,"key":"Vajra"},{"floor":17,"key":"Singing Bowl"},{"floor":17,"key":"Lizard Tail"},{"floor":23,"key":"Toxic Egg 2"},{"floor":26,"key":"downfall:CloakOfManyFaces"},{"floor":30,"key":"Bronze Scales"}],"event_choices":[{"cards_removed":["champ:CalledShot"],"damage_healed":7,"gold_gain":0,"player_choice":"Offered Uncommon","damage_taken":0,"max_hp_gain":0,"max_hp_loss":0,"event_name":"Bonfire Elementals","floor":8,"gold_loss":0}],"is_beta":false,"boss_relics":[{"not_picked":["Astrolabe","SlaversCollar"],"picked":"Calling Bell"}],"items_purged_floors":[6,27],"is_endless":false,"potions_floor_spawned":[9,12,19,20,22,26],"killed_by":"DF_ARCHETYPE_CLAW","ascension_level":1}}