{"host":"uuef13iiy6j2c50k","time":1613023294,"event":{"mods":["BaseMod","Minty Spire (QoL Compilation)","Quick Restart","Relic Stats","Slay-I","StSLib","SuperFastMode"],"gold_per_floor":[114,34,34,34,50,50,2,32,32,58,133,133,145,161,161,263,263,275,275,23,39,54,54,87,87,155,155,165,165,165,178,178,283,283,299,299,299,314,17,17,30,30,30],"floor_reached":42,"language":"ENG","playtime":1032,"items_purged":["Perfected Strike"],"score":593,"play_id":"64f95122-8d7b-47fa-a60a-2ddced98ec15","local_time":"20210210200134","is_ascension_mode":true,"campfire_choices":[{"data":"Inflame","floor":6,"key":"SMITH"},{"data":"Sword Boomerang","floor":12,"key":"SMITH"},{"data":"Combust","floor":15,"key":"SMITH"},{"floor":23,"key":"REST"},{"data":"Limit Break","floor":27,"key":"SMITH"},{"floor":32,"key":"REST"},{"floor":40,"key":"REST"}],"circlet_count":0,"master_deck":["Bash","Headbutt","Inflame+1","Sword Boomerang+1","Pummel","True Grit","Armaments","Battle Trance","Combust+1","Berserk","Pummel","Inflame","Pummel","Dark Embrace","Evolve","Limit Break+1","Anger","Shrug It Off","Inflame","Shrug It Off+1","Battle Trance+1","Decay","Shrug It Off+1","Limit Break+1"],"relics":["Burning Blood","NeowsBlessing","CultistMask","Turnip","Smiling Mask","Pandora\u0027s Box","OrangePellets","Toxic Egg 2","HornCleat","Sozu","Incense Burner"],"acts_visited":["Exordium","TheCity","TheBeyond"],"potions_floor_usage":[10,24],"damage_taken":[{"damage":0,"enemies":"2 Louse","floor":1,"turns":1},{"damage":0,"enemies":"Small Slimes","floor":5,"turns":2},{"damage":0,"enemies":"3 Sentries","floor":8,"turns":1},{"damage":22,"enemies":"Lagavulin","floor":10,"turns":6},{"damage":0,"enemies":"Cultist","floor":13,"turns":4},{"damage":12,"enemies":"2 Fungi Beasts","floor":14,"turns":4},{"damage":21,"enemies":"The Guardian","floor":16,"turns":12},{"damage":35,"enemies":"Shell Parasite","floor":18,"turns":4},{"damage":4,"enemies":"3 Byrds","floor":21,"turns":3},{"damage":18,"enemies":"Snake Plant","floor":22,"turns":3},{"damage":33,"enemies":"Book of Stabbing","floor":24,"turns":4},{"damage":22,"enemies":"Shelled Parasite and Fungi","floor":28,"turns":3},{"damage":5,"enemies":"Snecko","floor":31,"turns":4},{"damage":32,"enemies":"Champ","floor":33,"turns":6},{"damage":28,"enemies":"Orb Walker","floor":35,"turns":4},{"damage":38,"enemies":"3 Darklings","floor":38,"turns":4},{"damage":2,"enemies":"Maw","floor":41,"turns":4},{"damage":47,"enemies":"Nemesis","floor":42,"turns":3}],"seed_played":"4127357085537878555","potions_obtained":[{"floor":5,"key":"DistilledChaos"},{"floor":13,"key":"AttackPotion"},{"floor":16,"key":"DistilledChaos"},{"floor":21,"key":"Weak Potion"},{"floor":24,"key":"Explosive Potion"}],"is_trial":false,"path_per_floor":["M","$","?","?","M","R","$","E","T","E","?","R","M","M","R","B",null,"M","?","$","M","M","R","E","?","T","R","M","?","?","M","R","B",null,"M","?","?","M","$","R","M","E"],"character_chosen":"IRONCLAD","items_purchased":["Inflame","True Grit","Shrug It Off","OrangePellets","Incense Burner"],"campfire_rested":3,"item_purchase_floors":[2,7,20,20,39],"current_hp_per_floor":[80,80,80,80,80,80,80,80,80,64,53,53,59,53,53,38,70,41,41,41,43,31,55,28,54,54,54,38,38,38,39,63,37,69,47,47,47,15,15,39,43,0,0],"gold":30,"neow_bonus":"THREE_ENEMY_KILL","is_daily":false,"chose_seed":false,"campfire_upgraded":4,"win_rate":0.0,"timestamp":1613023294,"path_taken":["M","$","?","?","?","R","$","E","T","E","?","R","M","M","R","BOSS","M","?","$","?","M","R","E","?","T","R","M","?","?","M","R","BOSS","M","?","?","M","$","R","M","E"],"items_purchased_type":["Card","Card","Card","Relic","Relic"],"build_version":"2020-12-22","purchased_purges":1,"victory":false,"max_hp_per_floor":[80,80,80,80,80,80,80,80,80,80,80,80,80,80,80,80,80,80,80,80,80,80,80,80,80,80,80,80,80,80,80,80,80,80,80,80,80,80,80,80,80,80,80],"relic_stats":{"Sozu":2,"OrangePellets":[16],"counters":[18,72],"Pandora\u0027s Box":["Pummel","Inflame","Pummel","Perfected Strike","Dark Embrace","Clash","Evolve","Limit Break"],"Turnip":[7],"Smiling Mask":25,"obtain_stats":[{"Sozu":34,"OrangePellets":20,"HornCleat":26,"NeowsBlessing":0,"Pandora\u0027s Box":17,"CultistMask":4,"Turnip":8,"Incense Burner":39,"Toxic Egg 2":24,"Smiling Mask":10,"Burning Blood":0},{"Sozu":14,"OrangePellets":8,"HornCleat":11,"NeowsBlessing":0,"Pandora\u0027s Box":7,"CultistMask":1,"Turnip":3,"Incense Burner":16,"Toxic Egg 2":11,"Smiling Mask":4,"Burning Blood":0},{"Sozu":57,"OrangePellets":34,"HornCleat":44,"NeowsBlessing":0,"Pandora\u0027s Box":30,"CultistMask":1,"Turnip":4,"Incense Burner":65,"Toxic Egg 2":44,"Smiling Mask":10,"Burning Blood":0}],"Burning Blood":84},"card_choices":[{"not_picked":["Heavy Blade","Rage"],"picked":"Headbutt","floor":1},{"not_picked":["Second Wind","Perfected Strike"],"picked":"Pummel","floor":5},{"not_picked":["Bludgeon","Twin Strike"],"picked":"Armaments","floor":8},{"not_picked":["Sentinel","Flex","Headbutt"],"picked":"SKIP","floor":10},{"not_picked":["Flex","Heavy Blade"],"picked":"Battle Trance","floor":13},{"not_picked":["Headbutt","Second Wind"],"picked":"Combust","floor":14},{"not_picked":["Exhume","Barricade"],"picked":"Berserk","floor":16},{"not_picked":["Body Slam","Spot Weakness"],"picked":"Anger","floor":18},{"not_picked":["Headbutt","Clash","Sword Boomerang"],"picked":"SKIP","floor":21},{"not_picked":["Heavy Blade","Cleave+1"],"picked":"Inflame","floor":22},{"not_picked":["Spot Weakness+1","Thunderclap"],"picked":"Shrug It Off+1","floor":24},{"not_picked":["Flex+1","Hemokinesis"],"picked":"Battle Trance+1","floor":28},{"not_picked":["Ghostly Armor+1","True Grit+1"],"picked":"Shrug It Off+1","floor":31},{"not_picked":["Double Tap+1","Corruption"],"picked":"Limit Break+1","floor":33},{"not_picked":["Anger+1","Pommel Strike","Reckless Charge"],"picked":"SKIP","floor":35},{"not_picked":["Anger+1","Seeing Red+1","Sword Boomerang+1"],"picked":"SKIP","floor":38},{"not_picked":["Wild Strike+1","Blood for Blood+1","Body Slam+1"],"picked":"SKIP","floor":41}],"player_experience":53547,"relics_obtained":[{"floor":8,"key":"Turnip"},{"floor":10,"key":"Smiling Mask"},{"floor":24,"key":"Toxic Egg 2"},{"floor":26,"key":"HornCleat"}],"event_choices":[{"damage_healed":0,"gold_gain":0,"cards_transformed":["Strike_R"],"player_choice":"Change","damage_taken":0,"max_hp_gain":0,"max_hp_loss":0,"event_name":"Living Wall","floor":3,"gold_loss":0,"cards_obtained":["Sword Boomerang"]},{"damage_healed":0,"gold_gain":0,"player_choice":"Trade","damage_taken":0,"relics_obtained":["CultistMask"],"max_hp_gain":0,"max_hp_loss":0,"event_name":"FaceTrader","floor":4,"gold_loss":0},{"damage_healed":0,"gold_gain":75,"player_choice":"Gather Gold","damage_taken":11,"max_hp_gain":0,"max_hp_loss":0,"event_name":"World of Goop","floor":11,"gold_loss":0},{"cards_removed":["Clash"],"damage_healed":0,"gold_gain":0,"player_choice":"Purged","damage_taken":0,"max_hp_gain":0,"max_hp_loss":0,"event_name":"Purifier","floor":19,"gold_loss":0},{"damage_healed":26,"gold_gain":0,"player_choice":"Heal","damage_taken":0,"max_hp_gain":0,"max_hp_loss":0,"event_name":"The Library","floor":25,"gold_loss":0},{"damage_healed":0,"gold_gain":0,"player_choice":"Ignored","damage_taken":0,"max_hp_gain":0,"max_hp_loss":0,"event_name":"Cursed Tome","floor":29,"gold_loss":0},{"damage_healed":0,"gold_gain":0,"player_choice":"Smashed Altar","damage_taken":0,"max_hp_gain":0,"max_hp_loss":0,"event_name":"Forgotten Altar","floor":30,"gold_loss":0,"cards_obtained":["Decay"]},{"damage_healed":0,"gold_gain":0,"player_choice":"Ignored","damage_taken":0,"max_hp_gain":0,"max_hp_loss":0,"event_name":"Tomb of Lord Red Mask","floor":36,"gold_loss":0},{"damage_healed":0,"gold_gain":0,"player_choice":"Ignored","damage_taken":0,"max_hp_gain":0,"max_hp_loss":0,"event_name":"Mysterious Sphere","floor":37,"gold_loss":0}],"is_beta":false,"boss_relics":[{"not_picked":["Calling Bell","Tiny House"],"picked":"Pandora\u0027s Box"},{"not_picked":["Black Star","Runic Dome"],"picked":"Sozu"}],"items_purged_floors":[20],"is_endless":false,"potions_floor_spawned":[5,13,16,21,24,35,38],"killed_by":"Nemesis","ascension_level":5}}