{"host":"4udtejx3ummmwg8f","time":1613034959,"event":{"mods":["BaseMod","Minty Spire (QoL Compilation)"],"gold_per_floor":[115,290,290,313,313,351,351,276,276,276,614,638,681,681,681,812,812,837,861,876,398,398,398,398,398],"floor_reached":24,"language":"ENG","playtime":1295,"items_purged":["Injury","Defend_B"],"score":223,"play_id":"a7e49a2a-9ec7-48c9-9059-77e43cf79471","local_time":"20210211194559","daily_mods":["Colorless Cards","Heirloom"],"is_ascension_mode":true,"campfire_choices":[{"floor":7,"key":"REST"},{"floor":10,"key":"REST"},{"floor":15,"key":"REST"},{"floor":23,"key":"REST"}],"circlet_count":0,"master_deck":["Strike_B","Strike_B","Strike_B","Strike_B","Defend_B","Defend_B","Defend_B","Zap","Dualcast","Consume","Rip and Tear","Apotheosis","Conserve Battery","Gash+1","Cold Snap+1","Echo Form","Bandage Up+1","Doom and Gloom+1","Chaos","Biased Cognition"],"relics":["Cracked Core","WingedGreaves","Bloody Idol","Ancient Tea Set","Question Card","Old Coin","Gremlin Horn","Nuclear Battery","DataDisk","Blood Vial"],"acts_visited":["Exordium","TheCity"],"potions_floor_usage":[6,11,16,20],"damage_taken":[{"damage":1,"enemies":"Jaw Worm","floor":1,"turns":3},{"damage":0,"enemies":"2 Louse","floor":4,"turns":3},{"damage":49,"enemies":"Gremlin Nob","floor":6,"turns":5},{"damage":10,"enemies":"3 Sentries","floor":11,"turns":5},{"damage":0,"enemies":"Small Slimes","floor":12,"turns":3},{"damage":14,"enemies":"Lagavulin","floor":13,"turns":7},{"damage":4,"enemies":"The Guardian","floor":16,"turns":9},{"damage":14,"enemies":"2 Thieves","floor":18,"turns":4},{"damage":12,"enemies":"Chosen","floor":19,"turns":7},{"damage":28,"enemies":"Snake Plant","floor":20,"turns":5},{"damage":64,"enemies":"Slavers","floor":24,"turns":3}],"seed_played":"-4278029286503778629","potions_obtained":[{"floor":1,"key":"Energy Potion"},{"floor":4,"key":"EssenceOfDarkness"},{"floor":12,"key":"EssenceOfSteel"},{"floor":18,"key":"ColorlessPotion"}],"is_trial":true,"path_per_floor":["M","?","?","M","?","E","R","$","T","R","E","M","E","?","R","B",null,"M","M","M","$","?","R","E"],"character_chosen":"DEFECT","items_purchased":["DataDisk","Biased Cognition","Blood Vial"],"campfire_rested":4,"item_purchase_floors":[21,21,21],"current_hp_per_floor":[74,74,74,74,67,18,40,40,40,62,52,52,38,23,45,41,75,61,55,33,33,33,55,0,0],"gold":398,"neow_bonus":"","is_daily":false,"chose_seed":false,"campfire_upgraded":0,"win_rate":0.0,"timestamp":1613034959,"path_taken":["M","?","?","M","?","E","R","$","T","R","E","?","E","?","R","BOSS","M","M","M","$","?","R","E"],"items_purchased_type":["Relic","Card","Relic"],"build_version":"2020-12-22","purchased_purges":2,"victory":false,"max_hp_per_floor":[75,75,75,75,75,75,75,75,75,75,75,75,75,75,75,75,75,75,75,75,75,75,75,75,75],"card_choices":[{"not_picked":["Jack Of All Trades","Beam Cell"],"picked":"Consume","floor":1},{"not_picked":["Beam Cell","Rebound"],"picked":"Rip and Tear","floor":4},{"not_picked":["Conserve Battery","Lockon"],"picked":"Apotheosis","floor":6},{"not_picked":["Streamline","Cold Snap","Magnetism"],"picked":"Conserve Battery","floor":11},{"not_picked":["Force Field","Conserve Battery","Hologram"],"picked":"Gash","floor":12},{"not_picked":["Fusion","Coolheaded","Panacea"],"picked":"Cold Snap","floor":13},{"not_picked":["All For One","Panache","Secret Weapon"],"picked":"Echo Form","floor":16},{"not_picked":["Beam Cell","Melter","Conserve Battery"],"picked":"Bandage Up+1","floor":18},{"not_picked":["Sweeping Beam","Cold Snap","Compile Driver+1"],"picked":"Doom and Gloom+1","floor":19},{"not_picked":["Barrage","Skim","Redo"],"picked":"Chaos","floor":20}],"player_experience":147311,"relics_obtained":[{"floor":6,"key":"Ancient Tea Set"},{"floor":9,"key":"Question Card"},{"floor":11,"key":"Old Coin"},{"floor":13,"key":"Gremlin Horn"}],"event_choices":[{"damage_healed":0,"gold_gain":175,"player_choice":"AGREE","damage_taken":0,"max_hp_gain":0,"max_hp_loss":0,"event_name":"Liars Game","floor":2,"gold_loss":0,"cards_obtained":["Doubt"]},{"damage_healed":0,"gold_gain":0,"player_choice":"Take Wound","damage_taken":0,"relics_obtained":["Golden Idol"],"max_hp_gain":0,"max_hp_loss":0,"event_name":"Golden Idol","floor":3,"gold_loss":0,"cards_obtained":["Injury"]},{"cards_removed":["Doubt"],"damage_healed":0,"gold_gain":0,"player_choice":"Card Removal","damage_taken":7,"max_hp_gain":0,"max_hp_loss":0,"event_name":"Golden Wing","floor":5,"gold_loss":0},{"damage_healed":0,"gold_gain":0,"player_choice":"Entered Light","damage_taken":15,"max_hp_gain":0,"max_hp_loss":0,"event_name":"Shining Light","floor":14,"gold_loss":0,"cards_upgraded":["Cold Snap","Gash"]},{"damage_healed":0,"gold_gain":0,"player_choice":"Gave Idol","damage_taken":0,"relics_obtained":["Bloody Idol"],"max_hp_gain":0,"max_hp_loss":0,"event_name":"Forgotten Altar","floor":22,"relics_lost":["Golden Idol"],"gold_loss":0}],"is_beta":false,"boss_relics":[{"not_picked":["Philosopher\u0027s Stone","Busted Crown"],"picked":"Nuclear Battery"}],"items_purged_floors":[8,21],"is_endless":true,"potions_floor_spawned":[1,4,12,18],"killed_by":"Slavers","ascension_level":1}}