{"host":"newqdrzxfhh2im9e","time":1613078829,"event":{"mods":["AchievementEnabler","BaseMod","Block Reminder","Colored Map","Minty Spire (QoL Compilation)","Rare Cards Sparkle","Shop Mod","StSLib"],"gold_per_floor":[111,111,286,286,302,302,320,354,354,354,23,23,34,34,34,136,136,153,172,17,31,31,31,31,44,44,57,133,133,133],"floor_reached":29,"language":"ENG","playtime":999,"items_purged":[],"score":223,"play_id":"ac030855-fcea-4044-8f1b-e0f1107c2630","local_time":"20210211132709","is_ascension_mode":false,"campfire_choices":[{"floor":6,"key":"RECALL"},{"floor":15,"key":"REST"},{"data":"Noxious Fumes","floor":23,"key":"SMITH"}],"circlet_count":0,"master_deck":["Strike_G","Strike_G","Strike_G","Strike_G","Strike_G","Defend_G","Defend_G","Defend_G","Defend_G","Defend_G","Survivor","Neutralize","Dodge and Roll","Masterful Stab","Finisher","Caltrops","Infinite Blades","Unload","Venomology","Catalyst","Dodge and Roll+1","Noxious Fumes+1","Adrenaline","Escape Plan"],"relics":["Ring of the Snake","NeowsBlessing","Eternal Feather","Ginger","Anchor","Lantern","WristBlade","TwistedFunnel","Nloth\u0027s Gift","Nunchaku","InkBottle"],"acts_visited":["Exordium","TheCity"],"potions_floor_usage":[13,18,18,19,25,25,27,27,29],"damage_taken":[{"damage":0,"enemies":"Small Slimes","floor":1,"turns":1},{"damage":0,"enemies":"Jaw Worm","floor":5,"turns":1},{"damage":0,"enemies":"Cultist","floor":7,"turns":1},{"damage":42,"enemies":"3 Sentries","floor":8,"turns":11},{"damage":9,"enemies":"2 Fungi Beasts","floor":13,"turns":3},{"damage":37,"enemies":"Slime Boss","floor":16,"turns":12},{"damage":8,"enemies":"Shell Parasite","floor":18,"turns":3},{"damage":14,"enemies":"Spheric Guardian","floor":19,"turns":5},{"damage":7,"enemies":"Snake Plant","floor":21,"turns":4},{"damage":20,"enemies":"Centurion and Healer","floor":25,"turns":4},{"damage":17,"enemies":"Sentry and Sphere","floor":27,"turns":6},{"damage":4,"enemies":"Colosseum Slavers","floor":29,"turns":2}],"seed_played":"-5459382544051071496","potions_obtained":[{"floor":8,"key":"BlessingOfTheForge"},{"floor":16,"key":"Explosive Potion"},{"floor":19,"key":"LiquidMemories"},{"floor":27,"key":"GhostInAJar"}],"is_trial":false,"path_per_floor":["M","?","?","?","M","R","M","E","T","?","$","?","M","$","R","B",null,"M","M","$","M","?","R","?","M","T","M","T","?"],"character_chosen":"THE_SILENT","items_purchased":["Anchor","Lantern","Infinite Blades","TwistedFunnel"],"campfire_rested":1,"item_purchase_floors":[11,11,11,20],"current_hp_per_floor":[70,70,70,63,63,70,70,28,28,28,28,25,16,16,46,9,70,62,48,48,41,28,40,40,20,20,3,3,0,0],"gold":133,"neow_bonus":"THREE_ENEMY_KILL","is_daily":false,"chose_seed":false,"campfire_upgraded":1,"win_rate":0.0,"timestamp":1613078829,"path_taken":["M","?","?","?","M","R","M","E","T","?","$","?","?","?","R","BOSS","M","M","$","M","?","R","?","?","T","M","?","?"],"items_purchased_type":["Relic","Relic","Card","Relic"],"build_version":"2020-12-22","purchased_purges":0,"victory":false,"max_hp_per_floor":[70,70,70,70,70,70,70,70,70,70,70,70,70,70,70,70,70,70,70,70,70,75,75,75,75,75,75,75,75,75],"card_choices":[{"not_picked":["Quick Slash","Dagger Throw"],"picked":"Dodge and Roll","floor":1},{"not_picked":["Tactician","Concentrate"],"picked":"Masterful Stab","floor":5},{"not_picked":["PiercingWail","Underhanded Strike"],"picked":"Finisher","floor":7},{"not_picked":["Tactician","Poisoned Stab"],"picked":"Caltrops","floor":8},{"not_picked":["Bane","Outmaneuver"],"picked":"Unload","floor":13},{"not_picked":["Malaise","Adrenaline"],"picked":"Venomology","floor":16},{"not_picked":["Expertise","Flying Knee"],"picked":"Catalyst","floor":18},{"not_picked":["Underhanded Strike","Prepared"],"picked":"Dodge and Roll+1","floor":19},{"not_picked":["Cloak And Dagger","Heel Hook"],"picked":"Noxious Fumes","floor":21},{"not_picked":["Noxious Fumes+1","Dagger Spray"],"picked":"Adrenaline","floor":25},{"not_picked":["Dagger Throw+1","Deflect"],"picked":"Escape Plan","floor":27}],"player_experience":778297,"relics_obtained":[{"floor":8,"key":"Ginger"},{"floor":26,"key":"Nunchaku"},{"floor":28,"key":"InkBottle"}],"event_choices":[{"damage_healed":0,"gold_gain":0,"player_choice":"Box","damage_taken":0,"relics_obtained":["Eternal Feather"],"max_hp_gain":0,"max_hp_loss":0,"event_name":"Big Fish","floor":2,"gold_loss":0,"cards_obtained":["Regret"]},{"damage_healed":0,"gold_gain":175,"player_choice":"AGREE","damage_taken":0,"max_hp_gain":0,"max_hp_loss":0,"event_name":"Liars Game","floor":3,"gold_loss":0,"cards_obtained":["Doubt"]},{"cards_removed":["Doubt"],"damage_healed":0,"gold_gain":0,"player_choice":"Card Removal","damage_taken":7,"max_hp_gain":0,"max_hp_loss":0,"event_name":"Golden Wing","floor":4,"gold_loss":0},{"cards_removed":["Regret"],"damage_healed":0,"gold_gain":0,"player_choice":"Forget","damage_taken":0,"max_hp_gain":0,"max_hp_loss":0,"event_name":"Living Wall","floor":10,"gold_loss":0},{"damage_healed":0,"gold_gain":0,"player_choice":"Success","damage_taken":3,"relics_obtained":["Oddly Smooth Stone"],"max_hp_gain":0,"max_hp_loss":0,"event_name":"Scrap Ooze","floor":12,"gold_loss":0},{"damage_healed":0,"gold_gain":0,"player_choice":"Shed Blood","damage_taken":18,"max_hp_gain":5,"max_hp_loss":0,"event_name":"Forgotten Altar","floor":22,"gold_loss":0},{"damage_healed":0,"gold_gain":0,"player_choice":"Traded Relic","damage_taken":0,"relics_obtained":["Nloth\u0027s Gift"],"max_hp_gain":0,"max_hp_loss":0,"event_name":"N\u0027loth","floor":24,"relics_lost":["Oddly Smooth Stone"],"gold_loss":0},{"damage_healed":0,"gold_gain":0,"player_choice":"Fight","damage_taken":0,"max_hp_gain":0,"max_hp_loss":0,"event_name":"Colosseum","floor":29,"gold_loss":0}],"is_beta":false,"boss_relics":[{"not_picked":["Busted Crown","HoveringKite"],"picked":"WristBlade"}],"items_purged_floors":[],"is_endless":false,"potions_floor_spawned":[8,16,19,27],"killed_by":"Colosseum Slavers","ascension_level":0}}