{"host":"ml2ro5l6hu6y0pll","time":1613068795,"event":{"mods":["AchievementEnabler","BaseMod","Colored Map","Colored Powertips","Custom Start","Downfall","Googly Eyes","Minty Spire (QoL Compilation)","Quick Restart","Rare Cards Sparkle","Relic Stats","StSLib","everything is the same but u backflip on backflip"],"gold_per_floor":[118,118,138,153,173,173,16,27,27,52,52,87,87,105,105,183,183,200,211,227,227,238,265,180,213,213,213,238,238,238,256,256,327,327,341,368,124,141,154,154,184,201,201,201,201,181,211,230,230,230,230,230,230,63,90,90],"floor_reached":57,"language":"ENG","playtime":2534,"items_purged":["Doubt"],"score":2864,"play_id":"e0e2562d-6f50-4a7c-8bf5-fc064cc05a24","local_time":"20210211183955","is_ascension_mode":true,"campfire_choices":[{"data":"1","floor":6,"key":"LIFT"},{"data":"2","floor":11,"key":"LIFT"},{"data":"3","floor":15,"key":"LIFT"},{"data":"Whirlwind","floor":27,"key":"SMITH"},{"data":"Feed","floor":29,"key":"SMITH"},{"data":"Rupture","floor":32,"key":"SMITH"},{"data":"Heavy Blade","floor":40,"key":"SMITH"},{"floor":45,"key":"RECALL"},{"data":"Flame Barrier","floor":49,"key":"SMITH"},{"data":"Flame Barrier","floor":53,"key":"SMITH"}],"circlet_count":0,"master_deck":["Flame Barrier+1","Flame Barrier+1","Shockwave","Ghostly Armor","Shrug It Off","Shrug It Off","Defend_R","Defend_R","Uppercut","Hemokinesis","Feed+1","Strike_R","Strike_R","Bash","Whirlwind+1","Pain","Spot Weakness","Heavy Blade+1","Reaper","Rupture+1","Exhume","Rupture+1","Limit Break","Pain","Feel No Pain"],"relics":["Burning Blood","Snecko Eye","Girya","Vajra","WarpedTongs","Akabeko","Potion Belt","Toy Ornithopter","Matryoshka","Coffee Dripper","Blue Candle","Art of War","Mercury Hourglass","Bag of Marbles","Cursed Key","Bag of Preparation","Anchor","DollysMirror","Nunchaku","Pear","Strawberry","Bottled Lightning"],"acts_visited":["Exordium","TheCity","TheBeyond","TheEnding"],"potions_floor_usage":[8,18,19,22,55,56,56],"damage_taken":[{"damage":0,"enemies":"Jaw Worm","floor":1,"turns":3},{"damage":4,"enemies":"Cultist","floor":3,"turns":4},{"damage":3,"enemies":"Small Slimes","floor":4,"turns":3},{"damage":3,"enemies":"Looter","floor":5,"turns":5},{"damage":2,"enemies":"Large Slime","floor":8,"turns":1},{"damage":13,"enemies":"3 Sentries","floor":10,"turns":6},{"damage":13,"enemies":"Lagavulin","floor":12,"turns":6},{"damage":0,"enemies":"2 Fungi Beasts","floor":14,"turns":2},{"damage":45,"enemies":"Hexaghost","floor":16,"turns":6},{"damage":2,"enemies":"Chosen","floor":18,"turns":1},{"damage":7,"enemies":"2 Thieves","floor":19,"turns":4},{"damage":1,"enemies":"Snecko","floor":20,"turns":3},{"damage":10,"enemies":"Centurion and Healer","floor":22,"turns":4},{"damage":5,"enemies":"Book of Stabbing","floor":23,"turns":4},{"damage":5,"enemies":"Gremlin Leader","floor":25,"turns":5},{"damage":10,"enemies":"Book of Stabbing","floor":28,"turns":4},{"damage":15,"enemies":"Snake Plant","floor":31,"turns":3},{"damage":107,"enemies":"Champ","floor":33,"turns":9},{"damage":0,"enemies":"Orb Walker","floor":35,"turns":1},{"damage":0,"enemies":"3 Shapes","floor":38,"turns":1},{"damage":19,"enemies":"Writhing Mass","floor":39,"turns":5},{"damage":39,"enemies":"Reptomancer","floor":41,"turns":5},{"damage":0,"enemies":"3 Darklings","floor":42,"turns":1},{"damage":16,"enemies":"Nemesis","floor":47,"turns":3},{"damage":22,"enemies":"Jaw Worm Horde","floor":48,"turns":5},{"damage":51,"enemies":"Donu and Deca","floor":50,"turns":6},{"damage":57,"enemies":"Awakened One","floor":51,"turns":6},{"damage":51,"enemies":"Shield and Spear","floor":55,"turns":3},{"damage":125,"enemies":"The Heart","floor":56,"turns":8}],"seed_played":"-5491545423107985845","potions_obtained":[{"floor":1,"key":"Weak Potion"},{"floor":4,"key":"Strength Potion"},{"floor":13,"key":"Swift Potion"},{"floor":13,"key":"SneckoOil"},{"floor":14,"key":"SkillPotion"},{"floor":16,"key":"AttackPotion"},{"floor":20,"key":"BloodPotion"},{"floor":23,"key":"Ancient Potion"},{"floor":33,"key":"Dexterity Potion"},{"floor":46,"key":"GamblersBrew"},{"floor":48,"key":"Block Potion"},{"floor":55,"key":"Explosive Potion"}],"is_trial":true,"path_per_floor":["M","?","M","M","M","R","$","M","T","E","R","E","?","M","R","B",null,"M","M","M","?","M","E","?","E","T","R","E","R","?","M","R","B",null,"M","T","$","M","M","R","E","M","T","?","R","?","E","M","R","B","B",null,"R","$","E","B",null],"character_chosen":"IRONCLAD","items_purchased":["Akabeko","DollysMirror","Strawberry"],"campfire_rested":0,"item_purchase_floors":[7,37,54],"current_hp_per_floor":[77,77,81,85,85,85,85,89,89,85,85,82,82,99,99,64,93,106,108,112,112,113,118,118,123,123,123,123,123,123,123,123,86,114,120,120,120,127,118,118,135,135,135,128,128,128,138,133,133,146,146,146,146,153,143,153],"gold":90,"neow_bonus":"","is_daily":false,"chose_seed":false,"campfire_upgraded":6,"win_rate":0.0,"timestamp":1613068795,"path_taken":["M","?","M","?","M","R","$","M","T","E","R","E","?","M","R","BOSS","M","?","M","?","M","E","?","E","T","R","E","R","?","M","R","BOSS","M","?","$","?","M","R","E","M","T","?","R","?","E","?","R","BOSS","BOSS","R","$","E","BOSS"],"items_purchased_type":["Relic","Relic","Relic"],"build_version":"2020-12-22","purchased_purges":1,"victory":true,"max_hp_per_floor":[78,78,81,85,85,85,85,89,89,92,92,96,96,99,99,103,103,106,109,112,112,115,119,119,123,123,123,123,123,123,123,123,123,123,123,123,123,127,131,131,135,135,135,128,128,128,138,146,146,146,146,146,146,153,153,153],"relic_stats":{"Nunchaku":[3],"counters":[29,116],"Blue Candle":[4],"Snecko Eye":[204,178,192,181],"Art of War":[18],"Bag of Preparation":[20],"Cursed Key":1,"obtain_stats":[{"Potion Belt":9,"Girya":0,"Pear":47,"Blue Candle":24,"Vajra":0,"Bag of Preparation":36,"Cursed Key":34,"Burning Blood":0,"Akabeko":7,"WarpedTongs":2,"Mercury Hourglass":26,"Anchor":36,"Nunchaku":41,"Matryoshka":12,"DollysMirror":37,"Strawberry":54,"Snecko Eye":0,"Coffee Dripper":17,"Art of War":25,"Bag of Marbles":28,"Bottled Lightning":55,"Toy Ornithopter":10},{"Potion Belt":5,"Girya":0,"Pear":24,"Blue Candle":14,"Vajra":0,"Bag of Preparation":19,"Cursed Key":18,"Burning Blood":0,"Akabeko":4,"WarpedTongs":1,"Mercury Hourglass":15,"Anchor":19,"Nunchaku":22,"Matryoshka":7,"DollysMirror":19,"Strawberry":27,"Snecko Eye":0,"Coffee Dripper":9,"Art of War":15,"Bag of Marbles":16,"Bottled Lightning":28,"Toy Ornithopter":6},{"Potion Belt":16,"Girya":0,"Pear":88,"Blue Candle":52,"Vajra":0,"Bag of Preparation":73,"Cursed Key":72,"Burning Blood":0,"Akabeko":15,"WarpedTongs":3,"Mercury Hourglass":57,"Anchor":73,"Nunchaku":84,"Matryoshka":28,"DollysMirror":73,"Strawberry":105,"Snecko Eye":0,"Coffee Dripper":36,"Art of War":57,"Bag of Marbles":61,"Bottled Lightning":108,"Toy Ornithopter":22}],"Burning Blood":105,"Toy Ornithopter":15,"WarpedTongs":[113],"Mercury Hourglass":[206]},"card_choices":[{"not_picked":["Headbutt","Sword Boomerang","Infernal Blade"],"picked":"SKIP","floor":1},{"not_picked":["Dark Embrace","Second Wind","Inflame"],"picked":"SKIP","floor":3},{"not_picked":["Iron Wave","Intimidate"],"picked":"Spot Weakness","floor":4},{"not_picked":["Pommel Strike","Battle Trance"],"picked":"Heavy Blade","floor":5},{"not_picked":["Searing Blow","Armaments","Wild Strike"],"picked":"SKIP","floor":8},{"not_picked":["Perfected Strike","True Grit","Blood for Blood"],"picked":"SKIP","floor":10},{"not_picked":["Clash","Pommel Strike"],"picked":"Reaper","floor":12},{"not_picked":["Iron Wave","Perfected Strike","Thunderclap"],"picked":"SKIP","floor":14},{"not_picked":["True Grit","Sword Boomerang"],"picked":"Rupture","floor":18},{"not_picked":["Thunderclap","Battle Trance","Infernal Blade"],"picked":"SKIP","floor":19},{"not_picked":["Pommel Strike","Evolve","Armaments+1"],"picked":"SKIP","floor":20},{"not_picked":["Clothesline","Heavy Blade+1","Perfected Strike"],"picked":"SKIP","floor":22},{"not_picked":["Sword Boomerang","Power Through+1","Anger"],"picked":"SKIP","floor":23},{"not_picked":["Rampage","Burning Pact","Cleave"],"picked":"SKIP","floor":25},{"not_picked":["Infernal Blade","Uppercut"],"picked":"Exhume","floor":28},{"not_picked":["Twin Strike","Headbutt"],"picked":"Rupture","floor":31},{"not_picked":["Corruption","Immolate"],"picked":"Limit Break","floor":33},{"not_picked":["Sword Boomerang","Sentinel","Wild Strike"],"picked":"SKIP","floor":35},{"not_picked":["Blood for Blood","Heavy Blade","Clash"],"picked":"SKIP","floor":38},{"not_picked":["Fire Breathing","Iron Wave+1"],"picked":"Feel No Pain","floor":39},{"not_picked":["Infernal Blade+1","Havoc","Sword Boomerang"],"picked":"SKIP","floor":41},{"not_picked":["Headbutt+1","Warcry","Pommel Strike"],"picked":"SKIP","floor":42},{"not_picked":["Limit Break","Warcry","Wild Strike"],"picked":"SKIP","floor":47},{"not_picked":["Limit Break","Warcry","Wild Strike"],"picked":"SKIP","floor":47},{"not_picked":["Clothesline","Feel No Pain+1","Warcry+1"],"picked":"SKIP","floor":48},{"not_picked":["True Grit","Flex","Cleave"],"picked":"SKIP","floor":55}],"player_experience":1000023,"relics_obtained":[{"floor":9,"key":"Potion Belt"},{"floor":10,"key":"Toy Ornithopter"},{"floor":12,"key":"Matryoshka"},{"floor":25,"key":"Art of War"},{"floor":26,"key":"Mercury Hourglass"},{"floor":28,"key":"Bag of Marbles"},{"floor":36,"key":"Bag of Preparation"},{"floor":36,"key":"Anchor"},{"floor":41,"key":"Nunchaku"},{"floor":47,"key":"Pear"},{"floor":55,"key":"Bottled Lightning"}],"event_choices":[{"damage_healed":0,"gold_gain":0,"player_choice":"Rummage","damage_taken":0,"relics_obtained":["WarpedTongs"],"max_hp_gain":0,"max_hp_loss":0,"event_name":"Accursed Blacksmith","floor":2,"gold_loss":0,"cards_obtained":["Pain"]},{"damage_healed":0,"gold_gain":0,"player_choice":"Got Potions","damage_taken":0,"max_hp_gain":0,"max_hp_loss":0,"event_name":"Lab","floor":13,"gold_loss":0},{"damage_healed":0,"gold_gain":0,"player_choice":"Ignored","damage_taken":0,"max_hp_gain":0,"max_hp_loss":0,"event_name":"Ghosts","floor":21,"gold_loss":0},{"damage_healed":0,"gold_gain":0,"player_choice":"Obtained Relic","damage_taken":0,"relics_obtained":["Blue Candle"],"max_hp_gain":0,"max_hp_loss":0,"event_name":"Addict","floor":24,"gold_loss":85},{"damage_healed":0,"gold_gain":0,"player_choice":"Upgraded","damage_taken":0,"max_hp_gain":0,"max_hp_loss":0,"event_name":"Upgrade Shrine","floor":30,"gold_loss":0,"cards_upgraded":["Rupture"]},{"damage_healed":0,"gold_gain":0,"player_choice":"Max HP","damage_taken":0,"max_hp_gain":0,"max_hp_loss":7,"event_name":"Winding Halls","floor":44,"gold_loss":0},{"damage_healed":0,"gold_gain":0,"player_choice":"Bought 1 Potion","damage_taken":0,"max_hp_gain":0,"max_hp_loss":0,"event_name":"The Woman in Blue","floor":46,"gold_loss":0}],"is_beta":false,"boss_relics":[{"not_picked":["Astrolabe","SacredBark"],"picked":"Coffee Dripper"},{"not_picked":["Busted Crown","Sozu"],"picked":"Cursed Key"}],"items_purged_floors":[37],"is_endless":false,"potions_floor_spawned":[1,4,5,14,16,20,23,33,35,48,55],"ascension_level":20}}