{"host":"xb2tau8pgi8aflss","time":1613049541,"event":{"mods":["AchievementEnabler","BaseMod","Hermit","Minty Spire (QoL Compilation)","StSLib","SuperFastMode"],"gold_per_floor":[115,128,139,158,158,158,202,202,252,252,252,252,273,288,288,412,412,437,452,492,492,21,61,111,161,188,188,209,241,241,272,272,408,408,436,121,149,149,169,169,176,176],"floor_reached":41,"language":"KOR","playtime":2210,"items_purged":[],"score":520,"play_id":"153b3ffc-21b1-471c-9cee-d1f9ba9085c1","local_time":"20210211221901","is_ascension_mode":true,"campfire_choices":[{"data":"hermit:GhostlyPresence","floor":6,"key":"SMITH"},{"data":"hermit:Snapshot","floor":8,"key":"SMITH"},{"data":"hermit:RoundhouseKick","floor":10,"key":"SMITH"},{"data":"hermit:Coalescence","floor":12,"key":"SMITH"},{"data":"hermit:FlashPowder","floor":15,"key":"SMITH"},{"data":"Bandage Up","floor":27,"key":"SMITH"},{"data":"hermit:Vantage","floor":30,"key":"SMITH"},{"data":"hermit:Adapt","floor":32,"key":"SMITH"},{"data":"hermit:ShadowCloak","floor":40,"key":"SMITH"}],"circlet_count":0,"master_deck":["hermit:Strike_Hermit","hermit:Strike_Hermit","hermit:Defend_Hermit","hermit:Defend_Hermit","hermit:Defend_Hermit","hermit:Snapshot+1","hermit:Covet","hermit:Coalescence+1","hermit:GhostlyPresence+1","Injury","hermit:RoundhouseKick+1","Regret","hermit:FlashPowder+1","hermit:Adapt+1","hermit:Scavenge+1","hermit:CursedWeapon","hermit:Magnum","Bandage Up+1","hermit:GhostlyPresence","hermit:Midnight","hermit:Vantage+1","hermit:Spite+1","hermit:Reprieve","hermit:Dive+1","hermit:ShadowCloak+1","hermit:Grudge","hermit:Manifest+1","hermit:Manifest+1"],"relics":["hermit:Momento","hermit:CharredGlove","Golden Idol","HornCleat","Orichalcum","Happy Flower","Philosopher\u0027s Stone","Red Mask","Incense Burner","Letter Opener","Blood Vial","Ice Cream","Cursed Key","TheAbacus"],"acts_visited":["Exordium","TheCity","TheBeyond"],"potions_floor_usage":[7,16,18,19,23,25,33,35,41,41],"damage_taken":[{"damage":0,"enemies":"Cultist","floor":1,"turns":3},{"damage":0,"enemies":"2 Louse","floor":2,"turns":2},{"damage":6,"enemies":"Small Slimes","floor":3,"turns":5},{"damage":1,"enemies":"Looter","floor":4,"turns":3},{"damage":33,"enemies":"3 Sentries","floor":7,"turns":12},{"damage":0,"enemies":"Blue Slaver","floor":13,"turns":3},{"damage":0,"enemies":"2 Fungi Beasts","floor":14,"turns":2},{"damage":26,"enemies":"The Guardian","floor":16,"turns":16},{"damage":25,"enemies":"Chosen","floor":18,"turns":9},{"damage":7,"enemies":"2 Thieves","floor":19,"turns":5},{"damage":0,"enemies":"Masked Bandits","floor":20,"turns":5},{"damage":2,"enemies":"Slavers","floor":23,"turns":10},{"damage":8,"enemies":"Book of Stabbing","floor":25,"turns":9},{"damage":2,"enemies":"Centurion and Healer","floor":28,"turns":9},{"damage":10,"enemies":"Snake Plant","floor":29,"turns":5},{"damage":2,"enemies":"3 Cultists","floor":31,"turns":5},{"damage":52,"enemies":"Champ","floor":33,"turns":21},{"damage":15,"enemies":"3 Darklings","floor":35,"turns":14},{"damage":2,"enemies":"3 Shapes","floor":37,"turns":4},{"damage":41,"enemies":"Transient","floor":39,"turns":5},{"damage":57,"enemies":"Nemesis","floor":41,"turns":11}],"seed_played":"5358494592861574086","potions_obtained":[{"floor":3,"key":"LiquidBronze"},{"floor":7,"key":"Swift Potion"},{"floor":13,"key":"hermit:Tonic"},{"floor":14,"key":"ColorlessPotion"},{"floor":16,"key":"Block Potion"},{"floor":19,"key":"Fire Potion"},{"floor":23,"key":"PowerPotion"},{"floor":29,"key":"SpeedPotion"},{"floor":31,"key":"Fire Potion"},{"floor":39,"key":"SpeedPotion"}],"is_trial":false,"path_per_floor":["M","M","M","M","?","R","E","R","T","R","?","R","M","M","R","B",null,"M","M","?","?","$","E","T","E","T","R","M","M","R","M","R","B",null,"M","$","M","?","M","R","E"],"character_chosen":"HERMIT","items_purchased":["Bandage Up","Incense Burner","hermit:GhostlyPresence","hermit:ShadowCloak","TheAbacus","hermit:Grudge"],"campfire_rested":0,"item_purchase_floors":[22,22,22,36,36,36],"current_hp_per_floor":[68,68,62,61,61,61,28,28,28,28,28,28,28,28,28,2,68,43,36,36,36,36,38,38,36,36,36,42,40,40,46,46,2,68,59,59,65,65,33,33,0,0],"gold":176,"neow_bonus":"ONE_RARE_RELIC","is_daily":false,"chose_seed":false,"campfire_upgraded":9,"win_rate":0.0,"timestamp":1613049541,"path_taken":["M","M","M","?","?","R","E","R","T","R","?","R","M","M","R","BOSS","M","M","?","?","$","E","?","E","T","R","M","M","R","M","R","BOSS","M","$","M","?","M","R","E"],"items_purchased_type":["Card","Relic","Card","Card","Relic","Card"],"build_version":"2020-12-22","purchased_purges":0,"victory":false,"max_hp_per_floor":[68,68,68,68,68,68,68,68,68,68,68,68,68,68,68,68,68,68,68,68,68,68,68,68,68,68,68,68,68,68,68,68,68,68,68,68,68,68,68,68,68,68],"card_choices":[{"not_picked":["hermit:Shortfuse","hermit:Vantage"],"picked":"hermit:Coalescence","floor":1},{"not_picked":["hermit:WideOpen","hermit:Horror","hermit:Quickdraw"],"picked":"SKIP","floor":2},{"not_picked":["hermit:Cheat","hermit:WideOpen","hermit:Ricochet"],"picked":"SKIP","floor":3},{"not_picked":["hermit:Glare","hermit:Brawl"],"picked":"hermit:GhostlyPresence","floor":4},{"not_picked":["hermit:Manifest","hermit:Gestalt"],"picked":"hermit:RoundhouseKick","floor":7},{"not_picked":["hermit:ItchyTrigger","hermit:Manifest","hermit:NoHoldsBarred"],"picked":"SKIP","floor":13},{"not_picked":["hermit:Roulette","hermit:CalledShot"],"picked":"hermit:FlashPowder","floor":14},{"not_picked":["hermit:Purgatory","hermit:Gambit"],"picked":"hermit:Adapt","floor":16},{"not_picked":["hermit:Headshot","hermit:Feint","hermit:Misfire"],"picked":"SKIP","floor":18},{"not_picked":["hermit:CursedWeapon","hermit:FlashPowder","hermit:TakeCover"],"picked":"SKIP","floor":19},{"not_picked":["hermit:Roulette","hermit:BigShot+1"],"picked":"hermit:Scavenge+1","floor":20},{"not_picked":["hermit:Purgatory","hermit:Desperado","hermit:Headshot+1"],"picked":"SKIP","floor":23},{"not_picked":["hermit:Misfire","hermit:Combo+1"],"picked":"hermit:Midnight","floor":25},{"not_picked":["hermit:LuckOfTheDraw","hermit:Brawl","hermit:LoneWolf"],"picked":"SKIP","floor":28},{"not_picked":["hermit:DeadMansHand+1","hermit:Headshot"],"picked":"hermit:Vantage","floor":29},{"not_picked":["hermit:HoleUp","hermit:CalledShot+1"],"picked":"hermit:Spite+1","floor":31},{"not_picked":["hermit:DeadOrAlive","hermit:BlackWind"],"picked":"hermit:Reprieve","floor":33},{"not_picked":["hermit:Desperado+1","hermit:Roulette+1"],"picked":"hermit:Dive+1","floor":35},{"not_picked":["hermit:FullyLoaded+1","hermit:SprayPray+1"],"picked":"hermit:Manifest+1","floor":37},{"not_picked":["hermit:BodyArmor","hermit:Maintenance+1"],"picked":"hermit:Manifest+1","floor":39}],"player_experience":824672,"relics_obtained":[{"floor":7,"key":"HornCleat"},{"floor":9,"key":"Orichalcum"},{"floor":20,"key":"Red Mask"},{"floor":23,"key":"Letter Opener"},{"floor":24,"key":"Blood Vial"},{"floor":25,"key":"Ice Cream"}],"event_choices":[{"damage_healed":0,"gold_gain":0,"player_choice":"Take Wound","damage_taken":0,"relics_obtained":["Golden Idol"],"max_hp_gain":0,"max_hp_loss":0,"event_name":"Golden Idol","floor":5,"gold_loss":0,"cards_obtained":["Injury"]},{"damage_healed":0,"gold_gain":0,"player_choice":"Box","damage_taken":0,"relics_obtained":["Happy Flower"],"max_hp_gain":0,"max_hp_loss":0,"event_name":"Big Fish","floor":11,"gold_loss":0,"cards_obtained":["Regret"]},{"damage_healed":0,"gold_gain":0,"player_choice":"Fought Bandits","damage_taken":0,"max_hp_gain":0,"max_hp_loss":0,"event_name":"Masked Bandits","floor":20,"gold_loss":0},{"damage_healed":0,"gold_gain":0,"cards_transformed":["hermit:Strike_Hermit","hermit:Defend_Hermit"],"player_choice":"Became Test Subject","damage_taken":0,"max_hp_gain":0,"max_hp_loss":0,"event_name":"Drug Dealer","floor":21,"gold_loss":0,"cards_obtained":["hermit:CursedWeapon","hermit:Magnum"]},{"cards_removed":["hermit:Strike_Hermit"],"damage_healed":0,"gold_gain":0,"player_choice":"Removed Attack","damage_taken":0,"max_hp_gain":0,"max_hp_loss":0,"event_name":"Falling","floor":38,"gold_loss":0}],"is_beta":false,"boss_relics":[{"not_picked":["Ectoplasm","Empty Cage"],"picked":"Philosopher\u0027s Stone"},{"not_picked":["Coffee Dripper","Snecko Eye"],"picked":"Cursed Key"}],"items_purged_floors":[],"is_endless":false,"potions_floor_spawned":[3,7,13,14,16,19,23,29,31,39],"killed_by":"Nemesis","ascension_level":4}}