{"host":"ya94u95moedzeoqz","time":1613069451,"event":{"mods":["100% Spire Juice","2.2 Compatiblity","Abigail Mod","Act Like it!","Aspiration","Bartender","BaseMod","Better Altar","Better Match","Better Note","Better Sensory Stone","Better Skull","Better Third Choice","BetterRewards","Bossed Relics","Energized Spire","Evolution","GifTheSpireLib","KinomotoSakuraMod(????)","Minty Spire (QoL Compilation)","Permanent Neow","Railgun Mod","Reliquary","Replay The Spire","Spicy Shops","Spire Arcade","StSLib","The Alterego","The Forsaken","The Marked","The Senshi","TheSurvivalist","TheVelvet","Yuri Mod"],"gold_per_floor":[114,114,114,132,132,132,157,157,457,472,498,498,498,517,517,613,613,629,9,24,124,143,143,177,177,259,259,259,293,305,333,333,435,435,451,471,471,471,471,471,497,510,510,510,545,545,570,586,586,586],"floor_reached":51,"language":"ENG","playtime":4932,"items_purged":[],"score":1120,"play_id":"da066271-63e4-48f3-a363-7d246eede7ad","local_time":"20210211135051","is_ascension_mode":true,"campfire_choices":[{"floor":6.0,"key":"REST"},{"data":"Mayhem","floor":8.0,"key":"SMITH"},{"floor":13.0,"key":"REST"},{"data":"AbbyMod:Hitomi","floor":15.0,"key":"SMITH"},{"data":"ReplayUltimateDefense","floor":23,"key":"SMITH"},{"data":"AbbyMod:Ab_Defend","floor":28,"key":"SMITH"},{"floor":32,"key":"REST"},{"data":"AbbyMod:VoidHeretic","floor":40,"key":"SMITH"},{"data":"AbbyMod:VoidWhispers","floor":44,"key":"SMITH"},{"data":"AbbyMod:SavingThrow","floor":46,"key":"SMITH"},{"data":"AbbyMod:Ab_FiveStars","floor":49,"key":"SMITH"}],"circlet_count":0,"master_deck":["AbbyMod:Ab_Strike+1","AbbyMod:Ab_Strike+1","AbbyMod:Ab_Strike+1","AbbyMod:Ab_Strike+1","AbbyMod:Ab_Defend+1","AbbyMod:Ab_Defend","AbbyMod:Ab_Defend","AbbyMod:FleetingSanity+1","AbbyMod:ConsumeFlesh+1","Mayhem+1","AbbyMod:AttoSecond","Swift Strike+1","AbbyMod:SavingThrow+1","AbbyMod:Ab_FiveStars+1","AbbyMod:ConsumeFlesh+1","AbbyMod:ChocoKey+1","AbbyMod:Hitomi+1","AbbyMod:Ab_SwirlOfMadness+1","AbbyMod:VoidHeretic+1","AbbyMod:AdultWords+1","AbbyMod:ConsumeFlesh+1","ReplayUltimateDefense+1","AbbyMod:EyesOfMadness+1","AbbyMod:FarAwayFriend+1","AbbyMod:LifeSentence+1","AbbyMod:Thflth","AbbyMod:VoidHeretic+1","AbbyMod:SuperMuscular+1","AbbyMod:PapaProtection+1","Voices","AbbyMod:StarRadiance","AbbyMod:VoidWhispers+1","AbbyMod:WormHole+1","AbbyMod:PowerGamer+1","AbbyMod:Ab_DarkestPact+1"],"relics":["AbbyMod:Salem_Diary","EVO:Axolotl","Replay:Bottled Eggs","Juzu Bracelet","Bag of Marbles","theForsaken:HumbleEgg","Old Coin","Divine Protection","reliquary:TuningFork","reliquary:FeatherDuster","energizedSpire:OgreHead","reliquary:FerryPass","Guide Book","Strange Spoon","FossilizedHelix","yuri:PortableGlitches","Replay:Baseball","theForsaken:Kindling","energizedSpire:MagnifyingGlass","Ring of Misfortune","Ring of Fury","reliquary:TatteredRug","Singing Bowl","Centennial Puzzle","Eternal Feather"],"acts_visited":["Exordium","TheCity","TheBeyond"],"potions_floor_usage":[18,24,24,45,50,50,50],"damage_taken":[{"damage":1.0,"enemies":"2 Louse","floor":1.0,"turns":3.0},{"damage":0.0,"enemies":"Cultist","floor":4.0,"turns":3.0},{"damage":6.0,"enemies":"Gremlin Nob","floor":7.0,"turns":4.0},{"damage":1.0,"enemies":"Jaw Worm","floor":10.0,"turns":3.0},{"damage":0.0,"enemies":"Replay:BlueRogue","floor":11.0,"turns":5.0},{"damage":0.0,"enemies":"Red Slaver","floor":14.0,"turns":4.0},{"damage":18.0,"enemies":"The Guardian","floor":16.0,"turns":10.0},{"damage":0,"enemies":"3 Byrds","floor":18,"turns":2},{"damage":0,"enemies":"Shell Parasite","floor":20,"turns":6},{"damage":9,"enemies":"Centurion and Healer","floor":22,"turns":4},{"damage":6,"enemies":"Slavers","floor":24,"turns":5},{"damage":0,"enemies":"Gremlin Leader","floor":29,"turns":5},{"damage":0,"enemies":"Snake Plant","floor":30,"turns":2},{"damage":18,"enemies":"Slavers","floor":31,"turns":4},{"damage":2,"enemies":"Champ","floor":33,"turns":5},{"damage":8,"enemies":"3 Shapes","floor":35,"turns":3},{"damage":0,"enemies":"3 Darklings","floor":36,"turns":4},{"damage":0,"enemies":"R_Hoarder","floor":41,"turns":5},{"damage":0,"enemies":"4 Shapes","floor":42,"turns":4},{"damage":0,"enemies":"Reptomancer","floor":45,"turns":3},{"damage":0,"enemies":"Giant Head","floor":47,"turns":7},{"damage":0,"enemies":"Transient","floor":48,"turns":5},{"damage":0,"enemies":"Donu and Deca","floor":50,"turns":6}],"seed_played":"-8356924669228133254","potions_obtained":[{"floor":14.0,"key":"EssenceOfSteel"},{"floor":16.0,"key":"Weak Potion"},{"floor":20,"key":"SpeedPotion"},{"floor":22,"key":"Reflective Coating"},{"floor":29,"key":"Strength Potion"},{"floor":36,"key":"LifebloodPotion"},{"floor":41,"key":"AttackPotion"},{"floor":47,"key":"Energy Potion"}],"is_trial":false,"path_per_floor":["M","?","?","M","?","R","E","R","T","M","E","?","R","M","R","B",null,"M","$","M","?","M","R","E","?","T","?","R","E","M","E","R","B",null,"M","M","?","?","?","R","E","M","T","R","E","R","E","M","R","B",null],"character_chosen":"Ab_Foreigner","items_purchased":["AbbyMod:ConsumeFlesh","Replay:Bottled Eggs","Juzu Bracelet","Mayhem","AbbyMod:AttoSecond","Swift Strike","reliquary:FerryPass","AbbyMod:ConsumeFlesh+1","Guide Book","ReplayUltimateDefense","Strange Spoon"],"campfire_rested":3,"item_purchase_floors":[0,0,0,0,0,0,19,19,19,19,19],"current_hp_per_floor":[33,10,10,11,11,29,25,25,25,28,32,17,38,38,38,24,76,76,76,82,82,75,75,71,71,71,71,71,75,77,65,99,103,109,101,103,103,103,103,103,107,109,109,109,113,113,119,125,133,139],"gold":586,"neow_bonus":"","is_daily":false,"chose_seed":false,"campfire_upgraded":8,"win_rate":0.0,"timestamp":1613069451,"path_taken":["M","?","?","M","?","R","E","R","T","M","E","?","R","M","R","BOSS","M","$","M","?","M","R","E","?","T","?","R","E","M","E","R","BOSS","M","M","?","?","?","R","E","M","T","R","E","R","E","M","R","BOSS"],"items_purchased_type":["Card","Relic","Relic","Card","Card","Card","Relic","Card","Relic","Card","Relic"],"build_version":"2020-12-22","purchased_purges":0,"victory":true,"max_hp_per_floor":[61,61,61,62,62,62,64,64,64,68,72,72,72,72,72,76,76,76,76,82,82,84,84,86,86,86,86,86,90,92,98,103,109,109,109,111,111,111,111,111,115,117,117,117,121,121,127,133,133,139],"card_choices":[{"not_picked":["AbbyMod:CloneArmy","AbbyMod:WorldStrongest","AbbyMod:Dabigail"],"picked":"SKIP","floor":1.0},{"not_picked":["AbbyMod:SuperMuscular","AbbyMod:OldOneLimb"],"picked":"AbbyMod:Ab_FiveStars","floor":4.0},{"not_picked":["AbbyMod:AdultWords+1","AbbyMod:Kuroboshi+1"],"picked":"AbbyMod:ConsumeFlesh+1","floor":7.0},{"not_picked":["AbbyMod:EyesOfMadness+1","AbbyMod:SuperMuscular+1"],"picked":"AbbyMod:ChocoKey+1","floor":10.0},{"not_picked":["AbbyMod:PapaProtection+1","AbbyMod:RecklessSlam"],"picked":"AbbyMod:Hitomi","floor":11.0},{"not_picked":["AbbyMod:HeroCreationA+1","AbbyMod:Dabigail+1"],"picked":"AbbyMod:Ab_SwirlOfMadness+1","floor":14.0},{"not_picked":["AbbyMod:VoidPriest","AbbyMod:Ab_OldOneTrigger"],"picked":"AbbyMod:VoidHeretic","floor":16.0},{"not_picked":["AbbyMod:PapaProtection+1","AbbyMod:Ab_FiveStars"],"picked":"AbbyMod:AdultWords+1","floor":18},{"not_picked":["AbbyMod:WitchTrial+1","AbbyMod:PapaProtection+1"],"picked":"AbbyMod:EyesOfMadness+1","floor":20},{"not_picked":["AbbyMod:PantyShot","AbbyMod:ImpossibleGeometry"],"picked":"AbbyMod:FarAwayFriend+1","floor":22},{"not_picked":["AbbyMod:Dabigail+1","AbbyMod:Takeuchi"],"picked":"AbbyMod:LifeSentence+1","floor":24},{"not_picked":["AbbyMod:MysteryKey","AbbyMod:Memocide+1"],"picked":"AbbyMod:Thflth","floor":29},{"not_picked":["AbbyMod:Memocide+1","AbbyMod:Ab_SwirlOfMadness+1","AbbyMod:LiftSkirt+1"],"picked":"SKIP","floor":30},{"not_picked":["AbbyMod:ExposeNavel","AbbyMod:WorldStrongest","AbbyMod:Takeuchi"],"picked":"SKIP","floor":31},{"not_picked":["AbbyMod:MindCleanse","AbbyMod:MysteryKey"],"picked":"AbbyMod:VoidHeretic","floor":33},{"not_picked":["AbbyMod:HeroCreationA+1","AbbyMod:Kuroboshi+1"],"picked":"AbbyMod:SuperMuscular+1","floor":35},{"not_picked":["AbbyMod:SavingThrow+1","AbbyMod:Meteo+1"],"picked":"AbbyMod:PapaProtection+1","floor":36},{"not_picked":["AbbyMod:TeddyBear+1","AbbyMod:Meteo+1"],"picked":"AbbyMod:StarRadiance","floor":41},{"not_picked":["AbbyMod:TeddyBear+1","AbbyMod:OldOneLimb+1"],"picked":"AbbyMod:VoidWhispers","floor":42},{"not_picked":["AbbyMod:Memocide+1","AbbyMod:FamiliarShield+1"],"picked":"AbbyMod:WormHole+1","floor":45},{"not_picked":["AbbyMod:Ab_SwirlOfMadness+1","AbbyMod:AttoSecond+1"],"picked":"AbbyMod:PowerGamer+1","floor":47},{"not_picked":["AbbyMod:FarAwayFriend+1","AbbyMod:ChocoKey+1"],"picked":"AbbyMod:Ab_DarkestPact+1","floor":48}],"player_experience":531643,"relics_obtained":[{"floor":7.0,"key":"theForsaken:HumbleEgg"},{"floor":9.0,"key":"Old Coin"},{"floor":11.0,"key":"Divine Protection"},{"floor":24,"key":"FossilizedHelix"},{"floor":26,"key":"yuri:PortableGlitches"},{"floor":29,"key":"Replay:Baseball"},{"floor":31,"key":"theForsaken:Kindling"},{"floor":38,"key":"Ring of Misfortune"},{"floor":38,"key":"Ring of Fury"},{"floor":41,"key":"reliquary:TatteredRug"},{"floor":43,"key":"Singing Bowl"},{"floor":45,"key":"Centennial Puzzle"},{"floor":47,"key":"Eternal Feather"}],"event_choices":[{"damage_healed":0.0,"max_hp_gain":0.0,"max_hp_loss":0.0,"gold_gain":0.0,"event_name":"betterSkull:BetterSkull","player_choice":"UP RE ","floor":2.0,"gold_loss":0.0,"damage_taken":27.0,"cards_upgraded":["AbbyMod:FleetingSanity"],"relics_obtained":["Bag of Marbles"]},{"damage_healed":0.0,"max_hp_gain":0.0,"max_hp_loss":0.0,"gold_gain":0.0,"event_name":"Living Wall","player_choice":"Grow","floor":5.0,"gold_loss":0.0,"damage_taken":0.0,"cards_upgraded":["AbbyMod:ConsumeFlesh"]},{"damage_healed":0.0,"max_hp_gain":0.0,"max_hp_loss":0.0,"gold_gain":1.0,"event_name":"betterThird:BetterScrap","player_choice":"Relic Relic ","floor":12.0,"gold_loss":0.0,"damage_taken":15.0,"cards_obtained":["ReplayTheSpireMod:From All Sides"]},{"damage_healed":0,"gold_gain":100,"player_choice":"Pray","damage_taken":0,"max_hp_gain":0,"max_hp_loss":0,"event_name":"Golden Shrine","floor":21,"gold_loss":0},{"damage_healed":0,"gold_gain":0,"player_choice":"Ignored","damage_taken":0,"max_hp_gain":0,"max_hp_loss":0,"event_name":"Vampires","floor":25,"gold_loss":0},{"damage_healed":0,"gold_gain":0,"player_choice":"Ignored","damage_taken":0,"max_hp_gain":0,"max_hp_loss":0,"event_name":"Beggar","floor":27,"gold_loss":0},{"cards_removed":["AbbyMod:ForeheadBeam"],"damage_healed":0,"gold_gain":0,"player_choice":"Removed Attack","damage_taken":0,"max_hp_gain":0,"max_hp_loss":0,"event_name":"Falling","floor":37,"gold_loss":0}],"is_beta":false,"boss_relics":[{"not_picked":["Ring of Chaos","Replay:Drink Me"],"picked":"energizedSpire:OgreHead"},{"not_picked":["reliquary:RedPaperclip","reliquary:Craggleroot"],"picked":"energizedSpire:MagnifyingGlass"}],"items_purged_floors":[],"is_endless":false,"potions_floor_spawned":[14,16,20,22,29,36,41,47],"ascension_level":1}}