{"host":"w3q5ijqu8eoknil3","time":1613005724,"event":{"mods":["AchievementEnabler","BaseMod","Block Reminder","Colored Map","Colored Powertips","Curses Come First","Dark Map","Minty Spire (QoL Compilation)","Quick Restart","Relic Stats","StSLib","ojb\u0027s Better Paths Mod","ojb\u0027s Info Mod","slay the spire mod where everything is the same but ironclad has a cowboy hat"],"gold_per_floor":[117,137,151,170,242,275,275,294,349,63,63,79,109,109,109,109,109],"floor_reached":16,"language":"ENG","playtime":945,"items_purged":[],"score":218,"play_id":"090777b0-7c8e-471c-bf35-a2e4b7ea0c1a","local_time":"20210211010844","is_ascension_mode":true,"campfire_choices":[{"floor":11,"key":"REST"},{"floor":15,"key":"REST"}],"circlet_count":0,"master_deck":["AscendersBane","Strike_G","Strike_G","Strike_G","Strike_G","Defend_G","Defend_G","Defend_G","Defend_G","Survivor","Neutralize","Poisoned Stab","Dagger Spray","Leg Sweep","Dash","Finisher","Deadly Poison","Blur","Flying Knee"],"relics":["Empty Cage","Torii","Art of War","Shuriken","Paper Crane"],"acts_visited":["Exordium"],"potions_floor_usage":[13,13],"damage_taken":[{"damage":6,"enemies":"Cultist","floor":1,"turns":4},{"damage":6,"enemies":"Small Slimes","floor":2,"turns":4},{"damage":0,"enemies":"2 Louse","floor":3,"turns":2},{"damage":11,"enemies":"2 Fungi Beasts","floor":4,"turns":3},{"damage":26,"enemies":"3 Sentries","floor":6,"turns":9},{"damage":8,"enemies":"3 Louse","floor":8,"turns":4},{"damage":1,"enemies":"Large Slime","floor":12,"turns":6},{"damage":22,"enemies":"Gremlin Nob","floor":13,"turns":5},{"damage":28,"enemies":"Slime Boss","floor":16,"turns":3}],"seed_played":"20979381122609625","potions_obtained":[{"floor":1,"key":"Ancient Potion"},{"floor":6,"key":"SpeedPotion"},{"floor":12,"key":"DuplicationPotion"}],"is_trial":false,"path_per_floor":["M","M","M","M","?","E","?","M","T","$","R","M","E","?","R","B"],"character_chosen":"THE_SILENT","items_purchased":["Shuriken"],"campfire_rested":2,"item_purchase_floors":[10],"current_hp_per_floor":[53,47,47,36,36,10,15,7,7,7,28,27,5,5,26,0,0],"gold":109,"neow_bonus":"BOSS_RELIC","is_daily":false,"chose_seed":false,"campfire_upgraded":0,"win_rate":0.0,"timestamp":1613005724,"path_taken":["M","M","M","M","?","E","?","M","T","$","R","M","E","?","R","BOSS"],"items_purchased_type":["Relic"],"build_version":"2020-12-22","purchased_purges":0,"victory":false,"max_hp_per_floor":[66,66,66,66,66,66,71,71,71,71,71,71,71,71,71,71,71],"relic_stats":{"Torii":0,"counters":[9,40],"Shuriken":[7],"Art of War":[2],"obtain_stats":[{"Torii":6,"Shuriken":10,"Art of War":9,"Paper Crane":13,"Empty Cage":0,"Ring of the Snake":0},{"Torii":5,"Shuriken":6,"Art of War":6,"Paper Crane":8,"Empty Cage":0,"Ring of the Snake":0},{"Torii":22,"Shuriken":26,"Art of War":26,"Paper Crane":37,"Empty Cage":0,"Ring of the Snake":0}]},"card_choices":[{"not_picked":["Backflip","PiercingWail"],"picked":"Poisoned Stab","floor":1},{"not_picked":["Leg Sweep","Acrobatics"],"picked":"Dagger Spray","floor":2},{"not_picked":["Setup","Doppelganger"],"picked":"Leg Sweep","floor":3},{"not_picked":["Quick Slash","PiercingWail"],"picked":"Dash","floor":4},{"not_picked":["Sucker Punch","Eviscerate"],"picked":"Finisher","floor":6},{"not_picked":["Noxious Fumes","Underhanded Strike"],"picked":"Deadly Poison","floor":8},{"not_picked":["Deflect","Outmaneuver"],"picked":"Blur","floor":12},{"not_picked":["Acrobatics","Envenom"],"picked":"Flying Knee","floor":13}],"player_experience":1046972,"relics_obtained":[{"floor":6,"key":"Torii"},{"floor":9,"key":"Art of War"},{"floor":13,"key":"Paper Crane"}],"event_choices":[{"damage_healed":0,"gold_gain":72,"player_choice":"Gained Gold","damage_taken":0,"max_hp_gain":0,"max_hp_loss":0,"event_name":"Golden Wing","floor":5,"gold_loss":0},{"damage_healed":0,"gold_gain":0,"player_choice":"Donut","damage_taken":0,"max_hp_gain":5,"max_hp_loss":0,"event_name":"Big Fish","floor":7,"gold_loss":0},{"damage_healed":0,"gold_gain":0,"player_choice":"Ignored","damage_taken":0,"max_hp_gain":0,"max_hp_loss":0,"event_name":"Shining Light","floor":14,"gold_loss":0}],"is_beta":false,"boss_relics":[],"items_purged_floors":[],"is_endless":false,"potions_floor_spawned":[1,6,8,12],"killed_by":"Slime Boss","ascension_level":19}}