{"host":"pq8o62wp0h1hflf3","time":1613072079,"event":{"mods":["BaseMod","Colored Map","Minty Spire (QoL Compilation)","Relic Stats","ojb\u0027s Info Mod"],"gold_per_floor":[117,137,150,115,34,34,61,76,76,76,105,180,193,193,193,193,193],"floor_reached":16,"language":"ENG","playtime":1026,"items_purged":[],"score":220,"play_id":"3931f8e0-b612-4a62-ad4f-52134870daba","local_time":"20210211143439","is_ascension_mode":true,"campfire_choices":[{"data":"Zap","floor":6,"key":"SMITH"},{"data":"Capacitor","floor":10,"key":"SMITH"},{"data":"Rainbow","floor":15,"key":"SMITH"}],"circlet_count":0,"master_deck":["AscendersBane","Strike_B","Strike_B","Strike_B","Strike_B","Defend_B","Defend_B","Defend_B","Defend_B","Zap+1","Dualcast","Chaos","Leap","Chill","Rainbow+1","Core Surge","Capacitor+1","Conserve Battery"],"relics":["Cracked Core","Lizard Tail","Centennial Puzzle","Matryoshka","Girya"],"acts_visited":["Exordium"],"potions_floor_usage":[16,16],"damage_taken":[{"damage":2,"enemies":"Jaw Worm","floor":1,"turns":3},{"damage":11,"enemies":"Small Slimes","floor":2,"turns":4},{"damage":7,"enemies":"2 Louse","floor":3,"turns":2},{"damage":19,"enemies":"Lagavulin","floor":7,"turns":7},{"damage":8,"enemies":"2 Fungi Beasts","floor":8,"turns":3},{"damage":40,"enemies":"Gremlin Nob","floor":11,"turns":4},{"damage":6,"enemies":"Looter","floor":13,"turns":4},{"damage":16,"enemies":"Hexaghost","floor":16,"turns":9}],"seed_played":"3513066556255253750","potions_obtained":[{"floor":2,"key":"Energy Potion"},{"floor":3,"key":"LiquidMemories"},{"floor":11,"key":"DistilledChaos"},{"floor":13,"key":"DuplicationPotion"}],"is_trial":false,"path_per_floor":["M","M","M","?","$","R","E","M","T","R","E","?","M","?","R","B"],"character_chosen":"DEFECT","items_purchased":["Rainbow"],"campfire_rested":0,"item_purchase_floors":[5],"current_hp_per_floor":[62,51,44,60,60,60,41,33,33,33,32,21,15,15,15,0,0],"gold":193,"neow_bonus":"ONE_RARE_RELIC","is_daily":false,"chose_seed":false,"campfire_upgraded":3,"win_rate":0.0,"timestamp":1613072079,"path_taken":["M","M","M","?","$","R","E","M","T","R","E","?","?","?","R","BOSS"],"items_purchased_type":["Card"],"build_version":"2020-12-22","purchased_purges":0,"victory":false,"max_hp_per_floor":[64,64,64,64,64,64,64,64,64,64,64,64,64,64,64,64,64],"relic_stats":{"Lizard Tail":32,"Centennial Puzzle":[12],"counters":[8,36],"obtain_stats":[{"Girya":11,"Lizard Tail":0,"Centennial Puzzle":7,"Matryoshka":9,"Cracked Core":0},{"Girya":6,"Lizard Tail":0,"Centennial Puzzle":4,"Matryoshka":5,"Cracked Core":0},{"Girya":23,"Lizard Tail":0,"Centennial Puzzle":16,"Matryoshka":19,"Cracked Core":0}]},"card_choices":[{"not_picked":["Compile Driver","Force Field"],"picked":"Chaos","floor":1},{"not_picked":["Compile Driver","Barrage"],"picked":"Leap","floor":2},{"not_picked":["Rebound","Coolheaded"],"picked":"Chill","floor":3},{"not_picked":["Go for the Eyes","Conserve Battery"],"picked":"Core Surge","floor":7},{"not_picked":["Beam Cell","Turbo"],"picked":"Capacitor","floor":8},{"not_picked":["Compile Driver","Leap"],"picked":"Conserve Battery","floor":11},{"not_picked":["Turbo","Streamline","BootSequence"],"picked":"SKIP","floor":13}],"player_experience":1189634,"relics_obtained":[{"floor":7,"key":"Centennial Puzzle"},{"floor":9,"key":"Matryoshka"},{"floor":11,"key":"Girya"}],"event_choices":[{"damage_healed":16,"gold_gain":0,"player_choice":"Healed","damage_taken":0,"max_hp_gain":0,"max_hp_loss":0,"event_name":"The Cleric","floor":4,"gold_loss":35},{"damage_healed":0,"gold_gain":75,"player_choice":"Gather Gold","damage_taken":11,"max_hp_gain":0,"max_hp_loss":0,"event_name":"World of Goop","floor":12,"gold_loss":0},{"damage_healed":0,"gold_gain":0,"player_choice":"Searched \u00270\u0027 times","damage_taken":0,"max_hp_gain":0,"max_hp_loss":0,"event_name":"Dead Adventurer","floor":14,"gold_loss":0}],"is_beta":false,"boss_relics":[],"items_purged_floors":[],"is_endless":false,"potions_floor_spawned":[2,3,11,13],"killed_by":"Hexaghost","ascension_level":20}}