{"host":"o397ecwz7fxep68m","time":1613023853,"event":{"mods":["BaseMod","Minty Spire (QoL Compilation)","Quick Restart","Relic Stats","StSLib"],"gold_per_floor":[112,112,129,149,167,202,154,182,182,182,182],"floor_reached":10,"language":"ZHS","playtime":931,"items_purged":[],"score":125,"play_id":"608ed302-f028-4f63-9169-7ba59fd7419b","local_time":"20210211141053","is_ascension_mode":true,"campfire_choices":[],"circlet_count":0,"master_deck":["AscendersBane","Strike_B","Strike_B","Strike_B","Strike_B","Defend_B","Defend_B","Defend_B","Defend_B","Zap","Dualcast","Skim","Undo","Loop","Melter","Reboot","Streamline","Chill"],"relics":["Philosopher\u0027s Stone","Vajra","StrikeDummy","Question Card"],"acts_visited":["Exordium"],"potions_floor_usage":[8],"damage_taken":[{"damage":1.0,"enemies":"Cultist","floor":1.0,"turns":4.0},{"damage":3.0,"enemies":"Jaw Worm","floor":3.0,"turns":3.0},{"damage":2.0,"enemies":"Small Slimes","floor":4.0,"turns":4.0},{"damage":9.0,"enemies":"Looter","floor":5.0,"turns":4.0},{"damage":19.0,"enemies":"3 Sentries","floor":6.0,"turns":10.0},{"damage":22,"enemies":"Lagavulin","floor":8,"turns":5},{"damage":15,"enemies":"Gremlin Nob","floor":10,"turns":2}],"seed_played":"-7914147992399184135","potions_obtained":[{"floor":3.0,"key":"Block Potion"},{"floor":6.0,"key":"FearPotion"}],"is_trial":false,"path_per_floor":["M","$","M","M","M","E","$","E","T","E"],"character_chosen":"DEFECT","items_purchased":["Streamline"],"campfire_rested":0,"item_purchase_floors":[7],"current_hp_per_floor":[67,67,64,62,53,34,34,12,12,0,0],"gold":182,"neow_bonus":"BOSS_RELIC","is_daily":false,"chose_seed":false,"campfire_upgraded":0,"win_rate":0.0,"timestamp":1613023853,"path_taken":["M","$","M","M","M","E","$","E","T","E"],"items_purchased_type":["Card"],"build_version":"2020-12-22","purchased_purges":0,"victory":false,"max_hp_per_floor":[75,75,75,75,75,75,75,75,75,75,75],"relic_stats":{"counters":[7,32],"Question Card":0,"obtain_stats":[{"Vajra":6,"Philosopher\u0027s Stone":0,"Cracked Core":0,"StrikeDummy":8,"Question Card":9},{"Vajra":5,"Philosopher\u0027s Stone":0,"Cracked Core":0,"StrikeDummy":6,"Question Card":6},{"Vajra":25,"Philosopher\u0027s Stone":0,"Cracked Core":0,"StrikeDummy":30,"Question Card":30}]},"card_choices":[{"not_picked":["Ball Lightning","Coolheaded"],"picked":"Skim","floor":1.0},{"not_picked":["Rebound","Turbo"],"picked":"Undo","floor":3.0},{"not_picked":["Ball Lightning","Turbo"],"picked":"Loop","floor":4.0},{"not_picked":["Sunder","Ball Lightning"],"picked":"Melter","floor":5.0},{"not_picked":["Rip and Tear","Cold Snap"],"picked":"Reboot","floor":6.0},{"not_picked":["Conserve Battery","Hologram"],"picked":"Chill","floor":8}],"player_experience":699649,"relics_obtained":[{"floor":6.0,"key":"Vajra"},{"floor":8,"key":"StrikeDummy"},{"floor":9,"key":"Question Card"}],"event_choices":[],"is_beta":false,"boss_relics":[],"items_purged_floors":[],"is_endless":false,"potions_floor_spawned":[3,6],"killed_by":"Gremlin Nob","ascension_level":12}}