{"host":"vyjryxuuuxkt43k4","time":1613066454,"event":{"mods":["AchievementEnabler","BaseMod","Colored Map","DeckTracker","Keyboard Shortcuts","Minty Spire (QoL Compilation)","Permanent Neow","Quick Restart","StSLib","SuperFastMode","everything is the same but u backflip on backflip"],"gold_per_floor":[114,126,126,126,137,157,157,186,186,186,205,205,205],"floor_reached":12,"language":"KOR","playtime":423,"items_purged":[],"score":160,"play_id":"fef46e83-f795-442e-b197-c9bb00f27e62","local_time":"20210212030054","is_ascension_mode":true,"campfire_choices":[{"data":"Magnetism","floor":7,"key":"SMITH"},{"floor":10,"key":"REST"}],"circlet_count":0,"master_deck":["AscendersBane","Strike_R","Strike_R","Strike_R","Strike_R","Strike_R","Defend_R","Defend_R","Defend_R","Defend_R","Bash","Magnetism+1","Searing Blow","Shrug It Off","Fire Breathing"],"relics":["Burning Blood","Ancient Tea Set","Bronze Scales"],"acts_visited":["Exordium"],"potions_floor_usage":[6,8,12],"damage_taken":[{"damage":10,"enemies":"2 Louse","floor":1,"turns":3},{"damage":12,"enemies":"Cultist","floor":2,"turns":4},{"damage":4,"enemies":"Jaw Worm","floor":5,"turns":3},{"damage":19,"enemies":"Gremlin Gang","floor":6,"turns":5},{"damage":42,"enemies":"3 Sentries","floor":8,"turns":12},{"damage":17,"enemies":"Large Slime","floor":11,"turns":7},{"damage":27,"enemies":"Lagavulin","floor":12,"turns":5}],"seed_played":"5297476414010569737","potions_obtained":[{"floor":1,"key":"Fire Potion"},{"floor":5,"key":"Energy Potion"},{"floor":11,"key":"Fire Potion"}],"is_trial":false,"path_per_floor":["M","M","?","?","M","M","R","E","T","R","M","E"],"character_chosen":"IRONCLAD","items_purchased":[],"campfire_rested":1,"item_purchase_floors":[],"current_hp_per_floor":[64,58,58,63,65,52,52,16,16,37,26,0,0],"gold":205,"neow_bonus":"RANDOM_COLORLESS_2","is_daily":false,"chose_seed":false,"campfire_upgraded":1,"win_rate":0.0,"timestamp":1613066454,"path_taken":["M","M","?","?","M","M","R","E","T","R","M","E"],"items_purchased_type":[],"build_version":"2020-12-22","purchased_purges":0,"victory":false,"max_hp_per_floor":[68,68,68,73,73,73,73,73,73,73,73,73,73],"card_choices":[{"not_picked":["Metamorphosis","Mayhem"],"picked":"Magnetism","floor":0},{"not_picked":["Thunderclap","Uppercut"],"picked":"Searing Blow","floor":1},{"not_picked":["Twin Strike","Warcry"],"picked":"Shrug It Off","floor":2},{"not_picked":["Dropkick","Clothesline","Flex"],"picked":"SKIP","floor":5},{"not_picked":["Thunderclap","Havoc","Twin Strike"],"picked":"SKIP","floor":6},{"not_picked":["True Grit","Sword Boomerang","Infernal Blade"],"picked":"SKIP","floor":8},{"not_picked":["Metallicize","Uppercut"],"picked":"Fire Breathing","floor":11}],"player_experience":960513,"relics_obtained":[{"floor":8,"key":"Ancient Tea Set"},{"floor":9,"key":"Bronze Scales"}],"event_choices":[{"damage_healed":0,"gold_gain":0,"player_choice":"Ignored","damage_taken":0,"max_hp_gain":0,"max_hp_loss":0,"event_name":"Liars Game","floor":3,"gold_loss":0},{"damage_healed":0,"gold_gain":0,"player_choice":"Donut","damage_taken":0,"max_hp_gain":5,"max_hp_loss":0,"event_name":"Big Fish","floor":4,"gold_loss":0}],"is_beta":false,"boss_relics":[],"items_purged_floors":[],"is_endless":false,"potions_floor_spawned":[1,5,11],"killed_by":"Lagavulin","ascension_level":20}}