{"host":"qzns58vbi2il2jix","time":1613068333,"event":{"mods":["AchievementEnabler","Aspiration","BaseMod","Better Third Choice","BetterRewards","Card Forge","Challenge The Spire","Colored Map","Colored Powertips","Conspire","DeckTracker","Downfall","Hubris","Humility","Infinite Spire","Mimic Mod","Minty Spire (QoL Compilation)","Quick Restart","Relic Stats","Replay The Spire","StSLib","Synergy Search","Wandering Minibosses"],"gold_per_floor":[13,55,55,65,75,103,115,115,148,148,148,148,182,199,199,303,303,323,356,356,368,385,385,385,385,385,396,411,411,14,14,14,118,118,132,149,249,173,196,196,241,241,241,268,311,349,349,349],"floor_reached":47,"language":"ENG","playtime":5225,"items_purged":[],"score":1005,"play_id":"4bd97485-9a9a-4e54-bccf-4fee51101b1e","local_time":"20210211183213","is_ascension_mode":true,"campfire_choices":[{"floor":8,"key":"RECALL"},{"data":"Anger","floor":10,"key":"SMITH"},{"floor":15,"key":"REST"},{"floor":23,"key":"REST"},{"floor":29,"key":"REST"},{"floor":32,"key":"DIG"},{"floor":42,"key":"REST"}],"circlet_count":0,"master_deck":["Bash+1","Anger+1","Flex+1","Bandage Up+1","conspire:Banana+1","Blind+1","Dramatic Entrance+1","Finesse+1","Flash of Steel+1","Good Instincts+1","Insight+1","Panacea+1","Trip+1","Inflame+1","Footwork+1","Replay:Undeath\u0027s Touch+1","Intimidate+1","Rage+1","Flash of Steel+1","Finesse+1","Dark Shackles+1","Blind+1","conspire:Banana+1","Bandage Up+1","Jack Of All Trades+1","J.A.X.+1","Insight+1","Anger+1","Flex+1","Spot Weakness+1","Demon Form+1","Clash+1","Anger+1","conspire:Treasure","Swift Strike+1","Replay:Bootleg Shield Generator+1","Sadistic Nature+1","Panacea+1","Panache+1","ReplayTheSpireMod:Private Reserves+1","Guardian:OrbSlam+1","Guardian:PackageDonuDeca+1","Miracle+1","Insight+1","Finesse+1","Blind+1","Dark Shackles+1","hubris:SharpeningStone+1","Inflame+1","Body Slam+1","Pot Of Greed+1","Pot Of Greed+1","Pot Of Greed+1","Pot Of Greed+1","Pot Of Greed+1","CurseOfTheBell","CurseOfTheBell","Offering+1","Inflame+1","Pot Of Greed+1","Metallicize+1","Twin Strike+1"],"relics":["Burning Blood","Hammer of Thor","Seething Fire","Anvil of the Gods","aspiration:AnachronicSnailShell","Lantern","Blood Vial","Gremlin Horn","aspiration:RunicSpoon","Replay:Bottled Flurry","hubris:Towel","Ring of Hypnosis","Ring of Fury","Oddly Smooth Stone","conspire:TopHat","infinitespire:Broken Mirror","NlothsMask","Replay:Rubber Ducky","Replay:Ancient Bell","Grinning Jar","Mummified Hand","infinitespire:Lychee Nut","downfall:ExtraCursedBell","Orichalcum","Bird Faced Urn","aspiration:StickyExplosives_weak","infinitespire:EvilPickle","infinitespire:Satchel","Snack Pack"],"acts_visited":["Exordium","TheCity","TheBeyond"],"potions_floor_usage":[5,5,9,22,39,39,47,47],"damage_taken":[{"damage":0,"enemies":"2 Louse","floor":1,"turns":1},{"damage":0,"enemies":"Small Slimes","floor":4,"turns":1},{"damage":8,"enemies":"Jaw Worm","floor":5,"turns":2},{"damage":19,"enemies":"3 Sentries","floor":6,"turns":6},{"damage":0,"enemies":"2 Fungi Beasts","floor":7,"turns":3},{"damage":4,"enemies":"3 Louse","floor":9,"turns":4},{"damage":40,"enemies":"Gremlin Nob","floor":13,"turns":4},{"damage":0,"enemies":"3 Louse","floor":14,"turns":1},{"damage":23,"enemies":"Hexaghost","floor":16,"turns":6},{"damage":0,"enemies":"3 Byrds","floor":18,"turns":1},{"damage":5,"enemies":"conspire:FuzzyDice","floor":19,"turns":5},{"damage":18,"enemies":"conspire:FuzzyDice","floor":21,"turns":5},{"damage":0,"enemies":"Snake Plant","floor":22,"turns":2},{"damage":0,"enemies":"Centurion and Healer","floor":27,"turns":4},{"damage":3,"enemies":"Cultist and Chosen","floor":28,"turns":4},{"damage":2,"enemies":"Pondfish","floor":33,"turns":5},{"damage":0,"enemies":"Orb Walker","floor":35,"turns":1},{"damage":10,"enemies":"3 Shapes","floor":36,"turns":2},{"damage":3,"enemies":"Spire Growth","floor":38,"turns":3},{"damage":9,"enemies":"Transient","floor":39,"turns":6},{"damage":18,"enemies":"Nemesis","floor":41,"turns":3},{"damage":0,"enemies":"Jaw Worm Horde","floor":44,"turns":2},{"damage":6,"enemies":"Reptomancer","floor":45,"turns":3},{"damage":6,"enemies":"3 Darklings","floor":46,"turns":1},{"damage":0,"enemies":"infinitespire:Three Voidlings","floor":47,"turns":2},{"damage":137,"enemies":"Nightmare_Alpha","floor":47,"turns":8}],"seed_played":"-2692319252412647190","potions_obtained":[{"floor":1,"key":"bronze:BurnAndBuffPotion"},{"floor":2,"key":"Explosive Potion"},{"floor":2,"key":"Doom Potion"},{"floor":7,"key":"Elixir"},{"floor":14,"key":"SpeedPotion"},{"floor":16,"key":"GamblersBrew"},{"floor":36,"key":"Dexterity Potion"},{"floor":46,"key":"AttackPotion"}],"is_trial":false,"path_per_floor":["M","?","?","M","M","E","M","R","MIM","R","$","?","E","M","R","B",null,"M","MIM","?","M","M","R","?","?","T","M","M","R","$","?","R_BF","B",null,"M","M","?","M","M","?","E","R","T","M","E","M","?"],"character_chosen":"IRONCLAD","items_purchased":["conspire:TopHat","infinitespire:Broken Mirror"],"campfire_rested":4,"item_purchase_floors":[30,30],"current_hp_per_floor":[80,80,80,82,80,75,86,86,90,90,90,90,72,80,94,87,98,98,104,104,104,114,114,114,114,114,116,118,118,118,118,118,120,90,90,87,92,95,99,99,101,103,103,103,103,105,0,0],"gold":349,"neow_bonus":"ONE_RARE_RELIC","is_daily":false,"chose_seed":false,"campfire_upgraded":1,"win_rate":0.0,"timestamp":1613068333,"path_taken":["M","?","?","M","M","E","M","R","MIM","R","?","?","E","?","R","BOSS","M","?","?","M","M","R","?","?","T","?","M","R","?","?","R_BF","BOSS","M","?","?","M","M","?","E","R","T","M","E","M","?"],"items_purchased_type":["Relic","Relic"],"build_version":"2020-12-22","purchased_purges":0,"victory":false,"max_hp_per_floor":[80,80,80,82,82,84,86,86,90,90,90,90,94,94,94,98,98,98,104,104,110,114,114,114,114,114,116,118,118,118,118,118,120,90,90,90,95,95,99,99,103,103,103,103,103,105,109,109],"relic_stats":{"Blood Vial":6,"Gremlin Horn":[17,18],"counters":[26,85],"Mummified Hand":[43],"aspiration:RunicSpoon":[201],"Bird Faced Urn":[21],"Orichalcum":[78],"obtain_stats":[{"Lantern":6,"Gremlin Horn":13,"Hammer of Thor":0,"Burning Blood":0,"conspire:TopHat":30,"Replay:Rubber Ducky":32,"aspiration:StickyExplosives_weak":37,"Blood Vial":9,"Mummified Hand":34,"aspiration:AnachronicSnailShell":0,"Replay:Bottled Flurry":19,"downfall:ExtraCursedBell":37,"Ring of Hypnosis":24,"aspiration:RunicSpoon":17,"Oddly Smooth Stone":26,"Replay:Ancient Bell":34,"Seething Fire":0,"hubris:Towel":20,"Orichalcum":37,"infinitespire:EvilPickle":37,"Anvil of the Gods":0,"infinitespire:Broken Mirror":30,"infinitespire:Lychee Nut":34,"Bird Faced Urn":37,"infinitespire:Satchel":41,"Ring of Fury":24,"Snack Pack":45,"Grinning Jar":34,"NlothsMask":31},{"Lantern":4,"Gremlin Horn":7,"Hammer of Thor":0,"Burning Blood":0,"conspire:TopHat":15,"Replay:Rubber Ducky":15,"aspiration:StickyExplosives_weak":18,"Blood Vial":6,"Mummified Hand":16,"aspiration:AnachronicSnailShell":0,"Replay:Bottled Flurry":11,"downfall:ExtraCursedBell":18,"Ring of Hypnosis":13,"aspiration:RunicSpoon":9,"Oddly Smooth Stone":13,"Replay:Ancient Bell":16,"Seething Fire":0,"hubris:Towel":11,"Orichalcum":18,"infinitespire:EvilPickle":18,"Anvil of the Gods":0,"infinitespire:Broken Mirror":15,"infinitespire:Lychee Nut":16,"Bird Faced Urn":18,"infinitespire:Satchel":21,"Ring of Fury":13,"Snack Pack":23,"Grinning Jar":16,"NlothsMask":15},{"Lantern":10,"Gremlin Horn":21,"Hammer of Thor":0,"Burning Blood":0,"conspire:TopHat":49,"Replay:Rubber Ducky":49,"aspiration:StickyExplosives_weak":57,"Blood Vial":17,"Mummified Hand":54,"aspiration:AnachronicSnailShell":0,"Replay:Bottled Flurry":34,"downfall:ExtraCursedBell":57,"Ring of Hypnosis":41,"aspiration:RunicSpoon":28,"Oddly Smooth Stone":41,"Replay:Ancient Bell":54,"Seething Fire":0,"hubris:Towel":34,"Orichalcum":57,"infinitespire:EvilPickle":57,"Anvil of the Gods":0,"infinitespire:Broken Mirror":49,"infinitespire:Lychee Nut":54,"Bird Faced Urn":57,"infinitespire:Satchel":69,"Ring of Fury":41,"Snack Pack":74,"Grinning Jar":54,"NlothsMask":49}],"Burning Blood":69},"card_choices":[{"not_picked":["ReplayTheSpireMod:Strike From Hell","Power Through","Second Wind"],"picked":"SKIP","floor":1},{"not_picked":["Cleave","Havoc","Feel No Pain"],"picked":"SKIP","floor":4},{"not_picked":["hubris:SharpeningStone","Ghostly Armor"],"picked":"Replay:Undeath\u0027s Touch","floor":5},{"not_picked":["Juggernaut","Body Slam","Shockwave"],"picked":"SKIP","floor":6},{"not_picked":["Thunderclap","Whirlwind","Heavy Blade"],"picked":"SKIP","floor":7},{"not_picked":["Rupture","conspire:Charge"],"picked":"Anger","floor":9},{"not_picked":["ReplayTheSpireMod:Strike From Hell","Body Slam"],"picked":"Flex","floor":13},{"not_picked":["Run Through","ReplayTheSpireMod:Corrosion Curse"],"picked":"Spot Weakness","floor":14},{"not_picked":["Hemogenesis","Fiend Fire"],"picked":"Demon Form","floor":16},{"not_picked":["Perfected Strike","True Grit"],"picked":"Clash","floor":18},{"not_picked":["Ghostly Armor","Headbutt+1"],"picked":"Anger+1","floor":19},{"not_picked":["Clothesline","True Grit"],"picked":"hubris:SharpeningStone","floor":21},{"not_picked":["True Grit","Run Through","Body Slam"],"picked":"SKIP","floor":22},{"not_picked":["Heavy Blade","Headbutt+1"],"picked":"Inflame","floor":27},{"not_picked":["Perfected Strike+1","ReplayTheSpireMod:Strike From Hell+1"],"picked":"Body Slam+1","floor":28},{"not_picked":["hubris:Envy","Looming Evil"],"picked":"Decay","floor":34},{"not_picked":["conspire:Blindness","Parasite"],"picked":"infinitespire:Pacifist","floor":34},{"not_picked":["hubris:Despair","hubris:Gluttony"],"picked":"Normality","floor":34},{"not_picked":["Massacre+1","Clash","Sever Soul+1"],"picked":"SKIP","floor":35},{"not_picked":["Feel No Pain","Havoc","Seeing Red"],"picked":"SKIP","floor":36},{"not_picked":["ReplayTheSpireMod:LeadingStrike","Run Through+1","Sword Boomerang"],"picked":"SKIP","floor":38},{"not_picked":["Entrench","Clash"],"picked":"Inflame+1","floor":39},{"not_picked":["Abandon+1","Twin Strike","conspire:Charge+1"],"picked":"SKIP","floor":41},{"not_picked":["hubris:ReadiedAction+1","Headbutt"],"picked":"Metallicize","floor":44},{"not_picked":["Heavy Blade","Body Slam"],"picked":"Twin Strike","floor":45},{"not_picked":["Searing Blow","Rampage","Perfected Strike+1"],"picked":"SKIP","floor":46}],"player_experience":486687,"relics_obtained":[{"floor":6,"key":"Lantern"},{"floor":9,"key":"Blood Vial"},{"floor":13,"key":"Gremlin Horn"},{"floor":19,"key":"Replay:Bottled Flurry"},{"floor":24,"key":"Ring of Hypnosis"},{"floor":24,"key":"Ring of Fury"},{"floor":26,"key":"Oddly Smooth Stone"},{"floor":32,"key":"Replay:Rubber Ducky"},{"floor":37,"key":"Orichalcum"},{"floor":37,"key":"Bird Faced Urn"},{"floor":37,"key":"aspiration:StickyExplosives_weak"},{"floor":41,"key":"infinitespire:Satchel"},{"floor":45,"key":"Snack Pack"}],"event_choices":[{"damage_healed":80,"gold_gain":0,"player_choice":"Leave","damage_taken":0,"max_hp_gain":0,"max_hp_loss":80,"event_name":"betterThird:BetterShining","floor":3,"gold_loss":0},{"damage_healed":0,"gold_gain":0,"player_choice":"0 cards matched","damage_taken":0,"max_hp_gain":0,"max_hp_loss":0,"event_name":"Match and Keep!","floor":12,"gold_loss":0,"cards_obtained":[]},{"damage_healed":0,"gold_gain":0,"player_choice":"Trade","damage_taken":0,"relics_obtained":["NlothsMask"],"max_hp_gain":0,"max_hp_loss":0,"event_name":"FaceTrader","floor":31,"gold_loss":0}],"is_beta":false,"boss_relics":[{"not_picked":["Cursed Key","aspiration:PoetsPen_weak"],"picked":"aspiration:RunicSpoon"},{"not_picked":["Fusion Hammer","Black Star"],"picked":"Replay:Ancient Bell"},{"not_picked":["Replay:Baseball","Strawberry"],"picked":"Grinning Jar"},{"not_picked":["ReplayTheSpireMod:Shallot","InkBottle"],"picked":"Mummified Hand"},{"not_picked":["hubris:BundleOfHerbs","Prayer Wheel"],"picked":"infinitespire:Lychee Nut"}],"items_purged_floors":[],"is_endless":false,"potions_floor_spawned":[1,4,7,14,16,21,28,36,44,45,46],"killed_by":"Nightmare_Alpha","ascension_level":3,"is_humility":true}}