{"host":"ia9e4s524g7bamk7","time":1613055955,"event":{"mods":["AchievementEnabler","BaseMod","Minty Spire (QoL Compilation)","Slay-I"],"gold_per_floor":[112,112,128,139,152,177,177,207,260,273,285,22,38,38,38,38,38],"floor_reached":16,"language":"ENG","playtime":1211,"items_purged":["Strike_R"],"score":143,"play_id":"4c6e4429-caa7-4a44-a779-d1848b050eb7","local_time":"20210211160555","is_ascension_mode":true,"campfire_choices":[{"data":"Sword Boomerang","floor":7.0,"key":"SMITH"},{"data":"Body Slam","floor":15.0,"key":"SMITH"}],"circlet_count":0,"master_deck":["Strike_R","Strike_R","Defend_R","Defend_R","Defend_R","Defend_R","Bash","Sword Boomerang+1","Evolve","Body Slam+1","Bludgeon","Body Slam","Battle Trance","Shrug It Off"],"relics":["Burning Blood","NeowsBlessing","Frozen Egg 2","Gremlin Horn","Orichalcum","Strawberry"],"acts_visited":["Exordium"],"potions_floor_usage":[16,16],"damage_taken":[{"damage":0.0,"enemies":"2 Louse","floor":1.0,"turns":1.0},{"damage":0.0,"enemies":"Cultist","floor":3.0,"turns":1.0},{"damage":0.0,"enemies":"Small Slimes","floor":4.0,"turns":1.0},{"damage":13.0,"enemies":"Red Slaver","floor":5.0,"turns":5.0},{"damage":35.0,"enemies":"3 Sentries","floor":6.0,"turns":11.0},{"damage":26.0,"enemies":"Gremlin Nob","floor":8.0,"turns":4.0},{"damage":12.0,"enemies":"Large Slime","floor":10.0,"turns":4.0},{"damage":11.0,"enemies":"Blue Slaver","floor":11.0,"turns":4.0},{"damage":0.0,"enemies":"Exordium Wildlife","floor":13.0,"turns":2.0},{"damage":29,"enemies":"The Guardian","floor":16,"turns":7}],"seed_played":"2137175243265648810","potions_obtained":[{"floor":3.0,"key":"DistilledChaos"},{"floor":5.0,"key":"Energy Potion"},{"floor":6.0,"key":"FearPotion"},{"floor":10.0,"key":"LiquidBronze"},{"floor":11.0,"key":"Strength Potion"}],"is_trial":false,"path_per_floor":["M","?","M","M","M","E","R","E","T","M","M","$","M","?","R","B"],"character_chosen":"IRONCLAD","items_purchased":["Battle Trance","Strawberry"],"campfire_rested":0,"item_purchase_floors":[12,12],"current_hp_per_floor":[80,80,80,80,73,44,44,24,24,18,13,20,26,26,26,0,0],"gold":38,"neow_bonus":"THREE_ENEMY_KILL","is_daily":false,"chose_seed":false,"campfire_upgraded":2,"win_rate":0.0,"timestamp":1613055955,"path_taken":["M","?","M","M","M","E","R","E","T","M","M","$","M","?","R","BOSS"],"items_purchased_type":["Card","Relic"],"build_version":"2020-12-22","purchased_purges":1,"victory":false,"max_hp_per_floor":[80,80,80,80,80,80,80,80,80,80,80,87,87,87,87,87,87],"card_choices":[{"not_picked":["Warcry","Iron Wave"],"picked":"Sword Boomerang","floor":1.0},{"not_picked":["Anger","Clash","Shrug It Off"],"picked":"SKIP","floor":3.0},{"not_picked":["Pommel Strike","Perfected Strike"],"picked":"Evolve","floor":4.0},{"not_picked":["Shockwave","True Grit","Cleave"],"picked":"SKIP","floor":5.0},{"not_picked":["Searing Blow","Headbutt"],"picked":"Body Slam","floor":6.0},{"not_picked":["Body Slam","Rage"],"picked":"Bludgeon","floor":8.0},{"not_picked":["Heavy Blade","Seeing Red"],"picked":"Body Slam","floor":10.0},{"not_picked":["Uppercut","Anger","Clash"],"picked":"SKIP","floor":11.0},{"not_picked":["Bloodletting","Wild Strike"],"picked":"Shrug It Off","floor":13.0}],"player_experience":318823,"relics_obtained":[{"floor":6.0,"key":"Frozen Egg 2"},{"floor":8.0,"key":"Gremlin Horn"},{"floor":9.0,"key":"Orichalcum"}],"event_choices":[{"cards_removed":["Strike_R"],"damage_healed":0.0,"max_hp_gain":0.0,"max_hp_loss":0.0,"gold_gain":0.0,"event_name":"Living Wall","player_choice":"Forget","floor":2.0,"gold_loss":0.0,"damage_taken":0.0},{"cards_removed":["Strike_R"],"damage_healed":0.0,"max_hp_gain":0.0,"max_hp_loss":0.0,"gold_gain":0.0,"event_name":"Purifier","player_choice":"Purged","floor":14.0,"gold_loss":0.0,"damage_taken":0.0}],"is_beta":false,"boss_relics":[],"items_purged_floors":[12],"is_endless":false,"potions_floor_spawned":[3,5,6,10,11,13],"killed_by":"The Guardian","ascension_level":5}}