{"host":"soyfmymeou4emntr","time":1613068028,"event":{"mods":["BaseMod","Minty Spire (QoL Compilation)","Permanent Neow","Relic Sorter","Relic Stats","StSLib"],"gold_per_floor":[119,135,285,21,34,61,61,90,90,147,15,15,34,34,34,106,106,123,38,48,68,11,11,11],"floor_reached":23,"language":"ENG","playtime":1461,"items_purged":["Doubt"],"score":398,"play_id":"da552b1c-2427-4223-bad9-ba451c49249a","local_time":"20210211112708","is_ascension_mode":true,"campfire_choices":[{"floor":7.0,"key":"REST"},{"floor":12.0,"key":"REST"},{"floor":15.0,"key":"REST"}],"circlet_count":0,"master_deck":["AscendersBane","Strike_B","Strike_B","Strike_B","Strike_B","Defend_B","Defend_B","Defend_B","Defend_B","Zap","Dualcast","Redo","Doom and Gloom","Meteor Strike","Enlightenment+1","Ball Lightning","Glacier","Aggregate","Conserve Battery","Cold Snap","Thunder Strike","Recycle","Sunder","Coolheaded","Cold Snap"],"relics":["Inserter","Gambling Chip","Calipers","StoneCalendar","Runic Pyramid","Mummified Hand"],"acts_visited":["Exordium","TheCity"],"potions_floor_usage":[23],"damage_taken":[{"damage":9.0,"enemies":"Jaw Worm","floor":1.0,"turns":5.0},{"damage":2.0,"enemies":"2 Louse","floor":2.0,"turns":4.0},{"damage":2.0,"enemies":"Cultist","floor":5.0,"turns":4.0},{"damage":39.0,"enemies":"Gremlin Nob","floor":6.0,"turns":4.0},{"damage":21.0,"enemies":"3 Sentries","floor":8.0,"turns":9.0},{"damage":6.0,"enemies":"Large Slime","floor":13.0,"turns":7.0},{"damage":13.0,"enemies":"Slime Boss","floor":16.0,"turns":7.0},{"damage":1.0,"enemies":"Chosen","floor":18.0,"turns":3.0},{"damage":40.0,"enemies":"3 Byrds","floor":20.0,"turns":5.0},{"damage":0.0,"enemies":"Centurion and Healer","floor":21.0,"turns":5.0},{"damage":23,"enemies":"Gremlin Leader","floor":23,"turns":2}],"seed_played":"-3369992376246537389","potions_obtained":[{"floor":2.0,"key":"Dexterity Potion"},{"floor":5.0,"key":"FearPotion"},{"floor":6.0,"key":"FearPotion"},{"floor":21.0,"key":"Strength Potion"}],"is_trial":false,"path_per_floor":["M","M","?","$","M","E","R","E","T","?","$","R","M","?","R","B",null,"M","?","M","M","$","E"],"character_chosen":"DEFECT","items_purchased":["Meteor Strike","Enlightenment","Conserve Battery","Cold Snap"],"campfire_rested":3,"item_purchase_floors":[4,4,11,22],"current_hp_per_floor":[55,53,53,53,51,12,33,12,12,12,12,33,27,27,48,35,62,61,61,21,21,21,0,0],"gold":11,"neow_bonus":"BOSS_RELIC","is_daily":false,"chose_seed":false,"campfire_upgraded":0,"win_rate":0.0,"timestamp":1613068028,"path_taken":["M","M","?","$","M","E","R","E","T","?","$","R","M","?","R","BOSS","BOSS","M","?","M","M","$","E"],"items_purchased_type":["Card","Card","Card","Card"],"build_version":"2020-12-22","purchased_purges":1,"victory":false,"max_hp_per_floor":[71,71,71,71,71,71,71,71,71,71,71,71,71,71,71,71,71,71,71,71,71,71,71,71],"relic_stats":{"Inserter":[27],"counters":[11,55],"Mummified Hand":[0],"Gambling Chip":[17],"StoneCalendar":[43],"obtain_stats":[{"Inserter":0,"Calipers":8,"Mummified Hand":19,"Gambling Chip":6,"StoneCalendar":9,"Cracked Core":0,"Runic Pyramid":17},{"Inserter":0,"Calipers":5,"Mummified Hand":8,"Gambling Chip":4,"StoneCalendar":5,"Cracked Core":0,"Runic Pyramid":7},{"Inserter":0,"Calipers":26,"Mummified Hand":43,"Gambling Chip":17,"StoneCalendar":26,"Cracked Core":0,"Runic Pyramid":40}]},"card_choices":[{"not_picked":["Force Field","Stack"],"picked":"Redo","floor":1.0},{"not_picked":["Blizzard","Static Discharge"],"picked":"Doom and Gloom","floor":2.0},{"not_picked":["Turbo","Go for the Eyes"],"picked":"Ball Lightning","floor":5.0},{"not_picked":["Streamline","Darkness"],"picked":"Glacier","floor":6.0},{"not_picked":["Go for the Eyes","Beam Cell"],"picked":"Aggregate","floor":8.0},{"not_picked":["Heatsinks","Force Field"],"picked":"Cold Snap","floor":13.0},{"not_picked":["Amplify","Creative AI"],"picked":"Thunder Strike","floor":16.0},{"not_picked":["Redo","Streamline+1"],"picked":"Recycle","floor":18.0},{"not_picked":["Hologram","Leap"],"picked":"Sunder","floor":20.0},{"not_picked":["Sunder","Rebound"],"picked":"Coolheaded","floor":21.0}],"player_experience":3229926,"relics_obtained":[{"floor":6.0,"key":"Gambling Chip"},{"floor":8.0,"key":"Calipers"},{"floor":9.0,"key":"StoneCalendar"}],"event_choices":[{"damage_healed":0.0,"max_hp_gain":0.0,"max_hp_loss":0.0,"gold_gain":150.0,"event_name":"Liars Game","player_choice":"AGREE","floor":3.0,"gold_loss":0.0,"damage_taken":0.0,"cards_obtained":["Doubt"]},{"damage_healed":0.0,"max_hp_gain":0.0,"max_hp_loss":0.0,"gold_gain":57.0,"event_name":"Golden Wing","player_choice":"Gained Gold","floor":10.0,"gold_loss":0.0,"damage_taken":0.0},{"damage_healed":0.0,"max_hp_gain":0.0,"max_hp_loss":0.0,"gold_gain":0.0,"event_name":"Upgrade Shrine","player_choice":"Upgraded","floor":14.0,"gold_loss":0.0,"damage_taken":0.0,"cards_upgraded":["Enlightenment"]},{"damage_healed":0.0,"max_hp_gain":0.0,"max_hp_loss":0.0,"gold_gain":0.0,"event_name":"Addict","player_choice":"Obtained Relic","floor":19.0,"gold_loss":85.0,"damage_taken":0.0,"relics_obtained":["Mummified Hand"]}],"is_beta":false,"boss_relics":[{"not_picked":["Busted Crown","Cursed Key"],"picked":"Runic Pyramid"}],"items_purged_floors":[11],"is_endless":false,"potions_floor_spawned":[2,5,6,21],"killed_by":"Gremlin Leader","ascension_level":20}}