{"host":"fmb9x04chdot191d","time":1613005000,"event":{"mods":["2.2 Compatiblity","AchievementEnabler","BaseMod","BetterRewards","Colored Map","Downfall","Hermit","Highlight Path","Marisa（霧雨　魔理沙）","Minty Spire (QoL Compilation)","Permanent Neow","Quick Restart","Replay The Spire","StSLib","The Servant 0.9.4","[IsaacMod]以撒尖塔"],"gold_per_floor":[112,130,7,82,98,98,116,116,139,154,186,186,186,250,250,383,383,396,410,441,441,456,456,482,137,437,437,437,437,489,503,503,613,613,628,383,483,497,372,413,413,70,70,107,173,173,190,190,190,218],"floor_reached":51,"language":"ENG","playtime":2700,"items_purged":["Defend_G","Strike_G","Defend_G","Defend_G","Defend_G"],"score":843,"play_id":"11703bec-3c53-49d9-bdcd-62589241601c","local_time":"20210211135640","is_ascension_mode":true,"campfire_choices":[{"data":"Finisher","floor":6.0,"key":"SMITH"},{"data":"Slice","floor":8.0,"key":"SMITH"},{"floor":13.0,"key":"REST"},{"data":"Dash","floor":23.0,"key":"SMITH"},{"data":"Backstab","floor":27.0,"key":"SMITH"},{"data":"Adrenaline","floor":32.0,"key":"SMITH"},{"data":"Tools of the Trade","floor":41,"key":"SMITH"},{"floor":46,"key":"REST"},{"floor":49,"key":"RECALL"}],"circlet_count":1,"master_deck":["Defend_G+1","Survivor+1","Neutralize+1","EpicFetus+1","Finisher+1","Phantasmal Killer+1","Slice+1","Dash+1","Infinite Blades+1","Bullet Time+1","Riddle With Holes+1","Terror+1","Backstab+1","Slice+1","Infinite Blades+1","Slimebound:Tackle+1","Slimebound:Tackle+1","Slimebound:Tackle+1","Adrenaline+1","Tools of the Trade+1","Terror+1","Slice+1","Leg Sweep+1"],"relics":["Ring of the Snake","HushsDoor","D6","Bronze Scales","Divine Protection","SalivaCoin","WristBlade","BargainBundle","Omamori","Old Coin","Bird Faced Urn","Circlet","Whetstone","WingedGreaves","Bag of Preparation","ReplayTheSpireMod:Ninjato","Replay:Bottled Snecko","Mark of the Bloom"],"acts_visited":["Exordium","TheCity","TheBeyond"],"potions_floor_usage":[38,50,50],"damage_taken":[{"damage":2.0,"enemies":"2 Louse","floor":1.0,"turns":3.0},{"damage":0.0,"enemies":"Jaw Worm","floor":2.0,"turns":3.0},{"damage":4.0,"enemies":"Small Slimes","floor":5.0,"turns":6.0},{"damage":0.0,"enemies":"2 Fungi Beasts","floor":7.0,"turns":3.0},{"damage":5.0,"enemies":"3 Louse","floor":10.0,"turns":2.0},{"damage":22.0,"enemies":"Gremlin Nob","floor":11.0,"turns":4.0},{"damage":0.0,"enemies":"Gremlin Nob","floor":14.0,"turns":3.0},{"damage":15.0,"enemies":"The Guardian","floor":16.0,"turns":8.0},{"damage":0.0,"enemies":"3 Byrds","floor":18.0,"turns":2.0},{"damage":0.0,"enemies":"Chosen","floor":19.0,"turns":3.0},{"damage":6.0,"enemies":"3 Cultists","floor":20.0,"turns":4.0},{"damage":0.0,"enemies":"Shelled Parasite and Fungi","floor":22.0,"turns":3.0},{"damage":2.0,"enemies":"Snecko","floor":24.0,"turns":4.0},{"damage":0.0,"enemies":"Replay:Snechameleon","floor":30.0,"turns":2.0},{"damage":0.0,"enemies":"Cultist and Chosen","floor":31.0,"turns":3.0},{"damage":19.0,"enemies":"Collector","floor":33.0,"turns":5.0},{"damage":0.0,"enemies":"3 Darklings","floor":35.0,"turns":2.0},{"damage":0,"enemies":"3 Shapes","floor":38,"turns":2},{"damage":9,"enemies":"Reptomancer","floor":40,"turns":4},{"damage":14,"enemies":"R_Hoarder","floor":44,"turns":4},{"damage":0,"enemies":"Writhing Mass","floor":47,"turns":3},{"damage":40,"enemies":"Donu and Deca","floor":50,"turns":5}],"seed_played":"6978015160656426068","potions_obtained":[{"floor":1.0,"key":"Elixir"},{"floor":14.0,"key":"Swift Potion"},{"floor":19.0,"key":"SkillPotion"},{"floor":22.0,"key":"LifebloodPotion"},{"floor":44,"key":"Doom Potion"},{"floor":45,"key":"Languid Potion"}],"is_trial":false,"path_per_floor":["M","M","$","?","M","R","M","R","T","M","E","?","R","?","R_BF","B",null,"M","M","M","?","M","R","M","$","T","R","?","?","E","M","R","B",null,"M","$","?","M","$","E","R","$","T","E","?","R","M","?","R_BF","B",null],"character_chosen":"THE_SILENT","items_purchased":["Phantasmal Killer+1","BargainBundle","Omamori","Slice","Infinite Blades","Whetstone","Slice+1","Bag of Preparation"],"campfire_rested":2,"item_purchase_floors":[3,25,25,25,25,36,42,42],"current_hp_per_floor":[68,68,68,57,53,53,53,53,53,48,26,26,47,47,68,53,65,65,65,59,59,59,59,57,57,57,57,57,57,57,59,59,44,70,70,70,70,70,70,61,61,61,61,53,25,46,50,50,50,10],"gold":218,"neow_bonus":"THREE_CARDS","is_daily":false,"chose_seed":false,"campfire_upgraded":6,"win_rate":0.0,"timestamp":1613005000,"path_taken":["M","M","$","?","M","R","M","R","T","M","E","?","R","?","R_BF","BOSS","M","?","M","?","?","R","M","$","T","R","?","?","E","M","R","BOSS","M","$","?","M","$","E","R","$","T","E","?","R","?","?","R_BF","BOSS"],"items_purchased_type":["Card","Relic","Relic","Card","Card","Relic","Card","Relic"],"build_version":"2020-12-22","purchased_purges":5,"victory":true,"max_hp_per_floor":[70,70,70,70,70,70,70,70,70,70,70,70,70,70,70,70,65,65,65,65,65,65,65,65,65,65,65,65,65,65,65,65,65,70,70,70,70,70,70,70,70,70,70,70,70,70,70,70,70,70],"card_choices":[{"not_picked":[],"picked":"EpicFetus","floor":0.0},{"not_picked":["Bomb","Blade Dance"],"picked":"Finisher","floor":0.0},{"not_picked":["Underhanded Strike","Backflip","Hidden Blade"],"picked":"SKIP","floor":1.0},{"not_picked":["Choke","Blur","Flying Knee"],"picked":"SKIP","floor":2.0},{"not_picked":["Distraction","ReplayTheSpireMod:Shiv Toss","Footwork"],"picked":"SKIP","floor":5.0},{"not_picked":["Noxious Fumes","All Out Attack"],"picked":"Slice","floor":7.0},{"not_picked":["Doppelganger","Deflect"],"picked":"Dash","floor":10.0},{"not_picked":["Underhanded Strike","Toxin Wave"],"picked":"Infinite Blades","floor":11.0},{"not_picked":["Die Die Die","ReplayTheSpireMod:Necrosis"],"picked":"Bullet Time","floor":16.0},{"not_picked":["Acrobatics","ReplayTheSpireMod:Scrap Shanks+1","Bane"],"picked":"SKIP","floor":18.0},{"not_picked":["Footwork","Dagger Throw+1","Toxin Wave"],"picked":"SKIP","floor":19.0},{"not_picked":["PiercingWail","Bane"],"picked":"Riddle With Holes+1","floor":20.0},{"not_picked":["Prepared","Well Laid Plans"],"picked":"Terror+1","floor":22.0},{"not_picked":["ReplayTheSpireMod:Scrap Shanks","ReplayTheSpireMod:Exploit Weakness"],"picked":"Backstab","floor":24.0},{"not_picked":["Dagger Throw+1","Dodge and Roll"],"picked":"Adrenaline","floor":30.0},{"not_picked":["Deflect","Backflip","Acrobatics"],"picked":"SKIP","floor":31.0},{"not_picked":["Poison Darts","Malaise"],"picked":"Tools of the Trade","floor":33.0},{"not_picked":["Underhanded Strike+1","Dash+1","Blade Dance"],"picked":"SKIP","floor":35.0},{"not_picked":["Cloak And Dagger+1","Poisoned Stab+1"],"picked":"Terror+1","floor":38},{"not_picked":["Dagger Spray+1","Deadly Poison","Draining Mist"],"picked":"SKIP","floor":40},{"not_picked":["Sneak Up+1","Draining Mist","Underhanded Strike+1"],"picked":"SKIP","floor":44},{"not_picked":["Catalyst+1","Dagger Throw+1"],"picked":"Leg Sweep+1","floor":45},{"not_picked":["Malaise","Hidden Blade","Eviscerate+1"],"picked":"SKIP","floor":47}],"player_experience":91313,"relics_obtained":[{"floor":9.0,"key":"Bronze Scales"},{"floor":11.0,"key":"Divine Protection"},{"floor":14.0,"key":"SalivaCoin"},{"floor":26.0,"key":"Old Coin"},{"floor":30.0,"key":"Bird Faced Urn"},{"floor":40,"key":"WingedGreaves"},{"floor":44,"key":"ReplayTheSpireMod:Ninjato"},{"floor":45,"key":"Replay:Bottled Snecko"}],"event_choices":[{"damage_healed":0.0,"max_hp_gain":0.0,"max_hp_loss":0.0,"gold_gain":75.0,"event_name":"World of Goop","player_choice":"Gather Gold","floor":4.0,"gold_loss":0.0,"damage_taken":11.0},{"damage_healed":0.0,"max_hp_gain":0.0,"max_hp_loss":0.0,"gold_gain":0.0,"event_name":"Dead Adventurer","player_choice":"Searched \u00271\u0027 times","floor":14.0,"gold_loss":0.0,"damage_taken":0.0},{"damage_healed":0.0,"max_hp_gain":0.0,"max_hp_loss":0.0,"gold_gain":0.0,"event_name":"Ghosts","player_choice":"Ignored","floor":21.0,"gold_loss":0.0,"damage_taken":0.0},{"damage_healed":0.0,"max_hp_gain":0.0,"max_hp_loss":0.0,"gold_gain":0.0,"event_name":"Vampires","player_choice":"Ignored","floor":28.0,"gold_loss":0.0,"damage_taken":0.0},{"damage_healed":0,"gold_gain":0,"player_choice":"Upgrade","damage_taken":0,"relics_obtained":["Mark of the Bloom"],"max_hp_gain":0,"max_hp_loss":0,"event_name":"MindBloom","floor":48,"gold_loss":0,"cards_upgraded":["Defend_G","Survivor","Infinite Blades","Bullet Time","Infinite Blades"]}],"is_beta":false,"boss_relics":[{"not_picked":["Replay:Grab Bag","Ring of Chaos"],"picked":"WristBlade"},{"not_picked":[]},{"not_picked":["Coffee Dripper","Snecko Eye","Fusion Hammer"]}],"items_purged_floors":[17,25,36,39,42],"is_endless":false,"potions_floor_spawned":[1,14,19,22,24,30,44],"ascension_level":2}}