{"host":"k5fgrtcqzqosfxt0","time":1613034650,"event":{"mods":["Act Like it!","Aspiration","BaseMod","Downfall","Gensokyo","Minty Spire (QoL Compilation)","StSLib","TestMod","UnlockEverythingMod"],"gold_per_floor":[116,133,149,249,17,17,45,45,45,45,45,58,92,101,101,174,174,193,242,255,270,281,312,312,345,345,345,363,396,396,219,219,292,292,306,306,316,331,258,289,298,329,329,356,369,369,386,419,419,419,419,419,419,96,128,128],"floor_reached":57,"language":"ZHS","playtime":2468,"items_purged":["downfall:Haunted"],"score":3284,"play_id":"0bf4873a-402d-469d-8a21-3061ea742950","local_time":"20210211171050","is_ascension_mode":true,"campfire_choices":[{"data":"Well Laid Plans","floor":6.0,"key":"SMITH"},{"floor":8.0,"key":"REST"},{"floor":10.0,"key":"REST"},{"data":"Cloak And Dagger","floor":15.0,"key":"SMITH"},{"data":"Flechettes","floor":24.0,"key":"SMITH"},{"data":"Concentrate","floor":27.0,"key":"SMITH"},{"data":"Cloak And Dagger","floor":32,"key":"SMITH"},{"floor":46,"key":"RECALL"},{"data":"Tactician","floor":49,"key":"SMITH"},{"data":"Acrobatics","floor":53,"key":"SMITH"}],"circlet_count":0,"master_deck":["AscendersBane","Well Laid Plans+1","Escape Plan","CurseOfTheBell","CurseOfTheBell","Concentrate+1","Acrobatics","Flechettes+1","Backflip","Adrenaline","Acrobatics+1","Calculated Gamble","Prepared+1","Tactician+1","Backflip+1","Blur","Malaise"],"relics":["Ring of the Snake","testmod-TestBox","aspiration:Nostalgia","Guardian:ModeShifter","testmod-IntensifyImprint","downfall:ExtraCursedBell","MealTicket","aspiration:SeaSaltIceCream","Torii","aspiration:Nostalgia","PureWater","testmod-Charity","testmod-RealStoneCalender","aspiration:ChemicalBlood","FaceOfCleric","Dream Catcher","testmod-KeyOfTheVoid","Blue Candle","testmod-LifeArmor","Toy Ornithopter","Anchor","Membership Card","Matryoshka","Meat on the Bone","Juzu Bracelet","testmod-RainbowHikingShoes","Question Card","testmod-Maize","OrangePellets","Mummified Hand"],"acts_visited":["Exordium","TheCity","TheBeyond","TheEnding"],"potions_floor_usage":[37,42],"damage_taken":[{"damage":1.0,"enemies":"Cultist","floor":1.0,"turns":4.0},{"damage":0.0,"enemies":"Jaw Worm","floor":2.0,"turns":5.0},{"damage":0.0,"enemies":"Small Slimes","floor":3.0,"turns":4.0},{"damage":51.0,"enemies":"Gremlin Nob","floor":7.0,"turns":6.0},{"damage":2.0,"enemies":"Exordium Thugs","floor":12.0,"turns":4.0},{"damage":11.0,"enemies":"3 Sentries","floor":13.0,"turns":4.0},{"damage":2.0,"enemies":"Gremlin Gang","floor":14.0,"turns":3.0},{"damage":22.0,"enemies":"Slime Boss","floor":16.0,"turns":4.0},{"damage":3.0,"enemies":"3 Byrds","floor":18.0,"turns":4.0},{"damage":23.0,"enemies":"Spheric Guardian","floor":20.0,"turns":5.0},{"damage":20.0,"enemies":"Centurion and Healer","floor":21.0,"turns":5.0},{"damage":1.0,"enemies":"3 Cultists","floor":22.0,"turns":3.0},{"damage":2.0,"enemies":"Slavers","floor":23.0,"turns":3.0},{"damage":10.0,"enemies":"Book of Stabbing","floor":25.0,"turns":3.0},{"damage":2.0,"enemies":"Chosen and Byrds","floor":28.0,"turns":2.0},{"damage":7.0,"enemies":"Slavers","floor":29.0,"turns":4.0},{"damage":9,"enemies":"Collector","floor":33,"turns":3},{"damage":7,"enemies":"3 Shapes","floor":35,"turns":3},{"damage":0,"enemies":"Orb Walker","floor":37,"turns":1},{"damage":15,"enemies":"Sphere and 2 Shapes","floor":38,"turns":3},{"damage":2,"enemies":"Reptomancer","floor":40,"turns":3},{"damage":9,"enemies":"4 Shapes","floor":41,"turns":3},{"damage":31,"enemies":"Giant Head","floor":42,"turns":5},{"damage":2,"enemies":"Reptomancer","floor":44,"turns":2},{"damage":1,"enemies":"Spire Growth","floor":45,"turns":1},{"damage":1,"enemies":"Jaw Worm Horde","floor":47,"turns":1},{"damage":2,"enemies":"Giant Head","floor":48,"turns":1},{"damage":2,"enemies":"Awakened One","floor":50,"turns":2},{"damage":3,"enemies":"Time Eater","floor":51,"turns":2},{"damage":2,"enemies":"Shield and Spear","floor":55,"turns":1},{"damage":4,"enemies":"The Heart","floor":56,"turns":2}],"seed_played":"-6424823403100384023","potions_obtained":[{"floor":2.0,"key":"FearPotion"},{"floor":3.0,"key":"Explosive Potion"},{"floor":14.0,"key":"AttackPotion"},{"floor":16.0,"key":"AttackPotion"},{"floor":23.0,"key":"SteroidPotion"},{"floor":29.0,"key":"Swift Potion"},{"floor":48,"key":"testmod-TimePotion"}],"is_trial":false,"path_per_floor":["M","M","M","?","$","R","E","R","T","R","?","M","E","M","R","B",null,"M","?","M","M","M","E","R","E","T","R","M","E","?","$","R","B",null,"M","?","M","M","$","E","M","E","T","E","M","R","M","E","R","B","B",null,"R","$","E","B",null],"character_chosen":"THE_SILENT","items_purchased":["testmod-Charity","Membership Card","Expertise","Acrobatics","Calculated Gamble","testmod-Maize","OrangePellets","Malaise"],"campfire_rested":2,"item_purchase_floors":[5,31,31,39,39,54,54,54],"current_hp_per_floor":[58,58,58,58,66,66,16,36,36,56,56,56,47,47,47,27,63,62,63,42,38,39,39,39,31,31,31,31,26,26,41,41,34,79,74,74,81,68,83,83,76,52,52,64,65,65,66,66,66,65,63,103,103,116,116,113],"gold":128,"neow_bonus":"NOSTALGIA","is_daily":false,"chose_seed":false,"campfire_upgraded":7,"win_rate":0.0,"timestamp":1613034650,"path_taken":["M","M","?","?","?","R","E","R","T","R","?","M","E","?","R","BOSS","M","?","M","?","M","E","R","E","T","R","M","E","?","$","R","BOSS","M","?","M","M","$","E","M","E","T","E","M","R","M","E","R","BOSS","BOSS","R","$","E","BOSS"],"items_purchased_type":["Relic","Relic","Card","Card","Card","Relic","Relic","Card"],"build_version":"2020-12-22","purchased_purges":1,"victory":true,"max_hp_per_floor":[66,66,66,66,66,66,67,67,67,67,67,69,71,73,73,75,75,77,78,80,82,84,86,86,88,88,88,90,92,92,92,92,94,94,96,96,98,100,100,102,104,106,106,108,110,110,112,114,114,115,116,116,116,116,118,119],"card_choices":[{"not_picked":["Underhanded Strike","Flying Knee"],"picked":"Well Laid Plans","floor":1.0},{"not_picked":["Skewer","Dagger Spray"],"picked":"Escape Plan","floor":2.0},{"not_picked":["Bane","Bouncing Flask"],"picked":"Backflip","floor":3.0},{"not_picked":["Underhanded Strike","Predator","Skewer"],"picked":"SKIP","floor":7.0},{"not_picked":["Footwork","Poisoned Stab"],"picked":"Concentrate","floor":12.0},{"not_picked":["Eviscerate","Sucker Punch","Distraction"],"picked":"SKIP","floor":13.0},{"not_picked":["Flechettes","Unload"],"picked":"Cloak And Dagger","floor":14.0},{"not_picked":["Expertise+1","Prepared+1"],"picked":"Cloak And Dagger","floor":18.0},{"not_picked":["Deflect","Dodge and Roll"],"picked":"Acrobatics","floor":20.0},{"not_picked":["Deadly Poison","Well Laid Plans+1","Slice"],"picked":"SKIP","floor":21.0},{"not_picked":["Deadly Poison+1","Backstab"],"picked":"Flechettes","floor":22.0},{"not_picked":["Predator","Acrobatics"],"picked":"Blade Dance+1","floor":23.0},{"not_picked":["Underhanded Strike","Bane"],"picked":"Terror","floor":25.0},{"not_picked":["Poisoned Stab","Noxious Fumes+1"],"picked":"Backflip","floor":28.0},{"not_picked":["Dagger Spray","Predator"],"picked":"Adrenaline","floor":29.0},{"not_picked":["Doppelganger","Envenom"],"picked":"After Image","floor":33},{"not_picked":["Underhanded Strike","Poisoned Stab","Slice+1"],"picked":"SKIP","floor":35},{"not_picked":["Quick Slash","Bouncing Flask+1","Sucker Punch"],"picked":"SKIP","floor":37},{"not_picked":["Dagger Throw+1","Outmaneuver","Bane"],"picked":"SKIP","floor":38},{"not_picked":["Deadly Poison+1","Bullet Time"],"picked":"Prepared+1","floor":40},{"not_picked":["Blur+1","Dodge and Roll"],"picked":"Cloak And Dagger+1","floor":41},{"not_picked":["Infinite Blades+1","Slice+1"],"picked":"Tactician","floor":42},{"not_picked":["Accuracy","Quick Slash"],"picked":"Backflip+1","floor":44},{"not_picked":["Deadly Poison","PiercingWail+1"],"picked":"Blur","floor":45},{"not_picked":["Poisoned Stab+1","Quick Slash"],"picked":"Flechettes","floor":47},{"not_picked":["After Image","Storm of Steel","Cloak And Dagger+1"],"picked":"SKIP","floor":48},{"not_picked":["Flying Knee","Tactician","Dagger Throw","Cloak And Dagger"],"picked":"SKIP","floor":55}],"player_experience":645127,"relics_obtained":[{"floor":4.0,"key":"MealTicket"},{"floor":4.0,"key":"aspiration:SeaSaltIceCream"},{"floor":4.0,"key":"Torii"},{"floor":7.0,"key":"testmod-RealStoneCalender"},{"floor":9.0,"key":"aspiration:ChemicalBlood"},{"floor":13.0,"key":"Dream Catcher"},{"floor":23.0,"key":"Blue Candle"},{"floor":25.0,"key":"testmod-LifeArmor"},{"floor":26.0,"key":"Toy Ornithopter"},{"floor":29.0,"key":"Anchor"},{"floor":40,"key":"Matryoshka"},{"floor":42,"key":"Meat on the Bone"},{"floor":43,"key":"Juzu Bracelet"},{"floor":44,"key":"testmod-RainbowHikingShoes"},{"floor":48,"key":"Question Card"},{"floor":55,"key":"Mummified Hand"}],"event_choices":[{"damage_healed":0.0,"max_hp_gain":0.0,"max_hp_loss":0.0,"gold_gain":0.0,"event_name":"FaceTrader","player_choice":"Trade","floor":11.0,"gold_loss":0.0,"damage_taken":0.0,"relics_obtained":["FaceOfCleric"]},{"damage_healed":0.0,"max_hp_gain":0.0,"max_hp_loss":0.0,"gold_gain":100.0,"event_name":"The Joust","player_choice":"Bet on Murderer","floor":19.0,"gold_loss":50.0,"damage_taken":0.0},{"cards_removed":["Cloak And Dagger"],"damage_healed":0,"gold_gain":0,"player_choice":"Removed Skill","damage_taken":0,"max_hp_gain":0,"max_hp_loss":0,"event_name":"Falling","floor":36,"gold_loss":0}],"is_beta":false,"boss_relics":[{"not_picked":["aspiration:FutureDiary","aspiration:RunicSpoon"],"picked":"testmod-KeyOfTheVoid"},{"not_picked":["Velvet Choker","testmod-BatchProcessingSystem","Fusion Hammer"]}],"items_purged_floors":[5],"is_endless":false,"potions_floor_spawned":[2,3,14,21,23,28,29,35,41,44,45,48],"ascension_level":20}}