{"host":"o3b7ow6d1xe49css","time":1613036527,"event":{"mods":["Act Like it!","Aspiration","BaseMod","Bestiary","Better Altar","Better Match","Better Note","Better Sensory Stone","Better Skull","Better Third Choice","Colored Powertips","Conspire","Energized Spire","GifTheSpireLib","Halation","Hermit","Hubris","Infinite Spire","Lobotomy","Marisa????????","Minty Spire (QoL Compilation)","Quick Restart","Rare Cards Sparkle","Relic Filter Mod","Reliquary","Replay The Spire","Spicy Shops","Spikes Relics","Spire Arcade","StSLib","Stuff the Spire","The Blue Laboratory","Wandering Minibosses"],"gold_per_floor":[114,126,138,138,413,413,413,443,490,500,20,20,48,74,74,175,175,188,51,64,64,24,24,58,86,135,135,135,169,169,169,169,164,164],"floor_reached":33,"language":"ENG","playtime":1287,"items_purged":["Regret","Strike_MRS","Strike_MRS"],"score":424,"play_id":"dfec0a6c-04f3-45a7-9690-f2b4f8eab22f","local_time":"20210211004207","daily_mods":["Heirloom","Flight"],"is_ascension_mode":true,"campfire_choices":[{"data":"MasterSpark","floor":6,"key":"SMITH"},{"data":"6A","floor":7,"key":"SMITH"},{"data":"MillisecondPulsars","floor":12,"key":"SMITH"},{"data":"UpSweep","floor":15,"key":"SMITH"},{"data":"CollectingQuirk","floor":23,"key":"SMITH"},{"floor":28,"key":"REST"},{"floor":30,"key":"REST"},{"data":"infinitespire:Fortify","floor":32,"key":"SMITH"}],"circlet_count":0,"master_deck":["Strike_MRS","Defend_MRS","Defend_MRS","Defend_MRS","Defend_MRS","MasterSpark+1","UpSweep+1","LuminesStrike+1","UniverseFragment","6A+1","DoubleSpark","MillisecondPulsars+1","AsteroidBelt+1","ChargingUp","CollectingQuirk+1","CasketOfStar+1","NonDirectionalLaser+1","GalacticHalo","ShootingEcho+1","DeepEcoloBomb","NonDirectionalLaser+1","Parasite","Parasite","infinitespire:Fortify+1"],"relics":["MiniHakkero","halation:SwordOfLegend","CogitoBucket","StuffTheSpire:Experiment12","Prayer Wheel","reliquary:Buckler","reliquary:RedPaperclip","SkinProphecy","aspiration:HiddenCompartment","Boot","ShroomBag","SpikesRelics:DaevaFist","Mango"],"acts_visited":["Exordium","TheCity"],"potions_floor_usage":[14,18,24,29],"damage_taken":[{"damage":2,"enemies":"Jaw Worm","floor":1,"turns":3},{"damage":0,"enemies":"2 Louse","floor":2,"turns":2},{"damage":0,"enemies":"Cultist","floor":3,"turns":3},{"damage":26,"enemies":"3 Sentries","floor":8,"turns":8},{"damage":11,"enemies":"Looter","floor":10,"turns":3},{"damage":14,"enemies":"Lagavulin","floor":13,"turns":6},{"damage":5,"enemies":"3 Sentries","floor":14,"turns":4},{"damage":8,"enemies":"Hexaghost","floor":16,"turns":6},{"damage":6,"enemies":"Shell Parasite","floor":18,"turns":4},{"damage":5,"enemies":"Chosen","floor":20,"turns":4},{"damage":7,"enemies":"Centurion and Healer","floor":22,"turns":8},{"damage":7,"enemies":"Gremlin Leader","floor":24,"turns":4},{"damage":26,"enemies":"Book of Stabbing","floor":25,"turns":5},{"damage":27,"enemies":"Slavers","floor":29,"turns":4},{"damage":5,"enemies":"Champ","floor":33,"turns":7}],"seed_played":"-7615237860359102506","potions_obtained":[{"floor":10,"key":"blueLaboratory:LouseDecoction"},{"floor":13,"key":"blueLaboratory:HorrorPotion"},{"floor":18,"key":"Energy Potion"},{"floor":24,"key":"Toxic Potion"}],"is_trial":true,"path_per_floor":["M","M","M","?","?","R","R","E","T","M","$","R","E","E","R","B",null,"M","$","M","?","M","R","E","E","T","?","R","E","R","AVR","R","B"],"character_chosen":"MARISA","items_purchased":["hubris:Metronome","MillisecondPulsars","NonDirectionalLaser+1"],"campfire_rested":2,"item_purchase_floors":[11,11,19],"current_hp_per_floor":[73,73,73,73,73,75,75,49,49,38,38,44,30,25,31,23,62,56,56,47,47,36,45,34,4,4,4,34,3,31,45,45,40,40],"gold":164,"neow_bonus":"","is_daily":false,"chose_seed":false,"campfire_upgraded":6,"win_rate":0.0,"timestamp":1613036527,"path_taken":["M","M","M","?","?","R","R","E","T","M","$","R","E","E","R","BOSS","M","$","M","?","?","R","E","E","T","?","R","E","R","AVR","R","BOSS"],"items_purchased_type":["Relic","Card","Card"],"build_version":"2020-12-22","purchased_purges":3,"victory":false,"max_hp_per_floor":[75,75,75,75,75,75,75,75,75,75,75,75,75,75,75,75,75,75,75,77,77,79,79,81,83,83,83,83,85,85,99,99,101,101],"card_choices":[{"not_picked":["PropBag","ShootingEcho"],"picked":"LuminesStrike","floor":1},{"not_picked":["MeatLantern","FairyFestival"],"picked":"UniverseFragment","floor":1},{"not_picked":["Orbital","GravityBeat"],"picked":"6A","floor":2},{"not_picked":["BeautyBeast","MHz","OldLady"],"picked":"Singing Bowl","floor":2},{"not_picked":["LuminesStrike","6A"],"picked":"DoubleSpark","floor":3},{"not_picked":["BlazeAway","ShootingEcho","IllusionStar"],"picked":"SKIP","floor":8},{"not_picked":["ShootingEcho","DoubleSpark","6A"],"picked":"SKIP","floor":10},{"not_picked":["OneTimeOff","MachineGunSpark"],"picked":"AsteroidBelt","floor":13},{"not_picked":["SuperPerseids","MilkyWay"],"picked":"ChargingUp","floor":14},{"not_picked":["TreasureHunter","EscapeVelocity"],"picked":"CollectingQuirk","floor":16},{"not_picked":["IllusionStar","MysteriousBeam"],"picked":"CasketOfStar","floor":18},{"not_picked":["MysteriousBeam+1","DragonMeteor+1","UnstableBomb+1"],"picked":"SKIP","floor":18},{"not_picked":["UnstableBomb","WitchLeyline"],"picked":"GalacticHalo","floor":20},{"not_picked":["Acceleration","IllusionStar+1","EarthLightRay"],"picked":"SKIP","floor":20},{"not_picked":["LuminesStrike","SuperPerseids+1"],"picked":"ShootingEcho+1","floor":22},{"not_picked":["Scorched","WallGazer","FieryBird"],"picked":"Singing Bowl","floor":22},{"not_picked":["MysteriousBeam","EventHorizon+1","MagicChant"],"picked":"SKIP","floor":22},{"not_picked":["WitchOfGreed","ShootingEcho+1"],"picked":"DeepEcoloBomb","floor":24},{"not_picked":["ManaConvection","EarthLightRay+1"],"picked":"NonDirectionalLaser+1","floor":25},{"not_picked":["DoubleSpark","MillisecondPulsars","UnstableBomb"],"picked":"SKIP","floor":29}],"player_experience":1362511,"relics_obtained":[{"floor":8,"key":"Ancient Tea Set"},{"floor":9,"key":"StuffTheSpire:Experiment12"},{"floor":13,"key":"Prayer Wheel"},{"floor":14,"key":"reliquary:Buckler"},{"floor":24,"key":"aspiration:HiddenCompartment"},{"floor":25,"key":"Boot"},{"floor":26,"key":"ShroomBag"},{"floor":29,"key":"SpikesRelics:DaevaFist"}],"event_choices":[{"damage_healed":0,"gold_gain":275,"player_choice":"Desecrate","damage_taken":0,"max_hp_gain":0,"max_hp_loss":0,"event_name":"Golden Shrine","floor":5,"gold_loss":0,"cards_obtained":["Regret"]},{"damage_healed":0,"gold_gain":0,"player_choice":"Forge","damage_taken":0,"max_hp_gain":0,"max_hp_loss":0,"event_name":"Accursed Blacksmith","floor":21,"gold_loss":0,"cards_upgraded":["CasketOfStar"]},{"cards_removed":["Strike_MRS"],"damage_healed":0,"gold_gain":0,"player_choice":"Purged","damage_taken":0,"max_hp_gain":0,"max_hp_loss":0,"event_name":"Purifier","floor":27,"gold_loss":0}],"is_beta":false,"boss_relics":[{"not_picked":["RampagingMagicTools","Replay:Drink Me"],"picked":"reliquary:RedPaperclip"}],"items_purged_floors":[11,19,31],"is_endless":false,"potions_floor_spawned":[10,13,18,24],"killed_by":"Champ","ascension_level":5}}