{"host":"prxrhpgaxnj4om9r","time":1613054775,"event":{"mods":["AchievementEnabler","BaseMod","DeckTracker","Keyboard Shortcuts","Minty Spire (QoL Compilation)"],"gold_per_floor":[109,121,49,124,139,174,188,218,242,56,56,76,92,167,167,270,270,283,298,312,312,159,159,174,194,218,218,247,247,247,271,271,271,271],"floor_reached":33,"language":"KOR","playtime":1497,"items_purged":[],"score":282,"play_id":"d2f73f7a-18b4-4903-84cc-812ab9145452","local_time":"20210211234615","is_ascension_mode":false,"campfire_choices":[{"floor":11,"key":"REST"},{"floor":15,"key":"REST"},{"floor":23,"key":"RECALL"},{"floor":30,"key":"REST"},{"floor":32,"key":"REST"}],"circlet_count":0,"master_deck":["Defend_B","Defend_B","Defend_B","Defend_B","Zap","Dualcast","Hyperbeam","Stack","Sweeping Beam","Defragment","Genetic Algorithm","Beam Cell","Hologram","Electrodynamics","BootSequence","Leap","Ball Lightning","Seek","Conserve Battery","Streamline+1","Storm","Stack","Core Surge","Coolheaded","Static Discharge","Gash","Go for the Eyes+1","Bite","Bite","Bite","Bite","Bite","Gash+1"],"relics":["Cracked Core","FossilizedHelix","Akabeko","PreservedInsect","Membership Card","Nuclear Battery","Juzu Bracelet","Red Mask","Enchiridion","Potion Belt"],"acts_visited":["Exordium","TheCity"],"potions_floor_usage":[16,24,25,25],"damage_taken":[{"damage":0.0,"enemies":"Small Slimes","floor":1.0,"turns":2.0},{"damage":0.0,"enemies":"Cultist","floor":2.0,"turns":3.0},{"damage":1.0,"enemies":"2 Louse","floor":5.0,"turns":2.0},{"damage":29.0,"enemies":"3 Sentries","floor":6.0,"turns":5.0},{"damage":0.0,"enemies":"Exordium Wildlife","floor":7.0,"turns":1.0},{"damage":19.0,"enemies":"Gremlin Nob","floor":8.0,"turns":5.0},{"damage":0,"enemies":"Blue Slaver","floor":12,"turns":2},{"damage":0,"enemies":"Large Slime","floor":13,"turns":4},{"damage":51,"enemies":"Hexaghost","floor":16,"turns":10},{"damage":0,"enemies":"Chosen","floor":18,"turns":4},{"damage":0,"enemies":"Shell Parasite","floor":19,"turns":4},{"damage":0,"enemies":"Cultist and Chosen","floor":20,"turns":5},{"damage":0,"enemies":"Centurion and Healer","floor":24,"turns":2},{"damage":0,"enemies":"3 Cultists","floor":25,"turns":4},{"damage":27,"enemies":"Masked Bandits","floor":28,"turns":5},{"damage":59,"enemies":"Automaton","floor":33,"turns":8}],"seed_played":"2293396924985494715","potions_obtained":[{"floor":2.0,"key":"Dexterity Potion"},{"floor":13,"key":"FearPotion"},{"floor":16,"key":"Block Potion"},{"floor":19,"key":"ColorlessPotion"}],"is_trial":false,"path_per_floor":["M","M","$","?","M","E","M","E","T","$","R","M","M","?","R","B",null,"M","M","M","?","$","R","M","M","T","?","?","?","R","T","R","B"],"character_chosen":"DEFECT","items_purchased":["Defragment","Membership Card","BootSequence","Juzu Bracelet","Coolheaded","Static Discharge","AttackPotion"],"campfire_rested":4,"item_purchase_floors":[3,10,10,22,22,22,22],"current_hp_per_floor":[75,75,75,68,67,38,38,19,19,19,41,41,41,30,52,1,75,75,75,75,75,75,75,75,75,75,52,25,9,24,24,39,0,0],"gold":271,"neow_bonus":"ONE_RANDOM_RARE_CARD","is_daily":false,"chose_seed":false,"campfire_upgraded":0,"win_rate":0.0,"timestamp":1613054775,"path_taken":["M","M","$","?","?","E","M","E","T","$","R","M","?","?","R","BOSS","M","M","M","?","$","R","M","M","T","?","?","?","R","?","R","BOSS"],"items_purchased_type":["Card","Relic","Card","Relic","Card","Card","Potion"],"build_version":"2020-12-22","purchased_purges":0,"victory":false,"max_hp_per_floor":[75,75,75,75,75,75,75,75,75,75,75,75,75,75,75,75,75,75,75,75,75,75,75,75,75,75,52,52,52,52,52,52,52,52],"card_choices":[{"not_picked":["Go for the Eyes","Streamline"],"picked":"Stack","floor":1.0},{"not_picked":["Steam","Redo"],"picked":"Sweeping Beam","floor":2.0},{"not_picked":["Glacier","Chill"],"picked":"Genetic Algorithm","floor":5.0},{"not_picked":["Coolheaded","Thunder Strike"],"picked":"Beam Cell","floor":6.0},{"not_picked":["FTL","Cold Snap"],"picked":"Hologram","floor":7.0},{"not_picked":["Stack","Barrage"],"picked":"Electrodynamics","floor":8.0},{"not_picked":["Chaos","Cold Snap"],"picked":"Leap","floor":12},{"not_picked":["BootSequence","Leap"],"picked":"Ball Lightning","floor":13},{"not_picked":["Meteor Strike","Thunder Strike"],"picked":"Seek","floor":16},{"not_picked":["Beam Cell","Streamline"],"picked":"Conserve Battery","floor":18},{"not_picked":["Stack","Compile Driver"],"picked":"Streamline+1","floor":19},{"not_picked":["Ball Lightning+1","Rebound"],"picked":"Storm","floor":20},{"not_picked":["Rebound","Hello World"],"picked":"Gash","floor":24},{"not_picked":["Core Surge","Heatsinks"],"picked":"Go for the Eyes+1","floor":25},{"not_picked":["Tempest","Streamline"],"picked":"Gash+1","floor":28}],"player_experience":389167,"relics_obtained":[{"floor":6.0,"key":"FossilizedHelix"},{"floor":8.0,"key":"Akabeko"},{"floor":9.0,"key":"PreservedInsect"},{"floor":28,"key":"Red Mask"},{"floor":29,"key":"Enchiridion"},{"floor":31,"key":"Potion Belt"}],"event_choices":[{"damage_healed":0.0,"max_hp_gain":0.0,"max_hp_loss":0.0,"gold_gain":75.0,"event_name":"FaceTrader","player_choice":"Touch","floor":4.0,"gold_loss":0.0,"damage_taken":7.0},{"damage_healed":0,"gold_gain":75,"player_choice":"Gather Gold","damage_taken":11,"max_hp_gain":0,"max_hp_loss":0,"event_name":"World of Goop","floor":14,"gold_loss":0},{"damage_healed":0,"gold_gain":0,"cards_transformed":["Strike_B","Strike_B"],"player_choice":"Became Test Subject","damage_taken":0,"max_hp_gain":0,"max_hp_loss":0,"event_name":"Drug Dealer","floor":21,"gold_loss":0,"cards_obtained":["Stack","Core Surge"]},{"damage_healed":0,"gold_gain":0,"player_choice":"Became a vampire","damage_taken":0,"max_hp_gain":0,"max_hp_loss":23,"event_name":"Vampires","floor":27,"gold_loss":0,"cards_obtained":["Bite","Bite","Bite","Bite","Bite"]},{"damage_healed":0,"gold_gain":0,"player_choice":"Fought Bandits","damage_taken":0,"max_hp_gain":0,"max_hp_loss":0,"event_name":"Masked Bandits","floor":28,"gold_loss":0},{"damage_healed":0,"gold_gain":0,"player_choice":"Obtained Book","damage_taken":16,"max_hp_gain":0,"max_hp_loss":0,"event_name":"Cursed Tome","floor":29,"gold_loss":0}],"is_beta":false,"boss_relics":[{"not_picked":["Philosopher\u0027s Stone","Empty Cage"],"picked":"Nuclear Battery"}],"items_purged_floors":[],"is_endless":false,"potions_floor_spawned":[2,13,16,19],"killed_by":"Automaton","ascension_level":0}}