{"host":"phy652c7lim9lcu2","time":1613015731,"event":{"mods":["BaseMod","Colored Powertips","Downfall","Googly Eyes","Hubris","Minty Spire (QoL Compilation)","Relic Stats","Spicy Shops","StSLib","everything is the same but u backflip on backflip"],"gold_per_floor":[118,134,19,94,113,113,142,142,142,167,167,13,27,39,39,136,136,151,51,43,0,12,44,44,76,122,122,137,137,137,12,12,115,115,133,133],"floor_reached":35,"language":"ENG","playtime":1595,"items_purged":["Defend_G","Strike_G","downfall:Bewildered"],"score":602,"play_id":"1b91345a-2135-498f-8ec8-e87c7578680b","local_time":"20210211135531","is_ascension_mode":true,"campfire_choices":[{"data":"Glass Knife","floor":6.0,"key":"SMITH"},{"data":"Neutralize","floor":8.0,"key":"SMITH"},{"data":"Doppelganger","floor":15.0,"key":"SMITH"},{"data":"After Image","floor":24,"key":"SMITH"},{"data":"Night Terror","floor":29,"key":"SMITH"},{"floor":32,"key":"REST"}],"circlet_count":0,"master_deck":["Strike_G","Strike_G","Strike_G","Strike_G","Defend_G","Defend_G","Defend_G","Survivor","Neutralize+1","Glass Knife+1","Flying Knee","Dash","Noxious Fumes","Blur","PiercingWail","Night Terror+1","After Image","Backflip","Doppelganger+1","Prepared","Blur","Tools of the Trade","Sucker Punch+1","Flechettes+1","Cloak And Dagger+1","After Image+1","Flying Knee+1","Venomology","Cloak And Dagger+1"],"relics":["Ring of the Snake","Nunchaku","hubris:64BitClover","Pantograph","Orrery","hubris:GrandSneckoEye","Toy Ornithopter","hubris:Spice","sneckomod:BabySnecko","Matryoshka","Philosopher\u0027s Stone"],"acts_visited":["Exordium","TheCity","TheBeyond"],"potions_floor_usage":[28,35],"damage_taken":[{"damage":1.0,"enemies":"Jaw Worm","floor":1.0,"turns":3.0},{"damage":0.0,"enemies":"Cultist","floor":2.0,"turns":2.0},{"damage":0.0,"enemies":"Small Slimes","floor":5.0,"turns":3.0},{"damage":8.0,"enemies":"Gremlin Nob","floor":7.0,"turns":4.0},{"damage":10.0,"enemies":"Lagavulin","floor":10.0,"turns":5.0},{"damage":10.0,"enemies":"3 Louse","floor":13.0,"turns":4.0},{"damage":2.0,"enemies":"Red Slaver","floor":14.0,"turns":3.0},{"damage":42.0,"enemies":"Slime Boss","floor":16.0,"turns":17.0},{"damage":11,"enemies":"3 Byrds","floor":18,"turns":5},{"damage":1,"enemies":"2 Thieves","floor":20,"turns":4},{"damage":16,"enemies":"Snake Plant","floor":22,"turns":4},{"damage":0,"enemies":"Gremlin Leader","floor":23,"turns":7},{"damage":11,"enemies":"Book of Stabbing","floor":25,"turns":6},{"damage":0,"enemies":"Centurion and Healer","floor":28,"turns":4},{"damage":8,"enemies":"Automaton","floor":33,"turns":8},{"damage":6,"enemies":"3 Shapes","floor":35,"turns":6}],"seed_played":"-6270480880498934193","potions_obtained":[{"floor":2.0,"key":"Block Potion"},{"floor":13.0,"key":"Explosive Potion"},{"floor":16.0,"key":"CunningPotion"},{"floor":18,"key":"DuplicationPotion"},{"floor":20,"key":"Dexterity Potion"}],"is_trial":false,"path_per_floor":["M","M","$","?","M","R","E","R","T","E","?","$","M","M","R","B",null,"M","$","M","?","M","E","R","E","T","?","M","R","?","$","R","B",null,"M"],"character_chosen":"THE_SILENT","items_purchased":["Noxious Fumes","Orrery"],"campfire_rested":1,"item_purchase_floors":[3,12],"current_hp_per_floor":[62,62,62,51,51,51,43,43,43,33,33,33,23,21,21,4,54,43,43,42,42,26,26,26,23,23,23,28,28,28,28,51,68,76,72,72],"gold":133,"neow_bonus":"TRANSFORM_CARD","is_daily":false,"chose_seed":false,"campfire_upgraded":5,"win_rate":0.0,"timestamp":1613015731,"path_taken":["M","M","$","?","M","R","E","R","T","E","?","$","?","M","R","BOSS","M","$","M","?","M","E","R","E","T","?","M","R","?","$","R","BOSS","M"],"items_purchased_type":["Card","Relic"],"build_version":"2020-12-22","purchased_purges":3,"victory":false,"max_hp_per_floor":[70,70,70,70,70,70,70,70,70,70,70,70,70,70,70,70,70,70,70,70,70,70,70,70,78,78,78,78,78,78,78,78,78,78,78,78],"relic_stats":{"Nunchaku":[18],"counters":[16,85],"Pantograph":50,"obtain_stats":[{"sneckomod:BabySnecko":27,"Nunchaku":7,"Matryoshka":28,"hubris:64BitClover":9,"hubris:Spice":25,"Pantograph":10,"Orrery":12,"Philosopher\u0027s Stone":34,"hubris:GrandSneckoEye":17,"Toy Ornithopter":23,"Ring of the Snake":0},{"sneckomod:BabySnecko":13,"Nunchaku":4,"Matryoshka":14,"hubris:64BitClover":4,"hubris:Spice":13,"Pantograph":5,"Orrery":5,"Philosopher\u0027s Stone":15,"hubris:GrandSneckoEye":8,"Toy Ornithopter":12,"Ring of the Snake":0},{"sneckomod:BabySnecko":67,"Nunchaku":12,"Matryoshka":71,"hubris:64BitClover":12,"hubris:Spice":67,"Pantograph":17,"Orrery":17,"Philosopher\u0027s Stone":79,"hubris:GrandSneckoEye":41,"Toy Ornithopter":61,"Ring of the Snake":0}],"Toy Ornithopter":7,"Ring of the Snake":[32]},"card_choices":[{"not_picked":["Blade Dance","Dodge and Roll"],"picked":"Flying Knee","floor":1.0},{"not_picked":["hubris:Sniper","Infinite Blades"],"picked":"Dash","floor":2.0},{"not_picked":["Slice","hubris:SlightOfHand"],"picked":"Blur","floor":5.0},{"not_picked":["Poisoned Stab","Bane"],"picked":"PiercingWail","floor":7.0},{"not_picked":["Flying Knee","Slice","Bane"],"picked":"SKIP","floor":10.0},{"not_picked":["Deflect","Sucker Punch"],"picked":"After Image","floor":12.0},{"not_picked":["PiercingWail","Quick Slash"],"picked":"Backflip","floor":12.0},{"not_picked":["Bane","Quick Slash"],"picked":"Doppelganger","floor":12.0},{"not_picked":["Deadly Poison","Quick Slash"],"picked":"Prepared","floor":12.0},{"not_picked":["Flechettes","Underhanded Strike","Crippling Poison"],"picked":"SKIP","floor":13.0},{"not_picked":["Sucker Punch","Underhanded Strike"],"picked":"Blur","floor":14.0},{"not_picked":["Storm of Steel","Burst"],"picked":"Tools of the Trade","floor":16.0},{"not_picked":["Prepared","Slice"],"picked":"Sucker Punch+1","floor":18},{"not_picked":["Outmaneuver","Dagger Throw"],"picked":"Flechettes+1","floor":20},{"not_picked":["Infinite Blades+1","Dagger Spray"],"picked":"Cloak And Dagger+1","floor":22},{"not_picked":["Sucker Punch","Escape Plan+1"],"picked":"After Image","floor":23},{"not_picked":["hubris:SlightOfHand","Slice+1","Dodge and Roll"],"picked":"SKIP","floor":25},{"not_picked":["PiercingWail","Slice+1"],"picked":"Flying Knee+1","floor":28},{"not_picked":["Glass Knife","Tools of the Trade"],"picked":"Venomology","floor":33},{"not_picked":["Quick Slash","Outmaneuver"],"picked":"Cloak And Dagger+1","floor":35}],"player_experience":318985,"relics_obtained":[{"floor":7.0,"key":"Nunchaku"},{"floor":9.0,"key":"hubris:64BitClover"},{"floor":10.0,"key":"Pantograph"},{"floor":23,"key":"Toy Ornithopter"},{"floor":25,"key":"hubris:Spice"},{"floor":28,"key":"Matryoshka"}],"event_choices":[{"damage_healed":0.0,"max_hp_gain":0.0,"max_hp_loss":0.0,"gold_gain":75.0,"event_name":"World of Goop","player_choice":"Gather Gold","floor":4.0,"gold_loss":0.0,"damage_taken":11.0},{"damage_healed":0.0,"max_hp_gain":0.0,"max_hp_loss":0.0,"gold_gain":0.0,"event_name":"Match and Keep!","player_choice":"1 cards matched","floor":11.0,"gold_loss":0.0,"damage_taken":0.0,"cards_obtained":["Night Terror"]},{"damage_healed":0,"gold_gain":0,"player_choice":"Paid Fearfully","damage_taken":0,"max_hp_gain":0,"max_hp_loss":0,"event_name":"Masked Bandits","floor":21,"gold_loss":43}],"is_beta":false,"boss_relics":[{"not_picked":["hubris:TerracottaHorce","hubris:BlackHole"],"picked":"hubris:GrandSneckoEye"},{"not_picked":["Astrolabe","Sozu"],"picked":"Philosopher\u0027s Stone"}],"items_purged_floors":[3,19,31],"is_endless":false,"potions_floor_spawned":[2,13,16,18,20,23,35],"killed_by":"3 Shapes","ascension_level":8}}