{"host":"dvpvhz1t6etneyb3","time":1613073021,"event":{"mods":["AchievementEnabler","BaseMod","Colored Map","Highlight Path","Minty Spire (QoL Compilation)","Permanent Neow","Quick Restart"],"gold_per_floor":[359,359,373,392,7,7,41,41,41,75,95,95,95,121,121,193,193,204,219,15,15,15,46,66,66,66,66,92,109,0,28,28,104,104,122,122,172,192,192,192],"floor_reached":39,"language":"ENG","playtime":1422,"items_purged":["Strike_B"],"score":964,"play_id":"cc3cc41f-89a3-4788-9b73-fd467a492836","local_time":"20210211145021","is_ascension_mode":true,"campfire_choices":[{"data":"Defragment","floor":6.0,"key":"SMITH"},{"floor":8.0,"key":"REST"},{"floor":13.0,"key":"REST"},{"data":"Sunder","floor":15.0,"key":"SMITH"},{"data":"Fission","floor":25.0,"key":"SMITH"},{"data":"Biased Cognition","floor":27.0,"key":"SMITH"},{"floor":32.0,"key":"REST"}],"circlet_count":0,"master_deck":["AscendersBane","Strike_B","Defend_B","Defend_B","Defend_B","Defend_B","Zap","Dualcast","Ball Lightning","Electrodynamics","Defragment+1","Sunder+1","Self Repair","Genetic Algorithm","Biased Cognition+1","Conserve Battery","Turbo+1","BootSequence","Fission+1","Defragment","Defragment","Creative AI"],"relics":["Cracked Core","Membership Card","White Beast Statue","Lantern","Girya","Calipers","Regal Pillow","Bottled Flame","Nuclear Battery","FossilizedHelix","Tiny Chest","Mango","Blood Vial","ClockworkSouvenir","Bottled Tornado","SlaversCollar"],"acts_visited":["Exordium","TheCity","TheBeyond"],"potions_floor_usage":[],"damage_taken":[{"damage":4.0,"enemies":"Jaw Worm","floor":1.0,"turns":4.0},{"damage":0.0,"enemies":"Cultist","floor":3.0,"turns":2.0},{"damage":7.0,"enemies":"2 Louse","floor":4.0,"turns":2.0},{"damage":30.0,"enemies":"Lagavulin","floor":7.0,"turns":7.0},{"damage":1.0,"enemies":"3 Sentries","floor":10.0,"turns":3.0},{"damage":13.0,"enemies":"Blue Slaver","floor":11.0,"turns":3.0},{"damage":8.0,"enemies":"Gremlin Nob","floor":14.0,"turns":3.0},{"damage":41.0,"enemies":"Hexaghost","floor":16.0,"turns":9.0},{"damage":8.0,"enemies":"Chosen","floor":18.0,"turns":4.0},{"damage":2.0,"enemies":"2 Thieves","floor":19.0,"turns":3.0},{"damage":0.0,"enemies":"Snake Plant","floor":22.0,"turns":2.0},{"damage":18.0,"enemies":"Slavers","floor":23.0,"turns":3.0},{"damage":0.0,"enemies":"3 Cultists","floor":24.0,"turns":4.0},{"damage":39.0,"enemies":"Book of Stabbing","floor":28.0,"turns":5.0},{"damage":0.0,"enemies":"Sentry and Sphere","floor":29.0,"turns":4.0},{"damage":0.0,"enemies":"Gremlin Leader","floor":31.0,"turns":5.0},{"damage":76.0,"enemies":"Automaton","floor":33.0,"turns":9.0},{"damage":34,"enemies":"3 Darklings","floor":35,"turns":4},{"damage":0,"enemies":"Orb Walker","floor":38,"turns":3},{"damage":50,"enemies":"Transient","floor":39,"turns":6}],"seed_played":"8584669274109497490","potions_obtained":[{"floor":1.0,"key":"Swift Potion"},{"floor":7.0,"key":"EssenceOfSteel"},{"floor":10.0,"key":"DuplicationPotion"},{"floor":11.0,"key":"FocusPotion"},{"floor":14.0,"key":"SmokeBomb"},{"floor":16.0,"key":"SmokeBomb"},{"floor":18.0,"key":"BlessingOfTheForge"},{"floor":19.0,"key":"FocusPotion"},{"floor":23.0,"key":"SkillPotion"},{"floor":24.0,"key":"LiquidMemories"},{"floor":28.0,"key":"LiquidBronze"},{"floor":29.0,"key":"Dexterity Potion"},{"floor":38,"key":"DuplicationPotion"}],"is_trial":false,"path_per_floor":["M","?","M","M","$","R","E","R","T","E","M","?","R","E","R","B",null,"M","M","$","?","M","E","M","R","T","R","E","M","$","E","R","B",null,"M","?","?","M","M"],"character_chosen":"DEFECT","items_purchased":["Membership Card","White Beast Statue","Lantern","FossilizedHelix","ClockworkSouvenir","FocusPotion"],"campfire_rested":3,"item_purchase_floors":[5,5,5,20,30,30],"current_hp_per_floor":[60,60,60,53,53,53,23,42,42,41,28,21,55,47,47,13,51,50,55,55,55,55,44,51,51,65,65,33,35,35,44,78,9,61,36,36,36,45,0,0],"gold":192,"neow_bonus":"TWO_FIFTY_GOLD","is_daily":false,"chose_seed":false,"campfire_upgraded":4,"win_rate":0.0,"timestamp":1613073021,"path_taken":["M","?","M","M","$","R","E","R","T","E","?","?","R","E","R","BOSS","M","M","$","?","M","E","M","R","T","R","E","M","$","E","R","BOSS","M","?","?","M","M"],"items_purchased_type":["Relic","Relic","Relic","Relic","Relic","Potion"],"build_version":"2020-12-22","purchased_purges":1,"victory":false,"max_hp_per_floor":[64,64,64,64,64,64,64,64,64,64,64,64,64,64,64,64,64,64,64,64,64,64,64,64,64,78,78,78,78,78,78,78,78,78,78,78,78,78,78,78],"card_choices":[{"not_picked":["Sunder","Sweeping Beam"],"picked":"Ball Lightning","floor":1.0},{"not_picked":["Redo","Steam"],"picked":"Defragment","floor":3.0},{"not_picked":["Blizzard","Barrage","Turbo"],"picked":"SKIP","floor":4.0},{"not_picked":["Leap","Darkness","Creative AI"],"picked":"SKIP","floor":7.0},{"not_picked":["White Noise","Beam Cell"],"picked":"Sunder","floor":10.0},{"not_picked":["Gash","Barrage"],"picked":"Self Repair","floor":11.0},{"not_picked":["Barrage","Meteor Strike"],"picked":"Genetic Algorithm","floor":14.0},{"not_picked":["Core Surge","Fission"],"picked":"Biased Cognition","floor":16.0},{"not_picked":["Streamline","Turbo"],"picked":"Conserve Battery","floor":18.0},{"not_picked":["Redo","BootSequence"],"picked":"Turbo+1","floor":19.0},{"not_picked":["Tempest","Beam Cell","Sweeping Beam"],"picked":"SKIP","floor":23.0},{"not_picked":["Streamline","Go for the Eyes"],"picked":"Fission","floor":24.0},{"not_picked":["Conserve Battery","Turbo"],"picked":"Defragment","floor":28.0},{"not_picked":["Storm","Leap","Aggregate"],"picked":"SKIP","floor":29.0},{"not_picked":["Conserve Battery","Beam Cell+1"],"picked":"Defragment","floor":31.0},{"not_picked":["Thunder Strike","Buffer"],"picked":"Creative AI","floor":33.0},{"not_picked":["Streamline+1","Hello World+1","Genetic Algorithm"],"picked":"SKIP","floor":35},{"not_picked":["Streamline","Redo","Gash"],"picked":"SKIP","floor":38}],"player_experience":2190922,"relics_obtained":[{"floor":7.0,"key":"Girya"},{"floor":9.0,"key":"Calipers"},{"floor":10.0,"key":"Regal Pillow"},{"floor":14.0,"key":"Bottled Flame"},{"floor":23.0,"key":"Tiny Chest"},{"floor":26.0,"key":"Mango"},{"floor":28.0,"key":"Blood Vial"},{"floor":31.0,"key":"Bottled Tornado"}],"event_choices":[{"damage_healed":0.0,"max_hp_gain":0.0,"max_hp_loss":0.0,"gold_gain":0.0,"event_name":"Match and Keep!","player_choice":"1 cards matched","floor":2.0,"gold_loss":0.0,"damage_taken":0.0,"cards_obtained":["Electrodynamics"]},{"cards_removed":["Strike_B"],"damage_healed":0.0,"max_hp_gain":0.0,"max_hp_loss":0.0,"gold_gain":0.0,"event_name":"Golden Wing","player_choice":"Card Removal","floor":12.0,"gold_loss":0.0,"damage_taken":7.0},{"damage_healed":0.0,"max_hp_gain":0.0,"max_hp_loss":0.0,"gold_gain":0.0,"cards_transformed":["Strike_B"],"event_name":"Transmorgrifier","player_choice":"Transformed","floor":21.0,"gold_loss":0.0,"damage_taken":0.0,"cards_obtained":["BootSequence"]},{"damage_healed":0,"gold_gain":0,"player_choice":"Ignored","damage_taken":0,"max_hp_gain":0,"max_hp_loss":0,"event_name":"The Moai Head","floor":36,"gold_loss":0},{"damage_healed":0,"gold_gain":50,"player_choice":"Pray","damage_taken":0,"max_hp_gain":0,"max_hp_loss":0,"event_name":"Golden Shrine","floor":37,"gold_loss":0}],"is_beta":false,"boss_relics":[{"not_picked":["Pandora\u0027s Box","Coffee Dripper"],"picked":"Nuclear Battery"},{"not_picked":["Black Star","Fusion Hammer"],"picked":"SlaversCollar"}],"items_purged_floors":[20],"is_endless":false,"potions_floor_spawned":[1,7,10,11,14,16,18,19,22,23,24,28,29,31,33,35,38],"killed_by":"Transient","ascension_level":20}}