{"host":"74dg6ta44i9qan6e","time":1613060802,"event":{"mods":["Act Like it!","BaseMod","Clawfect","Downfall","Hubris","Infinite Spire","Marisa????????","Minty Spire (QoL Compilation)","Reimu??????","Relic Stats","Replay The Spire","StSLib","The Bug Knight","The Cursed","The Forsaken","The Hayseed","The Hierophant","The Juggle","The Runesmith","The Servant 0.9.4","The Witch","TheBandit","Waifu the Spire"],"gold_per_floor":[115,190,290,290,6,35,49,80,80,92,111,126,137,148,148,246,246,264,264,276,276,293,321,321,355,355,371,384,384,384],"floor_reached":29,"language":"ENG","playtime":1431,"items_purged":[],"score":503,"play_id":"12160507-2db1-4e1e-bd04-088d1485c3fa","local_time":"20210211112642","is_ascension_mode":true,"campfire_choices":[{"floor":15,"key":"DIG"},{"floor":24,"key":"RECALL"}],"circlet_count":0,"master_deck":["TheCursedMod:CursedWand","TheCursedMod:CleanUpWorkshop","TheCursedMod:Dregs","TheCursedMod:CursedWand","TheCursedMod:CursedBoomerang","downfall:Haunted","downfall:Haunted","hubris:Disease","TheCursedMod:UltimatePain","Replay:Hysterical Blindness","hubris:Lust","TheCursedMod:SpitefulPlan","TheCursedMod:Wield","TheCursedMod:Wield","TheCursedMod:SurpriseAttack","TheCursedMod:SpitefulStrike","TheCursedMod:HellfireBreathing","TheCursedMod:DarkBarrier","TheCursedMod:SpitefulPlan","TheCursedMod:CursedAmulet","TheCursedMod:CircleOfBlood","TheCursedMod:FleshFromBone","TheCursedMod:CursedSpellbook","TheCursedMod:BlessingInDisguise","TheCursedMod:Hemoplague","TheCursedMod:ManaBullet","TheCursedMod:Neurasthenia","TheCursedMod:CursedSpellbook","TheCursedMod:SpitefulPlan","TheCursedMod:CircleOfFlame","TheCursedMod:SurpriseAttack","TheCursedMod:SurpriseAttack","TheCursedMod:CursedRelics","TheCursedMod:CircleOfAmplification","TheCursedMod:ReleasedStrength","TheCursedMod:Obscuration","TheCursedMod:RavingStaff","TheCursedMod:CursedRelics","TheCursedMod:CircleOfWindfury+1","TheCursedMod:SpitefulStrike+1","TheCursedMod:LuckyCharm","TheCursedMod:Obscuration+1"],"relics":["TheCursedMod:BlackMagic101","hubris:BundleOfHerbs","Du-Vu Doll","Orrery","Bag of Preparation","hubris:OldNail","Torii","Strawberry","Pandora\u0027s Box","Onion Ring","Omamori","Toy Ornithopter"],"acts_visited":["Exordium","TheCity"],"potions_floor_usage":[10,16,16,22,25,28],"damage_taken":[{"damage":0,"enemies":"Small Slimes","floor":1,"turns":3},{"damage":27,"enemies":"Lagavulin","floor":6,"turns":5},{"damage":3,"enemies":"2 Louse","floor":7,"turns":1},{"damage":14,"enemies":"Gremlin Nob","floor":8,"turns":3},{"damage":1,"enemies":"Jaw Worm","floor":10,"turns":4},{"damage":6,"enemies":"Blue Slaver","floor":11,"turns":2},{"damage":3,"enemies":"2 Fungi Beasts","floor":12,"turns":2},{"damage":4,"enemies":"Gremlin Gang","floor":13,"turns":4},{"damage":1,"enemies":"Large Slime","floor":14,"turns":4},{"damage":0,"enemies":"Fading Forest","floor":16,"turns":11},{"damage":2,"enemies":"3 Byrds","floor":18,"turns":5},{"damage":0,"enemies":"2 Thieves","floor":20,"turns":2},{"damage":3,"enemies":"Shelled Parasite and Fungi","floor":22,"turns":2},{"damage":31,"enemies":"Replay:Snechameleon","floor":23,"turns":4},{"damage":16,"enemies":"Book of Stabbing","floor":25,"turns":3},{"damage":24,"enemies":"Snake Plant","floor":27,"turns":3},{"damage":11,"enemies":"Centurion and Healer","floor":28,"turns":2},{"damage":23,"enemies":"Shelled Parasite and Fungi","floor":29,"turns":2}],"seed_played":"2850286055978921697","potions_obtained":[{"floor":1,"key":"SkillPotion"},{"floor":7,"key":"sneckomod:MuddlingPotion"},{"floor":12,"key":"Cursed Concoction"},{"floor":13,"key":"EssenceOfSteel"},{"floor":16,"key":"LiquidMemories"},{"floor":20,"key":"Energy Potion"},{"floor":27,"key":"MagicPotion:ReiMu"},{"floor":28,"key":"LifebloodPotion"}],"is_trial":false,"path_per_floor":["M","?","?","?","$","E","M","E","T","M","M","M","M","M","R","B",null,"M","?","M","?","M","E","R","E","T","M","M","M"],"character_chosen":"THE_CURSED","items_purchased":["TheCursedMod:SpitefulPlan","TheCursedMod:Wield","Orrery"],"campfire_rested":0,"item_purchase_floors":[5,5,5],"current_hp_per_floor":[75,64,69,69,69,54,51,37,37,38,36,35,31,34,41,47,87,85,85,85,85,82,55,55,44,44,20,14,0,0],"gold":384,"neow_bonus":"ONE_RARE_RELIC","is_daily":false,"chose_seed":false,"campfire_upgraded":0,"win_rate":0.0,"timestamp":1613060802,"path_taken":["M","?","?","?","?","E","M","E","T","M","M","M","M","M","R","BOSS","M","?","?","?","M","E","R","E","T","M","M","?"],"items_purchased_type":["Card","Card","Relic"],"build_version":"2020-12-22","purchased_purges":0,"victory":false,"max_hp_per_floor":[75,75,80,80,80,80,80,80,80,80,80,80,80,80,87,87,87,87,87,87,87,87,87,87,87,87,87,87,87,87],"relic_stats":{"Torii":10,"counters":[18,59],"Pandora\u0027s Box":["TheCursedMod:CursedSpellbook","TheCursedMod:SpitefulPlan","TheCursedMod:CircleOfFlame","TheCursedMod:SurpriseAttack","TheCursedMod:SurpriseAttack","TheCursedMod:CursedRelics","TheCursedMod:CircleOfAmplification","TheCursedMod:ReleasedStrength"],"Bag of Preparation":[32],"obtain_stats":[{"Du-Vu Doll":3,"TheCursedMod:BlackMagic101":0,"Torii":9,"Strawberry":15,"Orrery":5,"Pandora\u0027s Box":17,"Onion Ring":19,"hubris:BundleOfHerbs":0,"Bag of Preparation":6,"Omamori":23,"hubris:OldNail":8,"Toy Ornithopter":25},{"Du-Vu Doll":1,"TheCursedMod:BlackMagic101":0,"Torii":4,"Strawberry":9,"Orrery":1,"Pandora\u0027s Box":10,"Onion Ring":11,"hubris:BundleOfHerbs":0,"Bag of Preparation":2,"Omamori":14,"hubris:OldNail":4,"Toy Ornithopter":15},{"Du-Vu Doll":3,"TheCursedMod:BlackMagic101":0,"Torii":10,"Strawberry":26,"Orrery":3,"Pandora\u0027s Box":37,"Onion Ring":41,"hubris:BundleOfHerbs":0,"Bag of Preparation":7,"Omamori":49,"hubris:OldNail":10,"Toy Ornithopter":52}],"Toy Ornithopter":5},"card_choices":[{"not_picked":["TheCursedMod:Stretching","TheCursedMod:CursedAmulet"],"picked":"TheCursedMod:CursedBoomerang","floor":1},{"not_picked":["TheCursedMod:SaltUponWound","TheCursedMod:SmokeScreen"],"picked":"TheCursedMod:Wield","floor":5},{"not_picked":["TheCursedMod:ShockAndAwe","TheCursedMod:Stigma"],"picked":"TheCursedMod:SurpriseAttack","floor":5},{"not_picked":["TheCursedMod:Stigma","TheCursedMod:Wield"],"picked":"TheCursedMod:SpitefulStrike","floor":5},{"not_picked":["TheCursedMod:ShockAndAwe","TheCursedMod:Stigma"],"picked":"TheCursedMod:HellfireBreathing","floor":5},{"not_picked":["TheCursedMod:Stigma","TheCursedMod:CursedAmulet"],"picked":"TheCursedMod:DarkBarrier","floor":5},{"not_picked":["TheCursedMod:CursedShiv","TheCursedMod:SmokeScreen"],"picked":"TheCursedMod:SpitefulPlan","floor":6},{"not_picked":["TheCursedMod:HellsGateOpen","TheCursedMod:CursedShiv"],"picked":"TheCursedMod:CursedAmulet","floor":7},{"not_picked":["TheCursedMod:CircleOfWindfury","TheCursedMod:SpitefulPray"],"picked":"TheCursedMod:CircleOfBlood","floor":8},{"not_picked":["TheCursedMod:CircleOfFlame","TheCursedMod:Wield"],"picked":"TheCursedMod:FleshFromBone","floor":10},{"not_picked":["TheCursedMod:Stretching","TheCursedMod:SpitefulPray"],"picked":"TheCursedMod:CursedSpellbook","floor":11},{"not_picked":["TheCursedMod:Stretching","TheCursedMod:CursedAmulet"],"picked":"TheCursedMod:BlessingInDisguise","floor":12},{"not_picked":["TheCursedMod:CursedBlade","TheCursedMod:Torture"],"picked":"TheCursedMod:Hemoplague","floor":13},{"not_picked":["TheCursedMod:FuryStrike","TheCursedMod:Torture"],"picked":"TheCursedMod:ManaBullet","floor":14},{"not_picked":["TheCursedMod:ParallelWorld","TheCursedMod:StunningStrike"],"picked":"TheCursedMod:Neurasthenia","floor":16},{"not_picked":["TheCursedMod:CircleOfAmplification","TheCursedMod:SpreadPlague"],"picked":"TheCursedMod:Obscuration","floor":18},{"not_picked":["TheCursedMod:SpreadPlague","TheCursedMod:DoubleShield"],"picked":"TheCursedMod:RavingStaff","floor":20},{"not_picked":["TheCursedMod:CircleOfBlood","TheCursedMod:Stretching"],"picked":"TheCursedMod:CircleOfWindfury+1","floor":22},{"not_picked":["TheCursedMod:RapidMovement","TheCursedMod:Stretching+1"],"picked":"TheCursedMod:SpitefulStrike+1","floor":23},{"not_picked":["TheCursedMod:Obscuration+1","TheCursedMod:CursedMace"],"picked":"TheCursedMod:LuckyCharm","floor":25},{"not_picked":["TheCursedMod:SpitefulPlan","TheCursedMod:SaltUponWound+1","TheCursedMod:Stretching"],"picked":"SKIP","floor":27},{"not_picked":["TheCursedMod:SoulCrush","TheCursedMod:CursedBlade"],"picked":"TheCursedMod:Obscuration+1","floor":28}],"player_experience":750918,"relics_obtained":[{"floor":6,"key":"Bag of Preparation"},{"floor":8,"key":"hubris:OldNail"},{"floor":9,"key":"Torii"},{"floor":15,"key":"Strawberry"},{"floor":23,"key":"Omamori"},{"floor":25,"key":"Toy Ornithopter"}],"event_choices":[{"damage_healed":0,"gold_gain":75,"player_choice":"Gather Gold","damage_taken":11,"max_hp_gain":0,"max_hp_loss":0,"event_name":"World of Goop","floor":2,"gold_loss":0},{"damage_healed":0,"gold_gain":0,"player_choice":"Gave Potion","damage_taken":0,"relics_obtained":["Onion Ring"],"max_hp_gain":0,"max_hp_loss":0,"event_name":"WeMeetAgain","floor":19,"gold_loss":0},{"damage_healed":0,"gold_gain":0,"player_choice":"Copied","damage_taken":0,"max_hp_gain":0,"max_hp_loss":0,"event_name":"Duplicator","floor":21,"gold_loss":0,"cards_obtained":["TheCursedMod:CursedRelics"]}],"is_beta":false,"boss_relics":[{"not_picked":["Snecko Heart","hubris:CrackedHourglass"],"picked":"Pandora\u0027s Box"}],"items_purged_floors":[],"is_endless":false,"potions_floor_spawned":[1,7,12,13,16,20,27,28],"killed_by":"Shelled Parasite and Fungi","ascension_level":3}}