{"host":"kx62hxkutszy5nb0","time":1613024558,"event":{"mods":["2.2 Compatiblity","AchievementEnabler","Aspiration","BaseMod","Better Altar","Better Match","Better Note","Better Sensory Stone","Better Skull","Better Third Choice","Better Vampires","CCEM2","Colored Map","Colored Powertips","Conspire","Custom Start","Dark Map","Defuse TimeMaze Blight","Displayed Cursed Tome","Downfall","Fiend Mod","Hermit","Hubris","Infinite Spire","Jorbs\u0027s Wanderer Trilogy","Koishi","Marked Mod","Minty Spire (QoL Compilation)","Prisma Mod","Relic Sorter","Relic Stats","Replay The Spire","Shade Mod","Shop Mod","Spikes Relics","StSLib","Td1madao Mod","The Alterego","The Construct","The Cursed","The Exalted","The Forsaken","The Judge","The Jungle","The Marked","TheSwordswoman","TheVacant","Uncapped","Virulent Crown","Yuri Mod","everything is the same but u backflip on backflip"],"gold_per_floor":[210,230,230,153,188,188,188,120,147,147,246,246,257,257,257,283,283,283,317,317,421,421,441,457,487,533,458,458,476,476,476],"floor_reached":69,"language":"ENG","playtime":1544,"items_purged":[],"score":1072,"play_id":"5b9cb2b0-ad54-4fd6-9fc7-1edaabe3ed30","local_time":"20210211162238","is_ascension_mode":false,"campfire_choices":[],"circlet_count":0,"master_deck":["stsjorbsmod:CULLCard","stsjorbsmod:Apparition_Cull","stsjorbsmod:Strike_Cull","stsjorbsmod:Strike_Cull","stsjorbsmod:Strike_Cull+1","stsjorbsmod:Strike_Cull","stsjorbsmod:Paralysis","stsjorbsmod:SpiritShield_Cull","stsjorbsmod:Exhale","stsjorbsmod:Withering","stsjorbsmod:Miracle_Cull","stsjorbsmod:Melt","stsjorbsmod:Cyclone","stsjorbsmod:Goosebumps","stsjorbsmod:Rebuke","stsjorbsmod:Flame","stsjorbsmod:Phantasm","stsjorbsmod:ChillTouch","stsjorbsmod:WastingForm","stsjorbsmod:RepressedMemory","stsjorbsmod:Toll","stsjorbsmod:WastingStrike+1","Poisoned Strike","Panache","stsjorbsmod:Brooding","stsjorbsmod:Mirror","stsjorbsmod:TickingCurse","stsjorbsmod:Blasphemer","stsjorbsmod:Frustration","stsjorbsmod:Miracle_Cull","stsjorbsmod:Equinox"],"relics":["stsjorbsmod:BookOfTrialsRelic","aspiration:RunicSpoon","CCEMRelics:Francisca","hubris:TenFootPole","hubris:64BitClover","champ:BerserkersGuideToSlaughter","Black Star","Fiend:BloodTotem","Koishi:BloodstainedWhiteRose","Charon\u0027s Ashes","CCEMRelics:DarkMatter","Darkstone Periapt","Du-Vu Doll","aspiration:FetidBarrel","FossilizedHelix","CCEMRelics:HeirloomTomato","CCEMRelics:IronFruit","Lee\u0027s Waffle","Lizard Tail","alterego_mod:MasochisticConstitution","Pear","Prayer Wheel","hubris:Potato","Torii","TungstenRod","CCEMRelics:WhiteRose","Pen Nib","conspire:DeflatedDodgeball","Anchor","CaptainsWheel","MealTicket","hexamod:BolsterEngine","CCEMRelics:DarkMatter","MiniBlackHole","Bottled Flame","InkBottle","White Beast Statue","Black Star","aspiration:StickyExplosives","Replay:Arrowhead","CCEMRelics:TechnogenicHelmet","infinitespire:Eraser","aspiration:VileToxins"],"acts_visited":["Exordium","TheCity","TheBeyond"],"potions_floor_usage":[20,32,46,62,66],"damage_taken":[{"damage":0,"enemies":"Small Slimes","floor":1,"turns":1},{"damage":0,"enemies":"Jaw Worm","floor":2,"turns":1},{"damage":0,"enemies":"Lagavulin","floor":6,"turns":4},{"damage":0,"enemies":"Gremlin Nob","floor":15,"turns":3},{"damage":0,"enemies":"The Guardian","floor":20,"turns":4},{"damage":0,"enemies":"Chosen","floor":26,"turns":2},{"damage":18,"enemies":"Slavers","floor":32,"turns":2},{"damage":0,"enemies":"Gremlin Leader","floor":36,"turns":3},{"damage":0,"enemies":"Champ","floor":41,"turns":3},{"damage":14,"enemies":"3 Darklings","floor":46,"turns":3},{"damage":0,"enemies":"3 Shapes","floor":50,"turns":1},{"damage":0,"enemies":"R_Hoarder","floor":52,"turns":3},{"damage":0,"enemies":"Writhing Mass","floor":62,"turns":2},{"damage":22,"enemies":"Donu and Deca","floor":66,"turns":3}],"seed_played":"-3108382995062838306","potions_obtained":[{"floor":15,"key":"Weak Potion"},{"floor":20,"key":"Swift Potion"},{"floor":36,"key":"BlessingOfTheForge"},{"floor":41,"key":"Explosive Potion"},{"floor":62,"key":"PowerPotion"}],"is_trial":true,"path_per_floor":["M","M","?","$","E","T","?","$","E","R_BF","B",null,"M","?","?","E","T","AVR","E","R","B",null,"M","M","E","T","?","?","M","R","B",null],"character_chosen":"CULL","items_purchased":["stsjorbsmod:Rebuke","stsjorbsmod:Phantasm"],"campfire_rested":0,"item_purchase_floors":[5,14],"current_hp_per_floor":[97,97,97,97,94,94,94,94,92,92,89,89,88,88,88,79,79,79,84,84,82,82,73,78,76,76,76,76,74,74,57],"gold":476,"neow_bonus":"","is_daily":false,"chose_seed":false,"campfire_upgraded":0,"win_rate":0.0,"timestamp":1613024558,"path_taken":["M","M","?","$","E","T","?","$","E","R_BF","BOSS","M","?","?","E","T","AVR","E","R","BOSS","M","M","E","T","?","?","M","R","BOSS"],"items_purchased_type":["Card","Card"],"build_version":"2020-12-22","purchased_purges":0,"victory":true,"max_hp_per_floor":[97,97,97,97,94,94,94,94,92,92,89,89,88,88,88,86,86,86,84,84,82,82,79,78,76,76,76,76,74,74,71],"relic_stats":{"Darkstone Periapt":0,"Lee\u0027s Waffle":7,"Torii":8,"counters":[14,35],"aspiration:RunicSpoon":[14],"Charon\u0027s Ashes":[239],"Pen Nib":[5],"Lizard Tail":0,"Prayer Wheel":6,"MealTicket":0,"Black Star":7,"obtain_stats":[{"Darkstone Periapt":0,"Torii":0,"Fiend:BloodTotem":0,"CCEMRelics:TechnogenicHelmet":52,"Lizard Tail":0,"MiniBlackHole":32,"Prayer Wheel":0,"MealTicket":15,"CCEMRelics:Francisca":0,"champ:BerserkersGuideToSlaughter":0,"CCEMRelics:HeirloomTomato":0,"CCEMRelics:WhiteRose":0,"infinitespire:Eraser":52,"Koishi:BloodstainedWhiteRose":0,"InkBottle":34,"aspiration:VileToxins":57,"Lee\u0027s Waffle":0,"alterego_mod:MasochisticConstitution":0,"aspiration:StickyExplosives":36,"Pear":0,"hubris:64BitClover":0,"aspiration:FetidBarrel":0,"aspiration:RunicSpoon":45,"Charon\u0027s Ashes":0,"Pen Nib":3,"White Beast Statue":35,"Replay:Arrowhead":50,"Du-Vu Doll":0,"CCEMRelics:IronFruit":0,"CCEMRelics:DarkMatter":0,"Anchor":6,"CaptainsWheel":11,"Bottled Flame":32,"stsjorbsmod:BookOfTrialsRelic":0,"hubris:TenFootPole":0,"Black Star":0,"conspire:DeflatedDodgeball":6,"hexamod:BolsterEngine":15,"FossilizedHelix":0,"hubris:Potato":0,"TungstenRod":0},{"Darkstone Periapt":0,"Torii":0,"Fiend:BloodTotem":0,"CCEMRelics:TechnogenicHelmet":12,"Lizard Tail":0,"MiniBlackHole":7,"Prayer Wheel":0,"MealTicket":4,"CCEMRelics:Francisca":0,"champ:BerserkersGuideToSlaughter":0,"CCEMRelics:HeirloomTomato":0,"CCEMRelics:WhiteRose":0,"infinitespire:Eraser":12,"Koishi:BloodstainedWhiteRose":0,"InkBottle":7,"aspiration:VileToxins":12,"Lee\u0027s Waffle":0,"alterego_mod:MasochisticConstitution":0,"aspiration:StickyExplosives":8,"Pear":0,"hubris:64BitClover":0,"aspiration:FetidBarrel":0,"aspiration:RunicSpoon":9,"Charon\u0027s Ashes":0,"Pen Nib":2,"White Beast Statue":7,"Replay:Arrowhead":11,"Du-Vu Doll":0,"CCEMRelics:IronFruit":0,"CCEMRelics:DarkMatter":0,"Anchor":3,"CaptainsWheel":3,"Bottled Flame":7,"stsjorbsmod:BookOfTrialsRelic":0,"hubris:TenFootPole":0,"Black Star":0,"conspire:DeflatedDodgeball":3,"hexamod:BolsterEngine":4,"FossilizedHelix":0,"hubris:Potato":0,"TungstenRod":0},{"Darkstone Periapt":0,"Torii":0,"Fiend:BloodTotem":0,"CCEMRelics:TechnogenicHelmet":30,"Lizard Tail":0,"MiniBlackHole":17,"Prayer Wheel":0,"MealTicket":9,"CCEMRelics:Francisca":0,"champ:BerserkersGuideToSlaughter":0,"CCEMRelics:HeirloomTomato":0,"CCEMRelics:WhiteRose":0,"infinitespire:Eraser":30,"Koishi:BloodstainedWhiteRose":0,"InkBottle":17,"aspiration:VileToxins":30,"Lee\u0027s Waffle":0,"alterego_mod:MasochisticConstitution":0,"aspiration:StickyExplosives":20,"Pear":0,"hubris:64BitClover":0,"aspiration:FetidBarrel":0,"aspiration:RunicSpoon":23,"Charon\u0027s Ashes":0,"Pen Nib":2,"White Beast Statue":17,"Replay:Arrowhead":27,"Du-Vu Doll":0,"CCEMRelics:IronFruit":0,"CCEMRelics:DarkMatter":0,"Anchor":6,"CaptainsWheel":6,"Bottled Flame":17,"stsjorbsmod:BookOfTrialsRelic":0,"hubris:TenFootPole":0,"Black Star":0,"conspire:DeflatedDodgeball":6,"hexamod:BolsterEngine":9,"FossilizedHelix":0,"hubris:Potato":0,"TungstenRod":0}],"TungstenRod":11,"InkBottle":[7]},"card_choices":[{"not_picked":["stsjorbsmod:Commune","stsjorbsmod:Brooding"],"picked":"stsjorbsmod:Miracle_Cull","floor":1},{"not_picked":["stsjorbsmod:GrimDirge","stsjorbsmod:Trouble"],"picked":"stsjorbsmod:Melt","floor":1},{"not_picked":["stsjorbsmod:BlackTentacles_Cull","stsjorbsmod:GatheringEvil"],"picked":"stsjorbsmod:Cyclone","floor":2},{"not_picked":["stsjorbsmod:FranticMind","stsjorbsmod:Shake"],"picked":"stsjorbsmod:Goosebumps","floor":2},{"not_picked":["stsjorbsmod:Commune","stsjorbsmod:Accumulation"],"picked":"stsjorbsmod:Flame","floor":6},{"not_picked":["stsjorbsmod:Discordance","stsjorbsmod:ReapAndSow"],"picked":"stsjorbsmod:ChillTouch","floor":15},{"not_picked":["stsjorbsmod:Toil","stsjorbsmod:Anxiety"],"picked":"stsjorbsmod:WastingForm","floor":20},{"not_picked":["stsjorbsmod:Feint","stsjorbsmod:Damnation"],"picked":"stsjorbsmod:Toll","floor":26},{"not_picked":["stsjorbsmod:Panic","stsjorbsmod:Poultergeist"],"picked":"stsjorbsmod:WastingStrike+1","floor":26},{"not_picked":["hubris:EnhanceAbility","Survey Options"],"picked":"Poisoned Strike","floor":30},{"not_picked":["Finesse","ReplayUltimateDefense"],"picked":"Panache","floor":30},{"not_picked":["stsjorbsmod:ReapAndSow","stsjorbsmod:Concentrate","stsjorbsmod:Cleanse"],"picked":"SKIP","floor":32},{"not_picked":["stsjorbsmod:Ritual+1","stsjorbsmod:Clarify"],"picked":"stsjorbsmod:Brooding","floor":36},{"not_picked":["stsjorbsmod:WastingForm","stsjorbsmod:Summoning"],"picked":"stsjorbsmod:Mirror","floor":41},{"not_picked":["stsjorbsmod:FindWeakness+1","stsjorbsmod:Cyclone"],"picked":"stsjorbsmod:Frustration","floor":46},{"not_picked":["stsjorbsmod:SilverStrike","stsjorbsmod:Ectoplasm_Cull+1","stsjorbsmod:Feint+1"],"picked":"SKIP","floor":46},{"not_picked":["stsjorbsmod:Haunt+1","stsjorbsmod:Strife"],"picked":"stsjorbsmod:Miracle_Cull","floor":50},{"not_picked":["stsjorbsmod:Trouble+1","stsjorbsmod:SilverStrike+1","stsjorbsmod:Panic+1"],"picked":"SKIP","floor":50},{"not_picked":["stsjorbsmod:Melt+1","stsjorbsmod:Concentrate+1","stsjorbsmod:Cyclone"],"picked":"SKIP","floor":52},{"not_picked":["stsjorbsmod:Rebuke","stsjorbsmod:Apparate"],"picked":"stsjorbsmod:Equinox","floor":58},{"not_picked":["stsjorbsmod:Strife+1","stsjorbsmod:Brooding","stsjorbsmod:FranticMind"],"picked":"SKIP","floor":62},{"not_picked":["stsjorbsmod:Commune+1","stsjorbsmod:SilverStrike","stsjorbsmod:BlackTentacles_Cull+1"],"picked":"SKIP","floor":62}],"player_experience":764494,"relics_obtained":[{"floor":3,"key":"Pen Nib"},{"floor":6,"key":"conspire:DeflatedDodgeball"},{"floor":6,"key":"Anchor"},{"floor":11,"key":"CaptainsWheel"},{"floor":15,"key":"MealTicket"},{"floor":15,"key":"hexamod:BolsterEngine"},{"floor":32,"key":"MiniBlackHole"},{"floor":32,"key":"Bottled Flame"},{"floor":34,"key":"InkBottle"},{"floor":36,"key":"aspiration:StickyExplosives"},{"floor":50,"key":"Replay:Arrowhead"},{"floor":52,"key":"CCEMRelics:TechnogenicHelmet"},{"floor":52,"key":"infinitespire:Eraser"},{"floor":57,"key":"aspiration:VileToxins"}],"event_choices":[{"damage_healed":0,"gold_gain":0,"player_choice":"Leave","damage_taken":0,"max_hp_gain":0,"max_hp_loss":0,"event_name":"The Cleric","floor":12,"gold_loss":0},{"damage_healed":0,"gold_gain":0,"player_choice":"Ignored","damage_taken":0,"max_hp_gain":0,"max_hp_loss":0,"event_name":"betterNote:BetterNote","floor":28,"gold_loss":0,"cards_obtained":["alterego_mod:TrickOrTreatment"]},{"damage_healed":0,"gold_gain":2,"player_choice":"1","damage_taken":0,"max_hp_gain":0,"max_hp_loss":0,"event_name":"betterStone:BetterStone","floor":30,"gold_loss":0},{"damage_healed":0,"gold_gain":0,"player_choice":"1","damage_taken":0,"max_hp_gain":0,"max_hp_loss":0,"event_name":"betterMatch:BetterMatch","floor":58,"gold_loss":0,"cards_obtained":["betterMatch:CommonCard","betterMatch:UncommonCard"]},{"damage_healed":0,"gold_gain":0,"player_choice":"Leave","damage_taken":0,"max_hp_gain":0,"max_hp_loss":0,"event_name":"conspire:Investor","floor":60,"gold_loss":0}],"is_beta":false,"boss_relics":[{"not_picked":["Abe\u0027s Treasure","Painkiller Herb"],"picked":"CCEMRelics:DarkMatter"},{"not_picked":["Bromod:ArcaneBarrier","CCEMRelics:ExpiredCReal"],"picked":"aspiration:RunicSpoon"}],"items_purged_floors":[],"is_endless":false,"potions_floor_spawned":[15,20,36,41,46,50,52,62],"ascension_level":0}}