{"host":"aas8f8jvicx6tcxp","time":1613045781,"event":{"mods":["BaseMod","Better Third Choice","BetterRewards","Downfall","Minty Spire (QoL Compilation)","Shop Mod","StSLib","The Construct"],"gold_per_floor":[0,12,27,27,43,58,109,126,126,142,155,167,267,297,316,418,418,418,432,59,59,73,99,99,99,99,99],"floor_reached":25,"language":"ENG","playtime":1994,"items_purged":[],"score":217,"play_id":"2580273e-094c-430b-99e0-7353f5ee1f50","local_time":"20210211061621","is_ascension_mode":false,"campfire_choices":[{"data":"hexamod:Incineration","floor":1.0,"key":"SMITH"},{"data":"hexamod:ExtraCrispy","floor":9.0,"key":"SMITH"},{"data":"hexamod:VolcanoVisage","floor":18.0,"key":"SMITH"}],"circlet_count":0,"master_deck":["hexamod:Strike","hexamod:Strike","hexamod:Strike","hexamod:Defend","hexamod:Defend","hexamod:Defend","hexamod:Sear","hexamod:Float","hexamod:Incineration+1","hexamod:TurnItUp","hexamod:FlamesFromBeyond","hexamod:ExtraCrispy+1","hexamod:FourthSeal","hexamod:PhantomFireball","hexamod:RadiantFlame","hexamod:TimeOfNeed","hexamod:Hexaguard","hexamod:VolcanoVisage+1","hexamod:HeatMetal","hexamod:WildfireWeapon","expansioncontent:DashGenerateEvil","hexamod:DynamicBlow","hexamod:NightmareGuise+1"],"relics":["hexamod:SpiritBrand","Ancient Tea Set","construct:ClawGrip","Strawberry","hexamod:MatchstickCase","Singing Bowl","Bronze Scales"],"acts_visited":["Exordium","TheCity"],"potions_floor_usage":[23,23,25],"damage_taken":[{"damage":1.0,"enemies":"Cultist","floor":2.0,"turns":3.0},{"damage":11.0,"enemies":"Jaw Worm","floor":3.0,"turns":3.0},{"damage":0.0,"enemies":"Small Slimes","floor":5.0,"turns":3.0},{"damage":3.0,"enemies":"2 Fungi Beasts","floor":6.0,"turns":3.0},{"damage":1.0,"enemies":"Large Slime","floor":8.0,"turns":3.0},{"damage":2.0,"enemies":"2 Fungi Beasts","floor":10.0,"turns":3.0},{"damage":13.0,"enemies":"Red Slaver","floor":11.0,"turns":3.0},{"damage":0.0,"enemies":"Large Slime","floor":12.0,"turns":4.0},{"damage":7.0,"enemies":"Blue Slaver","floor":15.0,"turns":3.0},{"damage":7.0,"enemies":"SI_SHIV_ARCHETYPE","floor":16.0,"turns":6.0},{"damage":13.0,"enemies":"3 Byrds","floor":19.0,"turns":4.0},{"damage":0.0,"enemies":"downfall:FleeingMerchant","floor":20.0,"turns":4.0},{"damage":1.0,"enemies":"Cultist and Chosen","floor":22.0,"turns":4.0},{"damage":48,"enemies":"Gremlin Leader","floor":23,"turns":6},{"damage":20,"enemies":"Sentry and Sphere","floor":25,"turns":3}],"seed_played":"-5833691596147034928","potions_obtained":[{"floor":2.0,"key":"Dexterity Potion"},{"floor":3.0,"key":"Dexterity Potion"},{"floor":4.0,"key":"Fire Potion"},{"floor":4.0,"key":"Fruit Juice"},{"floor":4.0,"key":"hexamod:EctoCoolerPotion"},{"floor":8.0,"key":"Energy Potion"},{"floor":10.0,"key":"Ancient Potion"},{"floor":19.0,"key":"DuplicationPotion"},{"floor":20.0,"key":"DuplicationPotion"},{"floor":22,"key":"DuplicationPotion"},{"floor":23,"key":"Energy Potion"},{"floor":23,"key":"bronze:BurnAndBuffPotion"}],"is_trial":false,"path_per_floor":["R","M","M","?","M","M","T","M","R","M","M","M","?","?","M","B",null,"R","M","$","?","M","E","T","M"],"character_chosen":"THE_SPIRIT","items_purchased":["Strawberry","expansioncontent:DashGenerateEvil","hexamod:DynamicBlow"],"campfire_rested":0,"item_purchase_floors":[20,20,20],"current_hp_per_floor":[70,69,58,63,63,60,60,59,59,57,44,44,44,44,37,30,75,75,62,69,69,68,20,20,0,0,0],"gold":99,"neow_bonus":"TRANSFORM_TWO_CARDS","is_daily":false,"chose_seed":false,"campfire_upgraded":3,"win_rate":0.0,"timestamp":1613045781,"path_taken":["R","M","?","?","?","M","T","M","R","M","M","M","?","?","M","BOSS","R","M","$","?","M","E","T","M"],"items_purchased_type":["Relic","Card","Card"],"build_version":"2020-12-22","purchased_purges":0,"victory":false,"max_hp_per_floor":[70,70,70,75,75,75,75,75,75,75,75,75,75,75,75,75,75,75,75,82,82,82,82,82,82,82,82],"card_choices":[{"not_picked":["hexamod:RadiantFlame","hexamod:NightmareStrike"],"picked":"hexamod:FlamesFromBeyond","floor":2.0},{"not_picked":["hexamod:BacktrackSmack","hexamod:FastForward","hexamod:GhostLash"],"picked":"SKIP","floor":3.0},{"not_picked":["hexamod:SwordOfDarkness","hexamod:RetreatToShadows","hexamod:NightmareStrike"],"picked":"SKIP","floor":5.0},{"not_picked":["hexamod:Haunt","hexamod:GhostShield"],"picked":"hexamod:ExtraCrispy","floor":6.0},{"not_picked":["hexamod:SpectersWail","hexamod:NightmareStrike"],"picked":"hexamod:FourthSeal","floor":8.0},{"not_picked":["hexamod:Firestarter","hexamod:ShieldOfDarkness"],"picked":"hexamod:PhantomFireball","floor":10.0},{"not_picked":["hexamod:SkipABeat","hexamod:HauntingEcho"],"picked":"hexamod:RadiantFlame","floor":11.0},{"not_picked":["hexamod:HauntingEcho","hexamod:NightmareStrike"],"picked":"hexamod:TimeOfNeed","floor":12.0},{"not_picked":["hexamod:SwordOfDarkness","hexamod:BacktrackSmack"],"picked":"hexamod:Hexaguard","floor":15.0},{"not_picked":["hexamod:UnlimitedPower","hexamod:UnleashSpirits"],"picked":"hexamod:VolcanoVisage","floor":16.0},{"not_picked":["hexamod:HauntingEcho","hexamod:GhostShield"],"picked":"hexamod:HeatMetal","floor":19.0},{"not_picked":["hexamod:FlamesFromBeyond","hexamod:GhostLash+1"],"picked":"hexamod:WildfireWeapon","floor":20.0},{"not_picked":["hexamod:RadiantFlame","hexamod:PhantomCloak+1","hexamod:SpectersWail"],"picked":"SKIP","floor":22},{"not_picked":["hexamod:RainOfEmbers+1","hexamod:HeatCrush"],"picked":"hexamod:NightmareGuise+1","floor":23}],"player_experience":327541,"relics_obtained":[{"floor":7.0,"key":"Ancient Tea Set"},{"floor":23,"key":"Singing Bowl"},{"floor":24,"key":"Bronze Scales"}],"event_choices":[{"damage_healed":0.0,"max_hp_gain":0.0,"max_hp_loss":0.0,"gold_gain":0.0,"event_name":"Lab","player_choice":"Got Potions","floor":4.0,"gold_loss":0.0,"damage_taken":0.0}],"is_beta":false,"boss_relics":[{"not_picked":["Philosopher\u0027s Stone","Runic Dome"],"picked":"construct:ClawGrip"}],"items_purged_floors":[],"is_endless":false,"potions_floor_spawned":[2,3,8,10,11,12,22,23],"killed_by":"Sentry and Sphere","ascension_level":0}}