{"host":"jpzdg3po3tjxdjri","time":1613042098,"event":{"mods":["BaseMod","Better Third Choice","Colored Map","Colored Powertips","Minty Spire (QoL Compilation)","StSLib"],"gold_per_floor":[161,161,180,355,368,368,72,103,128,158,158,202,202,49,49,170,170,190,190,205,205,218,218,218],"floor_reached":23,"language":"ENG","playtime":731,"items_purged":["Doubt"],"score":270,"play_id":"e91acabd-3c7b-4d61-b144-f5dcaecfdf4e","local_time":"20210211111458","is_ascension_mode":true,"campfire_choices":[{"data":"Zap","floor":6,"key":"SMITH"},{"data":"Defragment","floor":15,"key":"SMITH"}],"circlet_count":0,"master_deck":["Strike_B","Strike_B","Strike_B","Strike_B","Defend_B","Defend_B+1","Defend_B","Defend_B","Zap+1","Dualcast","Sweeping Beam","Doom and Gloom","Ball Lightning","Sweeping Beam","Seek","BootSequence","Injury","Leap","Defragment+1","Creative AI","Leap","Chill","Static Discharge"],"relics":["Tiny House","Torii","Lantern","Gambling Chip","Golden Idol","HornCleat","SlaversCollar"],"acts_visited":["Exordium","TheCity"],"potions_floor_usage":[10],"damage_taken":[{"damage":5,"enemies":"2 Louse","floor":1,"turns":3},{"damage":0,"enemies":"Cultist","floor":3,"turns":4},{"damage":5,"enemies":"Jaw Worm","floor":5,"turns":4},{"damage":35,"enemies":"Gremlin Nob","floor":8,"turns":5},{"damage":4,"enemies":"3 Sentries","floor":10,"turns":5},{"damage":20,"enemies":"Gremlin Nob","floor":12,"turns":4},{"damage":0,"enemies":"Slime Boss","floor":16,"turns":7},{"damage":24,"enemies":"Shell Parasite","floor":18,"turns":5},{"damage":22,"enemies":"Spheric Guardian","floor":20,"turns":6},{"damage":8,"enemies":"Snecko","floor":22,"turns":6},{"damage":30,"enemies":"Slavers","floor":23,"turns":5}],"seed_played":"3492556512811346732","potions_obtained":[{"floor":0,"key":"DistilledChaos"},{"floor":5,"key":"ColorlessPotion"},{"floor":8,"key":"Regen Potion"},{"floor":12,"key":"Ancient Potion"},{"floor":16,"key":"CultistPotion"}],"is_trial":false,"path_per_floor":["M","?","M","?","M","R","$","E","T","E","?","E","?","$","R","B",null,"M","?","M","?","M","E"],"character_chosen":"DEFECT","items_purchased":["Torii","Defragment"],"campfire_rested":0,"item_purchase_floors":[7,14],"current_hp_per_floor":[75,75,75,75,70,70,70,35,35,45,45,25,51,51,51,51,80,56,56,34,34,26,0,0],"gold":218,"neow_bonus":"BOSS_RELIC","is_daily":false,"chose_seed":false,"campfire_upgraded":2,"win_rate":0.0,"timestamp":1613042098,"path_taken":["M","?","?","?","M","R","?","E","T","E","?","E","?","$","R","BOSS","M","?","M","?","M","E"],"items_purchased_type":["Relic","Card"],"build_version":"2020-12-22","purchased_purges":1,"victory":false,"max_hp_per_floor":[80,80,80,80,80,80,80,80,80,80,80,80,80,80,80,80,80,80,80,80,80,80,80,80],"card_choices":[{"not_picked":["Go for the Eyes","Double Energy"],"picked":"Sweeping Beam","floor":0},{"not_picked":["Hello World","White Noise"],"picked":"Doom and Gloom","floor":1},{"not_picked":["Tempest","Cold Snap"],"picked":"Ball Lightning","floor":3},{"not_picked":["Redo","Force Field"],"picked":"Sweeping Beam","floor":5},{"not_picked":["Redo","Blizzard"],"picked":"Seek","floor":8},{"not_picked":["Hologram","Fusion"],"picked":"BootSequence","floor":10},{"not_picked":["Sweeping Beam","Undo"],"picked":"Leap","floor":12},{"not_picked":["Hyperbeam","Biased Cognition"],"picked":"Creative AI","floor":16},{"not_picked":["Reinforced Body","Fusion"],"picked":"Leap","floor":18},{"not_picked":["Steam","Barrage"],"picked":"Chill","floor":20},{"not_picked":["Go for the Eyes","Rebound"],"picked":"Static Discharge","floor":22}],"player_experience":894057,"relics_obtained":[{"floor":8,"key":"Lantern"},{"floor":10,"key":"Gambling Chip"},{"floor":12,"key":"HornCleat"}],"event_choices":[{"damage_healed":0,"gold_gain":0,"player_choice":"Bought 0 Potions","damage_taken":0,"max_hp_gain":0,"max_hp_loss":0,"event_name":"The Woman in Blue","floor":2,"gold_loss":0},{"damage_healed":0,"gold_gain":175,"player_choice":"AGREE","damage_taken":180,"max_hp_gain":0,"max_hp_loss":0,"event_name":"betterThird:BetterSerpent","floor":4,"gold_loss":0},{"damage_healed":0,"gold_gain":0,"player_choice":"Take Wound","damage_taken":0,"relics_obtained":["Golden Idol"],"max_hp_gain":0,"max_hp_loss":0,"event_name":"Golden Idol","floor":11,"gold_loss":0,"cards_obtained":["Injury"]},{"damage_healed":26,"gold_gain":0,"player_choice":"Banana","damage_taken":0,"max_hp_gain":0,"max_hp_loss":0,"event_name":"Big Fish","floor":13,"gold_loss":0},{"damage_healed":0,"gold_gain":0,"player_choice":"Ignored","damage_taken":0,"max_hp_gain":0,"max_hp_loss":0,"event_name":"Vampires","floor":19,"gold_loss":0},{"damage_healed":0,"gold_gain":0,"player_choice":"Ignored","damage_taken":0,"max_hp_gain":0,"max_hp_loss":0,"event_name":"Ghosts","floor":21,"gold_loss":0}],"is_beta":false,"boss_relics":[{"not_picked":["Ectoplasm","Fusion Hammer"],"picked":"SlaversCollar"}],"items_purged_floors":[14],"is_endless":false,"potions_floor_spawned":[5,8,12,16,18,20],"killed_by":"Slavers","ascension_level":1}}