{"host":"ji2m2homzj81ljx9","time":1613059134,"event":{"mods":["BaseMod","Bossed Relics","Colored Map","Colored Powertips","Downfall","Infinite Spire","Minty Spire (QoL Compilation)","Quick Restart","Relic Stats","Remove Card Discount Mod","Replay The Spire","Shop Mod","StSLib"],"gold_per_floor":[366,366,378,217,317,317,331,345,372,390,409,103,103,103,103],"floor_reached":14,"language":"ENG","playtime":335,"items_purged":["Regret","Slimebound:Tackle","Slimebound:Strike_Slimebound","Armaments"],"score":82,"play_id":"ffe9f021-8f1b-447f-80c2-45a7be52638c","local_time":"20210211175854","is_ascension_mode":false,"campfire_choices":[{"data":"Bash","floor":6.0,"key":"SMITH"}],"circlet_count":0,"master_deck":["Strike_R","Strike_R","Strike_R","Strike_R","Strike_R","Defend_R","Defend_R","Defend_R","Defend_R","Bash+1","Entrench","Entrench"],"relics":["Burning Blood","Regal Pillow","MerchantsRug","ReplayFunnel","Shuriken"],"acts_visited":["Exordium"],"potions_floor_usage":[14,14],"damage_taken":[{"damage":3.0,"enemies":"Small Slimes","floor":1.0,"turns":2.0},{"damage":20.0,"enemies":"Jaw Worm","floor":3.0,"turns":4.0},{"damage":6.0,"enemies":"Cultist","floor":7.0,"turns":3.0},{"damage":13.0,"enemies":"Large Slime","floor":8.0,"turns":6.0},{"damage":19.0,"enemies":"Blue Slaver","floor":10.0,"turns":4.0},{"damage":11.0,"enemies":"2 Fungi Beasts","floor":11.0,"turns":4.0},{"damage":50,"enemies":"Lagavulin","floor":14,"turns":6}],"seed_played":"-4597149624837913255","potions_obtained":[{"floor":1.0,"key":"FearPotion"},{"floor":3.0,"key":"Elixir"}],"is_trial":false,"path_per_floor":["M","?","M","$","?","R","M","M","T","M","M","$","?","E"],"character_chosen":"IRONCLAD","items_purchased":["MerchantsRug","Shuriken","Entrench"],"campfire_rested":0,"item_purchase_floors":[4,12,12],"current_hp_per_floor":[80,80,66,66,66,66,66,59,59,46,41,41,41,0,0],"gold":103,"neow_bonus":"TWO_FIFTY_GOLD","is_daily":false,"chose_seed":false,"campfire_upgraded":1,"win_rate":0.0,"timestamp":1613059134,"path_taken":["M","?","M","$","?","R","M","M","T","M","?","$","?","E"],"items_purchased_type":["Relic","Relic","Card"],"build_version":"2020-12-22","purchased_purges":4,"victory":false,"max_hp_per_floor":[80,80,80,80,80,80,80,80,80,80,80,80,80,80,80],"relic_stats":{"Regal Pillow":0,"counters":[7,29],"Shuriken":[2],"obtain_stats":[{"ReplayFunnel":9,"MerchantsRug":4,"Regal Pillow":2,"Shuriken":12,"Burning Blood":0},{"ReplayFunnel":4,"MerchantsRug":2,"Regal Pillow":1,"Shuriken":6,"Burning Blood":0},{"ReplayFunnel":15,"MerchantsRug":6,"Regal Pillow":2,"Shuriken":23,"Burning Blood":0}],"Burning Blood":33},"card_choices":[{"not_picked":["Clothesline","Abandon","Massacre"],"picked":"SKIP","floor":1.0},{"not_picked":["Clash","Fire Breathing","Iron Wave"],"picked":"SKIP","floor":3.0},{"not_picked":["infinitespire:OneForAll","ReplayTheSpireMod:Stacked","Armaments"],"picked":"SKIP","floor":7.0},{"not_picked":["Heavy Blade","Double Tap","Hemokinesis"],"picked":"SKIP","floor":8.0},{"not_picked":["Clash","Perfected Strike","Dual Wield"],"picked":"SKIP","floor":10.0},{"not_picked":["Warcry","Rupture"],"picked":"Armaments","floor":11.0}],"player_experience":1133758,"relics_obtained":[{"floor":9.0,"key":"ReplayFunnel"}],"event_choices":[{"damage_healed":0.0,"max_hp_gain":0.0,"max_hp_loss":0.0,"gold_gain":0.0,"event_name":"Big Fish","player_choice":"Box","floor":2.0,"gold_loss":0.0,"damage_taken":0.0,"relics_obtained":["Regal Pillow"],"cards_obtained":["Regret"]},{"damage_healed":0.0,"max_hp_gain":0.0,"max_hp_loss":0.0,"gold_gain":100.0,"event_name":"Wheel of Change","player_choice":"Gold","floor":5.0,"gold_loss":0.0,"damage_taken":0.0}],"is_beta":false,"boss_relics":[],"items_purged_floors":[4,4,4,12],"is_endless":false,"potions_floor_spawned":[1,3],"killed_by":"Lagavulin","ascension_level":0}}