{"host":"plbsiuh3vwan8ocg","time":1613003631,"event":{"mods":["BaseMod","Downfall","Minty Spire (QoL Compilation)","Quick Restart","StSLib"],"gold_per_floor":[0,17,17,17,35,35,35,35,55,83,83,96,114,149,159,259,259,59,75,60,72,72,172,196,211,34,48,48,66,66,66,81,181,181,181,194,248,248,248,248,248,132,32,51,51,70,70,87,107,107,107,142,66,66,66,66],"floor_reached":57,"language":"ENG","playtime":5225,"items_purged":[],"score":1289,"play_id":"9f2df3f6-3679-449a-9f2d-9ef113496db3","local_time":"20210210193351","is_ascension_mode":false,"campfire_choices":[{"floor":1.0,"key":"RECALL"},{"data":"champ:ArenaPreparation","floor":6.0,"key":"SMITH"},{"data":"champ:Execute","floor":8.0,"key":"SMITH"},{"floor":11.0,"key":"REST"},{"data":"1","floor":18.0,"key":"LIFT"},{"floor":28.0,"key":"REST"},{"data":"2","floor":30.0,"key":"LIFT"},{"data":"3","floor":35.0,"key":"LIFT"},{"floor":40.0,"key":"REST"},{"floor":43.0,"key":"REST"},{"floor":47.0,"key":"REST"},{"floor":54.0,"key":"REST"}],"circlet_count":0,"master_deck":["champ:Defend","champ:Defend","champ:Defend","champ:Execute+1","champ:Taunt","champ:Endure","champ:ArenaPreparation+1","champ:PreciseThrust","champ:HeavySlash","champ:StanceDance","champ:BringItOn","champ:Improvising","champ:Circumvent","champ:VampiricStrike","champ:ShieldWall","champ:FlashCut","champ:CrownThrow+1","Bite","Bite","Bite","Bite","Bite","champ:AdrenalArmor","champ:IronFortress+1","champ:DeathBlow","expansioncontent:DashGenerateEvil","champ:GutPunch+1","champ:SetATrap+1","champ:RapidStrikes","champ:TripleStrike","CurseOfTheBell","champ:DefensiveShout","champ:DefensiveStyle+1","champ:EnGarde+1","champ:Lariat+1","champ:ShieldWall","champ:EnragedBash+1","champ:SetATrap","champ:AdrenalArmor"],"relics":["champ:ChampionCrown","StoneCalendar","champ:LiftRelic","Boot","Bottled Lightning","Girya","Fusion Hammer","downfall:HeartBlessingRed","downfall:HeartBlessingGreen","champ:BlackKnightHelmet","Letter Opener","Strawberry","champ:FightingForDummies","Calling Bell","Ancient Tea Set","Molten Egg 2","Calipers","Gambling Chip","FossilizedHelix","Blue Candle","Ginger","Toolbox","downfall:HeartBlessingBlue","Bag of Marbles"],"acts_visited":["Exordium","TheCity","TheBeyond","TheEnding"],"potions_floor_usage":[],"damage_taken":[{"damage":12.0,"enemies":"Jaw Worm","floor":2.0,"turns":7.0},{"damage":20.0,"enemies":"Cultist","floor":5.0,"turns":4.0},{"damage":25.0,"enemies":"Small Slimes","floor":9.0,"turns":3.0},{"damage":49.0,"enemies":"Gremlin Nob","floor":10.0,"turns":5.0},{"damage":45.0,"enemies":"Large Slime","floor":12.0,"turns":6.0},{"damage":10.0,"enemies":"3 Louse","floor":13.0,"turns":2.0},{"damage":22.0,"enemies":"3 Sentries","floor":14.0,"turns":6.0},{"damage":22.0,"enemies":"Blue Slaver","floor":15.0,"turns":3.0},{"damage":28.0,"enemies":"IC_STATUS_ARCHETYPE","floor":16.0,"turns":7.0},{"damage":0.0,"enemies":"3 Byrds","floor":19.0,"turns":4.0},{"damage":15.0,"enemies":"downfall:FleeingMerchant","floor":20.0,"turns":4.0},{"damage":20.0,"enemies":"Shell Parasite","floor":21.0,"turns":3.0},{"damage":71.0,"enemies":"Shell Parasite","floor":23.0,"turns":7.0},{"damage":0.0,"enemies":"Snecko","floor":25.0,"turns":4.0},{"damage":5.0,"enemies":"downfall:FleeingMerchant","floor":26.0,"turns":4.0},{"damage":37.0,"enemies":"Shelled Parasite and Fungi","floor":27.0,"turns":4.0},{"damage":50.0,"enemies":"Snake Plant","floor":29.0,"turns":5.0},{"damage":0.0,"enemies":"Snecko","floor":32.0,"turns":3.0},{"damage":25.0,"enemies":"SI_MIRROR_ARCHETYPE","floor":33.0,"turns":6.0},{"damage":3.0,"enemies":"3 Darklings","floor":36.0,"turns":6.0},{"damage":25.0,"enemies":"2 Orb Walkers","floor":37.0,"turns":3.0},{"damage":21.0,"enemies":"downfall:FleeingMerchant","floor":42.0,"turns":3.0},{"damage":0.0,"enemies":"Orb Walker","floor":44.0,"turns":1.0},{"damage":7.0,"enemies":"4 Shapes","floor":46.0,"turns":5.0},{"damage":0.0,"enemies":"Jaw Worm Horde","floor":48.0,"turns":2.0},{"damage":15.0,"enemies":"Spire Growth","floor":49.0,"turns":3.0},{"damage":60.0,"enemies":"WA_ARCHETYPE_DIVINITY","floor":50.0,"turns":8.0},{"damage":52.0,"enemies":"downfall:CharBossMerchant","floor":52.0,"turns":10.0},{"damage":74.0,"enemies":"downfall:NeowBoss","floor":55.0,"turns":11.0},{"damage":69,"enemies":"downfall:NeowBossFinal","floor":56,"turns":10}],"seed_played":"-4190962133920157669","potions_obtained":[{"floor":5.0,"key":"sneckomod:MuddlingPotion"},{"floor":13.0,"key":"sneckomod:MuddlingPotion"},{"floor":15.0,"key":"ColorlessPotion"},{"floor":19.0,"key":"Strength Potion"},{"floor":23.0,"key":"SkillPotion"},{"floor":27.0,"key":"GamblersBrew"},{"floor":33.0,"key":"sneckomod:MuddlingPotion"},{"floor":36.0,"key":"bronze:BurnAndBuffPotion"},{"floor":37.0,"key":"bronze:BurnAndBuffPotion"},{"floor":46.0,"key":"Block Potion"},{"floor":52.0,"key":"ColorlessPotion"}],"is_trial":false,"path_per_floor":["R","M","?","?","M","R","T","R","M","E","R","M","M","E","M","B",null,"R","M","$","M","?","?","T","M","$","M","R","M","R","?","M","B",null,"R","M","?","?","?","R","T","$","R","M","$","M","R","M","M","B",null,"E","$","R","B","B",null],"character_chosen":"THE_CHAMP","items_purchased":["expansioncontent:DashGenerateEvil","Ginger","Toolbox","Strength Potion","champ:AdrenalArmor"],"campfire_rested":6,"item_purchase_floors":[26,42,42,53,53],"current_hp_per_floor":[90,83,83,83,83,83,83,83,83,49,76,76,76,74,72,69,90,90,90,90,90,62,15,22,28,36,33,53,59,59,59,63,69,69,69,69,69,69,64,69,69,69,79,79,79,79,79,79,79,79,79,53,53,76,79,67],"gold":66,"neow_bonus":"ONE_RARE_RELIC","is_daily":false,"chose_seed":false,"campfire_upgraded":2,"win_rate":0.0,"timestamp":1613003631,"path_taken":["R","M","?","?","M","R","T","R","M","E","R","M","M","E","M","BOSS","R","?","$","M","?","?","T","M","$","M","R","M","R","?","M","BOSS","R","M","?","?","?","R","T","?","R","M","?","M","R","M","M","BOSS","E","$","R","BOSS","BOSS"],"items_purchased_type":["Card","Relic","Relic","Potion","Card"],"build_version":"2020-12-22","purchased_purges":0,"victory":true,"max_hp_per_floor":[90,90,90,90,90,90,90,90,90,90,90,90,90,90,90,90,90,90,90,90,90,62,62,69,69,69,69,69,69,69,69,69,69,69,69,69,69,69,69,69,69,69,79,79,79,79,79,79,79,79,79,79,79,79,79,79],"card_choices":[{"not_picked":["champ:CrownThrow","champ:StanceDance"],"picked":"champ:Endure","floor":2.0},{"not_picked":["champ:EnragedBash","champ:Backstep"],"picked":"champ:ArenaPreparation","floor":5.0},{"not_picked":["champ:Lariat","champ:HeartStrike"],"picked":"champ:PreciseThrust","floor":9.0},{"not_picked":["champ:BringItOn","champ:GutPunch"],"picked":"champ:HeavySlash","floor":10.0},{"not_picked":["champ:Haymaker","champ:PerfectedStrike"],"picked":"champ:StanceDance","floor":12.0},{"not_picked":["champ:TornadoPunch","champ:BerserkersShout"],"picked":"champ:BringItOn","floor":13.0},{"not_picked":["champ:Circumvent","champ:CrownThrow"],"picked":"champ:Improvising","floor":14.0},{"not_picked":["champ:DefensiveShout","champ:PreciseThrust"],"picked":"champ:Circumvent","floor":15.0},{"not_picked":["champ:DancingMaster","champ:SteelEdge"],"picked":"champ:VampiricStrike","floor":16.0},{"not_picked":["champ:DefensiveShout","champ:Shatter"],"picked":"champ:ShieldWall","floor":19.0},{"not_picked":["champ:BerserkersShout+1","champ:Endure"],"picked":"champ:FlashCut","floor":20.0},{"not_picked":["champ:EnragedBash","champ:PerfectedStrike"],"picked":"champ:CrownThrow+1","floor":21.0},{"not_picked":["champ:BringItOn","champ:CrownThrow"],"picked":"champ:AdrenalArmor","floor":23.0},{"not_picked":["champ:BerserkersShout+1","champ:HeartStrike+1"],"picked":"champ:IronFortress+1","floor":25.0},{"not_picked":["champ:Lariat","champ:IgnorePain"],"picked":"champ:DeathBlow","floor":26.0},{"not_picked":["champ:Haymaker+1","champ:AdrenalArmor"],"picked":"champ:GutPunch+1","floor":27.0},{"not_picked":["champ:Backstep","champ:RisingSlash+1"],"picked":"champ:SetATrap+1","floor":29.0},{"not_picked":["champ:BringItOn+1","champ:PerfectedStrike"],"picked":"champ:RapidStrikes","floor":32.0},{"not_picked":["champ:ShieldThrow","champ:VampiricStrike"],"picked":"champ:TripleStrike","floor":33.0},{"not_picked":["champ:BladeFlurry+1","champ:PreciseThrust+1"],"picked":"champ:DefensiveShout","floor":36.0},{"not_picked":["champ:DancingMaster","champ:FlashCut+1"],"picked":"champ:DefensiveStyle+1","floor":42.0},{"not_picked":["champ:Shatter+1","champ:Backstep"],"picked":"champ:EnGarde+1","floor":44.0},{"not_picked":["champ:Duel+1","champ:BerserkersShout+1"],"picked":"champ:Lariat+1","floor":46.0},{"not_picked":["champ:Shatter+1","champ:IronFortress+1"],"picked":"champ:ShieldWall","floor":48.0},{"not_picked":["champ:DefensiveStyle+1","champ:HeartStrike+1"],"picked":"champ:EnragedBash+1","floor":49.0},{"not_picked":["champ:ShieldWall","champ:GladiatorStyle"],"picked":"champ:SetATrap","floor":52.0}],"player_experience":530186,"relics_obtained":[{"floor":7.0,"key":"Boot"},{"floor":10.0,"key":"Bottled Lightning"},{"floor":14.0,"key":"Girya"},{"floor":23.0,"key":"champ:BlackKnightHelmet"},{"floor":23.0,"key":"Letter Opener"},{"floor":24.0,"key":"Strawberry"},{"floor":34.0,"key":"Ancient Tea Set"},{"floor":34.0,"key":"Molten Egg 2"},{"floor":34.0,"key":"Calipers"},{"floor":37.0,"key":"Gambling Chip"},{"floor":38.0,"key":"FossilizedHelix"},{"floor":52.0,"key":"Bag of Marbles"}],"event_choices":[{"damage_healed":0.0,"max_hp_gain":0.0,"max_hp_loss":28.0,"gold_gain":0.0,"event_name":"Vampires","player_choice":"Became a vampire","floor":22.0,"gold_loss":0.0,"damage_taken":0.0,"cards_obtained":["Bite","Bite","Bite","Bite","Bite"]},{"damage_healed":0.0,"max_hp_gain":0.0,"max_hp_loss":0.0,"gold_gain":0.0,"event_name":"Mysterious Sphere","player_choice":"Fight","floor":37.0,"gold_loss":0.0,"damage_taken":0.0}],"is_beta":false,"boss_relics":[{"not_picked":["Philosopher\u0027s Stone","Snecko Eye"],"picked":"Fusion Hammer"},{"not_picked":["Velvet Choker","Pandora\u0027s Box"],"picked":"Calling Bell"}],"items_purged_floors":[],"is_endless":false,"potions_floor_spawned":[5,13,15,19,23,27,33,36,37,46,52],"ascension_level":0}}