{"host":"2yqfi47fogfu1ic4","time":1613081026,"event":{"mods":["AchievementEnabler","BaseMod","Colored Map","Colored Powertips","Highlight Path","Minty Spire (QoL Compilation)","Permanent Neow","Relic Stats","StSLib"],"gold_per_floor":[117,131,406,420,8,33,33,68,140,174,174,192,212,238,238,312,312,328,43,61,78,88,88,120,120,143,143,172,188,216,236,236,312,312,325,340,351,364,208,243,243,270,270,289,289,308,308,328,328,328,328,328,328,14,49,49],"floor_reached":57,"language":"DEU","playtime":4390,"items_purged":["Regret","All Out Attack"],"score":3137,"play_id":"e687f9e9-cc1a-44bd-96ec-9a3a60bef287","local_time":"20210211230346","is_ascension_mode":true,"campfire_choices":[{"data":"Blade Dance","floor":7.0,"key":"SMITH"},{"data":"Terror","floor":11.0,"key":"SMITH"},{"data":"Cloak And Dagger","floor":15.0,"key":"SMITH"},{"data":"Leg Sweep","floor":23.0,"key":"SMITH"},{"data":"Blade Dance","floor":25.0,"key":"SMITH"},{"data":"Neutralize","floor":27.0,"key":"SMITH"},{"data":"Acrobatics","floor":32,"key":"SMITH"},{"floor":41,"key":"RECALL"},{"data":"Sucker Punch","floor":49,"key":"SMITH"},{"floor":53,"key":"REST"}],"circlet_count":0,"master_deck":["AscendersBane","Survivor","Neutralize+1","Poisoned Stab","Blade Dance+1","Cloak And Dagger+1","Terror+1","Blade Dance+1","Leg Sweep+1","Acrobatics+1","Corpse Explosion","Masterful Stab","Cloak And Dagger+1","PiercingWail+1","Calculated Gamble+1","Crippling Poison+1","Venomology+1","Night Terror+1","Underhanded Strike","Catalyst+1","Eviscerate","Sucker Punch+1","Flechettes","Phantasmal Killer+1","Corpse Explosion+1","Prepared+1","Leg Sweep+1","Leg Sweep+1","Catalyst+1","Blade Dance+1","Bouncing Flask+1","PiercingWail+1"],"relics":["WristBlade","PreservedInsect","Bag of Preparation","TungstenRod","Happy Flower","Ninja Scroll","Centennial Puzzle","Orichalcum","Black Star","Paper Crane","Toxic Egg 2","Omamori","Nunchaku","Lantern","Meat on the Bone","Whetstone","Pandora\u0027s Box","Snake Skull","Blood Vial","CeramicFish","Boot","Juzu Bracelet","CaptainsWheel","Kunai","Art of War"],"acts_visited":["Exordium","TheCity","TheBeyond","TheEnding"],"potions_floor_usage":[30,37,37,38,40,40,48,50,51,55,56,56,56,56,56],"damage_taken":[{"damage":4.0,"enemies":"Cultist","floor":1.0,"turns":5.0},{"damage":0.0,"enemies":"2 Louse","floor":2.0,"turns":3.0},{"damage":1.0,"enemies":"Small Slimes","floor":4.0,"turns":4.0},{"damage":10.0,"enemies":"Lagavulin","floor":6.0,"turns":7.0},{"damage":0.0,"enemies":"3 Sentries","floor":8.0,"turns":4.0},{"damage":0.0,"enemies":"Gremlin Nob","floor":10.0,"turns":2.0},{"damage":0.0,"enemies":"Exordium Thugs","floor":12.0,"turns":2.0},{"damage":0.0,"enemies":"Red Slaver","floor":13.0,"turns":1.0},{"damage":4.0,"enemies":"3 Sentries","floor":14.0,"turns":3.0},{"damage":5.0,"enemies":"The Guardian","floor":16.0,"turns":11.0},{"damage":0.0,"enemies":"Spheric Guardian","floor":18.0,"turns":1.0},{"damage":0.0,"enemies":"2 Thieves","floor":20.0,"turns":3.0},{"damage":0.0,"enemies":"Sentry and Sphere","floor":21.0,"turns":3.0},{"damage":1.0,"enemies":"Shelled Parasite and Fungi","floor":22.0,"turns":2.0},{"damage":0.0,"enemies":"Gremlin Leader","floor":24.0,"turns":1.0},{"damage":4.0,"enemies":"Slavers","floor":28.0,"turns":2.0},{"damage":0.0,"enemies":"Snake Plant","floor":29.0,"turns":4.0},{"damage":13,"enemies":"Book of Stabbing","floor":30,"turns":3},{"damage":0,"enemies":"3 Cultists","floor":31,"turns":2},{"damage":24,"enemies":"Champ","floor":33,"turns":12},{"damage":0,"enemies":"Orb Walker","floor":35,"turns":3},{"damage":0,"enemies":"3 Darklings","floor":36,"turns":1},{"damage":0,"enemies":"Spire Growth","floor":37,"turns":2},{"damage":1,"enemies":"Transient","floor":38,"turns":6},{"damage":0,"enemies":"Reptomancer","floor":40,"turns":2},{"damage":0,"enemies":"Giant Head","floor":42,"turns":3},{"damage":0,"enemies":"3 Darklings","floor":44,"turns":1},{"damage":0,"enemies":"Jaw Worm Horde","floor":46,"turns":1},{"damage":0,"enemies":"Transient","floor":48,"turns":5},{"damage":14,"enemies":"Time Eater","floor":50,"turns":4},{"damage":46,"enemies":"Awakened One","floor":51,"turns":15},{"damage":22,"enemies":"Shield and Spear","floor":55,"turns":3},{"damage":41,"enemies":"The Heart","floor":56,"turns":8}],"seed_played":"5087803603788546385","potions_obtained":[{"floor":1.0,"key":"Weak Potion"},{"floor":4.0,"key":"SpeedPotion"},{"floor":10.0,"key":"FearPotion"},{"floor":28.0,"key":"FearPotion"},{"floor":33,"key":"CunningPotion"},{"floor":37,"key":"Dexterity Potion"}],"is_trial":false,"path_per_floor":["M","M","?","M","$","E","R","E","T","E","R","M","M","E","R","B",null,"M","$","M","M","M","R","E","R","T","R","E","M","E","M","R","B",null,"M","M","M","M","$","E","R","E","T","M","?","M","?","M","R","B","B",null,"R","$","E","B",null],"character_chosen":"THE_SILENT","items_purchased":["PreservedInsect","Bag of Preparation","Paper Crane","Blade Dance+1","CaptainsWheel"],"campfire_rested":1,"item_purchase_floors":[5,5,19,39,54],"current_hp_per_floor":[55,55,55,54,54,44,44,44,44,44,44,44,44,40,40,35,58,58,58,58,58,57,57,57,57,57,57,53,53,40,40,40,28,57,57,57,57,56,56,56,56,58,58,60,60,62,62,64,64,52,20,55,66,66,44,17],"gold":49,"neow_bonus":"BOSS_RELIC","is_daily":false,"chose_seed":false,"campfire_upgraded":8,"win_rate":0.0,"timestamp":1613081026,"path_taken":["M","?","?","M","$","E","R","E","T","E","R","M","M","E","R","BOSS","M","$","M","M","M","R","E","R","T","R","E","M","E","?","R","BOSS","M","M","?","M","$","E","R","E","T","M","?","M","?","M","R","BOSS","BOSS","R","$","E","BOSS"],"items_purchased_type":["Relic","Relic","Relic","Card","Relic"],"build_version":"2020-12-22","purchased_purges":2,"victory":true,"max_hp_per_floor":[66,66,66,66,66,66,66,66,66,66,66,66,66,66,66,66,66,66,66,66,66,66,66,66,66,66,66,66,66,66,66,66,66,66,66,66,66,66,66,66,66,66,66,66,66,66,66,66,66,66,66,66,66,66,66,66],"relic_stats":{"Happy Flower":[35],"counters":[33,129],"CeramicFish":18,"PreservedInsect":521,"Snake Skull":[42],"Bag of Preparation":[60],"Juzu Bracelet":0,"Whetstone":["Strike_G","Strike_G"],"Orichalcum":[216],"Boot":[5],"Blood Vial":14,"Centennial Puzzle":[33],"Nunchaku":[30],"Pandora\u0027s Box":["Night Terror","All Out Attack","Underhanded Strike","Catalyst","Eviscerate","Sucker Punch","Flechettes","Phantasmal Killer","Corpse Explosion","Prepared"],"Black Star":6,"Art of War":[3],"Kunai":[5],"obtain_stats":[{"Lantern":28,"CeramicFish":42,"Snake Skull":40,"Bag of Preparation":5,"Juzu Bracelet":43,"Whetstone":30,"Boot":42,"Blood Vial":40,"Centennial Puzzle":10,"Nunchaku":28,"WristBlade":0,"Ninja Scroll":9,"Kunai":55,"Toxic Egg 2":24,"Ring of the Snake":0,"Happy Flower":8,"PreservedInsect":5,"Omamori":24,"Orichalcum":14,"Paper Crane":19,"CaptainsWheel":54,"Pandora\u0027s Box":34,"Black Star":17,"Art of War":55,"TungstenRod":6,"Meat on the Bone":30},{"Lantern":16,"CeramicFish":26,"Snake Skull":25,"Bag of Preparation":3,"Juzu Bracelet":26,"Whetstone":18,"Boot":26,"Blood Vial":25,"Centennial Puzzle":6,"Nunchaku":16,"WristBlade":0,"Ninja Scroll":5,"Kunai":32,"Toxic Egg 2":15,"Ring of the Snake":0,"Happy Flower":5,"PreservedInsect":3,"Omamori":15,"Orichalcum":9,"Paper Crane":11,"CaptainsWheel":31,"Pandora\u0027s Box":20,"Black Star":10,"Art of War":32,"TungstenRod":4,"Meat on the Bone":18},{"Lantern":54,"CeramicFish":92,"Snake Skull":89,"Bag of Preparation":12,"Juzu Bracelet":92,"Whetstone":61,"Boot":92,"Blood Vial":89,"Centennial Puzzle":25,"Nunchaku":54,"WristBlade":0,"Ninja Scroll":23,"Kunai":121,"Toxic Egg 2":52,"Ring of the Snake":0,"Happy Flower":23,"PreservedInsect":12,"Omamori":52,"Orichalcum":31,"Paper Crane":43,"CaptainsWheel":118,"Pandora\u0027s Box":75,"Black Star":42,"Art of War":121,"TungstenRod":19,"Meat on the Bone":61}],"TungstenRod":47,"Meat on the Bone":36},"card_choices":[{"not_picked":["Expertise","Noxious Fumes"],"picked":"Underhanded Strike","floor":1.0},{"not_picked":["Outmaneuver","Bane"],"picked":"Poisoned Stab","floor":2.0},{"not_picked":["Accuracy","Dagger Throw"],"picked":"Blade Dance","floor":4.0},{"not_picked":["Deadly Poison","PiercingWail"],"picked":"Cloak And Dagger","floor":6.0},{"not_picked":["Masterful Stab","Poisoned Stab"],"picked":"Terror","floor":8.0},{"not_picked":["Bullet Time","Bouncing Flask"],"picked":"Blade Dance","floor":10.0},{"not_picked":["Riddle With Holes","Flying Knee"],"picked":"Leg Sweep","floor":12.0},{"not_picked":["Bouncing Flask","Outmaneuver"],"picked":"Acrobatics","floor":13.0},{"not_picked":["Dagger Spray","All Out Attack","Setup"],"picked":"SKIP","floor":14.0},{"not_picked":["Storm of Steel","Tools of the Trade"],"picked":"Corpse Explosion","floor":16.0},{"not_picked":["Underhanded Strike","Quick Slash"],"picked":"Masterful Stab","floor":18.0},{"not_picked":["Poisoned Stab","Bouncing Flask+1","Setup"],"picked":"SKIP","floor":20.0},{"not_picked":["Heel Hook+1","Choke","Sucker Punch"],"picked":"SKIP","floor":21.0},{"not_picked":["Crippling Poison","Choke","Concentrate"],"picked":"SKIP","floor":22.0},{"not_picked":["Poisoned Stab","Prepared+1"],"picked":"Cloak And Dagger+1","floor":24.0},{"not_picked":["Riddle With Holes","Underhanded Strike"],"picked":"PiercingWail+1","floor":28.0},{"not_picked":["Calculated Gamble+1","A Thousand Cuts","Bane"],"picked":"SKIP","floor":29.0},{"not_picked":["A Thousand Cuts","Bane"],"picked":"Calculated Gamble+1","floor":29.0},{"not_picked":["Quick Slash","Grand Finale"],"picked":"Crippling Poison+1","floor":30},{"not_picked":["Dodge and Roll+1","Infinite Blades","Prepared+1"],"picked":"SKIP","floor":31},{"not_picked":["Night Terror+1","Bullet Time+1"],"picked":"Venomology+1","floor":33},{"not_picked":["Slice+1","Blade Dance+1"],"picked":"Leg Sweep+1","floor":35},{"not_picked":["Dodge and Roll+1","Bane"],"picked":"Leg Sweep+1","floor":36},{"not_picked":["Acrobatics+1","Choke","Slice"],"picked":"SKIP","floor":37},{"not_picked":["Deadly Poison+1","Prepared+1"],"picked":"Catalyst+1","floor":38},{"not_picked":["Flying Knee","Poisoned Stab","Flechettes"],"picked":"SKIP","floor":40},{"not_picked":["Concentrate+1","Calculated Gamble+1","Flechettes"],"picked":"SKIP","floor":42},{"not_picked":["Slice","Dagger Spray"],"picked":"Bouncing Flask+1","floor":44},{"not_picked":["Blade Dance+1","Glass Knife","Prepared+1"],"picked":"SKIP","floor":46},{"not_picked":["Flying Knee","Acrobatics+1"],"picked":"PiercingWail+1","floor":48},{"not_picked":["Sucker Punch","Deadly Poison+1","Prepared+1"],"picked":"SKIP","floor":55}],"player_experience":1773153,"relics_obtained":[{"floor":6.0,"key":"TungstenRod"},{"floor":8.0,"key":"Happy Flower"},{"floor":9.0,"key":"Ninja Scroll"},{"floor":10.0,"key":"Centennial Puzzle"},{"floor":14.0,"key":"Orichalcum"},{"floor":24.0,"key":"Toxic Egg 2"},{"floor":24.0,"key":"Omamori"},{"floor":28.0,"key":"Nunchaku"},{"floor":28.0,"key":"Lantern"},{"floor":30,"key":"Meat on the Bone"},{"floor":30,"key":"Whetstone"},{"floor":40,"key":"Snake Skull"},{"floor":40,"key":"Blood Vial"},{"floor":42,"key":"CeramicFish"},{"floor":42,"key":"Boot"},{"floor":43,"key":"Juzu Bracelet"},{"floor":55,"key":"Kunai"},{"floor":55,"key":"Art of War"}],"event_choices":[{"damage_healed":0.0,"max_hp_gain":0.0,"max_hp_loss":0.0,"gold_gain":275.0,"event_name":"Golden Shrine","player_choice":"Desecrate","floor":3.0,"gold_loss":0.0,"damage_taken":0.0,"cards_obtained":["Regret"]},{"cards_removed":["Underhanded Strike"],"damage_healed":0,"gold_gain":0,"player_choice":"Removed Attack","damage_taken":0,"max_hp_gain":0,"max_hp_loss":0,"event_name":"Falling","floor":45,"gold_loss":0},{"damage_healed":0,"gold_gain":0,"player_choice":"Ignored","damage_taken":0,"max_hp_gain":0,"max_hp_loss":0,"event_name":"Tomb of Lord Red Mask","floor":47,"gold_loss":0}],"is_beta":false,"boss_relics":[{"not_picked":["Empty Cage","Cursed Key"],"picked":"Black Star"},{"not_picked":["SlaversCollar","Coffee Dripper"],"picked":"Pandora\u0027s Box"}],"items_purged_floors":[5,39],"is_endless":false,"potions_floor_spawned":[1,4,10,13,18,22,28,33,35,37,46,48],"ascension_level":20}}