{"host":"8anmd7ibyxevnonj","time":1613042502,"event":{"mods":["BaseMod","Curses Come First","Downfall","Minty Spire (QoL Compilation)","StSLib"],"gold_per_floor":[99,111,111,128,143,15,15,190,190,210,223,239,268,288,299,299,299,299],"floor_reached":16,"language":"ENG","playtime":927,"items_purged":["Pain"],"score":96,"play_id":"e8ee5b4c-c010-4ab2-8cd1-5f58fff7d0fb","local_time":"20210211122142","is_ascension_mode":false,"campfire_choices":[{"data":"hexamod:Sear","floor":1,"key":"SMITH"},{"data":"hexamod:BurningTouch","floor":9,"key":"SMITH"}],"circlet_count":0,"master_deck":["hexamod:Strike","hexamod:Strike","hexamod:Strike","hexamod:Strike","hexamod:Defend","hexamod:Defend","hexamod:Defend","hexamod:Defend+1","hexamod:Sear+1","hexamod:Float+1","hexamod:FifthSeal","hexamod:FlamesFromBeyond+1","hexamod:HauntingEcho","hexamod:FirstSeal","hexamod:BurningTouch+1","hexamod:DynamicBlow","hexamod:RadiantFlame","Doubt","hexamod:GhostOfSpireFuture","hexamod:SixthSeal","hexamod:VolcanoVisage","hexamod:ThermalTransfer+1","hexamod:SixthSeal","hexamod:FlamesFromBeyond","hexamod:SwordOfDarkness","hexamod:SixthSeal","hexamod:Firestarter"],"relics":["hexamod:SpiritBrand","WarpedTongs","HornCleat","Odd Mushroom"],"acts_visited":["Exordium"],"potions_floor_usage":[14,16],"damage_taken":[{"damage":2,"enemies":"2 Louse","floor":2,"turns":3},{"damage":9,"enemies":"Cultist","floor":4,"turns":3},{"damage":1,"enemies":"Small Slimes","floor":5,"turns":3},{"damage":3,"enemies":"downfall:FleeingMerchant","floor":6,"turns":4},{"damage":7,"enemies":"2 Fungi Beasts","floor":10,"turns":3},{"damage":6,"enemies":"Large Slime","floor":11,"turns":6},{"damage":7,"enemies":"Blue Slaver","floor":12,"turns":4},{"damage":11,"enemies":"The Mushroom Lair","floor":13,"turns":4},{"damage":4,"enemies":"Gremlin Gang","floor":14,"turns":4},{"damage":8,"enemies":"Lots of Slimes","floor":15,"turns":3},{"damage":25,"enemies":"SI_SHIV_ARCHETYPE","floor":16,"turns":8}],"seed_played":"8601558124983538012","potions_obtained":[{"floor":2,"key":"DistilledChaos"},{"floor":12,"key":"Energy Potion"},{"floor":13,"key":"BlessingOfTheForge"},{"floor":14,"key":"Slimebound:ThreeZeroPotion"},{"floor":15,"key":"hexamod:SoulburnPotion"}],"is_trial":false,"path_per_floor":["R","M","?","M","M","$","T","?","R","M","M","M","?","M","M","B"],"character_chosen":"THE_SPIRIT","items_purchased":["hexamod:RadiantFlame"],"campfire_rested":0,"item_purchase_floors":[6],"current_hp_per_floor":[49,47,47,38,37,34,34,34,34,34,35,35,24,27,19,0,0,0],"gold":299,"neow_bonus":"THREE_RARE_CARDS","is_daily":false,"chose_seed":false,"campfire_upgraded":2,"win_rate":0.0,"timestamp":1613042502,"path_taken":["R","M","?","M","M","?","T","?","R","M","M","M","?","M","M","BOSS"],"items_purchased_type":["Card"],"build_version":"2020-12-13","purchased_purges":1,"victory":false,"max_hp_per_floor":[70,70,70,70,70,70,70,70,70,70,70,70,70,70,70,70,70,70],"card_choices":[{"not_picked":["hexamod:UnleashSpirits","hexamod:ApocalypticArmor"],"picked":"hexamod:FifthSeal","floor":0},{"not_picked":["hexamod:SecondSeal","hexamod:InspiringFlames"],"picked":"hexamod:FlamesFromBeyond","floor":2},{"not_picked":["hexamod:NightmareGuise","hexamod:CatchUp"],"picked":"hexamod:HauntingEcho","floor":4},{"not_picked":["hexamod:SecondSeal","hexamod:ThirdSeal"],"picked":"hexamod:FirstSeal","floor":5},{"not_picked":["hexamod:HauntingEcho","hexamod:GhostLash"],"picked":"hexamod:BurningTouch","floor":5},{"not_picked":["hexamod:Hexaguard","hexamod:CatchUp"],"picked":"hexamod:DynamicBlow","floor":6},{"not_picked":["hexamod:AdvancingGuard","hexamod:BacktrackSmack"],"picked":"hexamod:GhostOfSpireFuture","floor":10},{"not_picked":["hexamod:SecondSeal","hexamod:FourthSeal"],"picked":"hexamod:SixthSeal","floor":11},{"not_picked":["hexamod:NecessarySacrifice","hexamod:HeatShield"],"picked":"hexamod:VolcanoVisage","floor":11},{"not_picked":["hexamod:HeatMetal","hexamod:SpectralAdrenaline"],"picked":"hexamod:ThermalTransfer","floor":12},{"not_picked":["hexamod:SecondSeal","hexamod:FourthSeal"],"picked":"hexamod:SixthSeal","floor":13},{"not_picked":["hexamod:FastForward","hexamod:SecondSeal"],"picked":"hexamod:FlamesFromBeyond","floor":13},{"not_picked":["hexamod:NightmareStrike","hexamod:SpectersWail"],"picked":"hexamod:SwordOfDarkness","floor":14},{"not_picked":["hexamod:SecondSeal","hexamod:FourthSeal"],"picked":"hexamod:SixthSeal","floor":15},{"not_picked":["hexamod:FlamesFromBeyond","hexamod:Hexaguard"],"picked":"hexamod:Firestarter","floor":15}],"player_experience":112439,"relics_obtained":[{"floor":7,"key":"HornCleat"},{"floor":13,"key":"Odd Mushroom"}],"event_choices":[{"damage_healed":0,"gold_gain":0,"player_choice":"Rummage","damage_taken":0,"relics_obtained":["WarpedTongs"],"max_hp_gain":0,"max_hp_loss":0,"event_name":"Accursed Blacksmith","floor":3,"gold_loss":0,"cards_obtained":["Pain"]},{"damage_healed":0,"gold_gain":0,"player_choice":"Fought Mushrooms","damage_taken":0,"max_hp_gain":0,"max_hp_loss":0,"event_name":"Mushrooms","floor":13,"gold_loss":0}],"is_beta":false,"boss_relics":[],"items_purged_floors":[6],"is_endless":false,"potions_floor_spawned":[2,12,13,14,15],"killed_by":"SI_SHIV_ARCHETYPE","ascension_level":0}}