{"host":"89iuq2p5kwriuwfq","time":1613045257,"event":{"mods":["BaseMod","Curses Come First","Minty Spire (QoL Compilation)","Permanent Neow","StSLib"],"gold_per_floor":[114,130,149,161,161,192,192,217,265,265,283,314,332,352,352,449,449,469,486,486,497,52,81,95,105,128,128,163,163,193,54,54,155,155,169,169,96,146,21,51,64,64,64],"floor_reached":42,"language":"ENG","playtime":2970,"items_purged":["Strike_P","Defend_P+1","Strike_P+1"],"score":826,"play_id":"8fa5aa73-0011-4a0f-9985-bc6bafebdfa6","local_time":"20210211120737","is_ascension_mode":true,"campfire_choices":[{"floor":7.0,"key":"REST"},{"data":"Vigilance","floor":10.0,"key":"SMITH"},{"data":"LikeWater","floor":15.0,"key":"SMITH"},{"floor":32.0,"key":"REST"}],"circlet_count":0,"master_deck":["AscendersBane","Strike_P+1","Strike_P+1","Defend_P+1","Defend_P+1","Defend_P+1","Eruption+1","Vigilance+1","LessonLearned+1","Consecrate+1","Conclude+1","CutThroughFate+1","Evaluate+1","CutThroughFate+1","Wallop+1","Protect+1","Wallop+1","LikeWater+1","Tantrum+1","WheelKick+1","LikeWater+1","EmptyBody+1","DeusExMachina","Wireheading","DevaForm+1","Study+1","Master of Strategy","LikeWater","ClearTheMind+1","ThirdEye+1"],"relics":["HolyWater","Ancient Tea Set","Bottled Lightning","Omamori","PreservedInsect","Philosopher\u0027s Stone","Oddly Smooth Stone","Bronze Scales","Damaru","Centennial Puzzle","Ice Cream","Nilry\u0027s Codex","Bag of Marbles","CaptainsWheel","Shuriken"],"acts_visited":["Exordium","TheCity","TheBeyond"],"potions_floor_usage":[],"damage_taken":[{"damage":9.0,"enemies":"Cultist","floor":1.0,"turns":6.0},{"damage":0.0,"enemies":"Small Slimes","floor":2.0,"turns":3.0},{"damage":11.0,"enemies":"2 Louse","floor":3.0,"turns":6.0},{"damage":0.0,"enemies":"Large Slime","floor":4.0,"turns":3.0},{"damage":4.0,"enemies":"Gremlin Nob","floor":6.0,"turns":3.0},{"damage":2.0,"enemies":"3 Sentries","floor":8.0,"turns":4.0},{"damage":0.0,"enemies":"Exordium Wildlife","floor":11.0,"turns":3.0},{"damage":8.0,"enemies":"Lagavulin","floor":12.0,"turns":4.0},{"damage":0.0,"enemies":"3 Louse","floor":13.0,"turns":3.0},{"damage":0.0,"enemies":"Large Slime","floor":14.0,"turns":4.0},{"damage":44.0,"enemies":"Hexaghost","floor":16.0,"turns":10.0},{"damage":2.0,"enemies":"Chosen","floor":18.0,"turns":3.0},{"damage":8.0,"enemies":"Spheric Guardian","floor":19.0,"turns":4.0},{"damage":0.0,"enemies":"Snake Plant","floor":21.0,"turns":2.0},{"damage":15.0,"enemies":"Slavers","floor":23.0,"turns":4.0},{"damage":0.0,"enemies":"Snecko","floor":24.0,"turns":3.0},{"damage":7.0,"enemies":"Cultist and Chosen","floor":25.0,"turns":6.0},{"damage":9.0,"enemies":"Gremlin Leader","floor":28.0,"turns":4.0},{"damage":0.0,"enemies":"Slavers","floor":30.0,"turns":3.0},{"damage":18.0,"enemies":"Champ","floor":33.0,"turns":10.0},{"damage":6.0,"enemies":"3 Darklings","floor":35.0,"turns":5.0},{"damage":3.0,"enemies":"Mind Bloom Boss Battle","floor":38.0,"turns":6.0},{"damage":16.0,"enemies":"Reptomancer","floor":40.0,"turns":6.0},{"damage":0.0,"enemies":"3 Shapes","floor":41.0,"turns":3.0},{"damage":37,"enemies":"Writhing Mass","floor":42,"turns":4}],"seed_played":"986116415326339834","potions_obtained":[{"floor":1.0,"key":"Swift Potion"},{"floor":3.0,"key":"SpeedPotion"},{"floor":8.0,"key":"Dexterity Potion"},{"floor":11.0,"key":"Block Potion"},{"floor":16.0,"key":"LiquidBronze"},{"floor":19.0,"key":"AttackPotion"},{"floor":23.0,"key":"CultistPotion"},{"floor":24.0,"key":"Block Potion"},{"floor":38.0,"key":"SpeedPotion"}],"is_trial":false,"path_per_floor":["M","M","M","M","?","E","R","E","T","R","M","E","M","M","R","B",null,"M","M","?","M","$","E","M","M","T","?","E","?","E","$","R","B",null,"M","?","$","?","$","E","M","M"],"character_chosen":"WATCHER","items_purchased":["WheelKick","Oddly Smooth Stone","Bronze Scales","Wireheading","LikeWater"],"campfire_rested":2,"item_purchase_floors":[22,22,22,31,37],"current_hp_per_floor":[56,56,45,45,45,41,62,60,60,60,60,52,52,52,52,8,56,54,46,46,46,46,31,31,24,24,48,39,23,23,23,44,26,61,55,55,55,52,52,36,36,0,0],"gold":64,"neow_bonus":"THREE_RARE_CARDS","is_daily":false,"chose_seed":false,"campfire_upgraded":2,"win_rate":0.0,"timestamp":1613045257,"path_taken":["M","M","M","M","?","E","R","E","T","R","M","E","M","M","R","BOSS","M","M","?","M","$","E","M","?","T","?","E","?","E","?","R","BOSS","M","?","$","?","?","E","?","M"],"items_purchased_type":["Card","Relic","Relic","Card","Card"],"build_version":"2020-12-22","purchased_purges":3,"victory":false,"max_hp_per_floor":[72,72,72,72,72,72,72,72,72,72,72,72,72,72,72,72,72,72,72,72,72,72,72,72,72,72,72,72,72,72,72,72,72,72,72,72,72,72,72,72,72,72,72],"card_choices":[{"not_picked":["SpiritShield","DevaForm"],"picked":"LessonLearned","floor":0.0},{"not_picked":["Pray","EmptyBody"],"picked":"Consecrate","floor":1.0},{"not_picked":["Crescendo","FlurryOfBlows"],"picked":"Conclude","floor":2.0},{"not_picked":["CarveReality","EmptyBody"],"picked":"CutThroughFate","floor":3.0},{"not_picked":["EmptyBody","CarveReality"],"picked":"Evaluate","floor":4.0},{"not_picked":["Judgement","Evaluate"],"picked":"CutThroughFate","floor":6.0},{"not_picked":["FlyingSleeves","Consecrate","BowlingBash"],"picked":"SKIP","floor":8.0},{"not_picked":["Prostrate","EmptyBody"],"picked":"Wallop","floor":11.0},{"not_picked":["Conclude","FollowUp"],"picked":"Protect","floor":12.0},{"not_picked":["Crescendo","Consecrate"],"picked":"Wallop","floor":13.0},{"not_picked":["TalkToTheHand","ForeignInfluence"],"picked":"LikeWater","floor":14.0},{"not_picked":["CutThroughFate","MentalFortress","ForeignInfluence"],"picked":"SKIP","floor":18.0},{"not_picked":["Crescendo","Swivel"],"picked":"Tantrum","floor":19.0},{"not_picked":["Consecrate+1","Tantrum","PathToVictory+1"],"picked":"SKIP","floor":21.0},{"not_picked":["TalkToTheHand","Prostrate"],"picked":"LikeWater+1","floor":23.0},{"not_picked":["Nirvana","EmptyFist"],"picked":"EmptyBody+1","floor":24.0},{"not_picked":["Collect+1","SignatureMove","FlyingSleeves"],"picked":"SKIP","floor":25.0},{"not_picked":["ForeignInfluence","WindmillStrike+1","EmptyFist"],"picked":"SKIP","floor":28.0},{"not_picked":["Protect","Consecrate"],"picked":"DeusExMachina","floor":30.0},{"not_picked":["Establishment","Judgement"],"picked":"DevaForm","floor":33.0},{"not_picked":["Sanctity+1","EmptyFist"],"picked":"Study+1","floor":35.0},{"not_picked":["Deep Breath","Transmutation"],"picked":"Master of Strategy","floor":36.0},{"not_picked":["FollowUp+1","SashWhip+1"],"picked":"ClearTheMind+1","floor":40.0},{"not_picked":["WindmillStrike+1","Brilliance"],"picked":"ThirdEye+1","floor":41.0}],"player_experience":653565,"relics_obtained":[{"floor":6.0,"key":"Ancient Tea Set"},{"floor":8.0,"key":"Bottled Lightning"},{"floor":9.0,"key":"Omamori"},{"floor":12.0,"key":"PreservedInsect"},{"floor":23.0,"key":"Damaru"},{"floor":26.0,"key":"Centennial Puzzle"},{"floor":28.0,"key":"Ice Cream"},{"floor":29.0,"key":"Nilry\u0027s Codex"},{"floor":30.0,"key":"Bag of Marbles"},{"floor":38.0,"key":"CaptainsWheel"},{"floor":40.0,"key":"Shuriken"}],"event_choices":[{"cards_removed":["Doubt"],"damage_healed":0.0,"max_hp_gain":0.0,"max_hp_loss":0.0,"gold_gain":0.0,"event_name":"Living Wall","player_choice":"Forget","floor":5.0,"gold_loss":0.0,"damage_taken":0.0},{"damage_healed":0.0,"max_hp_gain":0.0,"max_hp_loss":0.0,"gold_gain":0.0,"event_name":"Accursed Blacksmith","player_choice":"Forge","floor":20.0,"gold_loss":0.0,"damage_taken":0.0,"cards_upgraded":["Tantrum"]},{"damage_healed":24.0,"max_hp_gain":0.0,"max_hp_loss":0.0,"gold_gain":0.0,"event_name":"The Library","player_choice":"Heal","floor":27.0,"gold_loss":0.0,"damage_taken":0.0},{"damage_healed":0.0,"max_hp_gain":0.0,"max_hp_loss":0.0,"gold_gain":0.0,"event_name":"Cursed Tome","player_choice":"Obtained Book","floor":29.0,"gold_loss":0.0,"damage_taken":16.0},{"damage_healed":0.0,"max_hp_gain":0.0,"max_hp_loss":0.0,"gold_gain":0.0,"event_name":"SensoryStone","player_choice":"Memory 1","floor":36.0,"gold_loss":0.0,"damage_taken":0.0},{"damage_healed":0.0,"max_hp_gain":0.0,"max_hp_loss":0.0,"gold_gain":0.0,"event_name":"MindBloom","player_choice":"Fight","floor":38.0,"gold_loss":0.0,"damage_taken":0.0}],"is_beta":false,"boss_relics":[{"not_picked":["Tiny House","Runic Dome"],"picked":"Philosopher\u0027s Stone"},{"not_picked":["Velvet Choker","Runic Pyramid"],"picked":"HolyWater"}],"items_purged_floors":[22,31,39],"is_endless":false,"potions_floor_spawned":[1,3,8,11,16,19,23,24,25,38],"killed_by":"Writhing Mass","ascension_level":11}}