{"host":"xc18ixkpjvqrt8st","time":1613061089,"event":{"mods":["Act Like it!","BaseMod","Better Match","Better Third Choice","Conspire","Downfall","Hallownest","Hermit","Hubris","Minty Spire (QoL Compilation)","Reliquary","Robot Space Explorer","Shop Mod","Spicy Shops","Spire Arcade","StSLib","The Animator","The Edgeheg","The Jungle","The Sage"],"gold_per_floor":[231,247,258,283,248,281,281,322,322,357,370,370,282,294,294,407,407,423,338,372,372,46,75,75,86,112,112,140,8,8,8,8,122,122,142,154,4,17,17,17],"floor_reached":39,"language":"ENG","playtime":2327,"items_purged":[],"score":486,"play_id":"d690e0bb-4d82-40b9-9a4b-a8885f80689d","local_time":"20210211103129","is_ascension_mode":true,"campfire_choices":[{"floor":7,"key":"REST"},{"floor":12,"key":"REST"},{"floor":15,"key":"REST"},{"floor":24,"key":"REST"},{"floor":30,"key":"REST"},{"floor":32,"key":"REST"}],"circlet_count":0,"master_deck":["animator:Strike_OnePunchMan","animator:Defend_OnePunchMan","animator:Genos","animator:MumenRider","animator:Berserker","animator:WinryRockbell","animator:Shion","animator:MetalKnight","animator:Pride","animator:DolaSchwi","animator:ElricAlphonse","animator:Tatsumaki","animator:Strike_Kancolle","animator:Strike_Konosuba","animator:Strike_Katanagatari","animator:Defend_OwariNoSeraph","animator:Defend_GATE","animator:Defend_NoGameNoLife","animator:Jibril","animator:Boros","animator:Melzalgald+1","animator:Shuna","animator:Zero","animator:SayakaMiki","animator:Hakurou+1","animator:Illya","animator:ElricAlphonse","animator:Alexander+1","animator:Shiro","animator:Archer","animator:GazelDwargon","animator:Gluttony"],"relics":["animator:LivingPicture","animator:TheMissingPiece","Pantograph","reliquary:SilkGlove","reliquary:IridiumChain","Oddly Smooth Stone","reliquary:Ember","Molten Egg 2","hubris:DeckOfHolding","betterThird:NestCultRelic","Membership Card","Lee\u0027s Waffle","Omamori","Orichalcum","Paper Crane","Mummified Hand","Calling Bell","Dream Catcher","reliquary:Firecrackers","sagemod:Creepy_Carousel","animator:HallowedScabbard"],"acts_visited":["Exordium","TheCity","TheBeyond"],"potions_floor_usage":[6,10,18,25,33,39],"damage_taken":[{"damage":0,"enemies":"Cultist","floor":1,"turns":3},{"damage":0,"enemies":"2 Louse","floor":2,"turns":2},{"damage":0,"enemies":"Small Slimes","floor":3,"turns":2},{"damage":12,"enemies":"Blue Slaver","floor":4,"turns":4},{"damage":22,"enemies":"Lagavulin","floor":6,"turns":5},{"damage":16,"enemies":"3 Sentries","floor":8,"turns":8},{"damage":13,"enemies":"Lagavulin","floor":10,"turns":8},{"damage":7,"enemies":"Exordium Wildlife","floor":11,"turns":5},{"damage":8,"enemies":"3 Louse","floor":14,"turns":4},{"damage":38,"enemies":"Hexaghost","floor":16,"turns":9},{"damage":24,"enemies":"2 Thieves","floor":18,"turns":5},{"damage":32,"enemies":"conspire:MimicChest","floor":20,"turns":7},{"damage":23,"enemies":"animator:HornedBat","floor":23,"turns":6},{"damage":7,"enemies":"Shell Parasite","floor":25,"turns":6},{"damage":44,"enemies":"Snake Plant","floor":28,"turns":6},{"damage":77,"enemies":"Collector","floor":33,"turns":10},{"damage":33,"enemies":"Orb Walker","floor":35,"turns":6},{"damage":22,"enemies":"3 Shapes","floor":36,"turns":5},{"damage":25,"enemies":"Spire Growth","floor":38,"turns":4},{"damage":26,"enemies":"Jaw Worm Horde","floor":39,"turns":1}],"seed_played":"-8842505612403335442","potions_obtained":[{"floor":3,"key":"Fire Potion"},{"floor":6,"key":"PowerPotion"},{"floor":8,"key":"hexamod:SoulburnPotion"},{"floor":10,"key":"sagemod:Wine"},{"floor":16,"key":"SteroidPotion"},{"floor":23,"key":"Block Potion"},{"floor":25,"key":"Energy Potion"},{"floor":33,"key":"SkillPotion"},{"floor":36,"key":"Energy Potion"}],"is_trial":false,"path_per_floor":["M","M","M","M","?","E","R","E","T","E","M","R","?","M","R","B",null,"M","?","?","?","$","E","R","M","T","?","M","$","R","T","R","B",null,"M","M","$","M","M"],"character_chosen":"THE_ANIMATOR","items_purchased":["Membership Card","Lee\u0027s Waffle","animator:Zero","animator:SayakaMiki","animator:Hakurou+1","Orichalcum","Paper Crane","animator:HallowedScabbard"],"campfire_rested":6,"item_purchase_floors":[22,22,22,22,22,29,29,37],"current_hp_per_floor":[66,66,66,54,66,44,63,47,47,34,28,48,48,41,61,30,68,51,51,25,25,76,59,77,73,73,59,18,18,42,42,66,11,82,50,28,28,13,0,0],"gold":17,"neow_bonus":"HUNDRED_GOLD","is_daily":false,"chose_seed":false,"campfire_upgraded":0,"win_rate":0.0,"timestamp":1613061089,"path_taken":["M","M","M","?","?","E","R","E","T","E","M","R","?","M","R","BOSS","M","?","?","?","$","E","R","M","T","?","M","?","R","?","R","BOSS","M","M","$","M","M"],"items_purchased_type":["Relic","Relic","Card","Card","Card","Relic","Relic","Relic"],"build_version":"2020-12-22","purchased_purges":0,"victory":false,"max_hp_per_floor":[66,66,66,66,66,66,66,66,66,66,67,67,67,68,68,68,68,69,69,69,69,76,77,77,77,77,82,82,82,82,82,82,82,82,83,83,83,83,83,83],"card_choices":[{"not_picked":["animator:OrikoMikuni","animator:NagisaMomoe"],"picked":"animator:Berserker","floor":1},{"not_picked":["animator:OrikoMikuni","animator:YuiTsuruno"],"picked":"animator:WinryRockbell","floor":2},{"not_picked":["animator:Millim","animator:Melzalgald"],"picked":"animator:Shion","floor":3},{"not_picked":["animator:Tatsumaki","animator:Genos"],"picked":"animator:MetalKnight","floor":4},{"not_picked":["animator:Tet","animator:GazelDwargon"],"picked":"animator:Pride","floor":6},{"not_picked":["animator:Father","animator:OrikoMikuni"],"picked":"animator:DolaSchwi","floor":8},{"not_picked":["animator:DolaRiku","animator:Shion"],"picked":"animator:ElricAlphonse","floor":10},{"not_picked":["animator:Sonic","animator:MetalKnight"],"picked":"animator:Tatsumaki","floor":11},{"not_picked":["animator:MamiTomoe","animator:MetalKnight"],"picked":"animator:Jibril","floor":14},{"not_picked":["animator:GoblinSlayer","animator:Shiro"],"picked":"animator:Boros","floor":16},{"not_picked":["animator:Vesta","animator:Illya"],"picked":"animator:Melzalgald+1","floor":18},{"not_picked":["animator:Assassin+1","animator:CowGirl"],"picked":"animator:Shuna","floor":20},{"not_picked":["animator:LizardPriest","animator:MaesHughes+1"],"picked":"animator:Illya","floor":23},{"not_picked":["animator:Pride","animator:WinryRockbell"],"picked":"animator:ElricAlphonse","floor":25},{"not_picked":["animator:Jibril+1","animator:Genos+1"],"picked":"animator:Alexander+1","floor":28},{"not_picked":["animator:SwordMaiden","animator:HomuraAkemi"],"picked":"animator:Shiro","floor":33},{"not_picked":["animator:Berserker+1","animator:SakuraMatou+1"],"picked":"animator:Archer","floor":35},{"not_picked":["animator:Millim+1","animator:Melzalgald+1"],"picked":"animator:GazelDwargon","floor":36},{"not_picked":["animator:MaesHughes","animator:ElricAlphonse"],"picked":"animator:Gluttony","floor":38}],"player_experience":704610,"relics_obtained":[{"floor":6,"key":"Pantograph"},{"floor":8,"key":"reliquary:SilkGlove"},{"floor":9,"key":"reliquary:IridiumChain"},{"floor":10,"key":"Oddly Smooth Stone"},{"floor":20,"key":"hubris:DeckOfHolding"},{"floor":23,"key":"Omamori"},{"floor":31,"key":"Mummified Hand"},{"floor":34,"key":"Dream Catcher"},{"floor":34,"key":"reliquary:Firecrackers"},{"floor":34,"key":"sagemod:Creepy_Carousel"}],"event_choices":[{"damage_healed":16,"gold_gain":0,"player_choice":"Healed","damage_taken":0,"max_hp_gain":0,"max_hp_loss":0,"event_name":"The Cleric","floor":5,"gold_loss":35},{"damage_healed":0,"gold_gain":0,"player_choice":"Obtained Relic","damage_taken":0,"relics_obtained":["Molten Egg 2"],"max_hp_gain":0,"max_hp_loss":0,"event_name":"Addict","floor":19,"gold_loss":85},{"damage_healed":0,"gold_gain":0,"player_choice":"Madness","damage_taken":0,"relics_obtained":["betterThird:NestCultRelic"],"max_hp_gain":0,"max_hp_loss":0,"event_name":"betterThird:BetterNest","floor":21,"gold_loss":0},{"damage_healed":0,"gold_gain":0,"player_choice":"Shed Blood","damage_taken":19,"max_hp_gain":5,"max_hp_loss":0,"event_name":"Forgotten Altar","floor":27,"gold_loss":0}],"is_beta":false,"boss_relics":[{"not_picked":["Coffee Dripper","reliquary:Craggleroot"],"picked":"reliquary:Ember"},{"not_picked":["Philosopher\u0027s Stone","bronze:MakeshiftBattery"],"picked":"Calling Bell"}],"items_purged_floors":[],"is_endless":false,"potions_floor_spawned":[3,6,8,10,16,23,25,33,36,38],"killed_by":"Jaw Worm Horde","ascension_level":2}}