{"host":"bzq0skgbben6khkk","time":1613021328,"event":{"mods":["Act Like it!","Arknights","BaseMod","Minty Spire (QoL Compilation)","StSLib","Swap Starting Deck Mod"],"gold_per_floor":[113,113,113,113,3,37,53,78,101,116,116,116],"floor_reached":11,"language":"ZHS","playtime":385,"items_purged":["ats:Defend"],"score":98,"play_id":"59ddcfbe-908c-4684-80b3-6430e9a491e9","local_time":"20210211132848","is_ascension_mode":false,"campfire_choices":[],"circlet_count":0,"master_deck":["ats:Strike C","ats:Strike G","ats:Strike S","ats:Armor Crushing Shot","ats:Defend","ats:Defend","ats:Defend","ats:Emotion Absorption","ats:Shadow Raid","ats:Healing Drone","ats:Chain Hook","ats:Blood Oath","ats:Poison Spread","ats:Hook Shot","ats:Apocalypse"],"relics":["ats:Sanity","NeowsBlessing","Golden Idol","Dream Catcher","ats:Originium","Letter Opener","Bag of Marbles"],"acts_visited":["Exordium"],"potions_floor_usage":[],"damage_taken":[{"damage":0.0,"enemies":"Jaw Worm","floor":1.0,"turns":1.0},{"damage":0.0,"enemies":"3 Sentries","floor":6.0,"turns":3.0},{"damage":0.0,"enemies":"2 Louse","floor":7.0,"turns":1.0},{"damage":0.0,"enemies":"Small Slimes","floor":8.0,"turns":3.0},{"damage":12.0,"enemies":"Looter","floor":10.0,"turns":4.0},{"damage":0,"enemies":"Lagavulin","floor":11,"turns":1}],"seed_played":"-149823054135256910","potions_obtained":[{"floor":1.0,"key":"ColorlessPotion"},{"floor":6.0,"key":"Dexterity Potion"}],"is_trial":false,"path_per_floor":["M","?","?","?","$","E","M","M","T","M","E"],"character_chosen":"DOCTOR_CLASS","items_purchased":["ats:Chain Hook"],"campfire_rested":0,"item_purchase_floors":[5],"current_hp_per_floor":[72,72,54,42,42,48,48,51,51,51,51,51],"gold":116,"neow_bonus":"THREE_ENEMY_KILL","is_daily":false,"chose_seed":false,"campfire_upgraded":0,"win_rate":0.0,"timestamp":1613021328,"path_taken":["M","?","?","?","$","E","M","M","T","M","E"],"items_purchased_type":["Card"],"build_version":"2020-12-22","purchased_purges":1,"victory":false,"max_hp_per_floor":[72,72,72,72,72,72,72,72,72,72,72,72],"card_choices":[{"not_picked":["ats:Flexible Camouflage","ats:Poison Spread"],"picked":"ats:Shadow Raid","floor":1.0},{"not_picked":["ats:Collapsing Strike","ats:Curse Doll"],"picked":"ats:Blood Oath","floor":6.0},{"not_picked":["ats:Ignite","ats:Steam Pump"],"picked":"ats:Poison Spread","floor":7.0},{"not_picked":["ats:Guard Mode","ats:Powerful Strike"],"picked":"ats:Hook Shot","floor":8.0},{"not_picked":["ats:Chain Hook","ats:Guardian Obelisk"],"picked":"ats:Apocalypse","floor":10.0}],"player_experience":460425,"relics_obtained":[{"floor":6.0,"key":"ats:Originium"},{"floor":6.0,"key":"Letter Opener"},{"floor":9.0,"key":"Bag of Marbles"}],"event_choices":[{"damage_healed":0.0,"max_hp_gain":0.0,"max_hp_loss":0.0,"gold_gain":0.0,"cards_transformed":["ats:Strike V"],"event_name":"Living Wall","player_choice":"Change","floor":2.0,"gold_loss":0.0,"damage_taken":0.0,"cards_obtained":["ats:Healing Drone"]},{"damage_healed":0.0,"max_hp_gain":0.0,"max_hp_loss":0.0,"gold_gain":0.0,"event_name":"Golden Idol","player_choice":"Take Damage","floor":3.0,"gold_loss":0.0,"damage_taken":18.0,"relics_obtained":["Golden Idol"]},{"damage_healed":0.0,"max_hp_gain":0.0,"max_hp_loss":0.0,"gold_gain":0.0,"event_name":"Scrap Ooze","player_choice":"Success","floor":4.0,"gold_loss":0.0,"damage_taken":12.0,"relics_obtained":["Dream Catcher"]}],"is_beta":false,"boss_relics":[],"items_purged_floors":[5],"is_endless":false,"potions_floor_spawned":[1,6],"killed_by":"Lagavulin","ascension_level":0}}