{"host":"rykcscnxwcosqdkz","time":1613070750,"event":{"mods":["100% Spire Juice","Act Like it!","Arknights","BaseMod","DeckTracker","GifTheSpireLib","Minty Spire (QoL Compilation)","Reliquary","StSLib","Stuff the Spire","The Dragon Tamer","The Marked","??????REMEMod"],"gold_per_floor":[110,128,128,53,67,67,22,52,52,70,70,70,96,96,96,196,196,208,227,227,58,58,58,58,93,93,93,93,107,107,107,107],"floor_reached":30,"language":"ENG","playtime":4628,"items_purged":["DTMod:Strike","DTMod:Strike"],"score":279,"play_id":"c2ab27c8-d8b3-4a87-8b69-017b59ea7545","local_time":"20210211201230","is_ascension_mode":false,"metric_token":851,"campfire_choices":[{"data":"DTMod:Training","floor":11,"key":"SMITH"},{"floor":15,"key":"REST"},{"data":"DTMod:SwitchingTactic","floor":23,"key":"SMITH"},{"data":"DTMod:TagTeam","floor":28,"key":"SMITH"}],"dtmod_dragon_data":[0,61,0,-1,0,0],"circlet_count":0,"master_deck":["DTMod:Strike","DTMod:DoubleHit","DTMod:TargetDefense","DTMod:TargetDefense","DTMod:TargetDefense","DTMod:TargetDefense","DTMod:SwitchingTactic+1","DTMod:Training+1","DTMod:ComboAttack","DTMod:CrossStep","DTMod:Inferno","DTMod:BurningEnergy","DTMod:TagTeam+1","DTMod:Threaten+1"],"relics":["DTMod:PactStone","REME_ComplimentaryCards","NeowsBlessing","CultistMask","reliquary:TridentHead","Lantern","reliquary:BallBearing","Philosopher\u0027s Stone","Boot","Gremlin Horn","Mango"],"acts_visited":["Exordium","TheCity"],"potions_floor_usage":[10,13,30],"damage_taken":[{"damage":0,"enemies":"Cultist","floor":1,"turns":1},{"damage":0,"enemies":"Small Slimes","floor":2,"turns":1},{"damage":0,"enemies":"Jaw Worm","floor":5,"turns":1},{"damage":7,"enemies":"Looter","floor":7,"turns":5},{"damage":13,"enemies":"Lagavulin","floor":8,"turns":8},{"damage":0,"enemies":"Lots of Slimes","floor":10,"turns":2},{"damage":0,"enemies":"3 Sentries","floor":13,"turns":8},{"damage":22,"enemies":"Slime Boss","floor":16,"turns":12},{"damage":0,"enemies":"2 Thieves","floor":18,"turns":3},{"damage":0,"enemies":"Spheric Guardian","floor":19,"turns":4},{"damage":33,"enemies":"Gremlin Leader","floor":25,"turns":6},{"damage":0,"enemies":"Centurion and Healer","floor":29,"turns":5},{"damage":0,"enemies":"Colosseum Slavers","floor":30,"turns":3},{"damage":22,"enemies":"Colosseum Nobs","floor":30,"turns":4}],"seed_played":"8034712560954233630","potions_obtained":[{"floor":5,"key":"GamblersBrew"},{"floor":8,"key":"Fruit Juice"},{"floor":13,"key":"Energy Potion"},{"floor":18,"key":"FearPotion"}],"is_trial":false,"path_per_floor":["M","M","?","$","M","?","M","E","T","M","R","$","E","?","R","B",null,"M","M","?","$","T","R","$","E","T","?","R","M","?"],"character_chosen":"THE_DT","items_purchased":["DTMod:TagTeam"],"campfire_rested":1,"item_purchase_floors":[21],"current_hp_per_floor":[45,45,45,45,45,45,38,25,25,25,25,25,25,25,38,16,45,45,45,36,36,36,36,36,3,17,17,17,17,0,0,0],"gold":107,"neow_bonus":"THREE_ENEMY_KILL","is_daily":false,"chose_seed":false,"campfire_upgraded":3,"win_rate":0.0,"timestamp":1613070750,"path_taken":["M","?","?","?","M","?","M","E","T","?","R","?","E","?","R","BOSS","M","?","?","$","?","R","$","E","T","?","R","?","?"],"items_purchased_type":["Card"],"build_version":"2020-12-22","purchased_purges":2,"victory":false,"max_hp_per_floor":[45,45,45,45,45,45,45,45,45,45,45,45,45,45,45,45,45,45,45,45,45,45,45,45,45,59,59,59,59,59,59,59],"card_choices":[{"not_picked":["DTMod:Hide","DTMod:BalancedStrike"],"picked":"DTMod:Training","floor":1},{"not_picked":["DTMod:Training","DTMod:BlazingStrike"],"picked":"DTMod:ComboAttack","floor":2},{"not_picked":["DTMod:CleansingStrike","DTMod:QuickFly","DTMod:BizarreTactic"],"picked":"SKIP","floor":5},{"not_picked":["DTMod:PurifyingFlame","DTMod:Threaten","DTMod:InvisibleFlame"],"picked":"SKIP","floor":7},{"not_picked":["DTMod:HeatWave","DTMod:Threaten","DTMod:QuickFly"],"picked":"SKIP","floor":8},{"not_picked":["DTMod:Safeguard","DTMod:ForkedFire"],"picked":"DTMod:CrossStep","floor":10},{"not_picked":["DTMod:Astonish","DTMod:MagicField","DTMod:CleansingStrike"],"picked":"SKIP","floor":13},{"not_picked":["DTMod:Prediction","DTMod:ExcessFootwork"],"picked":"DTMod:Inferno","floor":16},{"not_picked":["DTMod:Threaten+1","DTMod:LastStand","DTMod:HeatWave"],"picked":"SKIP","floor":18},{"not_picked":["DTMod:BuildUp","DTMod:PurifyingFlame"],"picked":"DTMod:BurningEnergy","floor":19},{"not_picked":["DTMod:Shift","DTMod:Weaken","DTMod:CleansingStrike"],"picked":"SKIP","floor":25},{"not_picked":["DTMod:StarRain","DTMod:Hide"],"picked":"DTMod:Threaten+1","floor":29}],"player_experience":41168,"relics_obtained":[{"floor":8,"key":"reliquary:TridentHead"},{"floor":9,"key":"Lantern"},{"floor":13,"key":"reliquary:BallBearing"},{"floor":22,"key":"Boot"},{"floor":25,"key":"Gremlin Horn"},{"floor":26,"key":"Mango"}],"event_choices":[{"damage_healed":0,"gold_gain":0,"player_choice":"Ignored","damage_taken":0,"max_hp_gain":0,"max_hp_loss":0,"event_name":"Liars Game","floor":3,"gold_loss":0},{"damage_healed":0,"gold_gain":0,"player_choice":"Trade","damage_taken":0,"relics_obtained":["CultistMask"],"max_hp_gain":0,"max_hp_loss":0,"event_name":"FaceTrader","floor":6,"gold_loss":0},{"damage_healed":0,"gold_gain":0,"player_choice":"Bought 0 Potions","damage_taken":0,"max_hp_gain":0,"max_hp_loss":0,"event_name":"The Woman in Blue","floor":14,"gold_loss":0},{"damage_healed":0,"gold_gain":0,"player_choice":"Stopped","damage_taken":9,"max_hp_gain":0,"max_hp_loss":0,"event_name":"Cursed Tome","floor":20,"gold_loss":0},{"cards_removed":["DTMod:Strike"],"damage_healed":0,"gold_gain":0,"player_choice":"Offered Basic","damage_taken":0,"max_hp_gain":0,"max_hp_loss":0,"event_name":"Bonfire Elementals","floor":27,"gold_loss":0},{"damage_healed":0,"gold_gain":0,"player_choice":"Fight","damage_taken":0,"max_hp_gain":0,"max_hp_loss":0,"event_name":"Colosseum","floor":30,"gold_loss":0},{"damage_healed":0,"gold_gain":0,"player_choice":"Fought Nobs","damage_taken":0,"max_hp_gain":0,"max_hp_loss":0,"event_name":"Colosseum","floor":30,"gold_loss":0}],"is_beta":false,"boss_relics":[{"not_picked":["StuffTheSpire:Kangaroo","Cursed Key"],"picked":"Philosopher\u0027s Stone"}],"items_purged_floors":[4,21],"is_endless":false,"potions_floor_spawned":[5,8,13,18,30],"killed_by":"Colosseum Nobs","ascension_level":0}}