{"host":"ff3231evo43kn7q6","time":1613015074,"event":{"mods":["BaseMod","Downfall","Duelist Mod","Hermit","Minty Spire (QoL Compilation)","StSLib"],"gold_per_floor":[109,109,33,53,65,65,97,124,124,124,124,138,149,119,119,216,216,231,244,244,264,264,264,283,283,283,300,315,22,22,41,41,145,145,158,178,192,41,41,41,41,41],"floor_reached":41,"language":"ENG","playtime":1795,"items_purged":[],"score":395,"play_id":"65bed5c6-cdaa-4829-9e3a-6d7612553bfb","local_time":"20210210224434","is_ascension_mode":false,"campfire_choices":[{"data":"hermit:CursedWeapon","floor":6,"key":"SMITH"},{"floor":10,"key":"REST"},{"data":"hermit:GhostlyPresence","floor":15,"key":"SMITH"},{"floor":23,"key":"REST"},{"data":"hermit:Magnum","floor":25,"key":"SMITH"},{"floor":32,"key":"REST"},{"floor":40,"key":"REST"}],"circlet_count":0,"master_deck":["hermit:Strike_Hermit","hermit:Strike_Hermit","hermit:Strike_Hermit","hermit:Strike_Hermit","hermit:Defend_Hermit","hermit:Defend_Hermit","hermit:Defend_Hermit","hermit:Defend_Hermit","hermit:Snapshot+1","hermit:Covet","hermit:BigShot","hermit:CursedWeapon+1","hermit:SprayPray+1","hermit:Snipe","hermit:Desperado","hermit:Vantage","hermit:GhostlyPresence+1","hermit:Magnum+1","hermit:Headshot","hermit:BlackWind+1"],"relics":["hermit:Momento","NeowsBlessing","Turnip","Odd Mushroom","Ginger","expansioncontent:StudyCardRelic","MutagenicStrength","hermit:Horseshoe","Nunchaku","PreservedInsect","Black Star","hermit:PetGhost"],"acts_visited":["Exordium","TheCity","TheBeyond"],"potions_floor_usage":[7,12,16,16,16,16,21,24,27,27,31,35,41],"damage_taken":[{"damage":0,"enemies":"Small Slimes","floor":1,"turns":1},{"damage":0,"enemies":"2 Louse","floor":4,"turns":1},{"damage":2,"enemies":"Cultist","floor":5,"turns":1},{"damage":32,"enemies":"3 Sentries","floor":7,"turns":2},{"damage":23,"enemies":"The Mushroom Lair","floor":8,"turns":4},{"damage":3,"enemies":"Large Slime","floor":12,"turns":2},{"damage":5,"enemies":"Lots of Slimes","floor":13,"turns":4},{"damage":13,"enemies":"The Guardian","floor":16,"turns":9},{"damage":2,"enemies":"Spheric Guardian","floor":18,"turns":2},{"damage":5,"enemies":"Chosen","floor":19,"turns":2},{"damage":31,"enemies":"Snake Plant","floor":21,"turns":5},{"damage":12,"enemies":"3 Cultists","floor":24,"turns":4},{"damage":7,"enemies":"Centurion and Healer","floor":27,"turns":4},{"damage":0,"enemies":"Snecko","floor":28,"turns":3},{"damage":14,"enemies":"Shelled Parasite and Fungi","floor":31,"turns":3},{"damage":26,"enemies":"Champ","floor":33,"turns":12},{"damage":53,"enemies":"3 Darklings","floor":35,"turns":5},{"damage":2,"enemies":"Orb Walker","floor":36,"turns":1},{"damage":7,"enemies":"Maw","floor":37,"turns":5},{"damage":100044,"enemies":"Transient","floor":41,"turns":5}],"seed_played":"-8769924416396778524","potions_obtained":[{"floor":5,"key":"AttackPotion"},{"floor":8,"key":"DuplicationPotion"},{"floor":14,"key":"CultistPotion"},{"floor":14,"key":"EntropicBrew"},{"floor":16,"key":"ColorlessPotion"},{"floor":19,"key":"Explosive Potion"},{"floor":22,"key":"DuplicationPotion"},{"floor":22,"key":"Energy Potion"},{"floor":28,"key":"DuplicationPotion"},{"floor":33,"key":"ColorlessPotion"},{"floor":36,"key":"Explosive Potion"}],"is_trial":false,"path_per_floor":["M","?","$","M","M","R","E","?","T","R","?","M","M","?","R","B",null,"M","M","?","M","?","R","M","R","T","M","M","$","?","M","R","B",null,"M","M","M","$","?","R","M"],"character_chosen":"HERMIT","items_purchased":["hermit:CursedWeapon","Nunchaku","PreservedInsect","hermit:PetGhost"],"campfire_rested":4,"item_purchase_floors":[3,29,29,38],"current_hp_per_floor":[75,75,75,75,73,73,41,18,18,40,40,37,32,32,32,19,75,73,68,68,37,37,59,47,47,47,40,40,40,40,26,48,22,75,22,20,13,13,13,35,0,0],"gold":41,"neow_bonus":"THREE_ENEMY_KILL","is_daily":false,"chose_seed":false,"campfire_upgraded":3,"win_rate":0.0,"timestamp":1613015074,"path_taken":["M","?","$","M","M","R","E","?","T","R","?","M","?","?","R","BOSS","M","?","?","M","?","R","?","R","T","M","M","?","?","M","R","BOSS","M","M","?","$","?","R","M"],"items_purchased_type":["Card","Relic","Relic","Relic"],"build_version":"2020-12-22","purchased_purges":0,"victory":false,"max_hp_per_floor":[75,75,75,75,75,75,75,75,75,75,75,75,75,75,75,75,75,75,75,75,75,75,75,75,75,75,75,75,75,75,75,75,75,75,75,75,75,75,75,75,75,75],"card_choices":[{"not_picked":["hermit:HighCaliber","hermit:ItchyTrigger"],"picked":"hermit:BigShot","floor":1},{"not_picked":["hermit:Glare","hermit:Vantage"],"picked":"hermit:SprayPray","floor":4},{"not_picked":["hermit:Ricochet","hermit:HoleUp"],"picked":"hermit:Snipe","floor":5},{"not_picked":["hermit:TakeCover","hermit:Glare","hermit:FlashPowder"],"picked":"SKIP","floor":7},{"not_picked":["hermit:Misfire","hermit:HoleUp"],"picked":"hermit:Desperado","floor":8},{"not_picked":["hermit:Grudge","hermit:Dive"],"picked":"hermit:Vantage","floor":12},{"not_picked":["hermit:Vantage","hermit:Determination"],"picked":"hermit:GhostlyPresence","floor":13},{"not_picked":["hermit:Roughhouse","hermit:OverwhelmingPower"],"picked":"hermit:Magnum","floor":16},{"not_picked":["hermit:Desperado","hermit:Manifest"],"picked":"hermit:Headshot","floor":18},{"not_picked":["hermit:Coalescence+1","hermit:CalledShot","hermit:Vantage+1"],"picked":"SKIP","floor":19},{"not_picked":["hermit:ItchyTrigger","hermit:Roulette","hermit:Desperado"],"picked":"SKIP","floor":21},{"not_picked":["hermit:HoleUp+1","hermit:Quickdraw","hermit:EyeOfTheStorm"],"picked":"SKIP","floor":24},{"not_picked":["hermit:ItchyTrigger","hermit:Misfire"],"picked":"hermit:BlackWind","floor":27},{"not_picked":["hermit:HighCaliber","hermit:EyeOfTheStorm","hermit:WideOpen"],"picked":"SKIP","floor":28},{"not_picked":["hermit:TakeAim","hermit:Vantage"],"picked":"hermit:Brawl","floor":31},{"not_picked":["hermit:LowProfile","hermit:Virtue+1","hermit:Roulette"],"picked":"SKIP","floor":35},{"not_picked":["hermit:Virtue+1","hermit:Dive","hermit:Shortfuse"],"picked":"SKIP","floor":36},{"not_picked":["hermit:WideOpen+1","hermit:PistolWhip+1","hermit:TakeCover+1"],"picked":"SKIP","floor":37}],"player_experience":385804,"relics_obtained":[{"floor":7,"key":"Turnip"},{"floor":8,"key":"Odd Mushroom"},{"floor":9,"key":"Ginger"},{"floor":26,"key":"hermit:Horseshoe"}],"event_choices":[{"damage_healed":0,"gold_gain":0,"player_choice":"Grow","damage_taken":0,"max_hp_gain":0,"max_hp_loss":0,"event_name":"Living Wall","floor":2,"gold_loss":0,"cards_upgraded":["hermit:Snapshot"]},{"damage_healed":0,"gold_gain":0,"player_choice":"Fought Mushrooms","damage_taken":0,"max_hp_gain":0,"max_hp_loss":0,"event_name":"Mushrooms","floor":8,"gold_loss":0},{"damage_healed":0,"gold_gain":0,"player_choice":"Upgraded","damage_taken":0,"max_hp_gain":0,"max_hp_loss":0,"event_name":"Upgrade Shrine","floor":11,"gold_loss":0,"cards_upgraded":["hermit:SprayPray"]},{"damage_healed":0,"gold_gain":0,"player_choice":"Bought 2 Potions","damage_taken":0,"max_hp_gain":0,"max_hp_loss":0,"event_name":"The Woman in Blue","floor":14,"gold_loss":0},{"damage_healed":0,"gold_gain":0,"player_choice":"Inject Mutagens","damage_taken":0,"relics_obtained":["MutagenicStrength"],"max_hp_gain":0,"max_hp_loss":0,"event_name":"Drug Dealer","floor":20,"gold_loss":0},{"damage_healed":0,"gold_gain":0,"player_choice":"Got Potions","damage_taken":0,"max_hp_gain":0,"max_hp_loss":0,"event_name":"Lab","floor":22,"gold_loss":0},{"damage_healed":0,"gold_gain":0,"player_choice":"Upgraded","damage_taken":0,"max_hp_gain":0,"max_hp_loss":0,"event_name":"Upgrade Shrine","floor":30,"gold_loss":0,"cards_upgraded":["hermit:BlackWind"]},{"cards_removed":["hermit:Brawl"],"damage_healed":0,"gold_gain":0,"player_choice":"Removed Power","damage_taken":0,"max_hp_gain":0,"max_hp_loss":0,"event_name":"Falling","floor":39,"gold_loss":0}],"is_beta":false,"boss_relics":[{"not_picked":["Velvet Choker","hermit:BartenderGlass"],"picked":"expansioncontent:StudyCardRelic"},{"not_picked":["Coffee Dripper","Snecko Eye"],"picked":"Black Star"}],"items_purged_floors":[],"is_endless":false,"potions_floor_spawned":[5,8,16,19,28,33,36],"killed_by":"Transient","ascension_level":0}}