{"host":"33hgl29kcin19vuq","time":1613055118,"event":{"mods":["Act Like it!","Bard","BaseMod","Colored Map","GifTheSpireLib","Halation","Hermit","Hubris","Infinite Spire","Marisa????????","Minty Spire (QoL Compilation)","Remilia??????","Replay The Spire","StSLib","The Animator","The Bug Knight","The Cursed","The Disciple","The Mystic","The Necromancer","The Poker Player","The Runesmith","The Senshi","The Servant 0.9.4"],"gold_per_floor":[117,140,151,165,165,165,192,211,288,288,288,288,307,324,324,425,425,435,435,435,435,435,435,445,475,475,475,506,453,368,368,368,463,463,482,482,482,493,493,493,107,107,107],"floor_reached":42,"language":"ENG","playtime":3687,"items_purged":["animator:Strike","animator:Boros"],"score":457,"play_id":"7e110aa7-5728-42de-86f4-2b4371daa651","local_time":"20210211195158","is_ascension_mode":false,"campfire_choices":[{"data":"animator:NagisaMomoe","floor":6,"key":"SMITH"},{"floor":10,"key":"REST"},{"data":"animator:MamiTomoe","floor":12,"key":"SMITH"},{"floor":15,"key":"REST"},{"data":"animator:KyokoSakura","floor":23,"key":"SMITH"},{"floor":27,"key":"REST"},{"data":"animator:KyokoSakura","floor":27,"key":"SMITH"},{"floor":32,"key":"REST"},{"data":"animator:Kyubey","floor":32,"key":"SMITH"},{"floor":40,"key":"REST"},{"floor":40,"key":"RECALL"}],"circlet_count":0,"master_deck":["animator:LizardPriest","animator:DwarfShaman","animator:Spearman","animator:MamiTomoe+1","animator:NagisaMomoe+1","animator:SuzuneAmano","animator:KyokoSakura+1","animator:FielNirvalen+1","infinitespire:Gouge+1","animator:Scar+1","animator:Shizu","animator:WinryRockbell","animator:Kyubey+1","animator:KyokoSakura+1","animator:YuiTsuruno","animator:SwordMaiden","animator:SayakaMiki","animator:Cirno"],"relics":["animator:LivingPicture","animator:TheMissingPiece","NeowsBlessing","Lizard Tail","Mummified Hand","infinitespire:Eraser","infinitespire:Broken Mirror","halation:LoveArrow","infinitespire:Magic Flask","Pandora\u0027s Box","infinitespire:FocusingShard","Whetstone","Potion Belt","animator:BattleDrones","hubris:ScarierMask","hubris:Icosahedron","Bird Faced Urn","Omamori"],"acts_visited":["Exordium","TheCity","TheBeyond"],"potions_floor_usage":[14,16],"damage_taken":[{"damage":0,"enemies":"Cultist","floor":1,"turns":1},{"damage":0,"enemies":"2 Louse","floor":2,"turns":1},{"damage":0,"enemies":"Small Slimes","floor":3,"turns":1},{"damage":9,"enemies":"3 Louse","floor":4,"turns":3},{"damage":30,"enemies":"Gremlin Nob","floor":7,"turns":4},{"damage":12,"enemies":"2 Fungi Beasts","floor":8,"turns":3},{"damage":1,"enemies":"Large Slime","floor":13,"turns":4},{"damage":12,"enemies":"3 Louse","floor":14,"turns":2},{"damage":8,"enemies":"The Guardian","floor":16,"turns":6},{"damage":23,"enemies":"2 Thieves","floor":18,"turns":4},{"damage":16,"enemies":"3 Byrds","floor":24,"turns":3},{"damage":33,"enemies":"Replay:Snechameleon","floor":25,"turns":4},{"damage":58,"enemies":"Nightmare","floor":28,"turns":7},{"damage":19,"enemies":"Colosseum Slavers","floor":31,"turns":3},{"damage":29,"enemies":"hubris:MusketHawk","floor":33,"turns":5},{"damage":18,"enemies":"Orb Walker","floor":35,"turns":3},{"damage":0,"enemies":"3 Shapes","floor":38,"turns":2},{"damage":163,"enemies":"Nemesis","floor":42,"turns":4}],"seed_played":"-3189123928863075256","potions_obtained":[{"floor":1,"key":"FairyPotion"},{"floor":13,"key":"AttackPotion"},{"floor":14,"key":"DuplicationPotion"},{"floor":33,"key":"Strength Potion"}],"is_trial":false,"path_per_floor":["M","M","M","M","T","R","E","M","T","R","?","R","M","M","R","B",null,"M","?","AVR","?","?","R","M","E","T","R","NM","?","?","?","R","B",null,"M","?","?","M","T","R","$","E"],"character_chosen":"THE_ANIMATOR","items_purchased":["Omamori","animator:SayakaMiki","animator:Cirno"],"campfire_rested":5,"item_purchase_floors":[41,41,41],"current_hp_per_floor":[66,66,66,57,57,57,27,15,15,34,34,34,33,21,40,32,66,43,65,65,65,65,65,49,7,7,26,33,53,53,37,56,33,67,49,49,49,49,49,67,67,0,0],"gold":107,"neow_bonus":"THREE_ENEMY_KILL","is_daily":false,"chose_seed":false,"campfire_upgraded":5,"win_rate":0.0,"timestamp":1613055118,"path_taken":["M","M","M","?","?","R","E","M","T","R","?","R","M","M","R","BOSS","M","?","AVR","?","?","R","M","E","T","R","NM","?","?","?","R","BOSS","M","?","?","M","?","R","$","E"],"items_purchased_type":["Relic","Card","Card"],"build_version":"2020-12-22","purchased_purges":2,"victory":false,"max_hp_per_floor":[66,66,66,66,66,66,66,66,66,66,66,66,66,66,66,66,66,66,66,66,66,66,66,66,66,66,66,66,66,66,66,66,67,67,67,67,67,67,67,67,67,67,67],"card_choices":[{"not_picked":["animator:DolaRiku","animator:Shion","animator:YuiTsuruno"],"picked":"SKIP","floor":1},{"not_picked":["animator:Millim","animator:Sonic"],"picked":"animator:Spearman","floor":2},{"not_picked":["animator:Jibril","animator:Shion"],"picked":"animator:MamiTomoe","floor":3},{"not_picked":["animator:SuzuneAmano","animator:IrohaTamaki"],"picked":"animator:NagisaMomoe","floor":4},{"not_picked":["animator:Sebas","animator:Envy"],"picked":"animator:SuzuneAmano","floor":7},{"not_picked":["animator:DolaCouronne","animator:PandorasActor","animator:MumenRider"],"picked":"SKIP","floor":8},{"not_picked":["animator:Melzalgald","animator:Sonic","animator:Geryuganshoop"],"picked":"SKIP","floor":13},{"not_picked":["animator:SayakaMiki","animator:OrikoMikuni"],"picked":"animator:KyokoSakura","floor":14},{"not_picked":["animator:Pride","animator:Sebas"],"picked":"animator:FielNirvalen+1","floor":18},{"not_picked":["animator:KyokoSakura","animator:Demiurge+1","animator:Sloth"],"picked":"SKIP","floor":24},{"not_picked":["animator:Spearman","animator:Tatsumaki","animator:Entoma"],"picked":"SKIP","floor":25},{"not_picked":["animator:SayakaMiki","animator:YachiyoNanami"],"picked":"animator:YuiTsuruno","floor":28},{"not_picked":["animator:Sora","animator:HomuraAkemi"],"picked":"animator:SwordMaiden","floor":33},{"not_picked":["animator:NarberalGamma+1","animator:Souei","animator:DwarfShaman+1"],"picked":"SKIP","floor":35},{"not_picked":["animator:Priestess+1","animator:Cocytus+1","animator:IrohaTamaki+1"],"picked":"SKIP","floor":38}],"player_experience":152494,"relics_obtained":[{"floor":5,"key":"Lizard Tail"},{"floor":7,"key":"Mummified Hand"},{"floor":9,"key":"infinitespire:Eraser"},{"floor":25,"key":"infinitespire:FocusingShard"},{"floor":26,"key":"Whetstone"},{"floor":28,"key":"Potion Belt"},{"floor":39,"key":"Bird Faced Urn"}],"event_choices":[{"damage_healed":0,"gold_gain":0,"player_choice":"Searched \u00271\u0027 times","damage_taken":0,"relics_obtained":["infinitespire:Broken Mirror"],"max_hp_gain":0,"max_hp_loss":0,"event_name":"Dead Adventurer","floor":11,"gold_loss":0},{"damage_healed":22,"gold_gain":0,"player_choice":"Heal","damage_taken":0,"max_hp_gain":0,"max_hp_loss":0,"event_name":"The Library","floor":19,"gold_loss":0},{"damage_healed":0,"gold_gain":0,"player_choice":"Ignored","damage_taken":0,"max_hp_gain":0,"max_hp_loss":0,"event_name":"Vampires","floor":21,"gold_loss":0},{"cards_removed":["animator:Shiro"],"damage_healed":0,"gold_gain":0,"player_choice":"Elegance","damage_taken":0,"max_hp_gain":0,"max_hp_loss":0,"event_name":"Back to Basics","floor":22,"gold_loss":0},{"damage_healed":0,"gold_gain":0,"player_choice":"Obtained Relic","damage_taken":0,"relics_obtained":["animator:BattleDrones"],"max_hp_gain":0,"max_hp_loss":0,"event_name":"Addict","floor":30,"gold_loss":85},{"damage_healed":0,"gold_gain":0,"player_choice":"Fight","damage_taken":0,"max_hp_gain":0,"max_hp_loss":0,"event_name":"Colosseum","floor":31,"gold_loss":0},{"damage_healed":0,"gold_gain":0,"player_choice":"Fled From Nobs","damage_taken":0,"max_hp_gain":0,"max_hp_loss":0,"event_name":"Colosseum","floor":31,"gold_loss":0}],"is_beta":false,"boss_relics":[{"not_picked":["Coffee Dripper","SlaversCollar"],"picked":"halation:LoveArrow"},{"not_picked":["ReplayTheSpireMod:SealedPack","Cursed Key"],"picked":"hubris:ScarierMask"}],"items_purged_floors":[20,41],"is_endless":false,"potions_floor_spawned":[1,13,14,33],"killed_by":"Nemesis","ascension_level":0}}