{"host":"3po7ngt2j61s4rmj","time":1613020866,"event":{"mods":["BaseMod","Minty Spire (QoL Compilation)","Relic Stats","Replay The Spire","StSLib"],"gold_per_floor":[109,119,137,153,168,168,168,168,168,168,168,200,200,220,236,246,246,323,323,334,334,21,40,57,57,57],"floor_reached":25,"language":"ENG","playtime":1477,"items_purged":["Strike_B"],"score":414,"play_id":"35b44289-3b26-45ff-89ff-e1fefeceae5d","local_time":"20210210222106","is_ascension_mode":true,"campfire_choices":[{"floor":6,"key":"REST"},{"data":"Rip and Tear","floor":9,"key":"SMITH"},{"floor":13,"key":"REST"}],"circlet_count":0,"master_deck":["AscendersBane","Strike_B","Strike_B+1","Defend_B+1","Defend_B","Defend_B+1","Defend_B","Zap","Dualcast+1","Sweeping Beam","Sweeping Beam","Self Repair","Rip and Tear+1","Cold Snap","Chill","Loop+1","Creative AI+1","ReplayTheSpireMod:Calculation Training","Hologram","Loop+1","Capacitor+1","Static Discharge+1"],"relics":["Cracked Core","Frozen Egg 2","Emotion Chip","Honey Jar","War Paint"],"acts_visited":["Exordium","TheCity"],"potions_floor_usage":[5,18,23,23,24],"damage_taken":[{"damage":9,"enemies":"Jaw Worm","floor":1,"turns":4},{"damage":2,"enemies":"Cultist","floor":2,"turns":4},{"damage":0,"enemies":"2 Louse","floor":3,"turns":2},{"damage":8,"enemies":"2 Fungi Beasts","floor":4,"turns":3},{"damage":32,"enemies":"Exordium Thugs","floor":5,"turns":5},{"damage":19,"enemies":"3 Sentries","floor":12,"turns":5},{"damage":4,"enemies":"Red Slaver","floor":14,"turns":3},{"damage":3,"enemies":"Blue Slaver","floor":15,"turns":4},{"damage":10,"enemies":"Large Slime","floor":16,"turns":4},{"damage":14,"enemies":"Hexaghost","floor":18,"turns":10},{"damage":22,"enemies":"Chosen","floor":20,"turns":4},{"damage":32,"enemies":"2 Thieves","floor":23,"turns":4},{"damage":28,"enemies":"Snecko","floor":24,"turns":6},{"damage":48,"enemies":"Slavers","floor":25,"turns":3}],"seed_played":"-5711223852565260780","potions_obtained":[{"floor":4,"key":"EssenceOfSteel"},{"floor":12,"key":"Fire Potion"},{"floor":16,"key":"Block Potion"},{"floor":18,"key":"GamblersBrew"},{"floor":20,"key":"Swift Potion"},{"floor":24,"key":"BlessingOfTheForge"}],"is_trial":false,"path_per_floor":["M","M","M","M","M","R","PTL","PTL","R","?","T","E","R","M","M","M","R","B",null,"M","?","$","M","M","E"],"character_chosen":"DEFECT","items_purchased":["Loop+1","War Paint"],"campfire_rested":2,"item_purchase_floors":[22,22],"current_hp_per_floor":[62,60,60,59,34,57,57,57,57,34,34,15,38,41,45,42,42,35,67,52,88,88,63,42,0,0],"gold":57,"neow_bonus":"TEN_PERCENT_HP_BONUS","is_daily":false,"chose_seed":false,"campfire_upgraded":1,"win_rate":0.0,"timestamp":1613020866,"path_taken":["M","M","M","M","M","R","PTL","PTL","R","?","T","E","R","M","M","M","R","BOSS","M","?","?","M","M","E"],"items_purchased_type":["Card","Relic"],"build_version":"2020-12-22","purchased_purges":1,"victory":false,"max_hp_per_floor":[78,78,78,78,78,78,78,78,78,78,78,78,78,78,78,78,78,78,78,78,88,88,88,88,88,88],"relic_stats":{"Emotion Chip":[49,23,26,0,0],"counters":[14,59],"War Paint":["Dualcast","Defend_B"],"obtain_stats":[{"Emotion Chip":12,"Honey Jar":19,"Frozen Egg 2":11,"War Paint":22,"Cracked Core":0},{"Emotion Chip":6,"Honey Jar":10,"Frozen Egg 2":5,"War Paint":11,"Cracked Core":0},{"Emotion Chip":23,"Honey Jar":44,"Frozen Egg 2":18,"War Paint":47,"Cracked Core":0}]},"card_choices":[{"not_picked":["Gash","Compile Driver"],"picked":"Sweeping Beam","floor":1},{"not_picked":["Redo","Reprogram"],"picked":"Sweeping Beam","floor":2},{"not_picked":["Go for the Eyes","FTL"],"picked":"Self Repair","floor":3},{"not_picked":["Coolheaded","Panic Button"],"picked":"Rip and Tear","floor":4},{"not_picked":["Sweeping Beam","Fusion"],"picked":"Cold Snap","floor":5},{"not_picked":["Darkness","ReplayTheSpireMod:Repulse","Beam Cell"],"picked":"SKIP","floor":12},{"not_picked":["ReplayTheSpireMod:Repulse","Sweeping Beam"],"picked":"Chill","floor":14},{"not_picked":["Gash","Cold Snap"],"picked":"Loop+1","floor":15},{"not_picked":["Hologram","Ball Lightning"],"picked":"Creative AI+1","floor":16},{"not_picked":["Rainbow","Seek"],"picked":"Fission","floor":18},{"not_picked":["Time Bomb","Blizzard","Panic Button"],"picked":"Hologram","floor":20},{"not_picked":["Tempest","Hologram","Redo"],"picked":"Capacitor+1","floor":23},{"not_picked":["Rebound","Hologram","Streamline"],"picked":"Static Discharge+1","floor":24}],"player_experience":900461,"relics_obtained":[{"floor":11,"key":"Frozen Egg 2"},{"floor":12,"key":"Emotion Chip"}],"event_choices":[{"damage_healed":0,"gold_gain":0,"player_choice":"Entered Light","damage_taken":23,"max_hp_gain":0,"max_hp_loss":0,"event_name":"Shining Light","floor":10,"gold_loss":0,"cards_upgraded":["Strike_B","Defend_B"]},{"cards_removed":["Fission"],"damage_healed":26,"gold_gain":0,"player_choice":"Offered Rare","damage_taken":0,"max_hp_gain":10,"max_hp_loss":0,"event_name":"Bonfire Elementals","floor":21,"gold_loss":0}],"is_beta":false,"boss_relics":[{"not_picked":["Runic Dome","Astrolabe"],"picked":"Honey Jar"}],"items_purged_floors":[22],"is_endless":false,"potions_floor_spawned":[4,12,16,18,20,24],"killed_by":"Slavers","ascension_level":20}}