{"host":"ibckqdmmf9y74ymf","time":1613044423,"event":{"mods":["2.2 Compatiblity","BaseMod","Colored Map","Curses Come First","Highlight Path","Minty Spire (QoL Compilation)","Quick Restart","Rare Cards Sparkle","Relic Stats","StSLib"],"gold_per_floor":[119,129,146,160,160,191,191,191,191,207,233,245,273,293,293,365,365,382,58,85,105,20,47,47,77,77,168,168,239,264,624,624,699,699,789,217,261,483,483,572,572,602,627,656,656,219,219,219,219,219,219,219,219,24,53,53],"floor_reached":57,"language":"ENG","playtime":3418,"items_purged":["Strike_P","Strike_P","ConjureBlade"],"score":3568,"play_id":"3d0a98c7-bfd2-4776-a876-6e488a871e9a","local_time":"20210211125343","is_ascension_mode":true,"campfire_choices":[{"floor":8.0,"key":"REST"},{"data":"WheelKick","floor":15.0,"key":"SMITH"},{"data":"Wish","floor":24.0,"key":"SMITH"},{"floor":32.0,"key":"REST"},{"floor":41.0,"key":"RECALL"},{"data":"MentalFortress","floor":45.0,"key":"SMITH"},{"data":"ForeignInfluence+1","floor":47.0,"key":"PURGE"},{"floor":49,"key":"REST"},{"data":"Meditate","floor":53,"key":"SMITH"}],"circlet_count":0,"master_deck":["AscendersBane","Defend_P+1","Eruption","Vigilance","ReachHeaven+1","ClearTheMind","Protect+1","CutThroughFate","Omniscience+1","Worship+1","ReachHeaven","WheelKick+1","MentalFortress+1","Meditate+1","WheelKick","Wish+1","Swivel+1","Vengeance+1","Protect+1","DevaForm+1","CrushJoints+1","ThirdEye+1","SandsOfTime","LessonLearned+1","Indignation+1","SpiritShield+1","Wish+1"],"relics":["Snecko Eye","Mercury Hourglass","Gambling Chip","Peace Pipe","TungstenRod","Cursed Key","Potion Belt","Red Mask","Omamori","Kunai","Boot","Question Card","Blood Vial","Toxic Egg 2","Astrolabe","Medical Kit","Toy Ornithopter","White Beast Statue","Regal Pillow","Membership Card","Ancient Tea Set","Ornamental Fan","Bag of Preparation","War Paint","Oddly Smooth Stone"],"acts_visited":["Exordium","TheCity","TheBeyond","TheEnding"],"potions_floor_usage":[50,56,56,56,56],"damage_taken":[{"damage":0.0,"enemies":"Cultist","floor":1.0,"turns":2.0},{"damage":0.0,"enemies":"Jaw Worm","floor":2.0,"turns":3.0},{"damage":8.0,"enemies":"2 Louse","floor":3.0,"turns":2.0},{"damage":3.0,"enemies":"Blue Slaver","floor":4.0,"turns":4.0},{"damage":16.0,"enemies":"Gremlin Nob","floor":6.0,"turns":3.0},{"damage":0.0,"enemies":"Looter","floor":10.0,"turns":1.0},{"damage":0.0,"enemies":"Lagavulin","floor":11.0,"turns":3.0},{"damage":0.0,"enemies":"Gremlin Gang","floor":12.0,"turns":2.0},{"damage":0.0,"enemies":"Gremlin Nob","floor":13.0,"turns":3.0},{"damage":0.0,"enemies":"3 Louse","floor":14.0,"turns":2.0},{"damage":0.0,"enemies":"Slime Boss","floor":16.0,"turns":4.0},{"damage":7.0,"enemies":"Shell Parasite","floor":18.0,"turns":2.0},{"damage":0.0,"enemies":"Masked Bandits","floor":20.0,"turns":2.0},{"damage":0.0,"enemies":"3 Byrds","floor":21.0,"turns":3.0},{"damage":0.0,"enemies":"Gremlin Leader","floor":23.0,"turns":4.0},{"damage":11.0,"enemies":"Slavers","floor":25.0,"turns":5.0},{"damage":2.0,"enemies":"Gremlin Leader","floor":27.0,"turns":3.0},{"damage":0.0,"enemies":"Snecko","floor":29.0,"turns":3.0},{"damage":0.0,"enemies":"Book of Stabbing","floor":30.0,"turns":3.0},{"damage":0.0,"enemies":"Champ","floor":33.0,"turns":7.0},{"damage":0.0,"enemies":"Orb Walker","floor":35.0,"turns":3.0},{"damage":0.0,"enemies":"3 Shapes","floor":37.0,"turns":6.0},{"damage":5.0,"enemies":"Nemesis","floor":40.0,"turns":3.0},{"damage":3.0,"enemies":"Giant Head","floor":42.0,"turns":5.0},{"damage":12.0,"enemies":"Nemesis","floor":44.0,"turns":3.0},{"damage":0,"enemies":"Awakened One","floor":50,"turns":8},{"damage":13,"enemies":"Donu and Deca","floor":51,"turns":9},{"damage":0,"enemies":"Shield and Spear","floor":55,"turns":6},{"damage":35,"enemies":"The Heart","floor":56,"turns":8}],"seed_played":"2116945412065908632","potions_obtained":[{"floor":2.0,"key":"Dexterity Potion"},{"floor":11.0,"key":"Regen Potion"},{"floor":13.0,"key":"BottledMiracle"},{"floor":18.0,"key":"SpeedPotion"},{"floor":23.0,"key":"PowerPotion"},{"floor":29.0,"key":"DuplicationPotion"},{"floor":30.0,"key":"SkillPotion"},{"floor":40.0,"key":"Dexterity Potion"},{"floor":55,"key":"Dexterity Potion"}],"is_trial":false,"path_per_floor":["M","M","M","M","?","E","?","R","T","M","E","M","E","M","R","B",null,"M","$","?","M","?","E","R","E","T","E","?","M","E","?","R","B",null,"M","$","M","?","?","E","R","E","T","E","R","$","R","?","R","B","B",null,"R","$","E","B",null],"character_chosen":"WATCHER","items_purchased":["Potion Belt","MentalFortress","SandsOfTime","LessonLearned","Indignation+1","Medical Kit","Membership Card","Ancient Tea Set","Ornamental Fan","Bag of Preparation","War Paint","Strength Potion"],"campfire_rested":3,"item_purchase_floors":[19,19,36,36,36,36,46,46,46,54,54,54],"current_hp_per_floor":[61,61,53,50,50,34,27,47,47,47,47,47,47,47,47,47,63,56,56,56,56,56,56,56,45,45,43,43,45,47,16,36,38,61,63,63,65,65,56,53,53,52,52,42,42,42,42,42,68,68,55,65,65,65,67,58],"gold":53,"neow_bonus":"BOSS_RELIC","is_daily":false,"chose_seed":false,"campfire_upgraded":4,"win_rate":0.0,"timestamp":1613044423,"path_taken":["M","M","M","M","?","E","?","R","T","M","E","M","E","M","R","BOSS","M","$","?","M","?","E","R","E","T","E","?","M","E","?","R","BOSS","M","$","?","?","?","E","R","E","T","E","R","$","R","?","R","BOSS","BOSS","R","$","E","BOSS"],"items_purchased_type":["Relic","Card","Card","Card","Card","Relic","Relic","Relic","Relic","Relic","Relic","Potion"],"build_version":"2020-12-22","purchased_purges":3,"victory":true,"max_hp_per_floor":[68,68,68,68,68,68,68,68,68,68,68,68,68,68,68,68,68,68,68,68,68,68,68,68,68,68,68,68,68,68,68,68,68,68,68,68,68,68,68,68,68,68,68,68,68,68,68,68,68,68,68,68,68,68,68,68],"relic_stats":{"Regal Pillow":6,"counters":[29,112],"Astrolabe":["CrushJoints","ThirdEye","ForeignInfluence"],"Bag of Preparation":[4],"War Paint":["Omniscience","Worship"],"Cursed Key":1,"Boot":[6],"Question Card":12,"Medical Kit":[6],"Mercury Hourglass":[349],"Peace Pipe":1,"Blood Vial":19,"Ornamental Fan":[64],"Gambling Chip":[72],"Snecko Eye":[223,240,206,195],"Kunai":[35],"obtain_stats":[{"Regal Pillow":44,"Bag of Preparation":54,"Cursed Key":17,"Boot":25,"Ancient Tea Set":46,"Blood Vial":28,"Gambling Chip":9,"Red Mask":20,"Kunai":23,"Toxic Egg 2":30,"Potion Belt":19,"Astrolabe":34,"Oddly Smooth Stone":55,"Omamori":22,"War Paint":54,"Question Card":27,"Medical Kit":36,"White Beast Statue":42,"Mercury Hourglass":6,"Peace Pipe":11,"Ornamental Fan":46,"Snecko Eye":0,"Membership Card":46,"PureWater":0,"TungstenRod":13,"Toy Ornithopter":40},{"Regal Pillow":25,"Bag of Preparation":27,"Cursed Key":11,"Boot":16,"Ancient Tea Set":25,"Blood Vial":17,"Gambling Chip":5,"Red Mask":13,"Kunai":15,"Toxic Egg 2":19,"Potion Belt":12,"Astrolabe":20,"Oddly Smooth Stone":28,"Omamori":14,"War Paint":27,"Question Card":17,"Medical Kit":21,"White Beast Statue":24,"Mercury Hourglass":5,"Peace Pipe":7,"Ornamental Fan":25,"Snecko Eye":0,"Membership Card":25,"PureWater":0,"TungstenRod":9,"Toy Ornithopter":23},{"Regal Pillow":81,"Bag of Preparation":98,"Cursed Key":29,"Boot":45,"Ancient Tea Set":81,"Blood Vial":48,"Gambling Chip":14,"Red Mask":33,"Kunai":40,"Toxic Egg 2":54,"Potion Belt":31,"Astrolabe":61,"Oddly Smooth Stone":104,"Omamori":36,"War Paint":98,"Question Card":48,"Medical Kit":64,"White Beast Statue":78,"Mercury Hourglass":14,"Peace Pipe":18,"Ornamental Fan":81,"Snecko Eye":0,"Membership Card":81,"PureWater":0,"TungstenRod":23,"Toy Ornithopter":73}],"TungstenRod":28,"Toy Ornithopter":10},"card_choices":[{"not_picked":["Prostrate","Consecrate"],"picked":"ReachHeaven","floor":1.0},{"not_picked":["PathToVictory","ThirdEye"],"picked":"ClearTheMind","floor":2.0},{"not_picked":["Indignation","PathToVictory"],"picked":"Protect","floor":3.0},{"not_picked":["JustLucky","Fasting2"],"picked":"CutThroughFate","floor":4.0},{"not_picked":["Collect","Crescendo"],"picked":"Omniscience","floor":6.0},{"not_picked":["CutThroughFate","InnerPeace"],"picked":"EmptyFist","floor":10.0},{"not_picked":["ReachHeaven","ClearTheMind"],"picked":"Worship","floor":11.0},{"not_picked":["CutThroughFate","Protect"],"picked":"ReachHeaven","floor":12.0},{"not_picked":["Evaluate","FollowUp","Fasting2"],"picked":"SKIP","floor":13.0},{"not_picked":["CutThroughFate","Consecrate"],"picked":"WheelKick","floor":14.0},{"not_picked":["EmptyMind","Study","Prostrate+1"],"picked":"SKIP","floor":18.0},{"not_picked":["Protect+1","LikeWater"],"picked":"Meditate","floor":20.0},{"not_picked":["FollowUp","WreathOfFlame+1"],"picked":"WheelKick","floor":21.0},{"not_picked":["BowlingBash","SashWhip"],"picked":"Wish","floor":23.0},{"not_picked":["FlurryOfBlows","Protect"],"picked":"Swivel+1","floor":25.0},{"not_picked":["BowlingBash","SashWhip","Study"],"picked":"SKIP","floor":27.0},{"not_picked":["Prostrate","EmptyFist","CutThroughFate"],"picked":"Vengeance","floor":29.0},{"not_picked":["WindmillStrike","FollowUp","Crescendo+1"],"picked":"Protect+1","floor":30.0},{"not_picked":["ConjureBlade+1","Scrawl+1","MasterReality"],"picked":"DevaForm","floor":33.0},{"not_picked":["BowlingBash","Evaluate+1","Crescendo+1","ThirdEye+1"],"picked":"SKIP","floor":35.0},{"not_picked":["FollowUp","ReachHeaven","ClearTheMind+1","Halt+1"],"picked":"SKIP","floor":37.0},{"not_picked":["Protect+1","Prostrate+1","PathToVictory+1","ThirdEye+1"],"picked":"SKIP","floor":40.0},{"not_picked":["CutThroughFate+1","SashWhip","EmptyMind+1","FollowUp"],"picked":"SKIP","floor":42.0},{"not_picked":["FlyingSleeves","Perseverance+1","WheelKick"],"picked":"SpiritShield+1","floor":44.0},{"not_picked":["FlurryOfBlows","Indignation+1","WreathOfFlame+1","CutThroughFate+1"],"picked":"SKIP","floor":55}],"player_experience":702749,"relics_obtained":[{"floor":6.0,"key":"Mercury Hourglass"},{"floor":9.0,"key":"Gambling Chip"},{"floor":11.0,"key":"Peace Pipe"},{"floor":13.0,"key":"TungstenRod"},{"floor":20.0,"key":"Red Mask"},{"floor":23.0,"key":"Kunai"},{"floor":25.0,"key":"Boot"},{"floor":27.0,"key":"Question Card"},{"floor":30.0,"key":"Toxic Egg 2"},{"floor":40.0,"key":"Toy Ornithopter"},{"floor":42.0,"key":"White Beast Statue"},{"floor":44.0,"key":"Regal Pillow"},{"floor":55,"key":"Oddly Smooth Stone"}],"event_choices":[{"damage_healed":0.0,"max_hp_gain":0.0,"max_hp_loss":0.0,"gold_gain":0.0,"cards_transformed":["Strike_P"],"event_name":"Living Wall","player_choice":"Change","floor":5.0,"gold_loss":0.0,"damage_taken":0.0,"cards_obtained":["ConjureBlade"]},{"cards_removed":["Defend_P"],"damage_healed":0.0,"max_hp_gain":0.0,"max_hp_loss":0.0,"gold_gain":0.0,"event_name":"Golden Wing","player_choice":"Card Removal","floor":7.0,"gold_loss":0.0,"damage_taken":7.0},{"damage_healed":0.0,"max_hp_gain":0.0,"max_hp_loss":0.0,"gold_gain":0.0,"event_name":"Masked Bandits","player_choice":"Fought Bandits","floor":20.0,"gold_loss":0.0,"damage_taken":0.0},{"damage_healed":0.0,"max_hp_gain":0.0,"max_hp_loss":0.0,"gold_gain":0.0,"event_name":"Addict","player_choice":"Obtained Relic","floor":22.0,"gold_loss":85.0,"damage_taken":0.0,"relics_obtained":["Omamori"]},{"damage_healed":0.0,"max_hp_gain":0.0,"max_hp_loss":0.0,"gold_gain":0.0,"event_name":"The Mausoleum","player_choice":"Opened","floor":28.0,"gold_loss":0.0,"damage_taken":0.0,"relics_obtained":["Blood Vial"],"cards_obtained":["Writhe"]},{"damage_healed":0.0,"max_hp_gain":0.0,"max_hp_loss":0.0,"gold_gain":360.0,"event_name":"Knowing Skull","player_choice":"GOLD GOLD GOLD GOLD ","floor":31.0,"potions_obtained":[],"gold_loss":0.0,"damage_taken":36.0,"cards_obtained":[]},{"damage_healed":0.0,"max_hp_gain":0.0,"max_hp_loss":0.0,"gold_gain":222.0,"event_name":"Tomb of Lord Red Mask","player_choice":"Wore Mask","floor":38.0,"gold_loss":0.0,"damage_taken":0.0},{"damage_healed":0.0,"max_hp_gain":0.0,"max_hp_loss":0.0,"gold_gain":0.0,"event_name":"SensoryStone","player_choice":"Memory 3","floor":39.0,"gold_loss":0.0,"damage_taken":10.0},{"damage_healed":0.0,"max_hp_gain":0.0,"max_hp_loss":0.0,"gold_gain":0.0,"cards_transformed":["EmptyFist"],"event_name":"Transmorgrifier","player_choice":"Transformed","floor":48.0,"gold_loss":0.0,"damage_taken":0.0,"cards_obtained":["Wish"]}],"is_beta":false,"boss_relics":[{"not_picked":["Busted Crown","Empty Cage"],"picked":"Cursed Key"},{"not_picked":["Coffee Dripper","SlaversCollar"],"picked":"Astrolabe"}],"items_purged_floors":[19,36,46],"is_endless":false,"potions_floor_spawned":[2,11,13,14,18,23,29,30,33,40,44,55],"ascension_level":20}}