{"host":"w14xfy17z3c5mpoi","time":1613019076,"event":{"mods":["AchievementEnabler","BaseMod","Minty Spire (QoL Compilation)","Relic Stats"],"gold_per_floor":[417,60,71,21,32,32,66,66,66,66,83,83,95,270,270,375,375,393,405,405,6,6,6,37,51,132,132,132,148,148,162,162,257,257,276,293,46,46,56,56,56,81,130,149,169,182,202,218,218,218,218],"floor_reached":50,"language":"ENG","playtime":2665,"items_purged":["Strike_B","Doubt","Pain"],"score":720,"play_id":"fae45c8a-e102-41b2-99a6-06728fe7b876","local_time":"20210210235116","is_ascension_mode":true,"campfire_choices":[{"data":"Dualcast","floor":6,"key":"SMITH"},{"data":"Zap","floor":8,"key":"SMITH"},{"data":"Barrage","floor":12,"key":"SMITH"},{"floor":15,"key":"REST"},{"data":"Hyperbeam","floor":23,"key":"SMITH"},{"data":"Reprogram","floor":28,"key":"SMITH"},{"data":"Buffer","floor":30,"key":"SMITH"},{"data":"Beam Cell","floor":32,"key":"SMITH"},{"data":"Skim","floor":40,"key":"SMITH"},{"data":"Reprogram","floor":49,"key":"SMITH"}],"circlet_count":0,"master_deck":["Strike_B","Defend_B","Defend_B","Defend_B","Defend_B","Zap+1","Dualcast+1","Compile Driver","Ball Lightning","Ball Lightning","Cold Snap+1","Ball Lightning+1","FTL","Barrage+1","Beam Cell+1","Hyperbeam+1","Loop","Sweeping Beam","RitualDagger","Rip and Tear","Reprogram+1","Sweeping Beam","Buffer+1","Sweeping Beam+1","Meteor Strike+1","Leap+1","Skim+1","Hologram+1","Rebound+1","Steam+1","Steam+1","Parasite","Aggregate+1","Reprogram+1","Stack"],"relics":["Cracked Core","Old Coin","Pen Nib","Mango","Eternal Feather","Coffee Dripper","FossilizedHelix","Whetstone","Molten Egg 2","WarpedTongs","Nuclear Battery","Membership Card","Regal Pillow","Ancient Tea Set"],"acts_visited":["Exordium","TheCity","TheBeyond"],"potions_floor_usage":[3,7,25,25,39,42,42,46,50,50],"damage_taken":[{"damage":1,"enemies":"2 Louse","floor":1,"turns":4},{"damage":0,"enemies":"Jaw Worm","floor":3,"turns":1},{"damage":6,"enemies":"Cultist","floor":5,"turns":3},{"damage":21,"enemies":"Lagavulin","floor":7,"turns":4},{"damage":11,"enemies":"Looter","floor":11,"turns":2},{"damage":0,"enemies":"Exordium Thugs","floor":13,"turns":2},{"damage":50,"enemies":"The Guardian","floor":16,"turns":11},{"damage":1,"enemies":"3 Byrds","floor":18,"turns":3},{"damage":7,"enemies":"2 Thieves","floor":19,"turns":3},{"damage":33,"enemies":"Book of Stabbing","floor":24,"turns":4},{"damage":0,"enemies":"Snake Plant","floor":25,"turns":3},{"damage":0,"enemies":"Centurion and Healer","floor":29,"turns":2},{"damage":0,"enemies":"3 Cultists","floor":31,"turns":2},{"damage":43,"enemies":"Champ","floor":33,"turns":12},{"damage":0,"enemies":"3 Shapes","floor":35,"turns":1},{"damage":18,"enemies":"Orb Walker","floor":36,"turns":5},{"damage":9,"enemies":"Writhing Mass","floor":39,"turns":3},{"damage":58,"enemies":"Reptomancer","floor":42,"turns":7},{"damage":22,"enemies":"Sphere and 2 Shapes","floor":44,"turns":3},{"damage":0,"enemies":"Spire Growth","floor":45,"turns":3},{"damage":0,"enemies":"Writhing Mass","floor":46,"turns":5},{"damage":0,"enemies":"Jaw Worm Horde","floor":47,"turns":5},{"damage":8,"enemies":"Sphere and 2 Shapes","floor":48,"turns":4},{"damage":36,"enemies":"Donu and Deca","floor":50,"turns":5}],"seed_played":"1551004715420244639","potions_obtained":[{"floor":7,"key":"SpeedPotion"},{"floor":11,"key":"Fire Potion"},{"floor":19,"key":"Fruit Juice"},{"floor":25,"key":"FocusPotion"},{"floor":33,"key":"FearPotion"},{"floor":42,"key":"GamblersBrew"},{"floor":44,"key":"BlessingOfTheForge"},{"floor":46,"key":"Strength Potion"}],"is_trial":false,"path_per_floor":["M","$","M","?","M","R","E","R","T","?","M","R","M","?","R","B",null,"M","M","?","$","?","R","E","M","T","?","R","M","R","M","R","B",null,"M","M","$","?","M","R","?","E","T","M","M","M","M","M","R","B"],"character_chosen":"DEFECT","items_purchased":["Ball Lightning","Pen Nib","Fire Potion","Strength Potion","FossilizedHelix","Membership Card","Skim"],"campfire_rested":1,"item_purchase_floors":[2,2,2,2,21,37,37],"current_hp_per_floor":[49,49,49,49,43,43,36,36,36,36,25,31,31,31,66,16,71,70,63,57,57,57,69,36,36,36,36,48,48,60,60,75,32,75,75,57,57,79,70,85,85,32,32,10,10,10,10,2,23,0,0],"gold":218,"neow_bonus":"ONE_RARE_RELIC","is_daily":false,"chose_seed":false,"campfire_upgraded":9,"win_rate":0.0,"timestamp":1613019076,"path_taken":["M","$","M","?","M","R","E","R","T","?","M","R","M","?","R","BOSS","M","M","?","$","?","R","E","M","T","?","R","M","R","M","R","BOSS","M","M","$","?","M","R","?","E","T","M","?","M","M","M","R","BOSS"],"items_purchased_type":["Card","Relic","Potion","Potion","Relic","Relic","Card"],"build_version":"2020-12-22","purchased_purges":3,"victory":false,"max_hp_per_floor":[75,75,75,75,75,75,89,89,89,89,89,89,89,89,89,89,89,89,89,89,89,89,89,89,89,89,89,89,89,89,89,89,89,89,89,89,89,89,89,89,89,94,94,94,94,94,94,94,94,94,94],"relic_stats":{"Regal Pillow":0,"counters":[24,97],"Eternal Feather":102,"Pen Nib":[20],"Whetstone":["Cold Snap","Ball Lightning"],"obtain_stats":[{"Regal Pillow":42,"Mango":7,"Eternal Feather":9,"Pen Nib":2,"Whetstone":24,"Ancient Tea Set":43,"Old Coin":0,"WarpedTongs":27,"Nuclear Battery":34,"Molten Egg 2":26,"Coffee Dripper":17,"Membership Card":37,"Cracked Core":0,"FossilizedHelix":21},{"Regal Pillow":18,"Mango":4,"Eternal Feather":4,"Pen Nib":1,"Whetstone":10,"Ancient Tea Set":18,"Old Coin":0,"WarpedTongs":11,"Nuclear Battery":14,"Molten Egg 2":11,"Coffee Dripper":7,"Membership Card":16,"Cracked Core":0,"FossilizedHelix":9},{"Regal Pillow":72,"Mango":12,"Eternal Feather":12,"Pen Nib":4,"Whetstone":37,"Ancient Tea Set":72,"Old Coin":0,"WarpedTongs":40,"Nuclear Battery":56,"Molten Egg 2":40,"Coffee Dripper":27,"Membership Card":62,"Cracked Core":0,"FossilizedHelix":33}],"WarpedTongs":[56]},"card_choices":[{"not_picked":["Gash","Aggregate"],"picked":"Compile Driver","floor":1},{"not_picked":["Coolheaded","Rebound"],"picked":"Ball Lightning","floor":3},{"not_picked":["Leap","Coolheaded"],"picked":"Cold Snap","floor":5},{"not_picked":["Doom and Gloom","Melter"],"picked":"Ball Lightning","floor":7},{"not_picked":["Stack","Meteor Strike"],"picked":"Barrage","floor":11},{"not_picked":["Ball Lightning","Leap"],"picked":"Beam Cell","floor":13},{"not_picked":["Machine Learning","Meteor Strike"],"picked":"Hyperbeam","floor":16},{"not_picked":["Steam","Ball Lightning"],"picked":"Loop","floor":18},{"not_picked":["Ball Lightning","Coolheaded"],"picked":"Sweeping Beam","floor":19},{"not_picked":["Ball Lightning","Go for the Eyes"],"picked":"Reprogram","floor":24},{"not_picked":["Glacier","Gash"],"picked":"Sweeping Beam","floor":25},{"not_picked":["Coolheaded","Doom and Gloom+1"],"picked":"Buffer","floor":29},{"not_picked":["Lockon+1","Barrage+1"],"picked":"Sweeping Beam+1","floor":31},{"not_picked":["Reboot","Multi-Cast"],"picked":"Meteor Strike+1","floor":33},{"not_picked":["Self Repair+1","Undo+1"],"picked":"Leap+1","floor":35},{"not_picked":["Ball Lightning+1","Heatsinks+1","Redo+1"],"picked":"SKIP","floor":36},{"not_picked":["Coolheaded+1","Beam Cell+1"],"picked":"Hologram+1","floor":39},{"not_picked":["Static Discharge","Heatsinks"],"picked":"Rebound+1","floor":42},{"not_picked":["Hyperbeam+1","Consume"],"picked":"Steam+1","floor":44},{"not_picked":["Sweeping Beam+1","Chaos+1"],"picked":"Steam+1","floor":45},{"not_picked":["Redo","Storm"],"picked":"Aggregate+1","floor":46},{"not_picked":["Force Field+1","Steam+1"],"picked":"Reprogram","floor":47},{"not_picked":["Ball Lightning+1","Doom and Gloom+1"],"picked":"Stack","floor":48}],"player_experience":623772,"relics_obtained":[{"floor":7,"key":"Mango"},{"floor":9,"key":"Eternal Feather"},{"floor":24,"key":"Whetstone"},{"floor":26,"key":"Molten Egg 2"},{"floor":42,"key":"Regal Pillow"},{"floor":43,"key":"Ancient Tea Set"}],"event_choices":[{"cards_removed":["Strike_B"],"damage_healed":0,"gold_gain":0,"player_choice":"Card Removal","damage_taken":0,"max_hp_gain":0,"max_hp_loss":0,"event_name":"The Cleric","floor":4,"gold_loss":50},{"damage_healed":0,"gold_gain":0,"cards_transformed":["Strike_B"],"player_choice":"Change","damage_taken":0,"max_hp_gain":0,"max_hp_loss":0,"event_name":"Living Wall","floor":10,"gold_loss":0,"cards_obtained":["FTL"]},{"damage_healed":0,"gold_gain":175,"player_choice":"AGREE","damage_taken":0,"max_hp_gain":0,"max_hp_loss":0,"event_name":"Liars Game","floor":14,"gold_loss":0,"cards_obtained":["Doubt"]},{"damage_healed":0,"gold_gain":0,"player_choice":"Joined the Cult","damage_taken":6,"max_hp_gain":0,"max_hp_loss":0,"event_name":"Nest","floor":20,"gold_loss":0,"cards_obtained":["RitualDagger"]},{"damage_healed":0,"gold_gain":0,"player_choice":"Read","damage_taken":0,"max_hp_gain":0,"max_hp_loss":0,"event_name":"The Library","floor":22,"gold_loss":0,"cards_obtained":["Rip and Tear"]},{"damage_healed":0,"gold_gain":0,"player_choice":"Rummage","damage_taken":0,"relics_obtained":["WarpedTongs"],"max_hp_gain":0,"max_hp_loss":0,"event_name":"Accursed Blacksmith","floor":27,"gold_loss":0,"cards_obtained":["Pain"]},{"damage_healed":22,"gold_gain":0,"player_choice":"Writhe","damage_taken":0,"max_hp_gain":0,"max_hp_loss":0,"event_name":"Winding Halls","floor":38,"gold_loss":0,"cards_obtained":["Writhe"]},{"cards_removed":["Writhe"],"damage_healed":0,"gold_gain":0,"player_choice":"Removed Curses","damage_taken":0,"max_hp_gain":0,"max_hp_loss":0,"event_name":"Fountain of Cleansing","floor":41,"gold_loss":0}],"is_beta":false,"boss_relics":[{"not_picked":["SlaversCollar","Busted Crown"],"picked":"Coffee Dripper"},{"not_picked":["FrozenCore","Runic Pyramid"],"picked":"Nuclear Battery"}],"items_purged_floors":[2,21,37],"is_endless":false,"potions_floor_spawned":[7,11,19,25,33,42,44,46],"killed_by":"Donu and Deca","ascension_level":6}}