{"host":"6febr6iklru1ag3j","time":1613082823,"event":{"mods":["BaseMod","Better Note","DeckTracker","Hermit","Hubris","Minty Spire (QoL Compilation)","Replay The Spire","Shop Mod","StSLib","The Jungle","slay the spire mod where everything is the same but ironclad has a cowboy hat"],"gold_per_floor":[111,72,72,88,102,134,24,24,24],"floor_reached":8,"language":"ENG","playtime":515,"items_purged":[],"score":56,"play_id":"f55437f5-53d5-48d0-8e14-0ab494afdbf3","local_time":"20210211173343","is_ascension_mode":false,"campfire_choices":[],"circlet_count":0,"master_deck":["hermit:Strike_Hermit","hermit:Strike_Hermit","hermit:Strike_Hermit","hermit:Strike_Hermit","hermit:Defend_Hermit","hermit:Defend_Hermit","hermit:Defend_Hermit","hermit:Defend_Hermit","hermit:Snapshot","hermit:Covet","hermit:Snapshot","Defend_P","hermit:EyeOfTheStorm","hermit:GhostlyPresence","hermit:Cheat","hermit:Gestalt","hermit:FlashPowder","hermit:BodyArmor+1"],"relics":["hermit:Momento","hubris:DeckOfHolding"],"acts_visited":["Exordium"],"potions_floor_usage":[],"damage_taken":[{"damage":0,"enemies":"Small Slimes","floor":1,"turns":4},{"damage":1,"enemies":"Cultist","floor":4,"turns":3},{"damage":1,"enemies":"Jaw Worm","floor":5,"turns":4},{"damage":75,"enemies":"Lagavulin","floor":6,"turns":10},{"damage":13,"enemies":"3 Sentries","floor":8,"turns":8}],"seed_played":"5623864865270913249","potions_obtained":[{"floor":1,"key":"Ancient Potion"}],"is_trial":false,"path_per_floor":["M","$","?","M","M","E","$","E"],"character_chosen":"HERMIT","items_purchased":["hermit:LoneWolf","hermit:FlashPowder","hermit:BodyArmor+1"],"campfire_rested":0,"item_purchase_floors":[2,7,7],"current_hp_per_floor":[89,89,89,88,87,12,12,0,0],"gold":24,"neow_bonus":"TWENTY_PERCENT_HP_BONUS","is_daily":false,"chose_seed":false,"campfire_upgraded":0,"win_rate":0.0,"timestamp":1613082823,"path_taken":["M","$","?","?","M","E","$","E"],"items_purchased_type":["Card","Card","Card"],"build_version":"2020-12-22","purchased_purges":0,"victory":false,"max_hp_per_floor":[89,89,89,89,89,89,89,89,89],"card_choices":[{"not_picked":["hermit:LoneWolf","hermit:GoldenBullet"],"picked":"hermit:EyeOfTheStorm","floor":1},{"not_picked":["hermit:Feint","hermit:Dive"],"picked":"hermit:GhostlyPresence","floor":4},{"not_picked":["hermit:Coalescence","hermit:Snipe"],"picked":"hermit:Cheat","floor":5},{"not_picked":["hermit:Spite","hermit:Roulette"],"picked":"hermit:Gestalt","floor":6}],"player_experience":459687,"relics_obtained":[{"floor":6,"key":"hubris:DeckOfHolding"}],"event_choices":[{"cards_removed":["hermit:LoneWolf"],"damage_healed":0,"gold_gain":0,"player_choice":"Offered Uncommon","damage_taken":0,"max_hp_gain":0,"max_hp_loss":0,"event_name":"Bonfire Elementals","floor":3,"gold_loss":0}],"is_beta":false,"boss_relics":[],"items_purged_floors":[],"is_endless":false,"potions_floor_spawned":[1],"killed_by":"3 Sentries","ascension_level":0}}