{"host":"fff5e1uasnm04x18","time":1613082712,"event":{"mods":["BaseMod","Highlight Path","Minty Spire (QoL Compilation)","StSLib"],"gold_per_floor":[118,43,6,6,23,23,33,33,80,9,9,84,99,99,99],"floor_reached":14,"language":"ENG","playtime":1768,"items_purged":["Strike_B"],"score":94,"play_id":"3ea85577-72af-442b-979e-bdce0cbc67d8","local_time":"20210211173152","is_ascension_mode":true,"campfire_choices":[{"data":"Seek","floor":6,"key":"SMITH"},{"floor":11,"key":"REST"}],"circlet_count":0,"master_deck":["Strike_B","Strike_B","Strike_B","Defend_B","Defend_B","Defend_B","Defend_B","Zap","Dualcast","Seek+1","Self Repair","Heatsinks","Regret","Creative AI","Static Discharge"],"relics":["Cracked Core","Cables","Toy Ornithopter"],"acts_visited":["Exordium"],"potions_floor_usage":[],"damage_taken":[{"damage":1,"enemies":"Cultist","floor":1,"turns":3},{"damage":11,"enemies":"Jaw Worm","floor":5,"turns":4},{"damage":7,"enemies":"2 Louse","floor":7,"turns":2},{"damage":39,"enemies":"Blue Slaver","floor":13,"turns":4},{"damage":24,"enemies":"3 Sentries","floor":14,"turns":3}],"seed_played":"3561441103170893912","potions_obtained":[{"floor":7,"key":"DistilledChaos"}],"is_trial":false,"path_per_floor":["M","$","$","?","M","R","M","$","T","$","R","?","M","E"],"character_chosen":"DEFECT","items_purchased":["Heatsinks","Static Discharge"],"campfire_rested":1,"item_purchase_floors":[3,10],"current_hp_per_floor":[74,74,74,74,70,70,63,63,63,63,75,64,25,1,1],"gold":99,"neow_bonus":"ONE_RANDOM_RARE_CARD","is_daily":false,"chose_seed":false,"campfire_upgraded":1,"win_rate":0.0,"timestamp":1613082712,"path_taken":["M","?","$","?","M","R","M","?","T","$","R","?","M","E"],"items_purchased_type":["Card","Card"],"build_version":"2020-12-22","purchased_purges":1,"victory":false,"max_hp_per_floor":[75,75,75,75,75,75,75,75,75,75,75,75,75,75,75],"card_choices":[{"not_picked":["Go for the Eyes","Gash"],"picked":"Self Repair","floor":1},{"not_picked":["Hologram","Go for the Eyes","Redo"],"picked":"SKIP","floor":5},{"not_picked":["Gash","Streamline"],"picked":"Creative AI","floor":7},{"not_picked":["Scrape","Tempest","Melter"],"picked":"SKIP","floor":13}],"player_experience":587294,"relics_obtained":[{"floor":9,"key":"Toy Ornithopter"}],"event_choices":[{"damage_healed":0,"gold_gain":0,"player_choice":"Box","damage_taken":0,"relics_obtained":["Cables"],"max_hp_gain":0,"max_hp_loss":0,"event_name":"Big Fish","floor":4,"gold_loss":0,"cards_obtained":["Regret"]},{"damage_healed":0,"gold_gain":75,"player_choice":"Gather Gold","damage_taken":11,"max_hp_gain":0,"max_hp_loss":0,"event_name":"World of Goop","floor":12,"gold_loss":0}],"is_beta":false,"boss_relics":[],"items_purged_floors":[2],"is_endless":false,"potions_floor_spawned":[7],"killed_by":"3 Sentries","ascension_level":4}}