{"host":"KYO","time":1613044594,"event":{"mods":["ATMod(°¢èªMod)","BaseMod","Better Vampires","Minty Spire (QoL Compilation)","Permanent Neow","Replay The Spire","Shop Mod","StSLib","SuperFastMode","TestMod","[IsaacMod]ÒÔÈö¼âËþ","¡¾ÒÅÎï¿¨ÅÆ¡¿REMEMod"],"gold_per_floor":[114,134,154,169,94,94,121,135,135,154,179,179,199,234,234,234,234],"floor_reached":16,"language":"ZHS","playtime":660,"items_purged":[],"score":298,"play_id":"6fa09c6d-fd58-4383-9ef8-362edb44a6f6","local_time":"20210211195634","is_ascension_mode":true,"campfire_choices":[{"data":"Eruption","floor":6.0,"key":"SMITH"},{"data":"testmod-HeadAttack","floor":12.0,"key":"SMITH"},{"data":"DevaForm","floor":15.0,"key":"SMITH"}],"circlet_count":0,"master_deck":["AscendersBane","Strike_P","Strike_P","Strike_P","Strike_P","Defend_P","Defend_P","Defend_P","Eruption+1","Vigilance","testmod-HeadAttack+1","AT_ChampionStep","Conclude","Fasting2","DevaForm+1"],"relics":["HushsDoor","AT_ATBox","REME_ComplimentaryCards","testmod-TestBox","BookOfRevelations","testmod-Muramasa","testmod-TimeTraveler","testmod-Maize","TheBible","UnicornStump"],"acts_visited":["Exordium"],"potions_floor_usage":[16,16],"damage_taken":[{"damage":0.0,"enemies":"Jaw Worm","floor":1.0,"turns":5.0},{"damage":0.0,"enemies":"2 Louse","floor":2.0,"turns":3.0},{"damage":0.0,"enemies":"Small Slimes","floor":3.0,"turns":2.0},{"damage":0.0,"enemies":"Looter","floor":4.0,"turns":2.0},{"damage":34.0,"enemies":"Lagavulin","floor":7.0,"turns":8.0},{"damage":0.0,"enemies":"Blue Slaver","floor":8.0,"turns":1.0},{"damage":0.0,"enemies":"2 Fungi Beasts","floor":10.0,"turns":1.0},{"damage":7.0,"enemies":"3 Sentries","floor":11.0,"turns":11.0},{"damage":3.0,"enemies":"Looter","floor":13.0,"turns":3.0},{"damage":0.0,"enemies":"Lagavulin","floor":14.0,"turns":7.0},{"damage":16,"enemies":"The Guardian","floor":16,"turns":8}],"seed_played":"5138360248717565312","potions_obtained":[{"floor":1.0,"key":"Explosive Potion"},{"floor":3.0,"key":"GamblersBrew"},{"floor":8.0,"key":"SteroidPotion"},{"floor":11.0,"key":"SpeedPotion"},{"floor":13.0,"key":"Block Potion"},{"floor":14.0,"key":"Ancient Potion"}],"is_trial":false,"path_per_floor":["M","M","M","M","?","R","E","M","T","M","E","R","M","E","R","B"],"character_chosen":"WATCHER","items_purchased":[],"campfire_rested":0,"item_purchase_floors":[],"current_hp_per_floor":[61,61,61,61,61,61,27,27,27,27,20,20,17,17,17,1,1],"gold":234,"neow_bonus":"BOSS_RELIC","is_daily":false,"chose_seed":false,"campfire_upgraded":3,"win_rate":0.0,"timestamp":1613044594,"path_taken":["M","M","M","M","?","R","E","M","T","M","E","R","M","E","R","BOSS"],"items_purchased_type":[],"build_version":"2020-12-18","purchased_purges":0,"victory":false,"max_hp_per_floor":[68,68,68,68,68,68,68,68,68,68,68,68,68,68,68,68,68],"card_choices":[{"not_picked":["ClearTheMind","Wallop","Wireheading"],"picked":"SKIP","floor":1.0},{"not_picked":["FearNoEvil","Wireheading"],"picked":"Conclude","floor":2.0},{"not_picked":["Replay:ManipulateFuture","Weave","FlyingSleeves"],"picked":"SKIP","floor":3.0},{"not_picked":["Replay:LoomingThreat","FlurryOfBlows","AT_ChampionStep"],"picked":"SKIP","floor":4.0},{"not_picked":["Replay:Battleflow","REME_MusicOfDeath"],"picked":"Fasting2","floor":7.0},{"not_picked":["Replay:ManipulateFuture","EmptyBody","Fasting2"],"picked":"SKIP","floor":8.0},{"not_picked":["SignatureMove","FlyingSleeves","Wallop"],"picked":"SKIP","floor":10.0},{"not_picked":["Fasting2","SashWhip","Consecrate"],"picked":"SKIP","floor":11.0},{"not_picked":["Evaluate","CutThroughFate"],"picked":"DevaForm","floor":13.0},{"not_picked":["REME_EmptyShield","Vengeance","SignatureMove"],"picked":"SKIP","floor":14.0}],"player_experience":761466,"relics_obtained":[{"floor":7.0,"key":"testmod-Maize"},{"floor":11.0,"key":"TheBible"},{"floor":14.0,"key":"UnicornStump"}],"event_choices":[{"cards_removed":["Defend_P"],"damage_healed":0.0,"max_hp_gain":0.0,"max_hp_loss":0.0,"gold_gain":0.0,"event_name":"The Cleric","player_choice":"Card Removal","floor":5.0,"gold_loss":75.0,"damage_taken":0.0}],"is_beta":true,"boss_relics":[],"items_purged_floors":[],"is_endless":false,"potions_floor_spawned":[1,3,8,11,13,14],"killed_by":"The Guardian","ascension_level":20}}