{"host":"xvcswx52z80fmg13","time":1613080184,"event":{"mods":["BaseMod","Colored Map","Colored Powertips","Highlight Path","Minty Spire (QoL Compilation)"],"gold_per_floor":[112,125,140,154,154,0,34,109,409,429,460,460,308,334,334,438,438,438,438,438,438,21,21,21,21,21,21,21,21,21,21,21,21,21,21,21,21,21,0,0,0,0,0,0,0,0,0,0,0,0,0,0,0,0,0,0],"floor_reached":55,"language":"ENG","playtime":3274,"items_purged":["Strike_G","Strike_G","Strike_G"],"score":772,"play_id":"6d6042cc-d869-4676-b914-306705df7e59","local_time":"20210211174944","is_ascension_mode":false,"campfire_choices":[{"data":"Noxious Fumes","floor":12,"key":"SMITH"},{"data":"Deadly Poison","floor":15,"key":"SMITH"},{"floor":25,"key":"REST"},{"data":"Catalyst","floor":32,"key":"SMITH"},{"floor":41,"key":"RECALL"},{"floor":45,"key":"REST"},{"floor":49,"key":"REST"},{"data":"Burst","floor":52,"key":"SMITH"}],"circlet_count":0,"master_deck":["Strike_G","Defend_G","Defend_G","Defend_G+1","Defend_G","Defend_G","Survivor","Neutralize","Dash","Noxious Fumes+1","Poisoned Stab","Backstab","Deadly Poison+1","Calculated Gamble","Corpse Explosion+1","Calculated Gamble","Deflect","Catalyst+1","Adrenaline","Envenom","Noxious Fumes","Burst+1","Corpse Explosion","Bouncing Flask"],"relics":["Ring of the Snake","Ancient Tea Set","TungstenRod","Incense Burner","Old Coin","Dream Catcher","Centennial Puzzle","Ectoplasm","Blood Vial","War Paint","Juzu Bracelet","Matryoshka","Pocketwatch","Snake Skull","Busted Crown","Turnip","Red Mask","Anchor","Mercury Hourglass"],"acts_visited":["Exordium","TheCity","TheBeyond","TheEnding"],"potions_floor_usage":[7,11,18,50,55],"damage_taken":[{"damage":4,"enemies":"Cultist","floor":1,"turns":5},{"damage":0,"enemies":"Small Slimes","floor":2,"turns":4},{"damage":0,"enemies":"2 Louse","floor":3,"turns":2},{"damage":1,"enemies":"2 Fungi Beasts","floor":4,"turns":3},{"damage":13,"enemies":"3 Sentries","floor":7,"turns":8},{"damage":1,"enemies":"Blue Slaver","floor":10,"turns":3},{"damage":6,"enemies":"Lagavulin","floor":11,"turns":9},{"damage":0,"enemies":"3 Sentries","floor":14,"turns":6},{"damage":8,"enemies":"The Guardian","floor":16,"turns":8},{"damage":0,"enemies":"Spheric Guardian","floor":18,"turns":3},{"damage":0,"enemies":"Chosen","floor":19,"turns":4},{"damage":28,"enemies":"Gremlin Leader","floor":23,"turns":5},{"damage":6,"enemies":"Snake Plant","floor":24,"turns":3},{"damage":0,"enemies":"Slavers","floor":29,"turns":3},{"damage":10,"enemies":"Gremlin Leader","floor":31,"turns":6},{"damage":18,"enemies":"Champ","floor":33,"turns":5},{"damage":10,"enemies":"3 Shapes","floor":35,"turns":2},{"damage":0,"enemies":"Orb Walker","floor":36,"turns":3},{"damage":4,"enemies":"Transient","floor":37,"turns":5},{"damage":7,"enemies":"Mind Bloom Boss Battle","floor":38,"turns":4},{"damage":0,"enemies":"Sphere and 2 Shapes","floor":40,"turns":4},{"damage":1,"enemies":"Maw","floor":42,"turns":5},{"damage":40,"enemies":"Spire Growth","floor":44,"turns":4},{"damage":0,"enemies":"4 Shapes","floor":46,"turns":2},{"damage":0,"enemies":"Jaw Worm Horde","floor":48,"turns":2},{"damage":32,"enemies":"Time Eater","floor":50,"turns":5},{"damage":39,"enemies":"Shield and Spear","floor":54,"turns":3},{"damage":70,"enemies":"The Heart","floor":55,"turns":5}],"seed_played":"-4477233270106280418","potions_obtained":[{"floor":1,"key":"Ancient Potion"},{"floor":4,"key":"SpeedPotion"},{"floor":7,"key":"Block Potion"},{"floor":14,"key":"Swift Potion"},{"floor":16,"key":"BlessingOfTheForge"},{"floor":24,"key":"LiquidMemories"},{"floor":29,"key":"Poison Potion"},{"floor":31,"key":"Poison Potion"},{"floor":35,"key":"FairyPotion"}],"is_trial":false,"path_per_floor":["M","M","M","M","?","$","E","?","T","M","E","R","$","E","R","B",null,"M","M","?","?","$","E","M","R","T","$","?","E","$","E","R","B",null,"M","M","M","?","?","M","R","M","T","M","R","M","?","M","R","B",null,"R","$","E","B"],"character_chosen":"THE_SILENT","items_purchased":["Backstab","Deadly Poison","Blood Vial","War Paint"],"campfire_rested":3,"item_purchase_floors":[6,13,22,22],"current_hp_per_floor":[66,66,66,65,58,58,45,35,35,34,28,28,28,28,28,20,70,70,70,58,58,58,32,28,50,50,50,50,52,52,44,44,28,75,65,67,65,60,60,62,62,63,63,25,47,49,40,42,64,34,75,75,75,36,0,0],"gold":0,"neow_bonus":"RANDOM_COMMON_RELIC","is_daily":false,"chose_seed":false,"campfire_upgraded":4,"win_rate":0.0,"timestamp":1613080184,"path_taken":["M","M","M","M","?","$","E","?","T","M","E","R","$","E","R","BOSS","M","M","?","?","$","E","M","R","T","$","?","E","$","E","R","BOSS","M","M","M","?","?","M","R","M","T","M","R","M","?","M","R","BOSS","R","$","E","BOSS"],"items_purchased_type":["Card","Card","Relic","Relic"],"build_version":"2020-12-22","purchased_purges":3,"victory":false,"max_hp_per_floor":[70,70,70,70,70,70,70,70,70,70,70,70,70,70,70,70,70,70,70,75,75,75,75,75,75,75,75,75,75,75,75,75,75,75,75,75,75,75,75,75,75,75,75,75,75,75,75,75,75,75,75,75,75,75,75,75],"card_choices":[{"not_picked":["Tactician","Acrobatics","Distraction"],"picked":"SKIP","floor":1},{"not_picked":["Heel Hook","Cloak And Dagger"],"picked":"Dash","floor":2},{"not_picked":["Flying Knee","Cloak And Dagger"],"picked":"Noxious Fumes","floor":3},{"not_picked":["Blade Dance","Dagger Spray"],"picked":"Poisoned Stab","floor":4},{"not_picked":["Flying Knee","Tools of the Trade","All Out Attack"],"picked":"SKIP","floor":7},{"not_picked":["Blade Dance","Sucker Punch","Well Laid Plans"],"picked":"SKIP","floor":10},{"not_picked":["Acrobatics","Finisher","Infinite Blades"],"picked":"SKIP","floor":11},{"not_picked":["Dodge and Roll","Backstab"],"picked":"Calculated Gamble","floor":14},{"not_picked":["Phantasmal Killer","Malaise"],"picked":"Corpse Explosion","floor":16},{"not_picked":["Flying Knee","Outmaneuver"],"picked":"Calculated Gamble","floor":18},{"not_picked":["Footwork","Quick Slash"],"picked":"Deflect","floor":19},{"not_picked":["Sucker Punch","PiercingWail"],"picked":"Adrenaline","floor":23},{"not_picked":["Finisher","Backflip","Underhanded Strike"],"picked":"SKIP","floor":24},{"not_picked":["PiercingWail","Dodge and Roll"],"picked":"Noxious Fumes","floor":29},{"not_picked":["Caltrops","Deflect"],"picked":"Burst","floor":31},{"not_picked":["Malaise","Bullet Time"],"picked":"Corpse Explosion","floor":33},{"not_picked":["Dagger Spray+1"],"picked":"SKIP","floor":35},{"not_picked":["Sucker Punch"],"picked":"SKIP","floor":36},{"not_picked":["Outmaneuver+1"],"picked":"SKIP","floor":37},{"not_picked":["Dagger Spray"],"picked":"SKIP","floor":40},{"not_picked":["Eviscerate+1"],"picked":"SKIP","floor":42},{"not_picked":["Distraction+1"],"picked":"SKIP","floor":44},{"not_picked":["Flechettes+1"],"picked":"SKIP","floor":46},{"not_picked":[],"picked":"Bouncing Flask","floor":48},{"not_picked":["Prepared"],"picked":"SKIP","floor":54}],"player_experience":1312768,"relics_obtained":[{"floor":7,"key":"Incense Burner"},{"floor":9,"key":"Old Coin"},{"floor":11,"key":"Dream Catcher"},{"floor":14,"key":"Centennial Puzzle"},{"floor":23,"key":"Juzu Bracelet"},{"floor":26,"key":"Matryoshka"},{"floor":29,"key":"Pocketwatch"},{"floor":31,"key":"Snake Skull"},{"floor":38,"key":"Turnip"},{"floor":43,"key":"Anchor"},{"floor":54,"key":"Mercury Hourglass"}],"event_choices":[{"damage_healed":0,"gold_gain":0,"player_choice":"Success","damage_taken":7,"relics_obtained":["TungstenRod"],"max_hp_gain":0,"max_hp_loss":0,"event_name":"Scrap Ooze","floor":5,"gold_loss":0},{"damage_healed":0,"gold_gain":75,"player_choice":"Gather Gold","damage_taken":11,"max_hp_gain":0,"max_hp_loss":0,"event_name":"World of Goop","floor":8,"gold_loss":0},{"damage_healed":0,"gold_gain":0,"player_choice":"Shed Blood","damage_taken":18,"max_hp_gain":5,"max_hp_loss":0,"event_name":"Forgotten Altar","floor":20,"gold_loss":0},{"damage_healed":0,"gold_gain":0,"player_choice":"Read","damage_taken":0,"max_hp_gain":0,"max_hp_loss":0,"event_name":"The Library","floor":21,"gold_loss":0,"cards_obtained":["Catalyst"]},{"damage_healed":0,"gold_gain":0,"cards_transformed":["Strike_G"],"player_choice":"Transformed","damage_taken":0,"max_hp_gain":0,"max_hp_loss":0,"event_name":"Transmorgrifier","floor":28,"gold_loss":0,"cards_obtained":["Envenom"]},{"damage_healed":0,"gold_gain":0,"player_choice":"Fight","damage_taken":0,"max_hp_gain":0,"max_hp_loss":0,"event_name":"MindBloom","floor":38,"gold_loss":0},{"damage_healed":0,"gold_gain":0,"player_choice":"Paid","damage_taken":0,"relics_obtained":["Red Mask"],"max_hp_gain":0,"max_hp_loss":0,"event_name":"Tomb of Lord Red Mask","floor":39,"gold_loss":21},{"damage_healed":0,"gold_gain":0,"player_choice":"Memory 3","damage_taken":10,"max_hp_gain":0,"max_hp_loss":0,"event_name":"SensoryStone","floor":47,"gold_loss":0}],"is_beta":false,"boss_relics":[{"not_picked":["Calling Bell","Ring of the Serpent"],"picked":"Ectoplasm"},{"not_picked":["Tiny House","Fusion Hammer"],"picked":"Busted Crown"}],"items_purged_floors":[6,13,22],"is_endless":false,"potions_floor_spawned":[1,4,7,14,16,24,29,31,33,35,36,38],"killed_by":"The Heart","ascension_level":0}}