{"host":"i09pxcjttd31eh4q","time":1613060309,"event":{"mods":["AchievementEnabler","BaseMod","Colored Map","Keyboard Shortcuts","Minty Spire (QoL Compilation)","StSLib","SuperFastMode"],"gold_per_floor":[109,126,126,29,29,29,65,65,89,69,90,90,104,104,104,193,193,216,230,230,280,295,295,220,220,273,292,207,207,221,221,221,221,221],"floor_reached":33,"language":"KOR","playtime":568,"items_purged":["Strike_G"],"score":536,"play_id":"6ba962d1-9c8d-46c8-9334-0aa1091e808d","local_time":"20210212011829","is_ascension_mode":true,"campfire_choices":[{"data":"Dagger Throw","floor":6.0,"key":"SMITH"},{"data":"Die Die Die","floor":8.0,"key":"SMITH"},{"data":"Bouncing Flask","floor":12.0,"key":"SMITH"},{"data":"Flash of Steel","floor":15.0,"key":"SMITH"},{"floor":23.0,"key":"REST"},{"data":"Well Laid Plans","floor":25.0,"key":"SMITH"},{"floor":32.0,"key":"REST"}],"circlet_count":0,"master_deck":["AscendersBane","Strike_G","Defend_G","Defend_G","Defend_G","Defend_G","Defend_G","Survivor","Neutralize","Dagger Throw+1","Flash of Steel+1","Die Die Die+1","Bouncing Flask+1","Leg Sweep","Heel Hook","Well Laid Plans+1","Calculated Gamble+1","Backflip+1","Prepared"],"relics":["Ring of the Snake","NeowsBlessing","WingedGreaves","Golden Idol","Akabeko","Pen Nib","Empty Cage","Snake Skull","Lantern"],"acts_visited":["Exordium","TheCity"],"potions_floor_usage":[33],"damage_taken":[{"damage":0.0,"enemies":"2 Louse","floor":1.0,"turns":1.0},{"damage":0.0,"enemies":"Jaw Worm","floor":2.0,"turns":1.0},{"damage":0.0,"enemies":"Gremlin Nob","floor":7.0,"turns":1.0},{"damage":0.0,"enemies":"Small Slimes","floor":11.0,"turns":1.0},{"damage":0.0,"enemies":"2 Fungi Beasts","floor":13.0,"turns":2.0},{"damage":31.0,"enemies":"Hexaghost","floor":16.0,"turns":8.0},{"damage":4.0,"enemies":"Chosen","floor":18.0,"turns":3.0},{"damage":13.0,"enemies":"3 Byrds","floor":19.0,"turns":6.0},{"damage":16.0,"enemies":"Cultist and Chosen","floor":22.0,"turns":5.0},{"damage":19.0,"enemies":"Shelled Parasite and Fungi","floor":27.0,"turns":8.0},{"damage":13.0,"enemies":"Snake Plant","floor":30.0,"turns":5.0},{"damage":38,"enemies":"Automaton","floor":33,"turns":6}],"seed_played":"365219174888359747","potions_obtained":[{"floor":2.0,"key":"PowerPotion"},{"floor":7.0,"key":"Ancient Potion"},{"floor":10.0,"key":"CultistPotion"},{"floor":13.0,"key":"LiquidMemories"},{"floor":19.0,"key":"Dexterity Potion"},{"floor":30.0,"key":"Dexterity Potion"}],"is_trial":false,"path_per_floor":["M","M","?","$","?","R","E","R","T","?","M","R","M","?","R","B",null,"M","M","?","?","M","R","$","R","T","M","?","?","M","?","R","B"],"character_chosen":"THE_SILENT","items_purchased":["Flash of Steel"],"campfire_rested":2,"item_purchase_floors":[4],"current_hp_per_floor":[59,59,33,33,33,33,33,33,33,33,33,33,33,38,38,7,51,47,34,34,34,18,37,37,37,37,18,18,18,5,5,24,0,0],"gold":221,"neow_bonus":"THREE_ENEMY_KILL","is_daily":false,"chose_seed":false,"campfire_upgraded":5,"win_rate":0.0,"timestamp":1613060309,"path_taken":["M","M","?","$","?","R","E","R","T","?","?","R","M","?","R","BOSS","M","M","?","?","M","R","?","R","T","?","?","?","M","?","R","BOSS"],"items_purchased_type":["Card"],"build_version":"2020-12-22","purchased_purges":1,"victory":false,"max_hp_per_floor":[66,66,66,66,60,60,60,60,60,60,60,60,60,65,65,65,65,65,65,65,65,65,65,65,65,65,65,65,65,65,65,65,65,65],"card_choices":[{"not_picked":["Outmaneuver","All Out Attack"],"picked":"Dagger Throw","floor":1.0},{"not_picked":["Bane","Dagger Throw","Choke"],"picked":"SKIP","floor":2.0},{"not_picked":["Night Terror","Dagger Throw"],"picked":"Die Die Die","floor":7.0},{"not_picked":["Sucker Punch","Quick Slash"],"picked":"Bouncing Flask","floor":11.0},{"not_picked":["Bane","Cloak And Dagger"],"picked":"Leg Sweep","floor":13.0},{"not_picked":["Infinite Blades","Dagger Throw"],"picked":"Heel Hook","floor":18.0},{"not_picked":["Dagger Throw","Leg Sweep"],"picked":"Well Laid Plans","floor":19.0},{"not_picked":["Deflect","Dodge and Roll"],"picked":"Calculated Gamble+1","floor":22.0},{"not_picked":["Expertise","Blade Dance"],"picked":"Backflip+1","floor":27.0},{"not_picked":["Blade Dance","Skewer","Bullet Time"],"picked":"SKIP","floor":30.0}],"player_experience":901836,"relics_obtained":[{"floor":7.0,"key":"Akabeko"},{"floor":9.0,"key":"Pen Nib"},{"floor":26.0,"key":"Snake Skull"}],"event_choices":[{"damage_healed":0.0,"max_hp_gain":0.0,"max_hp_loss":0.0,"gold_gain":0.0,"event_name":"Scrap Ooze","player_choice":"Success","floor":3.0,"gold_loss":0.0,"damage_taken":26.0,"relics_obtained":["WingedGreaves"]},{"damage_healed":0.0,"max_hp_gain":0.0,"max_hp_loss":6.0,"gold_gain":0.0,"event_name":"Golden Idol","player_choice":"Lose Max HP","floor":5.0,"gold_loss":0.0,"damage_taken":0.0,"relics_obtained":["Golden Idol"]},{"damage_healed":0.0,"max_hp_gain":0.0,"max_hp_loss":0.0,"gold_gain":0.0,"event_name":"The Woman in Blue","player_choice":"Bought 1 Potion","floor":10.0,"gold_loss":0.0,"damage_taken":0.0},{"damage_healed":0.0,"max_hp_gain":5.0,"max_hp_loss":0.0,"gold_gain":0.0,"event_name":"Big Fish","player_choice":"Donut","floor":14.0,"gold_loss":0.0,"damage_taken":0.0},{"damage_healed":0.0,"max_hp_gain":0.0,"max_hp_loss":0.0,"gold_gain":0.0,"event_name":"Vampires","player_choice":"Ignored","floor":20.0,"gold_loss":0.0,"damage_taken":0.0},{"damage_healed":0.0,"max_hp_gain":0.0,"max_hp_loss":0.0,"gold_gain":50.0,"event_name":"Nest","player_choice":"Stole From Cult","floor":21.0,"gold_loss":0.0,"damage_taken":0.0},{"damage_healed":0.0,"max_hp_gain":0.0,"max_hp_loss":0.0,"gold_gain":0.0,"event_name":"Addict","player_choice":"Obtained Relic","floor":28.0,"gold_loss":85.0,"damage_taken":0.0,"relics_obtained":["Lantern"]},{"damage_healed":0.0,"max_hp_gain":0.0,"max_hp_loss":0.0,"gold_gain":0.0,"event_name":"Cursed Tome","player_choice":"Ignored","floor":29.0,"gold_loss":0.0,"damage_taken":0.0},{"damage_healed":0.0,"max_hp_gain":0.0,"max_hp_loss":0.0,"gold_gain":0.0,"cards_transformed":["Strike_G"],"event_name":"Transmorgrifier","player_choice":"Transformed","floor":31.0,"gold_loss":0.0,"damage_taken":0.0,"cards_obtained":["Prepared"]}],"is_beta":false,"boss_relics":[{"not_picked":["Snecko Eye","HoveringKite"],"picked":"Empty Cage"}],"items_purged_floors":[24],"is_endless":false,"potions_floor_spawned":[2,7,13,19,30],"killed_by":"Automaton","ascension_level":20}}