{"host":"w2kjv12xyhtt0cv2","time":1613022129,"event":{"mods":["100% Spire Juice","Act Like it!","BaseMod","Colored Map","Friendly Minions","Gensokyo","GifTheSpireLib","Highlight Path","Hubris","Marisa（F雨　魔理沙）","Minty Spire (QoL Compilation)","Prisma Mod","Quick Restart","Reimu（博丽灵梦）","Relic Stats","Reliquary","Replay The Spire","Robot Space Explorer","RumiaBox-露米娅的神秘盒子","Shop Mod","Spicy Shops","StSLib","The Bug Knight","The Cursed","The Dragon Tamer","The Servant 0.9.4","UnlockEverythingMod","Waifu the Spire","[功能]功能增强和修复MOD","【功能Mod】Neow奖励","【遗物卡牌】REMEMod","没有小屋子和绿帽子啦"],"gold_per_floor":[119,169,181,193,221,233,233],"floor_reached":6,"language":"ZHS","playtime":281,"items_purged":[],"score":65,"play_id":"90863162-b50d-45ad-94aa-301528455e3e","local_time":"20210211134209","is_ascension_mode":true,"campfire_choices":[],"circlet_count":0,"master_deck":["AscendersBane","TheCursedMod:Strike_TheCursed","TheCursedMod:Strike_TheCursed","TheCursedMod:Strike_TheCursed","TheCursedMod:Strike_TheCursed","TheCursedMod:Defend_TheCursed","TheCursedMod:Defend_TheCursed","TheCursedMod:Defend_TheCursed","TheCursedMod:Defend_TheCursed","TheCursedMod:CursedWand","TheCursedMod:CleanUpWorkshop","TheCursedMod:Dregs","Moonworks:AccelHyper","TheCursedMod:SpitefulStrike","Parasite","Injury"],"relics":["REME_ComplimentaryCards","TheCursedMod:FourLeafCloverCharm","Ring of Greed","ReplayTheSpireMod:Ring of Collecting","Smiling Mask","MawBank","Golden Idol"],"acts_visited":["Exordium"],"potions_floor_usage":[],"damage_taken":[{"damage":7,"enemies":"Cultist","floor":1,"turns":5},{"damage":5,"enemies":"2 Louse","floor":5,"turns":4},{"damage":0,"enemies":"Lagavulin","floor":6,"turns":2}],"seed_played":"4402659144602052664","potions_obtained":[],"is_trial":false,"path_per_floor":["M","?","?","?","M","E"],"character_chosen":"THE_CURSED","items_purchased":[],"campfire_rested":0,"item_purchase_floors":[],"current_hp_per_floor":[57,57,57,53,48,48,48],"gold":233,"neow_bonus":"BOSS_RELIC","is_daily":false,"chose_seed":false,"campfire_upgraded":0,"win_rate":0.0,"timestamp":1613022129,"path_taken":["M","?","?","?","M","E"],"items_purchased_type":[],"build_version":"2020-12-22","purchased_purges":0,"victory":false,"max_hp_per_floor":[71,71,71,71,71,71,71],"relic_stats":{"counters":[3,11],"Golden Idol":3,"Smiling Mask":0,"MawBank":48,"obtain_stats":[{"TheCursedMod:BlackMagic101":0,"TheCursedMod:FourLeafCloverCharm":0,"Golden Idol":3,"ReplayTheSpireMod:Ring of Collecting":2,"Ring of Greed":2,"Smiling Mask":2,"MawBank":2,"REME_ComplimentaryCards":0},{"TheCursedMod:BlackMagic101":0,"TheCursedMod:FourLeafCloverCharm":0,"Golden Idol":1,"ReplayTheSpireMod:Ring of Collecting":1,"Ring of Greed":1,"Smiling Mask":1,"MawBank":1,"REME_ComplimentaryCards":0},{"TheCursedMod:BlackMagic101":0,"TheCursedMod:FourLeafCloverCharm":0,"Golden Idol":5,"ReplayTheSpireMod:Ring of Collecting":5,"Ring of Greed":5,"Smiling Mask":5,"MawBank":5,"REME_ComplimentaryCards":0}]},"card_choices":[{"not_picked":["TheCursedMod:TacticalStrike","TheCursedMod:CursedBoomerang"],"picked":"TheCursedMod:SpitefulStrike","floor":1},{"not_picked":["TheCursedMod:SurpriseAttack","TheCursedMod:FleshFromBone","TheCursedMod:RavingStaff"],"picked":"SKIP","floor":5}],"player_experience":231131,"relics_obtained":[{"floor":2,"key":"Ring of Greed"},{"floor":2,"key":"ReplayTheSpireMod:Ring of Collecting"},{"floor":2,"key":"Smiling Mask"},{"floor":2,"key":"MawBank"}],"event_choices":[{"damage_healed":0,"gold_gain":0,"player_choice":"Take Wound","damage_taken":0,"relics_obtained":["Golden Idol"],"max_hp_gain":0,"max_hp_loss":0,"event_name":"Golden Idol","floor":3,"gold_loss":0,"cards_obtained":["Injury"]},{"damage_healed":0,"gold_gain":0,"player_choice":"Bought 0 Potions","damage_taken":0,"max_hp_gain":0,"max_hp_loss":0,"event_name":"The Woman in Blue","floor":4,"gold_loss":0}],"is_beta":false,"boss_relics":[],"items_purged_floors":[],"is_endless":false,"potions_floor_spawned":[],"killed_by":"Lagavulin","ascension_level":18}}