{"host":"eaiphzh066bwqdh7","time":1613086690,"event":{"mods":["BaseMod","Better Note","Halation","Hubris","Minty Spire (QoL Compilation)","Reliquary","Replay The Spire","StSLib"],"gold_per_floor":[116,116,116,131,151,177,177,177,177,33,33,51,71,71,71,170,170,182,97,97,108,108,108,143,143,143,154,154,154],"floor_reached":28,"language":"ENG","playtime":782,"items_purged":["Strike_G"],"score":308,"play_id":"e5dc564a-cfbf-4b90-82d9-b192f199cb52","local_time":"20210211183810","is_ascension_mode":true,"campfire_choices":[{"floor":8,"key":"REST"},{"data":"Noxious Fumes","floor":11,"key":"SMITH"},{"data":"Glass Knife","floor":15,"key":"SMITH"},{"floor":23,"key":"REST"},{"floor":25,"key":"REST"}],"circlet_count":0,"master_deck":["Strike_G","Strike_G","Strike_G","Defend_G","Defend_G","Defend_G","Defend_G","Survivor","Neutralize","Survivor","Backflip+1","Deadly Poison","Finisher","Blade Dance","Glass Knife+1","Noxious Fumes+1","Deadly Poison","A Thousand Cuts","Predator+1","Die Die Die+1","Acrobatics+1","Slice","Bane+1"],"relics":["Ring of the Snake","Counterbalance","ReplayTheSpireMod:Lightbulb","Pantograph","StoneCalendar","Astrolabe","Replay:Rubber Ducky","halation:EternalFortune","halation:AfternoonTea","Mango","halation:PrussianBluePaint"],"acts_visited":["Exordium","TheCity"],"potions_floor_usage":[6,6,27,28],"damage_taken":[{"damage":4,"enemies":"Jaw Worm","floor":1,"turns":4},{"damage":0,"enemies":"Cultist","floor":4,"turns":3},{"damage":6,"enemies":"2 Louse","floor":5,"turns":3},{"damage":6,"enemies":"Gremlin Nob","floor":6,"turns":4},{"damage":14,"enemies":"Lots of Slimes","floor":12,"turns":4},{"damage":4,"enemies":"Exordium Wildlife","floor":13,"turns":3},{"damage":38,"enemies":"Hexaghost","floor":16,"turns":7},{"damage":3,"enemies":"Spheric Guardian","floor":18,"turns":3},{"damage":16,"enemies":"Shell Parasite","floor":21,"turns":4},{"damage":74,"enemies":"Slavers","floor":24,"turns":6},{"damage":12,"enemies":"Cultist and Chosen","floor":27,"turns":6},{"damage":72,"enemies":"Book of Stabbing","floor":28,"turns":6}],"seed_played":"-4432158686184677346","potions_obtained":[{"floor":3,"key":"Ancient Potion"},{"floor":3,"key":"SneckoOil"},{"floor":3,"key":"LifebloodPotion"},{"floor":5,"key":"AttackPotion"},{"floor":6,"key":"Swift Potion"},{"floor":27,"key":"Regen Potion"}],"is_trial":false,"path_per_floor":["M","?","?","M","M","E","?","R","T","$","R","M","M","T","R","B",null,"M","?","?","M","?","R","E","R","T","M","E"],"character_chosen":"THE_SILENT","items_purchased":["Noxious Fumes"],"campfire_rested":3,"item_purchase_floors":[10],"current_hp_per_floor":[66,66,66,66,60,54,54,70,70,70,70,56,52,52,52,32,70,67,67,70,54,54,73,23,49,49,52,0,0],"gold":154,"neow_bonus":"ONE_RARE_RELIC","is_daily":false,"chose_seed":false,"campfire_upgraded":2,"win_rate":0.0,"timestamp":1613086690,"path_taken":["M","?","?","M","?","E","?","R","T","$","R","M","?","?","R","BOSS","M","?","?","M","?","R","E","R","T","M","E"],"items_purchased_type":["Card"],"build_version":"2020-12-22","purchased_purges":1,"victory":false,"max_hp_per_floor":[70,70,70,70,70,70,70,70,70,70,70,70,70,70,70,70,70,70,70,73,73,73,73,87,87,87,87,87,87],"card_choices":[{"not_picked":["Dagger Throw","Acrobatics"],"picked":"Backflip","floor":1},{"not_picked":["Concentrate","All Out Attack"],"picked":"Deadly Poison","floor":4},{"not_picked":["Setup","Cloak And Dagger"],"picked":"Finisher","floor":5},{"not_picked":["Unload","Underhanded Strike"],"picked":"Blade Dance","floor":6},{"not_picked":["Dagger Throw","Well Laid Plans"],"picked":"Deadly Poison","floor":12},{"not_picked":["Underhanded Strike","hubris:SlightOfHand","Poison Darts"],"picked":"SKIP","floor":13},{"not_picked":["ReplayTheSpireMod:From All Sides","Replay:Bag of Tricks"],"picked":"A Thousand Cuts","floor":16},{"not_picked":["Hidden Blade","Flechettes","Distraction"],"picked":"SKIP","floor":18},{"not_picked":["Flechettes","Replay:Poison Smokescreen","All Out Attack"],"picked":"SKIP","floor":21},{"not_picked":["Setup","hubris:SlightOfHand+1"],"picked":"Slice","floor":24},{"not_picked":["Blade Dance","A Thousand Cuts"],"picked":"Bane+1","floor":27}],"player_experience":293193,"relics_obtained":[{"floor":6,"key":"ReplayTheSpireMod:Lightbulb"},{"floor":9,"key":"Pantograph"},{"floor":14,"key":"StoneCalendar"},{"floor":24,"key":"Mango"},{"floor":26,"key":"halation:PrussianBluePaint"}],"event_choices":[{"damage_healed":0,"gold_gain":0,"player_choice":"Got Potions","damage_taken":0,"max_hp_gain":0,"max_hp_loss":0,"event_name":"Lab","floor":3,"gold_loss":0},{"damage_healed":0,"gold_gain":0,"player_choice":"1 cards matched","damage_taken":0,"max_hp_gain":0,"max_hp_loss":0,"event_name":"Match and Keep!","floor":7,"gold_loss":0,"cards_obtained":["Glass Knife"]},{"damage_healed":0,"gold_gain":0,"player_choice":"Obtained Relic","damage_taken":0,"relics_obtained":["Replay:Rubber Ducky"],"max_hp_gain":0,"max_hp_loss":0,"event_name":"Addict","floor":19,"gold_loss":85},{"damage_healed":0,"gold_gain":0,"player_choice":"Gave Potion","damage_taken":0,"relics_obtained":["halation:AfternoonTea"],"max_hp_gain":0,"max_hp_loss":0,"event_name":"WeMeetAgain","floor":22,"gold_loss":0}],"is_beta":false,"boss_relics":[{"not_picked":["ReplayTheSpireMod:Onyx Gauntlets","ReplayTheSpireMod:DimensionalGlitch"],"picked":"Astrolabe"}],"items_purged_floors":[10],"is_endless":false,"potions_floor_spawned":[5,6,27],"killed_by":"Book of Stabbing","ascension_level":4}}