{"host":"9viy3memdfgcf4vy","time":1613077058,"event":{"mods":["BaseMod","Colored Map","Downfall","Minty Spire (QoL Compilation)","StSLib"],"gold_per_floor":[99,110,125,225,237,75,75,75,88,118,18,43,54,54,71,167,167,67,82,67,67,167,6,6,6,21,52,71,81,81,81,81],"floor_reached":30,"language":"ENG","playtime":2062,"items_purged":["champ:Defend"],"score":325,"play_id":"067bd2eb-95d9-44c7-854d-05367dfc8054","local_time":"20210211225738","is_ascension_mode":true,"campfire_choices":[{"data":"champ:IgnorePain","floor":1,"key":"SMITH"},{"data":"champ:Taunt","floor":8,"key":"SMITH"},{"floor":11,"key":"RECALL"},{"data":"champ:Improvising","floor":18,"key":"SMITH"}],"circlet_count":0,"master_deck":["champ:Strike","champ:Strike","champ:Strike","champ:Defend","champ:Defend","champ:Defend","champ:Execute","champ:Taunt+1","champ:IgnorePain+1","champ:AdrenalArmor","champ:StanceDance","champ:FocusedBerserking","champ:EnchantSword","champ:AdrenalArmor","champ:BerserkersShout+1","champ:Encircle","champ:StanceDance","champ:Improvising+1","champ:BerserkerStyle","champ:HeartStrike"],"relics":["champ:ChampionCrown","InkBottle","downfall:HeartBlessingBlue","Strawberry","Matryoshka","Snecko Eye","downfall:HeartBlessingRed","champ:BlackKnightHelmet","Ornamental Fan","Pen Nib","Happy Flower","White Beast Statue","Bronze Scales"],"acts_visited":["Exordium","TheCity"],"potions_floor_usage":[10,12,16,27,27,29,30,30],"damage_taken":[{"damage":10,"enemies":"Cultist","floor":2,"turns":4},{"damage":10,"enemies":"2 Louse","floor":3,"turns":3},{"damage":12,"enemies":"Jaw Worm","floor":5,"turns":5},{"damage":20,"enemies":"downfall:FleeingMerchant","floor":6,"turns":4},{"damage":40,"enemies":"Large Slime","floor":9,"turns":6},{"damage":75,"enemies":"3 Sentries","floor":10,"turns":9},{"damage":27,"enemies":"Gremlin Nob","floor":12,"turns":3},{"damage":38,"enemies":"Blue Slaver","floor":13,"turns":4},{"damage":0,"enemies":"Exordium Wildlife","floor":15,"turns":1},{"damage":137,"enemies":"WA_ARCHETYPE_RETAIN","floor":16,"turns":8},{"damage":56,"enemies":"Spheric Guardian","floor":19,"turns":5},{"damage":21,"enemies":"downfall:FleeingMerchant","floor":20,"turns":4},{"damage":117,"enemies":"downfall:FleeingMerchant","floor":22,"turns":8},{"damage":0,"enemies":"downfall:FleeingMerchant","floor":23,"turns":4},{"damage":25,"enemies":"Centurion and Healer","floor":26,"turns":4},{"damage":47,"enemies":"Gremlin Leader","floor":27,"turns":4},{"damage":29,"enemies":"Snake Plant","floor":28,"turns":3},{"damage":62,"enemies":"Snecko","floor":29,"turns":4},{"damage":36,"enemies":"Slavers","floor":30,"turns":2}],"seed_played":"-4546761670747941175","potions_obtained":[{"floor":5,"key":"Strength Potion"},{"floor":9,"key":"LiquidMemories"},{"floor":15,"key":"LiquidBronze"},{"floor":16,"key":"Energy Potion"},{"floor":21,"key":"CultistPotion"},{"floor":22,"key":"champ:CounterPotion"},{"floor":26,"key":"SteroidPotion"},{"floor":27,"key":"champ:OpenerPotion"},{"floor":28,"key":"Dexterity Potion"},{"floor":29,"key":"FearPotion"}],"is_trial":false,"path_per_floor":["R","M","M","?","M","$","T","R","M","E","R","E","M","?","M","B",null,"R","M","$","?","?","$","T","?","M","E","M","M","E"],"character_chosen":"THE_CHAMP","items_purchased":["champ:FocusedBerserking","Pen Nib"],"campfire_rested":0,"item_purchase_floors":[6,23],"current_hp_per_floor":[81,81,81,81,79,79,79,79,79,49,59,64,61,58,58,20,79,79,83,83,83,51,63,63,55,55,43,35,28,0,0,0],"gold":81,"neow_bonus":"THREE_RARE_CARDS","is_daily":false,"chose_seed":false,"campfire_upgraded":3,"win_rate":0.0,"timestamp":1613077058,"path_taken":["R","?","M","?","M","?","T","R","M","E","R","E","M","?","M","BOSS","R","M","$","?","?","?","T","?","?","E","M","?","E"],"items_purchased_type":["Card","Relic"],"build_version":"2020-12-22","purchased_purges":1,"victory":false,"max_hp_per_floor":[81,81,81,81,81,81,81,81,81,81,91,98,98,98,98,98,98,98,98,98,98,98,98,98,98,98,98,98,98,98,98,98],"card_choices":[{"not_picked":["champ:EnchantSword","champ:LastStand"],"picked":"champ:IgnorePain","floor":0},{"not_picked":["champ:BladeFlurry","champ:RecklessLeap"],"picked":"champ:AdrenalArmor","floor":2},{"not_picked":["champ:Haymaker","champ:PerfectedStrike","champ:PreemptiveStrike"],"picked":"SKIP","floor":3},{"not_picked":["champ:Duel","champ:RisingSlash"],"picked":"champ:StanceDance","floor":5},{"not_picked":["champ:Shatter","champ:EnGarde","champ:DefensiveStyle"],"picked":"SKIP","floor":6},{"not_picked":["champ:SkillfulDodge","champ:PerfectedStrike"],"picked":"champ:EnchantSword","floor":9},{"not_picked":["champ:Backstep","champ:PreciseThrust"],"picked":"champ:AdrenalArmor","floor":10},{"not_picked":["champ:BladeFlurry","champ:Lariat"],"picked":"champ:BerserkersShout","floor":12},{"not_picked":["champ:CalledShot","champ:Backstep"],"picked":"champ:Encircle","floor":13},{"not_picked":["champ:Shatter","champ:SteelEdge"],"picked":"champ:StanceDance","floor":15},{"not_picked":["champ:TripleStrike","champ:StrikeOfGenius"],"picked":"champ:Improvising","floor":16},{"not_picked":["champ:AdrenalArmor","champ:StanceDance+1"],"picked":"champ:BerserkerStyle","floor":19},{"not_picked":["champ:Shatter","champ:BringItOn","champ:BerserkersShout+1"],"picked":"SKIP","floor":20},{"not_picked":["champ:ShieldSigil","champ:RecklessLeap","champ:Endure"],"picked":"SKIP","floor":23},{"not_picked":["champ:ShieldSigil","champ:Endure"],"picked":"champ:HeartStrike","floor":26},{"not_picked":["champ:TornadoPunch","champ:Lariat+1","champ:PreemptiveStrike"],"picked":"SKIP","floor":27},{"not_picked":["champ:TornadoPunch","champ:CrownThrow","champ:DefensiveStyle"],"picked":"SKIP","floor":28},{"not_picked":["champ:RapidStrikes","champ:HeartStrike+1","champ:ShieldSigil"],"picked":"SKIP","floor":29}],"player_experience":510653,"relics_obtained":[{"floor":10,"key":"InkBottle"},{"floor":12,"key":"Strawberry"},{"floor":22,"key":"champ:BlackKnightHelmet"},{"floor":22,"key":"Ornamental Fan"},{"floor":24,"key":"Happy Flower"},{"floor":24,"key":"White Beast Statue"},{"floor":27,"key":"Bronze Scales"}],"event_choices":[{"damage_healed":0,"gold_gain":0,"player_choice":"Success","damage_taken":3,"relics_obtained":["Matryoshka"],"max_hp_gain":0,"max_hp_loss":0,"event_name":"Scrap Ooze","floor":14,"gold_loss":0}],"is_beta":false,"boss_relics":[{"not_picked":["SacredBark","bronze:MakeshiftBattery"],"picked":"Snecko Eye"}],"items_purged_floors":[6],"is_endless":false,"potions_floor_spawned":[5,9,15,16,22,26,27,28,29],"killed_by":"Slavers","ascension_level":5}}