{"host":"8fuipfsvjht9cgcs","time":1613006756,"event":{"mods":["AchievementEnabler","BaseMod","Colored Map","Colored Powertips","DeckTracker","Friendly Minions","Kiyohime£¨?ýï£©","Marisa£¨Ùöéë¡¡Øª×âÞÞ£©","Minty Spire (QoL Compilation)","Prisma Mod","StSLib","SuperFastMode","The Cursed","The Gatherer"],"gold_per_floor":[118,133,208,218,218,247,101,101,125,125,139,139,152,152,152,250,250,270,290,290,290,190,190,207,207,207,207,207,236,236,256,256,354,354,365,365,157,207,222,253,97,97,149,149,169,202,58,76,76,76],"floor_reached":51,"language":"KOR","playtime":3454,"items_purged":["Defend_P","Defend_P","Strike_P"],"score":1479,"play_id":"ea8f7212-7412-4d6b-9289-291582e11903","local_time":"20210211142556","is_ascension_mode":true,"campfire_choices":[{"data":"Adaptation","floor":8.0,"key":"SMITH"},{"data":"Adaptation","floor":10.0,"key":"SMITH"},{"data":"Eruption","floor":12.0,"key":"SMITH"},{"floor":15.0,"key":"REST"},{"floor":23.0,"key":"REST"},{"data":"Ragnarok","floor":25.0,"key":"SMITH"},{"data":"Crescendo","floor":28.0,"key":"SMITH"},{"data":"Vigilance","floor":32.0,"key":"SMITH"},{"data":"DeusExMachina","floor":44,"key":"SMITH"},{"data":"InnerPeace","floor":49,"key":"SMITH"}],"circlet_count":0,"master_deck":["Strike_P","Defend_P+1","Defend_P+1","Eruption+1","Vigilance+1","Crescendo+1","Conclude","Adaptation+1","Adaptation+1","InnerPeace+1","EmptyFist","Ragnarok+1","DeusExMachina+1","Enlightenment+1","Crescendo+1","Indignation+1"],"relics":["PureWater","Pen Nib","Regal Pillow","Sozu","TeardropLocket","Omamori","Potion Belt","Coffee Dripper","Gambling Chip","Strawberry","Akabeko","MawBank","Bag of Preparation"],"acts_visited":["Exordium","TheCity","TheBeyond"],"potions_floor_usage":[],"damage_taken":[{"damage":0.0,"enemies":"Cultist","floor":1.0,"turns":4.0},{"damage":2.0,"enemies":"Jaw Worm","floor":2.0,"turns":3.0},{"damage":0.0,"enemies":"2 Louse","floor":4.0,"turns":3.0},{"damage":20.0,"enemies":"Gremlin Nob","floor":6.0,"turns":3.0},{"damage":5.0,"enemies":"Blue Slaver","floor":11.0,"turns":2.0},{"damage":0.0,"enemies":"2 Fungi Beasts","floor":13.0,"turns":2.0},{"damage":17.0,"enemies":"The Guardian","floor":16.0,"turns":11.0},{"damage":15.0,"enemies":"3 Byrds","floor":18.0,"turns":4.0},{"damage":14.0,"enemies":"2 Thieves","floor":19.0,"turns":2.0},{"damage":12.0,"enemies":"Cultist and Chosen","floor":24.0,"turns":3.0},{"damage":0.0,"enemies":"Book of Stabbing","floor":29.0,"turns":2.0},{"damage":8.0,"enemies":"Centurion and Healer","floor":31.0,"turns":2.0},{"damage":20.0,"enemies":"Champ","floor":33.0,"turns":5.0},{"damage":0.0,"enemies":"Orb Walker","floor":35.0,"turns":1.0},{"damage":24.0,"enemies":"Mind Bloom Boss Battle","floor":38.0,"turns":3.0},{"damage":0.0,"enemies":"3 Shapes","floor":39.0,"turns":1.0},{"damage":0.0,"enemies":"Reptomancer","floor":40.0,"turns":1.0},{"damage":0,"enemies":"Maw","floor":45,"turns":2},{"damage":0,"enemies":"Nemesis","floor":46,"turns":1},{"damage":0,"enemies":"Writhing Mass","floor":48,"turns":1},{"damage":0,"enemies":"Awakened One","floor":50,"turns":3}],"seed_played":"2538579648678330855","potions_obtained":[{"floor":1.0,"key":"SmokeBomb"},{"floor":4.0,"key":"Block Potion"},{"floor":11.0,"key":"Explosive Potion"},{"floor":13.0,"key":"Block Potion"}],"is_trial":false,"path_per_floor":["M","M","?","M","?","E","$","R","T","R","M","R","M","?","R","B",null,"M","M","?","?","$","R","M","R","T","?","R","E","?","M","R","B",null,"M","?","$","?","M","E","$","?","T","R","M","E","$","M","R","B",null],"character_chosen":"WATCHER","items_purchased":["InnerPeace","Enlightenment","Akabeko","Bag of Preparation"],"campfire_rested":2,"item_purchase_floors":[7,37,41,47],"current_hp_per_floor":[65,63,52,52,52,32,32,32,32,32,27,27,27,13,49,32,62,47,33,33,20,20,58,46,46,46,46,46,46,46,38,38,18,62,62,62,62,38,38,45,45,45,45,45,45,45,45,45,45,45],"gold":76,"neow_bonus":"THREE_CARDS","is_daily":false,"chose_seed":false,"campfire_upgraded":8,"win_rate":0.0,"timestamp":1613006756,"path_taken":["M","M","?","M","?","E","$","R","T","R","?","R","M","?","R","BOSS","M","M","?","?","?","R","M","R","T","?","R","E","?","?","R","BOSS","M","?","$","?","M","E","?","?","T","R","M","E","$","?","R","BOSS"],"items_purchased_type":["Card","Card","Relic","Relic"],"build_version":"2020-12-22","purchased_purges":3,"victory":true,"max_hp_per_floor":[72,72,72,72,72,72,72,72,72,72,72,72,72,72,72,72,72,72,72,72,77,77,77,77,77,77,77,77,77,77,77,77,77,77,77,77,77,77,77,84,84,84,84,84,84,84,84,84,84,84],"card_choices":[{"not_picked":["ThirdEye","TalkToTheHand"],"picked":"Consecrate","floor":0.0},{"not_picked":["CutThroughFate","Pray"],"picked":"Crescendo","floor":1.0},{"not_picked":["Protect","Prostrate"],"picked":"Conclude","floor":2.0},{"not_picked":["Meditate","BattleHymn"],"picked":"Adaptation","floor":4.0},{"not_picked":["CrushJoints","BattleHymn"],"picked":"Adaptation","floor":6.0},{"not_picked":["Conclude","ThirdEye","BowlingBash"],"picked":"SKIP","floor":11.0},{"not_picked":["EmptyBody","Swivel"],"picked":"EmptyFist","floor":13.0},{"not_picked":["ConjureBlade","Judgement"],"picked":"Ragnarok","floor":16.0},{"not_picked":["Vengeance","EmptyBody","Crescendo"],"picked":"SKIP","floor":18.0},{"not_picked":["FlurryOfBlows+1","Vengeance","BowlingBash"],"picked":"SKIP","floor":19.0},{"not_picked":["SandsOfTime","EmptyBody","Wallop"],"picked":"SKIP","floor":24.0},{"not_picked":["InnerPeace","Pray","JustLucky"],"picked":"SKIP","floor":29.0},{"not_picked":["WaveOfTheHand","BowlingBash","Evaluate+1"],"picked":"SKIP","floor":31.0},{"not_picked":["Blasphemy","Brilliance"],"picked":"DeusExMachina","floor":33.0},{"not_picked":["PathToVictory","JustLucky","ClearTheMind"],"picked":"SKIP","floor":35.0},{"not_picked":["ClearTheMind","InnerPeace"],"picked":"Crescendo+1","floor":38.0},{"not_picked":["FlyingSleeves+1","Evaluate+1"],"picked":"Indignation+1","floor":39.0},{"not_picked":["Wallop+1","LikeWater","DeusExMachina"],"picked":"SKIP","floor":40.0},{"not_picked":["EmptyFist","Protect","WheelKick+1"],"picked":"SKIP","floor":45},{"not_picked":["Crescendo+1","CutThroughFate","BattleHymn"],"picked":"SKIP","floor":46},{"not_picked":["CrushJoints","FollowUp+1","Wallop+1"],"picked":"SKIP","floor":48}],"player_experience":489464,"relics_obtained":[{"floor":6.0,"key":"Pen Nib"},{"floor":9.0,"key":"Regal Pillow"},{"floor":26.0,"key":"TeardropLocket"},{"floor":29.0,"key":"Omamori"},{"floor":38.0,"key":"Gambling Chip"},{"floor":40.0,"key":"Strawberry"},{"floor":46,"key":"MawBank"}],"event_choices":[{"damage_healed":0.0,"max_hp_gain":0.0,"max_hp_loss":0.0,"gold_gain":75.0,"event_name":"World of Goop","player_choice":"Gather Gold","floor":3.0,"gold_loss":0.0,"damage_taken":11.0},{"cards_removed":["Strike_P"],"damage_healed":0.0,"max_hp_gain":0.0,"max_hp_loss":0.0,"gold_gain":0.0,"event_name":"Wheel of Change","player_choice":"Card Removal","floor":5.0,"gold_loss":0.0,"damage_taken":0.0},{"damage_healed":0.0,"max_hp_gain":0.0,"max_hp_loss":0.0,"gold_gain":0.0,"event_name":"Shining Light","player_choice":"Entered Light","floor":14.0,"gold_loss":0.0,"damage_taken":14.0,"cards_upgraded":["Defend_P","Defend_P"]},{"cards_removed":["Strike_P"],"damage_healed":0.0,"max_hp_gain":0.0,"max_hp_loss":0.0,"gold_gain":0.0,"event_name":"Back to Basics","player_choice":"Elegance","floor":20.0,"gold_loss":0.0,"damage_taken":0.0},{"damage_healed":0.0,"max_hp_gain":5.0,"max_hp_loss":0.0,"gold_gain":0.0,"event_name":"Forgotten Altar","player_choice":"Shed Blood","floor":21.0,"gold_loss":0.0,"damage_taken":18.0},{"damage_healed":0.0,"max_hp_gain":0.0,"max_hp_loss":0.0,"gold_gain":0.0,"event_name":"Vampires","player_choice":"Ignored","floor":27.0,"gold_loss":0.0,"damage_taken":0.0},{"damage_healed":0.0,"max_hp_gain":0.0,"max_hp_loss":0.0,"gold_gain":0.0,"event_name":"WeMeetAgain","player_choice":"Gave Potion","floor":30.0,"gold_loss":0.0,"damage_taken":0.0,"relics_obtained":["Potion Belt"]},{"damage_healed":0.0,"max_hp_gain":0.0,"max_hp_loss":0.0,"gold_gain":0.0,"event_name":"OrinTheCat","player_choice":"Ignored","floor":36.0,"gold_loss":0.0,"damage_taken":0.0},{"damage_healed":0.0,"max_hp_gain":0.0,"max_hp_loss":0.0,"gold_gain":0.0,"event_name":"MindBloom","player_choice":"Fight","floor":38.0,"gold_loss":0.0,"damage_taken":0.0},{"damage_healed":0.0,"max_hp_gain":0.0,"max_hp_loss":0.0,"gold_gain":0.0,"event_name":"Upgrade Shrine","player_choice":"Upgraded","floor":42.0,"gold_loss":0.0,"damage_taken":0.0,"cards_upgraded":["Enlightenment"]}],"is_beta":false,"boss_relics":[{"not_picked":["Empty Cage","Astrolabe"],"picked":"Sozu"},{"not_picked":["Velvet Choker","Snecko Eye"],"picked":"Coffee Dripper"}],"items_purged_floors":[7,22,37],"is_endless":false,"potions_floor_spawned":[1,4,11,13,18,19,24,29,39,40,46],"ascension_level":8}}