{"host":"f2zkc2gsfwbibc34","time":1613040293,"event":{"mods":["AchievementEnabler","BaseMod","Better Note","Colored Map","Colored Powertips","Defuse TimeMaze Blight","Minty Spire (QoL Compilation)","Permanent Neow","StSLib","SuperFastMode","TheSwordswoman"],"gold_per_floor":[112,76,76,94,94,94,128,146,200,73,86,5,5,5,5,5,5],"floor_reached":16,"language":"ENG","playtime":665,"items_purged":["blazmod:Defend"],"score":98,"play_id":"c4dfc822-49f2-41b3-92b0-7eea2fd66884","local_time":"20210211114453","is_ascension_mode":false,"campfire_choices":[{"data":"blazmod:Kyokasuigetsu","floor":6,"key":"SMITH"},{"data":"blazmod:Observant","floor":13,"key":"SMITH"},{"floor":15,"key":"REST"}],"circlet_count":0,"master_deck":["blazmod:Strike","blazmod:Strike","blazmod:Strike","blazmod:Strike","blazmod:Defend","blazmod:Defend","blazmod:Defend","blazmod:ButterflyEffect","blazmod:Kyokasuigetsu+1","blazmod:FleetOfFoot","blazmod:TenThousand","blazmod:QuickBlade","blazmod:ButterflyForm+1","blazmod:StanceChange","blazmod:PhysicalEndurance","blazmod:Trasient","blazmod:DevilDivine","blazmod:Observant+1"],"relics":["blazmod:Venustas","Ancient Tea Set","Orichalcum","Bottled Flame"],"acts_visited":["Exordium"],"potions_floor_usage":[16],"damage_taken":[{"damage":5,"enemies":"Jaw Worm","floor":1,"turns":6},{"damage":3,"enemies":"Cultist","floor":4,"turns":6},{"damage":8,"enemies":"Lagavulin","floor":7,"turns":6},{"damage":7,"enemies":"2 Louse","floor":8,"turns":2},{"damage":10,"enemies":"2 Fungi Beasts","floor":11,"turns":4},{"damage":32,"enemies":"Slime Boss","floor":16,"turns":7}],"seed_played":"8799996873262632598","potions_obtained":[{"floor":1,"key":"Block Potion"},{"floor":7,"key":"SpeedPotion"}],"is_trial":false,"path_per_floor":["M","$","?","M","?","R","E","M","T","$","M","$","R","T","R","B"],"character_chosen":"THE_SWORDSWOMAN","items_purchased":["blazmod:QuickBlade","blazmod:Trasient","blazmod:Observant"],"campfire_rested":1,"item_purchase_floors":[2,10,12],"current_hp_per_floor":[35,35,40,37,37,37,29,22,22,22,12,12,12,12,25,0,0],"gold":5,"neow_bonus":"THREE_CARDS","is_daily":false,"chose_seed":false,"campfire_upgraded":2,"win_rate":0.0,"timestamp":1613040293,"path_taken":["M","$","?","M","?","R","E","?","T","$","M","?","R","?","R","BOSS"],"items_purchased_type":["Card","Card","Card"],"build_version":"2020-12-22","purchased_purges":1,"victory":false,"max_hp_per_floor":[40,40,45,45,45,45,45,45,45,45,45,45,45,45,45,45,45],"card_choices":[{"not_picked":["blazmod:FortifiedVigor","blazmod:BoulderFlash"],"picked":"blazmod:FleetOfFoot","floor":0},{"not_picked":["blazmod:BladeOfEnlightenment","blazmod:Crosscut"],"picked":"blazmod:TenThousand","floor":1},{"not_picked":["blazmod:KatanaStrike","blazmod:FortifiedVigor"],"picked":"blazmod:ButterflyForm","floor":4},{"not_picked":["blazmod:SureOfHand","blazmod:ButterFlutter"],"picked":"blazmod:StanceChange","floor":7},{"not_picked":["blazmod:ButterFlutter","blazmod:StanceChange"],"picked":"blazmod:PhysicalEndurance","floor":8},{"not_picked":["blazmod:Trasient","blazmod:Quickdraw"],"picked":"blazmod:DevilDivine","floor":11}],"player_experience":92703,"relics_obtained":[{"floor":7,"key":"Ancient Tea Set"},{"floor":9,"key":"Orichalcum"},{"floor":14,"key":"Bottled Flame"}],"event_choices":[{"damage_healed":0,"gold_gain":0,"player_choice":"Donut","damage_taken":0,"max_hp_gain":5,"max_hp_loss":0,"event_name":"Big Fish","floor":3,"gold_loss":0},{"damage_healed":0,"gold_gain":0,"player_choice":"Upgraded","damage_taken":0,"max_hp_gain":0,"max_hp_loss":0,"event_name":"Upgrade Shrine","floor":5,"gold_loss":0,"cards_upgraded":["blazmod:ButterflyForm"]}],"is_beta":false,"boss_relics":[],"items_purged_floors":[10],"is_endless":false,"potions_floor_spawned":[1,7],"killed_by":"Slime Boss","ascension_level":0}}