{"host":"Lrdox","time":1613049624,"event":{"mods":["BaseMod","Colored Map","Minty Spire (QoL Compilation)","Relic Stats"],"gold_per_floor":[163,181,199,4,79,110,128,128,180,199,210,9,37,37,37,168,168,188,138,318,33,52,87,87,87,142,156,156,156,156,199,199,320,320,341,710,390,411,124,124,457,474,474,489,13,33,33,66,66,66],"floor_reached":51,"language":"ENG","playtime":2115,"items_purged":["Strike_P","Strike_P","Strike_P","Defend_P","Defend_P","Injury"],"score":1000,"play_id":"ec2d06b3-43c1-4ec5-b625-e392a561d24a","local_time":"20210211142024","is_ascension_mode":true,"campfire_choices":[{"floor":8.0,"key":"REST"},{"floor":15.0,"key":"REST"},{"floor":24.0,"key":"REST"},{"floor":28.0,"key":"REST"},{"floor":32.0,"key":"REST"},{"floor":40.0,"key":"REST"},{"floor":49,"key":"REST"}],"circlet_count":0,"master_deck":["Strike_P+1","Defend_P+1","Defend_P","Vigilance+1","FlurryOfBlows+1","Tantrum+1","FlurryOfBlows","ThirdEye","CutThroughFate+1","EmptyMind","FearNoEvil+1","BowlingBash+1","LessonLearned+1","Halt","Vault+1","FearNoEvil+1","Meditate+1","Wireheading+1","Tantrum+1","ThirdEye","WaveOfTheHand+1","Vault","EmptyFist+1","EmptyBody","MentalFortress+1","MentalFortress+1","ThirdEye+1","Master of Strategy","Flash of Steel"],"relics":["Tiny House","Membership Card","Pear","Gremlin Horn","Bronze Scales","Cursed Key","Singing Bowl","Vajra","Juzu Bracelet","Bag of Preparation","Potion Belt","Empty Cage","Old Coin","Sling","Gambling Chip","Whetstone","HandDrill","Torii","Regal Pillow","Damaru","Orrery","Orichalcum"],"acts_visited":["Exordium","TheCity","TheBeyond"],"potions_floor_usage":[45],"damage_taken":[{"damage":0.0,"enemies":"Small Slimes","floor":1.0,"turns":2.0},{"damage":0.0,"enemies":"Jaw Worm","floor":2.0,"turns":2.0},{"damage":0.0,"enemies":"Cultist","floor":3.0,"turns":2.0},{"damage":33.0,"enemies":"Lagavulin","floor":6.0,"turns":5.0},{"damage":0.0,"enemies":"3 Louse","floor":7.0,"turns":2.0},{"damage":2.0,"enemies":"Looter","floor":10.0,"turns":3.0},{"damage":0.0,"enemies":"2 Fungi Beasts","floor":11.0,"turns":2.0},{"damage":48.0,"enemies":"Gremlin Nob","floor":13.0,"turns":4.0},{"damage":10.0,"enemies":"Slime Boss","floor":16.0,"turns":10.0},{"damage":20.0,"enemies":"2 Thieves","floor":18.0,"turns":5.0},{"damage":0.0,"enemies":"Shell Parasite","floor":22.0,"turns":3.0},{"damage":18.0,"enemies":"Slavers","floor":23.0,"turns":4.0},{"damage":10.0,"enemies":"Snecko","floor":27.0,"turns":3.0},{"damage":36.0,"enemies":"Book of Stabbing","floor":31.0,"turns":3.0},{"damage":37.0,"enemies":"Collector","floor":33.0,"turns":7.0},{"damage":0.0,"enemies":"Orb Walker","floor":35.0,"turns":2.0},{"damage":10.0,"enemies":"2 Orb Walkers","floor":36.0,"turns":3.0},{"damage":15.0,"enemies":"3 Shapes","floor":38.0,"turns":7.0},{"damage":27.0,"enemies":"Writhing Mass","floor":42.0,"turns":5.0},{"damage":4,"enemies":"4 Shapes","floor":44,"turns":3},{"damage":0,"enemies":"Jaw Worm Horde","floor":46,"turns":2},{"damage":14,"enemies":"Nemesis","floor":48,"turns":7},{"damage":38,"enemies":"Awakened One","floor":50,"turns":10}],"seed_played":"4296704506795234723","potions_obtained":[{"floor":0.0,"key":"Regen Potion"},{"floor":2.0,"key":"SpeedPotion"},{"floor":3.0,"key":"PowerPotion"},{"floor":13.0,"key":"Energy Potion"},{"floor":22.0,"key":"DuplicationPotion"},{"floor":23.0,"key":"Ambrosia"},{"floor":31.0,"key":"Strength Potion"},{"floor":35.0,"key":"Swift Potion"},{"floor":42.0,"key":"SmokeBomb"},{"floor":44,"key":"Fruit Juice"},{"floor":48,"key":"Weak Potion"}],"is_trial":false,"path_per_floor":["M","M","M","$","?","E","M","R","T","M","M","$","E","?","R","B",null,"M","$","?","$","M","E","R","?","T","M","R","?","?","E","R","B",null,"M","?","$","M","$","R","?","M","T","M","$","M","?","E","R","B",null],"character_chosen":"WATCHER","items_purchased":["Membership Card","CutThroughFate","EmptyMind","LessonLearned","Gremlin Horn","Singing Bowl","FearNoEvil","Meditate","Wireheading","Sling","Gambling Chip","EmptyBody","Whetstone","HandDrill","FairyPotion","MentalFortress","Regal Pillow","Damaru","Orrery","Block Potion","Master of Strategy"],"campfire_rested":7,"item_purchase_floors":[4,4,4,12,12,21,21,21,21,37,37,37,39,39,39,45,45,45,45,45,45],"current_hp_per_floor":[70,70,70,70,59,36,36,62,62,60,60,60,12,12,36,41,71,51,51,32,32,32,16,40,40,40,32,57,57,57,21,46,9,66,66,58,58,43,43,69,69,44,44,42,55,57,57,45,92,54],"gold":66,"neow_bonus":"BOSS_RELIC","is_daily":false,"chose_seed":false,"campfire_upgraded":0,"win_rate":0.0,"timestamp":1613049624,"path_taken":["M","M","M","$","?","E","M","R","T","M","M","$","E","?","R","BOSS","M","$","?","$","?","E","R","?","T","M","R","?","?","E","R","BOSS","M","?","$","M","$","R","?","M","T","M","$","M","?","E","R","BOSS"],"items_purchased_type":["Relic","Card","Card","Card","Relic","Relic","Card","Card","Card","Relic","Relic","Card","Relic","Relic","Potion","Card","Relic","Relic","Relic","Potion","Card"],"build_version":"2020-12-18","purchased_purges":6,"victory":true,"max_hp_per_floor":[77,77,77,77,77,87,87,87,87,87,87,87,87,81,81,81,81,81,81,81,81,81,83,83,83,83,85,85,85,85,85,85,85,85,85,87,87,87,87,87,87,89,89,91,104,106,106,108,108,108],"relic_stats":{"Regal Pillow":15,"Gremlin Horn":[19,19],"Singing Bowl":22,"Torii":2,"counters":[23,96],"Juzu Bracelet":0,"Bag of Preparation":[20],"Whetstone":["LessonLearned","Tantrum"],"Orichalcum":[0],"Cursed Key":2,"Bronze Scales":[143],"Gambling Chip":[16],"HandDrill":[22],"obtain_stats":[{"Potion Belt":31,"Regal Pillow":45,"Tiny House":0,"Pear":6,"Gremlin Horn":12,"Singing Bowl":21,"Torii":43,"Golden Idol":14,"Vajra":23,"Damaru":45,"Juzu Bracelet":26,"Bag of Preparation":30,"Whetstone":39,"Orichalcum":48,"Cursed Key":17,"Empty Cage":34,"Sling":37,"Old Coin":36,"Bronze Scales":13,"Gambling Chip":37,"Orrery":45,"HandDrill":39,"Membership Card":4,"PureWater":0},{"Potion Belt":14,"Regal Pillow":20,"Tiny House":0,"Pear":4,"Gremlin Horn":7,"Singing Bowl":10,"Torii":19,"Golden Idol":8,"Vajra":12,"Damaru":20,"Juzu Bracelet":12,"Bag of Preparation":13,"Whetstone":18,"Orichalcum":22,"Cursed Key":9,"Empty Cage":15,"Sling":17,"Old Coin":17,"Bronze Scales":8,"Gambling Chip":17,"Orrery":20,"HandDrill":18,"Membership Card":3,"PureWater":0},{"Potion Belt":50,"Regal Pillow":77,"Tiny House":0,"Pear":11,"Gremlin Horn":18,"Singing Bowl":37,"Torii":74,"Golden Idol":22,"Vajra":44,"Damaru":77,"Juzu Bracelet":44,"Bag of Preparation":47,"Whetstone":69,"Orichalcum":86,"Cursed Key":32,"Empty Cage":57,"Sling":62,"Old Coin":62,"Bronze Scales":22,"Gambling Chip":62,"Orrery":77,"HandDrill":69,"Membership Card":6,"PureWater":0}]},"card_choices":[{"not_picked":["FlyingSleeves","WheelKick"],"picked":"FlurryOfBlows","floor":0.0},{"not_picked":["FlyingSleeves","Fasting2"],"picked":"Tantrum","floor":1.0},{"not_picked":["Crescendo","Prostrate"],"picked":"FlurryOfBlows","floor":2.0},{"not_picked":["DeceiveReality","PathToVictory"],"picked":"ThirdEye","floor":3.0},{"not_picked":["WreathOfFlame","JustLucky","ForeignInfluence"],"picked":"SKIP","floor":6.0},{"not_picked":["CutThroughFate","FlyingSleeves"],"picked":"FearNoEvil","floor":7.0},{"not_picked":["Sanctity","WheelKick"],"picked":"BowlingBash","floor":10.0},{"not_picked":["EmptyMind","CutThroughFate","Fasting2"],"picked":"SKIP","floor":11.0},{"not_picked":["SpiritShield","BattleHymn"],"picked":"Halt","floor":13.0},{"not_picked":["LessonLearned","DevaForm"],"picked":"Vault","floor":16.0},{"not_picked":["WaveOfTheHand","Halt","Nirvana"],"picked":"SKIP","floor":18.0},{"not_picked":["CrushJoints","ReachHeaven+1"],"picked":"Tantrum+1","floor":22.0},{"not_picked":["FearNoEvil","Halt","FollowUp+1"],"picked":"Singing Bowl","floor":23.0},{"not_picked":["Perseverance","Protect","Collect"],"picked":"Singing Bowl","floor":27.0},{"not_picked":["EmptyFist","Sanctity+1"],"picked":"WaveOfTheHand+1","floor":31.0},{"not_picked":["Ragnarok","Brilliance"],"picked":"Vault","floor":33.0},{"not_picked":["FlurryOfBlows","FlyingSleeves+1"],"picked":"EmptyFist+1","floor":35.0},{"not_picked":["BowlingBash","PathToVictory","SashWhip"],"picked":"Singing Bowl","floor":36.0},{"not_picked":["Conclude","Indignation"],"picked":"MentalFortress+1","floor":38.0},{"not_picked":["FollowUp","SignatureMove+1","Consecrate+1"],"picked":"Singing Bowl","floor":42.0},{"not_picked":["FlurryOfBlows","CutThroughFate+1","MasterReality"],"picked":"Singing Bowl","floor":44},{"not_picked":["DeceiveReality","JustLucky","WreathOfFlame+1"],"picked":"Singing Bowl","floor":45},{"not_picked":["EmptyBody","Vengeance"],"picked":"ThirdEye+1","floor":45},{"not_picked":["Halt+1","ThirdEye+1","BowlingBash+1"],"picked":"Singing Bowl","floor":45},{"not_picked":["InnerPeace","Establishment","ClearTheMind+1"],"picked":"Singing Bowl","floor":45},{"not_picked":["Swivel+1","Protect+1","EmptyBody+1"],"picked":"Singing Bowl","floor":45},{"not_picked":["Evaluate+1","Study","CarveReality+1"],"picked":"Singing Bowl","floor":46},{"not_picked":["Bandage Up","Impatience"],"picked":"Flash of Steel","floor":47},{"not_picked":["Wireheading","FollowUp","Vengeance"],"picked":"Singing Bowl","floor":48}],"player_experience":251844,"relics_obtained":[{"floor":6.0,"key":"Pear"},{"floor":13.0,"key":"Bronze Scales"},{"floor":23.0,"key":"Vajra"},{"floor":26.0,"key":"Juzu Bracelet"},{"floor":31.0,"key":"Potion Belt"},{"floor":36.0,"key":"Old Coin"},{"floor":43.0,"key":"Torii"},{"floor":48,"key":"Orichalcum"}],"event_choices":[{"damage_healed":0.0,"max_hp_gain":0.0,"max_hp_loss":0.0,"gold_gain":75.0,"event_name":"World of Goop","player_choice":"Gather Gold","floor":5.0,"gold_loss":0.0,"damage_taken":11.0},{"damage_healed":0.0,"max_hp_gain":0.0,"max_hp_loss":6.0,"gold_gain":0.0,"event_name":"Golden Idol","player_choice":"Lose Max HP","floor":14.0,"gold_loss":0.0,"damage_taken":0.0,"relics_obtained":["Golden Idol"]},{"damage_healed":0.0,"max_hp_gain":0.0,"max_hp_loss":0.0,"gold_gain":180.0,"event_name":"Knowing Skull","player_choice":"GOLD GOLD ","floor":20.0,"potions_obtained":[],"gold_loss":0.0,"damage_taken":19.0,"cards_obtained":[]},{"damage_healed":0.0,"max_hp_gain":0.0,"max_hp_loss":0.0,"gold_gain":0.0,"event_name":"The Library","player_choice":"Read","floor":25.0,"gold_loss":0.0,"damage_taken":0.0,"cards_obtained":["ThirdEye"]},{"damage_healed":0.0,"max_hp_gain":0.0,"max_hp_loss":0.0,"gold_gain":0.0,"event_name":"Ghosts","player_choice":"Ignored","floor":29.0,"gold_loss":0.0,"damage_taken":0.0},{"damage_healed":0.0,"max_hp_gain":0.0,"max_hp_loss":0.0,"gold_gain":0.0,"event_name":"The Mausoleum","player_choice":"Opened","floor":30.0,"gold_loss":0.0,"damage_taken":0.0,"relics_obtained":["Bag of Preparation"]},{"damage_healed":0.0,"max_hp_gain":0.0,"max_hp_loss":0.0,"gold_gain":0.0,"event_name":"Mysterious Sphere","player_choice":"Fight","floor":36.0,"gold_loss":0.0,"damage_taken":0.0},{"damage_healed":0.0,"max_hp_gain":0.0,"max_hp_loss":0.0,"gold_gain":333.0,"event_name":"The Moai Head","player_choice":"Gave Idol","floor":41.0,"relics_lost":["Golden Idol"],"gold_loss":0.0,"damage_taken":0.0},{"damage_healed":0,"gold_gain":0,"player_choice":"Memory 1","damage_taken":0,"max_hp_gain":0,"max_hp_loss":0,"event_name":"SensoryStone","floor":47,"gold_loss":0}],"is_beta":true,"boss_relics":[{"not_picked":["Coffee Dripper","Calling Bell"],"picked":"Cursed Key"},{"not_picked":["Runic Dome","SacredBark"],"picked":"Empty Cage"}],"items_purged_floors":[12,19,21,37,39,45],"is_endless":false,"potions_floor_spawned":[2,3,13,22,23,31,35,42,44,48],"ascension_level":6}}