{"host":"f6w7z8zvb0mi4wy9","time":1613051534,"event":{"mods":["BaseMod","Colored Map","Minty Spire (QoL Compilation)","READ ME - Guardian Mod","StSLib","SuperFastMode","The Jungle"],"gold_per_floor":[115,67,142,161,224,224,258,258,258,274,305,323,339,126,126,224,224,224],"floor_reached":17,"language":"KOR","playtime":290,"items_purged":[],"score":200,"play_id":"08b1b01c-fa0b-4cc0-81a7-2625e232fc4c","local_time":"20210211225214","is_ascension_mode":true,"campfire_choices":[{"data":"Zap","floor":6.0,"key":"SMITH"},{"data":"Dualcast","floor":15.0,"key":"SMITH"}],"circlet_count":0,"master_deck":["Zap+1","Dualcast+1","BootSequence","Streamline","BootSequence","Gash","Hologram","Scrape","Core Surge","Beam Cell","Skim","Darkness","Double Energy","Blizzard","Steam Power","Core Surge","Storm"],"relics":["Cracked Core","NeowsBlessing","Juzu Bracelet","Tiny Chest","Bag of Preparation","Pandora\u0027s Box"],"acts_visited":["Exordium","TheCity"],"potions_floor_usage":[],"damage_taken":[{"damage":0.0,"enemies":"Small Slimes","floor":1.0,"turns":1.0},{"damage":0.0,"enemies":"Jaw Worm","floor":4.0,"turns":1.0},{"damage":0.0,"enemies":"Gremlin Nob","floor":7.0,"turns":1.0},{"damage":1.0,"enemies":"Cultist","floor":10.0,"turns":3.0},{"damage":8.0,"enemies":"3 Sentries","floor":11.0,"turns":5.0},{"damage":0.0,"enemies":"Large Slime","floor":12.0,"turns":3.0},{"damage":7.0,"enemies":"3 Louse","floor":13.0,"turns":3.0},{"damage":33.0,"enemies":"Slime Boss","floor":16.0,"turns":8.0}],"seed_played":"-3449362187347360605","potions_obtained":[{"floor":8.0,"key":"BlessingOfTheForge"},{"floor":8.0,"key":"Swift Potion"},{"floor":8.0,"key":"Regen Potion"},{"floor":10.0,"key":"AttackPotion"},{"floor":12.0,"key":"EssenceOfDarkness"},{"floor":13.0,"key":"DistilledChaos"},{"floor":16.0,"key":"FairyPotion"}],"is_trial":false,"path_per_floor":["M","$","?","M","?","R","E","?","T","M","E","M","M","$","R","B",null],"character_chosen":"DEFECT","items_purchased":["Streamline","Scrape","Bag of Preparation"],"campfire_rested":0,"item_purchase_floors":[2,14,14],"current_hp_per_floor":[75,75,64,64,64,64,64,64,64,63,55,55,48,48,48,15,75,75],"gold":224,"neow_bonus":"THREE_ENEMY_KILL","is_daily":false,"chose_seed":false,"campfire_upgraded":2,"win_rate":0.0,"timestamp":1613051534,"path_taken":["M","$","?","M","?","R","E","?","T","M","E","M","M","$","R","BOSS"],"items_purchased_type":["Card","Card","Relic"],"build_version":"2020-12-22","purchased_purges":0,"victory":false,"max_hp_per_floor":[75,75,75,75,75,75,75,75,75,75,75,75,75,75,75,75,75,75],"card_choices":[{"not_picked":["Go for the Eyes","Leap"],"picked":"BootSequence","floor":1.0},{"not_picked":["Melter","Turbo"],"picked":"BootSequence","floor":4.0},{"not_picked":["Stack","Conserve Battery","Streamline"],"picked":"SKIP","floor":7.0},{"not_picked":["Darkness","Consume","Rebound"],"picked":"SKIP","floor":10.0},{"not_picked":["Ball Lightning","Beam Cell"],"picked":"Gash","floor":11.0},{"not_picked":["BootSequence","Redo","Compile Driver"],"picked":"SKIP","floor":12.0},{"not_picked":["Barrage","Rebound"],"picked":"Hologram","floor":13.0},{"not_picked":["Reboot","Machine Learning"],"picked":"Core Surge","floor":16.0}],"player_experience":929040,"relics_obtained":[{"floor":7.0,"key":"Juzu Bracelet"},{"floor":11.0,"key":"Tiny Chest"}],"event_choices":[{"damage_healed":0.0,"max_hp_gain":0.0,"max_hp_loss":0.0,"gold_gain":75.0,"event_name":"World of Goop","player_choice":"Gather Gold","floor":3.0,"gold_loss":0.0,"damage_taken":11.0},{"damage_healed":0.0,"max_hp_gain":0.0,"max_hp_loss":0.0,"gold_gain":63.0,"event_name":"Golden Wing","player_choice":"Gained Gold","floor":5.0,"gold_loss":0.0,"damage_taken":0.0},{"damage_healed":0.0,"max_hp_gain":0.0,"max_hp_loss":0.0,"gold_gain":0.0,"event_name":"Lab","player_choice":"Got Potions","floor":8.0,"gold_loss":0.0,"damage_taken":0.0}],"is_beta":false,"boss_relics":[{"not_picked":["Runic Dome","Velvet Choker"],"picked":"Pandora\u0027s Box"}],"items_purged_floors":[],"is_endless":false,"potions_floor_spawned":[10,12,13,16],"ascension_level":1}}