{"host":"tc1my4n9jof2q8vu","time":1613059971,"event":{"mods":["Act Like it!","BaseMod","Colored Powertips","Hubris","Minty Spire (QoL Compilation)","Replay The Spire","StSLib"],"gold_per_floor":[112,123,123,128,145,175,192,192,192,222,73,73,93,111,111,215,215,231,216,216,216,81,112,112,243,243,18,35,51,51,65,65,65,65],"floor_reached":33,"language":"ENG","playtime":1588,"items_purged":["Pain","Decay","hubris:Sloth"],"score":347,"play_id":"1ef77f5e-2c2e-4100-9385-83d498612b74","local_time":"20210211111251","is_ascension_mode":false,"campfire_choices":[{"floor":12.0,"key":"REST"},{"floor":24.0,"key":"REST"},{"data":"Devotion","floor":32.0,"key":"SMITH"}],"circlet_count":0,"master_deck":["Strike_P","Strike_P","Strike_P","Strike_P","Defend_P+1","Defend_P","Defend_P","Defend_P","Eruption+1","Vigilance","Brilliance+1","LessonLearned+1","Halt","Prostrate+1","Devotion+1","Injury","CommonCold","CommonCold","Halt","Dark Shackles","hubris:NaturalOne","FlurryOfBlows"],"relics":["PureWater","WarpedTongs","ReplayTheSpireMod:CursedCoin","Bottled Flame","Prayer Wheel","CaptainsWheel","Blue Doll","hubris:Icosahedron","Replay:Ancient Bell","Potion Belt","HornCleat","Ice Cream","Lizard Tail","Dream Catcher","Centennial Puzzle","Darkstone Periapt"],"acts_visited":["Exordium","TheCity"],"potions_floor_usage":[],"damage_taken":[{"damage":0.0,"enemies":"Jaw Worm","floor":1.0,"turns":5.0},{"damage":0.0,"enemies":"Cultist","floor":2.0,"turns":2.0},{"damage":4.0,"enemies":"2 Louse","floor":5.0,"turns":2.0},{"damage":14.0,"enemies":"Gremlin Nob","floor":6.0,"turns":3.0},{"damage":33.0,"enemies":"Exordium Wildlife","floor":7.0,"turns":3.0},{"damage":18.0,"enemies":"Lagavulin","floor":10.0,"turns":3.0},{"damage":10.0,"enemies":"Lots of Slimes","floor":13.0,"turns":5.0},{"damage":0.0,"enemies":"Gremlin Gang","floor":14.0,"turns":3.0},{"damage":23.0,"enemies":"Fading Forest","floor":16.0,"turns":11.0},{"damage":12.0,"enemies":"Shell Parasite","floor":18.0,"turns":5.0},{"damage":10.0,"enemies":"2 Thieves","floor":19.0,"turns":4.0},{"damage":90.0,"enemies":"Gremlin Leader","floor":23.0,"turns":14.0},{"damage":18.0,"enemies":"Replay:Snechameleon","floor":25.0,"turns":9.0},{"damage":8.0,"enemies":"Snecko","floor":28.0,"turns":10.0},{"damage":0.0,"enemies":"Centurion and Healer","floor":29.0,"turns":6.0},{"damage":0.0,"enemies":"3 Cultists","floor":31.0,"turns":6.0},{"damage":104,"enemies":"Automaton","floor":33,"turns":6}],"seed_played":"5770251838827882065","potions_obtained":[{"floor":2.0,"key":"StancePotion"},{"floor":5.0,"key":"SneckoOil"},{"floor":7.0,"key":"PowerPotion"},{"floor":10.0,"key":"Strength Potion"},{"floor":14.0,"key":"LiquidMemories"},{"floor":16.0,"key":"Fire Potion"},{"floor":23.0,"key":"Fruit Juice"},{"floor":25.0,"key":"Swift Potion"},{"floor":28.0,"key":"AttackPotion"}],"is_trial":false,"path_per_floor":["M","M","?","$","M","E","M","T","T","E","$","R","M","M","R","B",null,"M","M","?","?","$","E","R","E","T","$","M","M","?","M","R","B"],"character_chosen":"WATCHER","items_purchased":["ReplayTheSpireMod:CursedCoin","LessonLearned","Blue Doll","Dark Shackles","Cursed Concoction"],"campfire_rested":2,"item_purchase_floors":[4,4,11,22,27],"current_hp_per_floor":[72,72,72,72,68,54,21,21,21,3,3,24,14,14,14,17,72,60,50,50,50,50,9,32,14,14,14,12,12,93,93,93,0,0],"gold":65,"neow_bonus":"ONE_RANDOM_RARE_CARD","is_daily":false,"chose_seed":false,"campfire_upgraded":1,"win_rate":0.0,"timestamp":1613059971,"path_taken":["M","M","?","?","M","E","M","?","T","E","$","R","?","?","R","BOSS","M","?","?","?","?","E","R","E","T","$","?","?","?","?","R","BOSS"],"items_purchased_type":["Relic","Card","Relic","Card","Potion"],"build_version":"2020-12-22","purchased_purges":3,"victory":false,"max_hp_per_floor":[72,72,72,72,72,72,72,72,72,72,72,72,72,72,72,72,72,72,72,72,72,72,77,77,77,77,77,83,83,93,93,93,93,93],"card_choices":[{"not_picked":["FlyingSleeves","CutThroughFate","FlurryOfBlows"],"picked":"SKIP","floor":1.0},{"not_picked":["Meditate","ReachHeaven","Replay:DivineShield"],"picked":"SKIP","floor":2.0},{"not_picked":["Nirvana","ThirdEye","Protect"],"picked":"SKIP","floor":5.0},{"not_picked":["Replay:Hum","TalkToTheHand","Weave"],"picked":"SKIP","floor":6.0},{"not_picked":["Replay:BluntJabs","ThirdEye","PathToVictory"],"picked":"SKIP","floor":7.0},{"not_picked":["FlyingSleeves","Consecrate"],"picked":"Halt","floor":10.0},{"not_picked":["SignatureMove","Protect"],"picked":"Prostrate","floor":13.0},{"not_picked":["ConjureBlade","Replay:ManipulateFuture","BowlingBash"],"picked":"SKIP","floor":13.0},{"not_picked":["FearNoEvil","CutThroughFate","Replay:ManipulateFuture"],"picked":"SKIP","floor":14.0},{"not_picked":["Replay:Hum","Weave","DeceiveReality"],"picked":"SKIP","floor":14.0},{"not_picked":["Replay:LoomingThreat","Alpha"],"picked":"Devotion","floor":16.0},{"not_picked":["Writhe","hubris:Envy"],"picked":"Injury","floor":17.0},{"not_picked":["ReplayTheSpireMod:Restless Dread","Normality"],"picked":"CommonCold","floor":17.0},{"not_picked":["hubris:Greed","Regret"],"picked":"CommonCold","floor":17.0},{"not_picked":["FollowUp+1","Replay:BluntJabs","Replay:AtTheReady"],"picked":"SKIP","floor":18.0},{"not_picked":["Sanctity","FlyingSleeves","JustLucky"],"picked":"SKIP","floor":18.0},{"not_picked":["ThirdEye","ReachHeaven","Protect"],"picked":"SKIP","floor":19.0},{"not_picked":["Crescendo+1","FlyingSleeves+1","CrushJoints"],"picked":"SKIP","floor":19.0},{"not_picked":["SignatureMove+1","Replay:Vibes"],"picked":"Scrawl","floor":23.0},{"not_picked":["EmptyBody","BattleHymn","Halt"],"picked":"SKIP","floor":25.0},{"not_picked":["EmptyBody","Study+1","Omniscience"],"picked":"SKIP","floor":28.0},{"not_picked":["Halt+1","ReachHeaven","SandsOfTime"],"picked":"SKIP","floor":28.0},{"not_picked":["Halt","CarveReality+1"],"picked":"FlurryOfBlows","floor":29.0},{"not_picked":["Crescendo","ThirdEye","Evaluate"],"picked":"SKIP","floor":29.0},{"not_picked":["Consecrate+1","Replay:AtTheReady","Sanctity"],"picked":"SKIP","floor":31.0},{"not_picked":["CutThroughFate+1","FlyingSleeves","Replay:BluntJabs"],"picked":"SKIP","floor":31.0}],"player_experience":199206,"relics_obtained":[{"floor":6.0,"key":"Bottled Flame"},{"floor":8.0,"key":"Prayer Wheel"},{"floor":10.0,"key":"CaptainsWheel"},{"floor":23.0,"key":"Dream Catcher"},{"floor":25.0,"key":"Centennial Puzzle"},{"floor":26.0,"key":"Darkstone Periapt"}],"event_choices":[{"damage_healed":0.0,"max_hp_gain":0.0,"max_hp_loss":0.0,"gold_gain":0.0,"event_name":"Accursed Blacksmith","player_choice":"Rummage","floor":3.0,"gold_loss":0.0,"damage_taken":0.0,"relics_obtained":["WarpedTongs"],"cards_obtained":["Pain"]},{"cards_removed":["Scrawl"],"damage_healed":71.0,"max_hp_gain":10.0,"max_hp_loss":0.0,"gold_gain":0.0,"event_name":"Bonfire Elementals","player_choice":"Offered Rare","floor":30.0,"gold_loss":0.0,"damage_taken":0.0}],"is_beta":false,"boss_relics":[{"not_picked":["Replay:Drink Me","Abe\u0027s Treasure"],"picked":"Replay:Ancient Bell"},{"not_picked":["Pen Nib","ReplayFunnel"],"picked":"Potion Belt"},{"not_picked":["Onion Ring","Sundial"],"picked":"HornCleat"},{"not_picked":["hubris:FunFungus","Replay:Multitool"],"picked":"Ice Cream"}],"items_purged_floors":[4,22,27],"is_endless":false,"potions_floor_spawned":[2,5,7,10,14,16,23,25,28],"killed_by":"Automaton","ascension_level":0}}