{"host":"m552uo5jodlktm3e","time":1613036957,"event":{"mods":["BaseMod","Colored Powertips","Downfall","Minty Spire (QoL Compilation)","Quick Restart","StSLib"],"gold_per_floor":[99,99,99,99,112,138,207,207,237,74,74,84,84,104,124,226,226,226,244,255,255,19,19,19,52,70,103,137,150,163,183,203,307,307,7,25,25,35,185,211,211,96,107,125,3,103,114,145,160,160,160,186,36,36,36,36],"floor_reached":57,"language":"ENG","playtime":4766,"items_purged":["champ:Defend","downfall:Malfunctioning","Shame","downfall:Aged"],"score":1309,"play_id":"e875c757-8be1-4819-b0d7-c26803cc738f","local_time":"20210211014917","is_ascension_mode":false,"campfire_choices":[{"data":"champ:Taunt","floor":1.0,"key":"SMITH"},{"data":"champ:Lariat","floor":11.0,"key":"SMITH"},{"data":"champ:FlashCut","floor":13.0,"key":"SMITH"},{"floor":18.0,"key":"RECALL"},{"data":"champ:FancyFootwork","floor":23.0,"key":"SMITH"},{"data":"champ:UltimateStance","floor":35,"key":"SMITH"},{"floor":54,"key":"REST"}],"circlet_count":0,"master_deck":["champ:Strike","champ:Strike","champ:Strike+1","champ:Strike","champ:Defend+1","champ:Defend","champ:Defend","champ:Execute+1","champ:Taunt+1","champ:FlashCut+1","champ:ShieldWall","champ:Lariat+1","champ:GutPunch","champ:CrookedStrike","champ:RisingSlash","champ:VampiricStrike","champ:DancingMaster","champ:FancyFootwork+1","champ:RapidStrikes","champ:Encircle","champ:UltimateStance+1","champ:FocusedDefense","champ:EnGarde+1","champ:StrikeOfGenius","champ:FocusedDefense+1","champ:Lariat+1","champ:CalledShot+1","champ:FaceSlap+1","expansioncontent:QuickStudy","downfall:Haunted","downfall:Haunted","downfall:Aged","champ:LastStand","downfall:Malfunctioning","champ:Devastate"],"relics":["champ:ChampionCrown","Pantograph","StrikeDummy","Cursed Key","Bag of Preparation","WingedGreaves","Boot","Darkstone Periapt","Gambling Chip","SlaversCollar","downfall:HeartBlessingRed","downfall:HeartBlessingGreen","downfall:HeartBlessingBlue","Nunchaku","Bag of Marbles","Bronze Scales","Du-Vu Doll","Calipers","Dead Branch"],"acts_visited":["Exordium","TheCity","TheBeyond","TheEnding"],"potions_floor_usage":[29,31,33,45,48,49,50,50,52],"damage_taken":[{"damage":10.0,"enemies":"Small Slimes","floor":5.0,"turns":3.0},{"damage":47.0,"enemies":"Lagavulin","floor":6.0,"turns":9.0},{"damage":0.0,"enemies":"Cultist","floor":8.0,"turns":1.0},{"damage":19.0,"enemies":"Gremlin Nob","floor":9.0,"turns":4.0},{"damage":15.0,"enemies":"downfall:FleeingMerchant","floor":10.0,"turns":4.0},{"damage":0.0,"enemies":"2 Louse","floor":12.0,"turns":2.0},{"damage":10.0,"enemies":"Exordium Wildlife","floor":14.0,"turns":3.0},{"damage":10.0,"enemies":"Exordium Thugs","floor":15.0,"turns":3.0},{"damage":43.0,"enemies":"WA_ARCHETYPE_RETAIN","floor":16.0,"turns":5.0},{"damage":20.0,"enemies":"Spheric Guardian","floor":19.0,"turns":2.0},{"damage":8.0,"enemies":"Shell Parasite","floor":20.0,"turns":3.0},{"damage":10.0,"enemies":"downfall:FleeingMerchant","floor":22.0,"turns":4.0},{"damage":49.0,"enemies":"Gremlin Leader","floor":25.0,"turns":5.0},{"damage":28.0,"enemies":"Snecko","floor":26.0,"turns":4.0},{"damage":25.0,"enemies":"Book of Stabbing","floor":27.0,"turns":5.0},{"damage":36.0,"enemies":"Slavers","floor":28.0,"turns":5.0},{"damage":0,"enemies":"Cultist and Chosen","floor":29,"turns":3},{"damage":10,"enemies":"3 Cultists","floor":30,"turns":3},{"damage":20,"enemies":"Centurion and Healer","floor":31,"turns":4},{"damage":0,"enemies":"Snake Plant","floor":32,"turns":2},{"damage":76,"enemies":"DF_ARCHETYPE_CLAW","floor":33,"turns":7},{"damage":30,"enemies":"3 Darklings","floor":36,"turns":3},{"damage":20,"enemies":"Orb Walker","floor":38,"turns":2},{"damage":62,"enemies":"Giant Head","floor":40,"turns":6},{"damage":35,"enemies":"downfall:FleeingMerchant","floor":42,"turns":4},{"damage":39,"enemies":"4 Shapes","floor":43,"turns":3},{"damage":30,"enemies":"3 Darklings","floor":44,"turns":3},{"damage":45,"enemies":"downfall:FleeingMerchant","floor":45,"turns":2},{"damage":3,"enemies":"Writhing Mass","floor":47,"turns":4},{"damage":24,"enemies":"Nemesis","floor":48,"turns":3},{"damage":73,"enemies":"Transient","floor":49,"turns":5},{"damage":48,"enemies":"IC_BLOCK_ARCHETYPE","floor":50,"turns":7},{"damage":130,"enemies":"downfall:CharBossMerchant","floor":52,"turns":7},{"damage":178,"enemies":"downfall:NeowBoss","floor":55,"turns":8},{"damage":82,"enemies":"downfall:NeowBossFinal","floor":56,"turns":10}],"seed_played":"8324182202353914492","potions_obtained":[{"floor":6.0,"key":"Slimebound:ThreeZeroPotion"},{"floor":9.0,"key":"SteroidPotion"},{"floor":12.0,"key":"AttackPotion"},{"floor":15.0,"key":"champ:OpenerPotion"},{"floor":19.0,"key":"bronze:BurnAndBuffPotion"},{"floor":25.0,"key":"AttackPotion"},{"floor":26.0,"key":"SneckoOil"},{"floor":27.0,"key":"SkillPotion"},{"floor":29,"key":"GamblersBrew"},{"floor":30,"key":"Block Potion"},{"floor":32,"key":"Fire Potion"},{"floor":38,"key":"SneckoOil"},{"floor":47,"key":"bronze:BurnAndBuffPotion"},{"floor":48,"key":"GamblersBrew"},{"floor":49,"key":"Block Potion"}],"is_trial":false,"path_per_floor":["R","?","?","?","M","E","T","M","E","$","R","M","R","M","M","B",null,"R","M","M","?","$","R","T","E","M","E","E","M","M","M","M","B",null,"R","M","?","M","?","E","T","$","M","M","$","?","M","E","M","B",null,"E","$","R","B","B",null],"character_chosen":"THE_CHAMP","items_purchased":["Vajra","Bag of Preparation","expansioncontent:QuickStudy","Bronze Scales"],"campfire_rested":1,"item_purchase_floors":[10,22,45,45],"current_hp_per_floor":[99,99,99,99,99,82,82,82,73,73,73,73,73,73,73,85,99,99,99,96,96,96,96,96,82,74,49,43,43,43,43,43,12,99,109,109,109,109,109,97,103,83,79,79,79,114,111,92,79,86,150,60,60,105,87,40],"gold":36,"neow_bonus":"TEN_PERCENT_HP_BONUS","is_daily":false,"chose_seed":false,"campfire_upgraded":5,"win_rate":0.0,"timestamp":1613036957,"path_taken":["R","?","?","?","M","E","T","M","E","$","R","M","R","M","M","BOSS","R","M","M","?","$","R","T","E","M","E","E","M","?","M","M","BOSS","R","M","?","M","?","E","T","$","M","?","?","?","M","E","M","BOSS","E","$","R","BOSS","BOSS"],"items_purchased_type":["Relic","Relic","Card","Relic"],"build_version":"2020-12-22","purchased_purges":4,"victory":true,"max_hp_per_floor":[99,99,99,99,99,99,99,99,99,99,99,99,99,99,99,99,99,99,99,99,99,99,99,99,99,99,99,99,99,99,99,99,99,99,109,109,109,109,109,109,115,115,115,115,115,150,150,150,150,150,150,150,150,150,150,150],"card_choices":[{"not_picked":["champ:DefensiveShout","champ:AdrenalArmor"],"picked":"champ:FlashCut","floor":5.0},{"not_picked":["champ:CrownThrow","champ:EnGarde"],"picked":"champ:ShieldWall","floor":6.0},{"not_picked":["champ:EnragedBash","champ:Parry"],"picked":"champ:Lariat","floor":8.0},{"not_picked":["champ:Parry","champ:Shatter"],"picked":"champ:GutPunch","floor":9.0},{"not_picked":["champ:PreciseThrust","champ:EnGarde"],"picked":"champ:CrookedStrike","floor":10.0},{"not_picked":["champ:CrookedStrike","champ:AdrenalArmor"],"picked":"champ:RisingSlash","floor":12.0},{"not_picked":["champ:FanOfKnives","champ:RecklessLeap","champ:IronFortress"],"picked":"SKIP","floor":14.0},{"not_picked":["champ:BerserkersShout","champ:PreciseThrust"],"picked":"champ:VampiricStrike","floor":15.0},{"not_picked":["champ:LastStand","champ:VampiricStrike"],"picked":"champ:DancingMaster","floor":16.0},{"not_picked":["champ:Backstep+1","champ:BringItOn","champ:Shatter"],"picked":"SKIP","floor":19.0},{"not_picked":["champ:TornadoPunch","champ:GladiatorStyle"],"picked":"champ:FancyFootwork","floor":20.0},{"not_picked":["champ:AdrenalArmor","champ:PerfectedStrike"],"picked":"champ:RapidStrikes","floor":22.0},{"not_picked":["champ:GladiatorStyle+1","champ:FancyFootwork+1"],"picked":"champ:Encircle","floor":25.0},{"not_picked":["champ:StanceDance","champ:TornadoPunch","champ:BringItOn"],"picked":"SKIP","floor":26.0},{"not_picked":["champ:Haymaker","champ:GladiatorStyle"],"picked":"champ:UltimateStance","floor":27.0},{"not_picked":["champ:SetATrap","champ:DeathBlow","champ:Encircle"],"picked":"SKIP","floor":28.0},{"not_picked":["champ:Circumvent+1","champ:SkillfulDodge","champ:TornadoPunch"],"picked":"SKIP","floor":29},{"not_picked":["champ:BerserkersShout","champ:AdrenalArmor","champ:BladeFlurry"],"picked":"SKIP","floor":30},{"not_picked":["champ:FlashCut+1","champ:TornadoPunch"],"picked":"champ:FocusedDefense","floor":31},{"not_picked":["champ:IronFortress","champ:PerfectedStrike"],"picked":"champ:EnGarde+1","floor":32},{"not_picked":["champ:LastStand","champ:SwordThrow"],"picked":"champ:StrikeOfGenius","floor":33},{"not_picked":["champ:HeartStrike","champ:StanceDance"],"picked":"champ:FocusedDefense+1","floor":36},{"not_picked":["champ:SkillfulDodge","champ:PerfectedStrike"],"picked":"champ:Lariat+1","floor":38},{"not_picked":["champ:SetATrap","champ:StanceDance"],"picked":"champ:CalledShot+1","floor":40},{"not_picked":["champ:FanOfKnives","champ:RapidStrikes"],"picked":"champ:FaceSlap+1","floor":42},{"not_picked":["champ:FancyFootwork+1","champ:AdrenalArmor+1","champ:EnragedBash+1"],"picked":"SKIP","floor":43},{"not_picked":["champ:FocusedDefense+1","champ:FlashCut+1","champ:PerfectedStrike+1"],"picked":"SKIP","floor":44},{"not_picked":["champ:Backstep+1","champ:PreciseThrust","champ:EnGarde"],"picked":"SKIP","floor":45},{"not_picked":["champ:CrookedStrike+1","champ:FocusedDefense+1","champ:EnGarde"],"picked":"SKIP","floor":47},{"not_picked":["champ:Lariat+1","champ:BerserkersShout"],"picked":"champ:Devastate","floor":48},{"not_picked":["champ:CrownThrow+1","champ:StanceDance+1","champ:ShieldWall+1"],"picked":"SKIP","floor":49},{"not_picked":["champ:CalledShot","champ:FaceSlap","champ:TornadoPunch+1"],"picked":"SKIP","floor":52}],"player_experience":1041432,"relics_obtained":[{"floor":6.0,"key":"Pantograph"},{"floor":9.0,"key":"StrikeDummy"},{"floor":24.0,"key":"WingedGreaves"},{"floor":25.0,"key":"Boot"},{"floor":27.0,"key":"Darkstone Periapt"},{"floor":28.0,"key":"Gambling Chip"},{"floor":40,"key":"Nunchaku"},{"floor":41,"key":"Bag of Marbles"},{"floor":48,"key":"Calipers"},{"floor":52,"key":"Dead Branch"}],"event_choices":[{"cards_removed":["downfall:Malfunctioning"],"damage_healed":0.0,"max_hp_gain":0.0,"max_hp_loss":0.0,"gold_gain":0.0,"event_name":"The Cleric","player_choice":"Card Removal","floor":4.0,"gold_loss":0.0,"damage_taken":0.0},{"damage_healed":0.0,"max_hp_gain":0.0,"max_hp_loss":0.0,"gold_gain":0.0,"event_name":"Lab","player_choice":"Got Potions","floor":21.0,"gold_loss":0.0,"damage_taken":0.0}],"is_beta":false,"boss_relics":[{"not_picked":["bronze:MakeshiftBattery","Pandora\u0027s Box"],"picked":"Cursed Key"},{"not_picked":["Runic Dome","Black Star"],"picked":"SlaversCollar"}],"items_purged_floors":[22,42,45,53],"is_endless":false,"potions_floor_spawned":[6,9,12,15,19,25,26,27,29,30,32,38,47,48,49],"ascension_level":0}}