{"host":"h77azxdx0evtsxw5","time":1613057042,"event":{"mods":["AchievementEnabler","BaseMod","Minty Spire (QoL Compilation)","Quick Restart"],"gold_per_floor":[111,186,258,276,293,293,468,528,528,312,322,357,357,357,357,357,357],"floor_reached":16,"language":"ENG","playtime":468,"items_purged":["Doubt"],"score":132,"play_id":"8ba4573a-5ab4-4521-95fd-fc197e7be7f1","local_time":"20210211102402","is_ascension_mode":true,"campfire_choices":[{"data":"Hemokinesis","floor":6,"key":"SMITH"},{"data":"Offering","floor":13,"key":"SMITH"},{"data":"Defend_R","floor":15,"key":"SMITH"}],"circlet_count":0,"master_deck":["Strike_R","Strike_R","Strike_R","Strike_R","Strike_R","Defend_R","Defend_R","Defend_R","Defend_R+1","Bash","Hemokinesis+1","Feed","Offering+1","Cleave","Pain"],"relics":["Burning Blood","NeowsBlessing","Meat on the Bone","Tiny Chest","Blue Candle","WarpedTongs"],"acts_visited":["Exordium"],"potions_floor_usage":[16],"damage_taken":[{"damage":0,"enemies":"Small Slimes","floor":1,"turns":1},{"damage":0,"enemies":"Jaw Worm","floor":4,"turns":1},{"damage":0,"enemies":"Cultist","floor":5,"turns":1},{"damage":19,"enemies":"Exordium Wildlife","floor":11,"turns":3},{"damage":45,"enemies":"3 Sentries","floor":12,"turns":9},{"damage":43,"enemies":"The Guardian","floor":16,"turns":8}],"seed_played":"7842259008711862828","potions_obtained":[{"floor":5,"key":"ElixirPotion"},{"floor":12,"key":"LiquidMemories"}],"is_trial":false,"path_per_floor":["M","?","T","M","M","R","?","?","T","$","M","E","R","?","R","B"],"character_chosen":"IRONCLAD","items_purchased":["Offering"],"campfire_rested":0,"item_purchase_floors":[10],"current_hp_per_floor":[78,67,67,73,79,79,79,79,79,79,69,42,42,42,42,0,0],"gold":357,"neow_bonus":"THREE_ENEMY_KILL","is_daily":false,"chose_seed":false,"campfire_upgraded":3,"win_rate":0.0,"timestamp":1613057042,"path_taken":["M","?","?","?","M","R","?","?","T","?","M","E","R","?","R","BOSS"],"items_purchased_type":["Card"],"build_version":"2020-12-22","purchased_purges":1,"victory":false,"max_hp_per_floor":[80,80,80,80,80,80,80,80,80,80,83,83,83,83,83,83,83],"card_choices":[{"not_picked":["Twin Strike","Power Through","Headbutt"],"picked":"SKIP","floor":1},{"not_picked":["Pommel Strike","Body Slam"],"picked":"Hemokinesis","floor":4},{"not_picked":["Evolve","Anger"],"picked":"Feed","floor":5},{"not_picked":["Anger","Headbutt"],"picked":"Cleave","floor":11},{"not_picked":["Body Slam","Thunderclap","Wild Strike"],"picked":"SKIP","floor":12}],"player_experience":297070,"relics_obtained":[{"floor":3,"key":"Meat on the Bone"},{"floor":9,"key":"Tiny Chest"},{"floor":12,"key":"Blue Candle"}],"event_choices":[{"damage_healed":0,"gold_gain":75,"player_choice":"Gather Gold","damage_taken":11,"max_hp_gain":0,"max_hp_loss":0,"event_name":"World of Goop","floor":2,"gold_loss":0},{"damage_healed":0,"gold_gain":175,"player_choice":"AGREE","damage_taken":0,"max_hp_gain":0,"max_hp_loss":0,"event_name":"Liars Game","floor":7,"gold_loss":0,"cards_obtained":["Doubt"]},{"damage_healed":0,"gold_gain":60,"player_choice":"Gained Gold","damage_taken":0,"max_hp_gain":0,"max_hp_loss":0,"event_name":"Golden Wing","floor":8,"gold_loss":0},{"damage_healed":0,"gold_gain":0,"player_choice":"Rummage","damage_taken":0,"relics_obtained":["WarpedTongs"],"max_hp_gain":0,"max_hp_loss":0,"event_name":"Accursed Blacksmith","floor":14,"gold_loss":0,"cards_obtained":["Pain"]}],"is_beta":false,"boss_relics":[],"items_purged_floors":[10],"is_endless":false,"potions_floor_spawned":[5,12],"killed_by":"The Guardian","ascension_level":7}}