{"host":"z4s4qib7mdvdkfud","time":1613062337,"event":{"mods":["BaseMod","Colored Map","Colored Powertips","Curses Come First","DeckTracker","Downfall","Highlight Path","Minty Spire (QoL Compilation)","Permanent Neow","StSLib"],"gold_per_floor":[134,134,169,199,228,259,290,323,356,356,368,368,368,438,464,464,464,464,214,214,389,101,111,128,78,132,144,179,243,255,342,404,416,428,440,452,464,476,488,500,523,535,547,559,571,602,614,650,542,191,141,164,164,164,164,182,182,182,307,307,331,331,281,301,321,362,362,277,277,308,308,324,357,375,375,494,494,532,566,607,633,682,726,766,805,844,844,844,844,844,287,321,321],"floor_reached":94,"language":"ENG","playtime":1903,"items_purged":["Defend_G","Doubt","Defend_G","Strike_G","Defend_G","Strike_G","Strike_G+1","Defend_G+1"],"score":2620,"play_id":"500bf188-cd2d-4367-bc82-b5d98cbab139","local_time":"20210212035217","is_ascension_mode":true,"campfire_choices":[{"floor":12,"key":"RECALL"},{"data":"Poisoned Stab","floor":34,"key":"SMITH"},{"data":"Neutralize","floor":35,"key":"SMITH"},{"data":"Poisoned Stab","floor":36,"key":"SMITH"},{"data":"Survivor","floor":37,"key":"SMITH"},{"data":"Defend_G","floor":55,"key":"SMITH"},{"data":"Strike_G","floor":58,"key":"SMITH"},{"data":"Defend_G","floor":71,"key":"SMITH"},{"floor":75,"key":"REST"},{"floor":87,"key":"REST"},{"floor":90,"key":"REST"}],"circlet_count":0,"master_deck":["Defend_G+1","Survivor+1","Neutralize+1","Mayhem+1","Catalyst+1","Blade Dance+1","Poisoned Stab+1","Malaise+1","Infinite Blades","Blade Dance+1","Poisoned Stab+1","Backflip+1","Infinite Blades+1","Dagger Spray+1","Noxious Fumes+1","Blade Dance+1","Catalyst+1","Noxious Fumes+1","Bouncing Flask+1","Expertise+1","Expertise+1","Quick Slash+1"],"relics":["Ring of the Snake","Ninja Scroll","Toxic Egg 2","Bottled Lightning","Anchor","Blood Vial","Kunai","FossilizedHelix","Boot","Frozen Egg 2","Shuriken","Nunchaku","Bag of Preparation","Smiling Mask","TwistedFunnel","Bottled Flame","MawBank","Molten Egg 2","Bag of Marbles","Regal Pillow","Tough Bandages","Pantograph","Orichalcum","Prayer Wheel","Golden Idol","Toy Ornithopter","Vajra","Lee\u0027s Waffle","Pen Nib","Gremlin Horn","Philosopher\u0027s Stone","Snake Skull","Centennial Puzzle","InkBottle","Oddly Smooth Stone","Lantern","SlaversCollar","Paper Crane","Pear","Mummified Hand","Ornamental Fan","Bottled Tornado","Mercury Hourglass","White Beast Statue","Thread and Needle","TungstenRod","Membership Card","Lizard Tail","Torii","Gambling Chip"],"acts_visited":["Exordium","TheCity","TheBeyond","TheEnding"],"potions_floor_usage":[23],"damage_taken":[{"damage":0,"enemies":"Gremlin Nob","floor":1,"turns":1},{"damage":0,"enemies":"Lagavulin","floor":3,"turns":1},{"damage":0,"enemies":"3 Sentries","floor":4,"turns":1},{"damage":0,"enemies":"Lagavulin","floor":5,"turns":1},{"damage":0,"enemies":"Gremlin Nob","floor":6,"turns":1},{"damage":0,"enemies":"3 Sentries","floor":7,"turns":2},{"damage":0,"enemies":"Lagavulin","floor":8,"turns":1},{"damage":0,"enemies":"Gremlin Nob","floor":9,"turns":2},{"damage":0,"enemies":"2 Louse","floor":11,"turns":1},{"damage":0,"enemies":"Cultist","floor":23,"turns":1},{"damage":0,"enemies":"Small Slimes","floor":24,"turns":1},{"damage":0,"enemies":"Small Slimes","floor":41,"turns":1},{"damage":0,"enemies":"2 Fungi Beasts","floor":46,"turns":1},{"damage":0,"enemies":"Large Slime","floor":56,"turns":1},{"damage":0,"enemies":"Hexaghost","floor":59,"turns":3},{"damage":0,"enemies":"3 Byrds","floor":61,"turns":2},{"damage":0,"enemies":"Shell Parasite","floor":64,"turns":1},{"damage":0,"enemies":"Snecko","floor":65,"turns":1},{"damage":0,"enemies":"Book of Stabbing","floor":66,"turns":2},{"damage":0,"enemies":"Slavers","floor":70,"turns":1},{"damage":0,"enemies":"Centurion and Healer","floor":72,"turns":1},{"damage":0,"enemies":"Book of Stabbing","floor":73,"turns":1},{"damage":0,"enemies":"Shelled Parasite and Fungi","floor":74,"turns":2},{"damage":0,"enemies":"Champ","floor":76,"turns":4},{"damage":0,"enemies":"Giant Head","floor":78,"turns":2},{"damage":0,"enemies":"Nemesis","floor":79,"turns":2},{"damage":0,"enemies":"Giant Head","floor":80,"turns":3},{"damage":0,"enemies":"Reptomancer","floor":83,"turns":2},{"damage":0,"enemies":"Giant Head","floor":84,"turns":1},{"damage":0,"enemies":"Nemesis","floor":85,"turns":2},{"damage":0,"enemies":"Giant Head","floor":86,"turns":2},{"damage":0,"enemies":"Time Eater","floor":88,"turns":4},{"damage":0,"enemies":"Shield and Spear","floor":92,"turns":2},{"damage":23,"enemies":"The Heart","floor":93,"turns":4}],"seed_played":"-5364922577551584058","potions_obtained":[{"floor":1,"key":"AttackPotion"},{"floor":3,"key":"GamblersBrew"},{"floor":4,"key":"LiquidMemories"},{"floor":11,"key":"Fruit Juice"},{"floor":23,"key":"SmokeBomb"},{"floor":46,"key":"Guardian:BlockOnCardUsePotion"}],"is_trial":false,"path_per_floor":["E","E","E","E","E","E","E","E","E","?","M","R","T","T","T","T","T","T","$","E","?","$","M","M","$","T","T","T","T","T","T","T","T","R","R","R","R","$","?","?","M","?","$","E","?","M","?","T","?","$","$","T","T","E","R","M","E","R","B",null,"M","?","$","M","M","E","?","?","T","E","R","M","E","M","R","B",null,"E","E","E","T","T","E","E","E","E","R","B",null,"R","$","E","B",null],"character_chosen":"THE_SILENT","items_purchased":["Poisoned Stab","TwistedFunnel","Bottled Flame","Noxious Fumes+1","Vajra","Lee\u0027s Waffle","Expertise+1","Membership Card","Lizard Tail","Torii","Quick Slash+1"],"campfire_rested":3,"item_purchase_floors":[19,19,22,49,50,50,91,91,91,91,91],"current_hp_per_floor":[49,49,49,49,49,49,51,53,55,55,57,57,57,57,57,57,57,57,57,57,57,57,64,66,66,66,66,66,66,66,66,66,66,66,66,66,66,66,59,59,61,61,61,61,61,63,45,45,45,82,82,82,82,82,82,82,82,82,82,82,82,82,82,82,82,82,82,82,82,82,82,82,82,82,82,82,82,82,92,92,92,92,92,92,92,92,92,92,92,92,92,92,69],"gold":321,"neow_bonus":"RANDOM_COLORLESS_2","is_daily":false,"chose_seed":false,"campfire_upgraded":7,"win_rate":0.0,"timestamp":1613062337,"path_taken":["E","E","E","E","E","E","E","E","E","?","?","R","T","T","T","T","T","T","$","E","?","$","M","M","$","T","T","T","T","T","T","T","T","R","R","R","R","$","?","?","?","?","?","E","?","?","?","?","?","?","$","T","?","E","R","M","E","R","BOSS","M","?","$","M","M","E","?","?","T","E","R","M","E","M","R","BOSS","E","E","E","T","T","E","E","E","E","R","BOSS","R","$","E","BOSS"],"items_purchased_type":["Card","Relic","Relic","Card","Relic","Relic","Card","Relic","Relic","Relic","Card"],"build_version":"2020-12-22","purchased_purges":8,"victory":true,"max_hp_per_floor":[70,70,70,70,70,70,70,70,70,70,70,70,70,70,70,70,70,70,70,70,70,70,75,75,75,75,75,75,75,75,75,75,75,75,75,75,75,75,75,75,75,75,75,75,75,75,75,75,75,82,82,82,82,82,82,82,82,82,82,82,82,82,82,82,82,82,82,82,82,82,82,82,82,82,82,82,82,82,92,92,92,92,92,92,92,92,92,92,92,92,92,92,92],"card_choices":[{"not_picked":["The Bomb","Secret Technique"],"picked":"Mayhem","floor":0},{"not_picked":["Underhanded Strike","Dagger Throw","Slice"],"picked":"SKIP","floor":1},{"not_picked":["Distraction+1","Predator"],"picked":"Catalyst+1","floor":3},{"not_picked":["Corpse Explosion+1","Prepared+1"],"picked":"Blade Dance+1","floor":4},{"not_picked":["Dagger Throw","Wraith Form v2"],"picked":"Poisoned Stab","floor":5},{"not_picked":["Prepared+1","Deflect+1"],"picked":"Malaise+1","floor":6},{"not_picked":["Terror+1","Crippling Poison+1"],"picked":"Infinite Blades","floor":7},{"not_picked":["Slice","Calculated Gamble+1","Bane"],"picked":"SKIP","floor":8},{"not_picked":["After Image","Tactician+1","Blur+1"],"picked":"SKIP","floor":9},{"not_picked":["Distraction+1","Outmaneuver+1"],"picked":"Blade Dance+1","floor":11},{"not_picked":["Poisoned Stab","PiercingWail+1"],"picked":"Backflip+1","floor":23},{"not_picked":["Quick Slash","Distraction+1","Flying Knee"],"picked":"SKIP","floor":24},{"not_picked":["Skewer+1","PiercingWail+1"],"picked":"Infinite Blades+1","floor":41},{"not_picked":["Predator+1","PiercingWail+1"],"picked":"Dagger Spray+1","floor":41},{"not_picked":["Unload+1","Dagger Spray+1","Bane+1"],"picked":"SKIP","floor":46},{"not_picked":["Dodge and Roll+1","Flying Knee+1","Tactician+1"],"picked":"SKIP","floor":46},{"not_picked":["Slice+1","Sucker Punch+1"],"picked":"Blade Dance+1","floor":56},{"not_picked":["Acrobatics+1","Slice+1","Dodge and Roll+1"],"picked":"SKIP","floor":56},{"not_picked":["Underhanded Strike+1","Dagger Spray+1"],"picked":"Catalyst+1","floor":61},{"not_picked":["PiercingWail+1","Underhanded Strike+1","Acrobatics+1"],"picked":"SKIP","floor":61},{"not_picked":["Bane+1","PiercingWail+1","Flying Knee+1"],"picked":"SKIP","floor":64},{"not_picked":["Venomology+1","Endless Agony+1","Deflect+1"],"picked":"SKIP","floor":64},{"not_picked":["Well Laid Plans+1","Deadly Poison+1"],"picked":"Noxious Fumes+1","floor":65},{"not_picked":["Heel Hook+1","Underhanded Strike+1","Dash+1"],"picked":"SKIP","floor":65},{"not_picked":["Flying Knee+1","Tactician+1","Choke+1"],"picked":"SKIP","floor":66},{"not_picked":["Blur+1","Eviscerate+1","Flechettes+1"],"picked":"SKIP","floor":70},{"not_picked":["Masterful Stab+1","Dash+1","Dagger Spray+1"],"picked":"SKIP","floor":72},{"not_picked":["Well Laid Plans+1","Dodge and Roll+1","Distraction+1"],"picked":"SKIP","floor":72},{"not_picked":["Slice+1","Blade Dance+1","Blur+1"],"picked":"SKIP","floor":73},{"not_picked":["Blade Dance+1","Flying Knee+1","Dodge and Roll+1"],"picked":"SKIP","floor":74},{"not_picked":["PiercingWail+1","Tactician+1","Sucker Punch+1"],"picked":"SKIP","floor":74},{"not_picked":["Slice+1","Well Laid Plans+1","Wraith Form v2+1"],"picked":"SKIP","floor":78},{"not_picked":["Bane+1","Choke+1"],"picked":"Bouncing Flask+1","floor":79},{"not_picked":["Infinite Blades+1","Dash+1"],"picked":"Expertise+1","floor":80},{"not_picked":["Backstab+1","Leg Sweep+1","Escape Plan+1"],"picked":"SKIP","floor":83},{"not_picked":["Deflect+1","Flying Knee+1","Deadly Poison+1"],"picked":"SKIP","floor":84},{"not_picked":["Backstab+1","Malaise+1","Calculated Gamble+1"],"picked":"SKIP","floor":85},{"not_picked":["Crippling Poison+1","Riddle With Holes+1","Caltrops+1"],"picked":"SKIP","floor":86},{"not_picked":["Deadly Poison+1","Underhanded Strike+1","Dagger Spray+1"],"picked":"SKIP","floor":92}],"player_experience":65534,"relics_obtained":[{"floor":1,"key":"Ninja Scroll"},{"floor":3,"key":"Toxic Egg 2"},{"floor":4,"key":"Bottled Lightning"},{"floor":5,"key":"Anchor"},{"floor":6,"key":"Blood Vial"},{"floor":7,"key":"Kunai"},{"floor":8,"key":"FossilizedHelix"},{"floor":9,"key":"Boot"},{"floor":13,"key":"Frozen Egg 2"},{"floor":14,"key":"Shuriken"},{"floor":15,"key":"Nunchaku"},{"floor":17,"key":"Bag of Preparation"},{"floor":18,"key":"Smiling Mask"},{"floor":26,"key":"MawBank"},{"floor":27,"key":"Molten Egg 2"},{"floor":28,"key":"Bag of Marbles"},{"floor":29,"key":"Regal Pillow"},{"floor":30,"key":"Tough Bandages"},{"floor":31,"key":"Pantograph"},{"floor":32,"key":"Orichalcum"},{"floor":33,"key":"Prayer Wheel"},{"floor":48,"key":"Toy Ornithopter"},{"floor":52,"key":"Pen Nib"},{"floor":53,"key":"Gremlin Horn"},{"floor":66,"key":"Snake Skull"},{"floor":69,"key":"InkBottle"},{"floor":70,"key":"Oddly Smooth Stone"},{"floor":73,"key":"Lantern"},{"floor":78,"key":"Paper Crane"},{"floor":79,"key":"Pear"},{"floor":80,"key":"Mummified Hand"},{"floor":81,"key":"Ornamental Fan"},{"floor":82,"key":"Bottled Tornado"},{"floor":83,"key":"Mercury Hourglass"},{"floor":84,"key":"White Beast Statue"},{"floor":85,"key":"Thread and Needle"},{"floor":86,"key":"TungstenRod"},{"floor":92,"key":"Gambling Chip"}],"event_choices":[{"cards_removed":["Strike_G"],"damage_healed":0,"gold_gain":0,"player_choice":"Purged","damage_taken":0,"max_hp_gain":0,"max_hp_loss":0,"event_name":"Purifier","floor":10,"gold_loss":0},{"damage_healed":0,"gold_gain":175,"player_choice":"AGREE","damage_taken":0,"max_hp_gain":0,"max_hp_loss":0,"event_name":"Liars Game","floor":21,"gold_loss":0,"cards_obtained":["Doubt"]},{"cards_removed":["Strike_G"],"damage_healed":0,"gold_gain":0,"player_choice":"Card Removal","damage_taken":7,"max_hp_gain":0,"max_hp_loss":0,"event_name":"Golden Wing","floor":39,"gold_loss":0},{"damage_healed":0,"gold_gain":0,"player_choice":"Got Potions","damage_taken":0,"max_hp_gain":0,"max_hp_loss":0,"event_name":"Lab","floor":40,"gold_loss":0},{"damage_healed":0,"gold_gain":0,"player_choice":"Forge","damage_taken":0,"max_hp_gain":0,"max_hp_loss":0,"event_name":"Accursed Blacksmith","floor":45,"gold_loss":0,"cards_upgraded":["Mayhem"]},{"damage_healed":0,"gold_gain":0,"player_choice":"Take Damage","damage_taken":18,"relics_obtained":["Golden Idol"],"max_hp_gain":0,"max_hp_loss":0,"event_name":"Golden Idol","floor":47,"gold_loss":0},{"damage_healed":0,"gold_gain":0,"player_choice":"Ignored","damage_taken":0,"max_hp_gain":0,"max_hp_loss":0,"event_name":"Vampires","floor":67,"gold_loss":0},{"damage_healed":0,"gold_gain":0,"player_choice":"Obtained Relic","damage_taken":0,"relics_obtained":["Centennial Puzzle"],"max_hp_gain":0,"max_hp_loss":0,"event_name":"Addict","floor":68,"gold_loss":85}],"is_beta":false,"boss_relics":[{"not_picked":["Ectoplasm","Snecko Eye"],"picked":"Philosopher\u0027s Stone"},{"not_picked":["Astrolabe","bronze:MakeshiftBattery"],"picked":"SlaversCollar"}],"items_purged_floors":[19,22,25,49,50,51,63,91],"is_endless":false,"potions_floor_spawned":[1,3,4,5,6,7,8,9,11,23,24,41,46,61,65,70,74,78,79,80,83,84,85,86,92],"ascension_level":1}}