{"host":"oigynbtg272c19pw","time":1613053468,"event":{"mods":["BaseMod","Colored Map","Minty Spire (QoL Compilation)","Relic Stats","Slay the Relics Exporter","StSLib"],"gold_per_floor":[113,113,38,38,52,78,78,113,113,138,138,38,3,38,38,111,111,123,69,89,106,21,46,46,77,125,125,125,225,225,225],"floor_reached":30,"playtime":1181,"items_purged":["Regret","Strike_P"],"score":710,"play_id":"3277ade1-f5f1-403a-8ffe-07de584b6629","local_time":"20210211152428","is_ascension_mode":true,"campfire_choices":[{"data":"TalkToTheHand","floor":11.0,"key":"SMITH"},{"data":"SignatureMove","floor":15.0,"key":"SMITH"},{"floor":24.0,"key":"REST"},{"floor":27.0,"key":"REST"}],"circlet_count":0,"master_deck":["AscendersBane","Strike_P","Strike_P","Defend_P","Defend_P","Defend_P","Defend_P","Eruption","Vigilance","TalkToTheHand+1","SignatureMove+1","Wallop","JustLucky","WreathOfFlame","LikeWater","DeusExMachina","FlurryOfBlows","FlurryOfBlows","FearNoEvil","Tantrum","Consecrate","Pain","LikeWater+1"],"relics":["PureWater","NeowsBlessing","Yang","CaptainsWheel","Damaru","Gremlin Horn","Shuriken","Odd Mushroom","Sundial","Cursed Key","PreservedInsect","Tiny Chest","Ginger","Lantern","WingedGreaves","Mercury Hourglass"],"acts_visited":["Exordium","TheCity"],"potions_floor_usage":[],"damage_taken":[{"damage":0.0,"enemies":"2 Louse","floor":1.0,"turns":1.0},{"damage":0.0,"enemies":"Small Slimes","floor":5.0,"turns":1.0},{"damage":0.0,"enemies":"3 Sentries","floor":6.0,"turns":1.0},{"damage":23.0,"enemies":"Gremlin Nob","floor":8.0,"turns":5.0},{"damage":3.0,"enemies":"The Mushroom Lair","floor":10.0,"turns":5.0},{"damage":2.0,"enemies":"3 Sentries","floor":14.0,"turns":6.0},{"damage":0.0,"enemies":"Slime Boss","floor":16.0,"turns":4.0},{"damage":10.0,"enemies":"2 Thieves","floor":18.0,"turns":4.0},{"damage":0.0,"enemies":"Chosen","floor":20.0,"turns":2.0},{"damage":23.0,"enemies":"3 Cultists","floor":21.0,"turns":7.0},{"damage":12.0,"enemies":"Slavers","floor":23.0,"turns":3.0},{"damage":21.0,"enemies":"Book of Stabbing","floor":25.0,"turns":5.0},{"damage":7.0,"enemies":"Colosseum Slavers","floor":29.0,"turns":3.0},{"damage":4.0,"enemies":"Colosseum Nobs","floor":29.0,"turns":2.0},{"damage":29,"enemies":"Slavers","floor":30,"turns":1}],"seed_played":"2756912229525067564","potions_obtained":[{"floor":8.0,"key":"Block Potion"},{"floor":10.0,"key":"AttackPotion"},{"floor":16.0,"key":"Explosive Potion"},{"floor":18.0,"key":"LiquidMemories"},{"floor":20.0,"key":"Fire Potion"},{"floor":25.0,"key":"BottledMiracle"}],"is_trial":false,"path_per_floor":["M","?","$","?","M","E","T","E","T","?","R","$","?","E","R","B",null,"M","$","M","M","?","E","R","E","T","R","?","?","E"],"character_chosen":"WATCHER","items_purchased":["FlurryOfBlows"],"campfire_rested":2,"item_purchase_floors":[19],"current_hp_per_floor":[61,61,61,61,61,61,61,38,38,35,35,35,52,50,50,50,64,54,54,54,31,31,19,39,18,18,38,38,27,0,0],"gold":225,"neow_bonus":"THREE_ENEMY_KILL","is_daily":false,"chose_seed":false,"campfire_upgraded":2,"win_rate":0.0,"timestamp":1613053468,"path_taken":["M","?","$","?","M","E","?","E","T","?","R","$","?","E","R","BOSS","M","$","M","M","?","E","R","E","T","R","?","?","E"],"items_purchased_type":["Card"],"build_version":"2020-12-13","purchased_purges":2,"victory":false,"max_hp_per_floor":[68,68,68,68,68,68,68,68,68,68,68,68,68,68,68,68,68,68,68,68,68,68,68,68,68,68,68,68,68,68,68],"relic_stats":{"Gremlin Horn":[13,13],"counters":[15,50],"Shuriken":[21],"Sundial":[2],"Yang":[130],"Tiny Chest":0,"PreservedInsect":162,"Ginger":[2],"Cursed Key":1,"obtain_stats":[{"Lantern":26,"NeowsBlessing":0,"Gremlin Horn":8,"Damaru":7,"Yang":2,"PreservedInsect":22,"Ginger":25,"Odd Mushroom":10,"Cursed Key":17,"Mercury Hourglass":29,"CaptainsWheel":6,"Shuriken":9,"Sundial":14,"Tiny Chest":23,"WingedGreaves":29,"PureWater":0},{"Lantern":12,"NeowsBlessing":0,"Gremlin Horn":4,"Damaru":3,"Yang":1,"PreservedInsect":10,"Ginger":12,"Odd Mushroom":5,"Cursed Key":7,"Mercury Hourglass":14,"CaptainsWheel":3,"Shuriken":4,"Sundial":6,"Tiny Chest":11,"WingedGreaves":14,"PureWater":0},{"Lantern":44,"NeowsBlessing":0,"Gremlin Horn":8,"Damaru":3,"Yang":1,"PreservedInsect":36,"Ginger":44,"Odd Mushroom":13,"Cursed Key":23,"Mercury Hourglass":49,"CaptainsWheel":3,"Shuriken":8,"Sundial":19,"Tiny Chest":39,"WingedGreaves":49,"PureWater":0}],"Mercury Hourglass":[9]},"card_choices":[{"not_picked":["Evaluate","Nirvana","SashWhip"],"picked":"SKIP","floor":1.0},{"not_picked":["DeceiveReality","WaveOfTheHand"],"picked":"SignatureMove","floor":5.0},{"not_picked":["EmptyMind","JustLucky"],"picked":"Wallop","floor":6.0},{"not_picked":["ForeignInfluence","Ragnarok"],"picked":"JustLucky","floor":8.0},{"not_picked":["SandsOfTime","SashWhip"],"picked":"WreathOfFlame","floor":10.0},{"not_picked":["CrushJoints","FollowUp"],"picked":"LikeWater","floor":14.0},{"not_picked":["Judgement","Blasphemy"],"picked":"DeusExMachina","floor":16.0},{"not_picked":["WindmillStrike","BowlingBash"],"picked":"FlurryOfBlows","floor":18.0},{"not_picked":["Protect","CutThroughFate","Halt"],"picked":"SKIP","floor":20.0},{"not_picked":["PathToVictory","Protect"],"picked":"FearNoEvil","floor":21.0},{"not_picked":["EmptyFist","ForeignInfluence+1"],"picked":"Tantrum","floor":23.0},{"not_picked":["Prostrate+1","DeusExMachina"],"picked":"Consecrate","floor":25.0},{"not_picked":["Evaluate+1","Halt"],"picked":"LikeWater+1","floor":29.0}],"player_experience":1581697,"relics_obtained":[{"floor":6.0,"key":"CaptainsWheel"},{"floor":7.0,"key":"Damaru"},{"floor":8.0,"key":"Gremlin Horn"},{"floor":9.0,"key":"Shuriken"},{"floor":10.0,"key":"Odd Mushroom"},{"floor":14.0,"key":"Sundial"},{"floor":23.0,"key":"Tiny Chest"},{"floor":25.0,"key":"Ginger"},{"floor":26.0,"key":"Lantern"},{"floor":29.0,"key":"WingedGreaves"},{"floor":29.0,"key":"Mercury Hourglass"}],"event_choices":[{"damage_healed":0.0,"max_hp_gain":0.0,"max_hp_loss":0.0,"gold_gain":0.0,"event_name":"Big Fish","player_choice":"Box","floor":2.0,"gold_loss":0.0,"damage_taken":0.0,"relics_obtained":["Yang"],"cards_obtained":["Regret"]},{"damage_healed":0.0,"max_hp_gain":0.0,"max_hp_loss":0.0,"gold_gain":0.0,"cards_transformed":["Strike_P"],"event_name":"Living Wall","player_choice":"Change","floor":4.0,"gold_loss":0.0,"damage_taken":0.0,"cards_obtained":["TalkToTheHand"]},{"damage_healed":0.0,"max_hp_gain":0.0,"max_hp_loss":0.0,"gold_gain":0.0,"event_name":"Mushrooms","player_choice":"Fought Mushrooms","floor":10.0,"gold_loss":0.0,"damage_taken":0.0},{"damage_healed":17.0,"max_hp_gain":0.0,"max_hp_loss":0.0,"gold_gain":0.0,"event_name":"The Cleric","player_choice":"Healed","floor":13.0,"gold_loss":35.0,"damage_taken":0.0},{"damage_healed":0.0,"max_hp_gain":0.0,"max_hp_loss":0.0,"gold_gain":0.0,"event_name":"Addict","player_choice":"Obtained Relic","floor":22.0,"gold_loss":85.0,"damage_taken":0.0,"relics_obtained":["PreservedInsect"]},{"damage_healed":0.0,"max_hp_gain":0.0,"max_hp_loss":0.0,"gold_gain":0.0,"event_name":"Vampires","player_choice":"Ignored","floor":28.0,"gold_loss":0.0,"damage_taken":0.0},{"damage_healed":0.0,"max_hp_gain":0.0,"max_hp_loss":0.0,"gold_gain":0.0,"event_name":"Colosseum","player_choice":"Fight","floor":29.0,"gold_loss":0.0,"damage_taken":0.0},{"damage_healed":0.0,"max_hp_gain":0.0,"max_hp_loss":0.0,"gold_gain":0.0,"event_name":"Colosseum","player_choice":"Fought Nobs","floor":29.0,"gold_loss":0.0,"damage_taken":0.0}],"is_beta":false,"boss_relics":[{"not_picked":["HolyWater","Tiny House"],"picked":"Cursed Key"}],"items_purged_floors":[3,12],"is_endless":false,"potions_floor_spawned":[8,10,16,18,20,25],"killed_by":"Slavers","ascension_level":20}}