{"host":"x1d9cj1vze2ie4yu","time":1613029562,"event":{"mods":["Act Like it!","BaseMod","Better Vampires","Conspire","Minty Spire (QoL Compilation)","Pale of the Ancients","Permanent Neow","Relic Stats","Reliquary","Replay The Spire","Spicy Shops","StSLib","[IsaacMod]以撒尖塔","【功能Mod】聪明的最终Boss"],"gold_per_floor":[112,130,205,231,245,279,279,304,304,304,304,304,236,267,267,372,372,392,408,408,422,432,432,41,70,119,119,119],"floor_reached":27,"language":"ZHS","playtime":770,"items_purged":["Decay","conspire:HitWhereItHurts"],"score":372,"play_id":"14bdaf80-9ede-405f-aaf1-e43a736bd2dc","local_time":"20210211154602","is_ascension_mode":true,"campfire_choices":[{"data":"EpicFetus","floor":7.0,"key":"SMITH"},{"data":"Clash","floor":12.0,"key":"SMITH"},{"floor":15.0,"key":"REST"},{"data":"ReplayTheSpireMod:Limb From Limb","floor":23.0,"key":"SMITH"}],"circlet_count":0,"master_deck":["conspire:GhostlyStrike","conspire:GhostlyStrike","conspire:GhostlyStrike","conspire:GhostlyStrike","conspire:GhostlyStrike","conspire:GhostlyDefend","conspire:GhostlyDefend","Bash","EpicFetus+1","Clash+1","Clumsy","ReplayTheSpireMod:Limb From Limb+1","Searing Blow","Metamorphosis"],"relics":["Burning Blood","HushsDoor","UnicornStump","Bronze Scales","Durian","ReplayTheSpireMod:CursedCoin","reliquary:RoseTintedGlasses","Oddly Smooth Stone","SacredBark","reliquary:PorcupineQuills","Potion Belt"],"acts_visited":["Exordium","TheCity"],"potions_floor_usage":[27],"damage_taken":[{"damage":1.0,"enemies":"Cultist","floor":1.0,"turns":3.0},{"damage":14.0,"enemies":"2 Louse","floor":2.0,"turns":3.0},{"damage":18.0,"enemies":"Small Slimes","floor":5.0,"turns":2.0},{"damage":10.0,"enemies":"Lagavulin","floor":6.0,"turns":5.0},{"damage":8.0,"enemies":"Gremlin Nob","floor":8.0,"turns":3.0},{"damage":18.0,"enemies":"conspire:MimicChest","floor":14.0,"turns":4.0},{"damage":16.0,"enemies":"Hexaghost","floor":16.0,"turns":6.0},{"damage":15.0,"enemies":"conspire:FuzzyDice","floor":18.0,"turns":4.0},{"damage":6.0,"enemies":"Chosen","floor":19.0,"turns":3.0},{"damage":36.0,"enemies":"Centurion and Healer","floor":21.0,"turns":5.0},{"damage":0.0,"enemies":"Snake Plant","floor":22.0,"turns":4.0},{"damage":25.0,"enemies":"conspire:SneckoGhost","floor":25.0,"turns":3.0},{"damage":19,"enemies":"Replay:Snechameleon","floor":27,"turns":3}],"seed_played":"-1960451687244276117","potions_obtained":[{"floor":5.0,"key":"FearPotion"},{"floor":14.0,"key":"EssenceOfSteel"},{"floor":18.0,"key":"Dexterity Potion"},{"floor":22.0,"key":"AttackPotion"},{"floor":25.0,"key":"EssenceOfSteel"}],"is_trial":false,"path_per_floor":["M","M","?","T","M","E","R","E","T","?","?","R","$","?","R","B",null,"M","M","?","M","M","R","$","E","T","E"],"character_chosen":"IRONCLAD","items_purchased":["ReplayTheSpireMod:CursedCoin","reliquary:RoseTintedGlasses","ReplayTheSpireMod:Limb From Limb","Metamorphosis"],"campfire_rested":1,"item_purchase_floors":[13,13,13,24],"current_hp_per_floor":[56,48,37,37,25,26,26,24,24,24,24,24,24,12,37,27,71,62,62,62,32,38,38,38,19,19,0,0],"gold":119,"neow_bonus":"REMOVE_TWO","is_daily":false,"chose_seed":false,"campfire_upgraded":3,"win_rate":0.0,"timestamp":1613029562,"path_taken":["M","?","?","?","M","E","R","E","T","?","?","R","$","?","R","BOSS","M","?","?","M","M","R","?","E","T","E"],"items_purchased_type":["Relic","Relic","Card","Card"],"build_version":"2020-12-22","purchased_purges":2,"victory":false,"max_hp_per_floor":[80,80,80,80,80,85,85,85,85,85,85,85,85,85,85,85,85,85,85,85,85,85,85,85,85,85,85,85],"relic_stats":{"counters":[13,48],"Bronze Scales":[119],"obtain_stats":[{"KeepersGift":0,"Potion Belt":26,"UnicornStump":0,"reliquary:PorcupineQuills":25,"ReplayTheSpireMod:CursedCoin":13,"Bronze Scales":4,"SacredBark":17,"Oddly Smooth Stone":14,"reliquary:RoseTintedGlasses":13,"Durian":6,"HushsDoor":0,"Burning Blood":0},{"KeepersGift":0,"Potion Belt":12,"UnicornStump":0,"reliquary:PorcupineQuills":12,"ReplayTheSpireMod:CursedCoin":5,"Bronze Scales":2,"SacredBark":7,"Oddly Smooth Stone":6,"reliquary:RoseTintedGlasses":5,"Durian":4,"HushsDoor":0,"Burning Blood":0},{"KeepersGift":0,"Potion Belt":45,"UnicornStump":0,"reliquary:PorcupineQuills":45,"ReplayTheSpireMod:CursedCoin":16,"Bronze Scales":6,"SacredBark":26,"Oddly Smooth Stone":20,"reliquary:RoseTintedGlasses":16,"Durian":13,"HushsDoor":0,"Burning Blood":0}],"Burning Blood":72},"card_choices":[{"not_picked":[],"picked":"EpicFetus","floor":0.0},{"not_picked":["Run Through","Dropkick","Wild Strike"],"picked":"SKIP","floor":1.0},{"not_picked":["ReplayTheSpireMod:Strike From Hell","Sword Boomerang"],"picked":"Clash","floor":2.0},{"not_picked":["Reckless Charge","ReplayReversal","Power Through"],"picked":"SKIP","floor":5.0},{"not_picked":["Metallicize","Run Through","Havoc"],"picked":"SKIP","floor":6.0},{"not_picked":["Rampage","conspire:HitWhereItHurts","True Grit"],"picked":"SKIP","floor":8.0},{"not_picked":["Fiend Fire","Limit Break"],"picked":"conspire:HitWhereItHurts","floor":16.0},{"not_picked":["Havoc","Anger","Metallicize+1"],"picked":"SKIP","floor":18.0},{"not_picked":["Sword Boomerang","Iron Wave","Searing Blow"],"picked":"SKIP","floor":19.0},{"not_picked":["Sword Boomerang","Iron Wave"],"picked":"Searing Blow","floor":19.0},{"not_picked":["Twin Strike","Burning Pact","Disarm+1"],"picked":"SKIP","floor":21.0},{"not_picked":["Evolve","Pummel","Sword Boomerang+1"],"picked":"SKIP","floor":22.0},{"not_picked":["Iron Wave+1","Dark Embrace","Massacre"],"picked":"SKIP","floor":25.0}],"player_experience":77627,"relics_obtained":[{"floor":4.0,"key":"Bronze Scales"},{"floor":6.0,"key":"Durian"},{"floor":14.0,"key":"Oddly Smooth Stone"},{"floor":25.0,"key":"reliquary:PorcupineQuills"},{"floor":26.0,"key":"Potion Belt"}],"event_choices":[{"damage_healed":0.0,"max_hp_gain":0.0,"max_hp_loss":0.0,"gold_gain":75.0,"event_name":"World of Goop","player_choice":"Gather Gold","floor":3.0,"gold_loss":0.0,"damage_taken":11.0},{"damage_healed":0.0,"max_hp_gain":0.0,"max_hp_loss":0.0,"gold_gain":0.0,"event_name":"conspire:LoneGhost","player_choice":"Agree","floor":10.0,"gold_loss":0.0,"damage_taken":0.0},{"damage_healed":0.0,"max_hp_gain":0.0,"max_hp_loss":0.0,"gold_gain":0.0,"event_name":"Ghosts","player_choice":"Ignored","floor":20.0,"gold_loss":0.0,"damage_taken":0.0}],"is_beta":false,"boss_relics":[{"not_picked":["Pandora\u0027s Box","Replay:Wanted Poster"],"picked":"SacredBark"},{"not_picked":[]}],"items_purged_floors":[13,24],"is_endless":false,"potions_floor_spawned":[5,14,18,22,25],"killed_by":"Replay:Snechameleon","ascension_level":9}}