{"host":"rq7gz685gkaokql0","time":1613015591,"event":{"mods":["BaseMod","Hubris","Infinite Spire","Minty Spire (QoL Compilation)","Replay The Spire","StSLib"],"gold_per_floor":[111,111,34,34,50,81,6,6,6,17,35,64,64,81,81,159,159,115,131,131,145,145,145,180,180,180,180,214,247,271,271,271,287,287],"floor_reached":33,"language":"ENG","playtime":952,"items_purged":["Regret"],"score":640,"play_id":"d1511a7c-9459-487f-a464-5d7e5bf101ea","local_time":"20210210175311","is_ascension_mode":true,"campfire_choices":[{"floor":13.0,"key":"REST"},{"data":"White Noise","floor":15.0,"key":"SMITH"},{"floor":23.0,"key":"REST"},{"floor":25.0,"key":"REST"},{"data":"Sunder","floor":27.0,"key":"SMITH"},{"data":"Replay:Fractal Strike","floor":32.0,"key":"SMITH"}],"circlet_count":0,"master_deck":["AscendersBane","Strike_B","Strike_B","Strike_B+1","Strike_B","Defend_B","Defend_B","Defend_B","Defend_B","Zap","Dualcast","Ball Lightning","Ball Lightning","Lockon+1","Cold Snap","hubris:PowerSurge","Streamline","White Noise+1","ReplaySolidLightProjector","Stack","Ball Lightning+1","Leap","Redo+1","Rip and Tear","Rebound+1","Sunder+1","Sweeping Beam","Melter","ReplayRNGCard","Leap+1","Static Discharge+1","Go for the Eyes","Replay:Fractal Strike+1","hubris:Rewind"],"relics":["Cracked Core","NeowsBlessing","Vajra","Whetstone","HornCleat","Meat on the Bone","hubris:HollowSoul","Prayer Wheel","Frozen Egg 2","CultistMask","Eternal Feather","Darkstone Periapt","Replay:Bandana","Replay:Ringing Soul"],"acts_visited":["Exordium","TheCity"],"potions_floor_usage":[33,33],"damage_taken":[{"damage":0.0,"enemies":"Jaw Worm","floor":1.0,"turns":1.0},{"damage":0.0,"enemies":"2 Louse","floor":5.0,"turns":1.0},{"damage":0.0,"enemies":"Gremlin Nob","floor":6.0,"turns":1.0},{"damage":0.0,"enemies":"Cultist","floor":10.0,"turns":3.0},{"damage":5.0,"enemies":"Gremlin Gang","floor":11.0,"turns":2.0},{"damage":26.0,"enemies":"Lagavulin","floor":12.0,"turns":4.0},{"damage":12.0,"enemies":"Exordium Thugs","floor":14.0,"turns":4.0},{"damage":20.0,"enemies":"The Guardian","floor":16.0,"turns":8.0},{"damage":40.0,"enemies":"2 Thieves","floor":18.0,"turns":5.0},{"damage":17.0,"enemies":"Shell Parasite","floor":19.0,"turns":3.0},{"damage":18.0,"enemies":"Snecko","floor":21.0,"turns":4.0},{"damage":33.0,"enemies":"Gremlin Leader","floor":24.0,"turns":6.0},{"damage":21.0,"enemies":"Replay:Snechameleon","floor":28.0,"turns":4.0},{"damage":8.0,"enemies":"Centurion and Healer","floor":29.0,"turns":4.0},{"damage":19.0,"enemies":"Snake Plant","floor":30.0,"turns":3.0},{"damage":23,"enemies":"Champ","floor":33,"turns":9}],"seed_played":"1424699118482796792","potions_obtained":[{"floor":10.0,"key":"Strength Potion"},{"floor":11.0,"key":"FocusPotion"},{"floor":12.0,"key":"FocusPotion"},{"floor":16.0,"key":"EssenceOfSteel"},{"floor":24.0,"key":"Swift Potion"},{"floor":29.0,"key":"Strength Potion"},{"floor":30.0,"key":"SteroidPotion"}],"is_trial":false,"path_per_floor":["M","?","$","?","M","E","$","?","T","M","M","E","R","M","R","B",null,"M","M","T","M","?","R","E","R","T","R","E","M","M","AVR","R","B"],"character_chosen":"DEFECT","items_purchased":["Lockon"],"campfire_rested":3,"item_purchase_floors":[3],"current_hp_per_floor":[64,64,64,64,64,64,64,64,64,64,59,33,54,42,42,34,62,34,29,29,23,23,44,23,59,59,71,50,42,35,38,56,33,33],"gold":287,"neow_bonus":"THREE_ENEMY_KILL","is_daily":false,"chose_seed":false,"campfire_upgraded":3,"win_rate":0.0,"timestamp":1613015591,"path_taken":["M","?","$","?","M","E","$","?","T","M","M","E","R","?","R","BOSS","M","?","?","?","?","R","E","R","T","R","E","?","M","AVR","R","BOSS"],"items_purchased_type":["Card"],"build_version":"2020-12-22","purchased_purges":1,"victory":false,"max_hp_per_floor":[71,71,71,71,71,71,71,71,71,71,71,71,71,71,71,71,71,71,71,71,71,71,71,71,71,71,71,71,71,71,74,74,74,74],"card_choices":[{"not_picked":["Redo","Turbo"],"picked":"Ball Lightning","floor":1.0},{"not_picked":["Ball Lightning","ReplayTheSpireMod:Calculation Training"],"picked":"Cold Snap","floor":5.0},{"not_picked":["Ball Lightning","Chaos"],"picked":"hubris:PowerSurge","floor":6.0},{"not_picked":["Go for the Eyes","Reprogram"],"picked":"Streamline","floor":10.0},{"not_picked":["Stack","FTL"],"picked":"White Noise","floor":11.0},{"not_picked":["Coolheaded","ReplayTheSpireMod:Repulse"],"picked":"ReplaySolidLightProjector","floor":12.0},{"not_picked":["Time Bomb","Gash"],"picked":"Stack","floor":14.0},{"not_picked":["Biased Cognition","hubris:DoWhile"],"picked":"ReplayTheSpireMod:Fabricate Wheel","floor":16.0},{"not_picked":["Reprogram","Hologram"],"picked":"Ball Lightning+1","floor":18.0},{"not_picked":["Beam Cell","Go for the Eyes"],"picked":"Leap","floor":18.0},{"not_picked":["Turbo","Coolheaded"],"picked":"Redo+1","floor":19.0},{"not_picked":["Turbo","Reprogram"],"picked":"Rip and Tear","floor":19.0},{"not_picked":["Stack","Gash"],"picked":"Rebound+1","floor":21.0},{"not_picked":["Turbo","ReplayTheSpireMod:Calculation Training"],"picked":"Sunder","floor":21.0},{"not_picked":["Ball Lightning","Scrape"],"picked":"Sweeping Beam","floor":24.0},{"not_picked":["Sweeping Beam","Barrage"],"picked":"Melter","floor":28.0},{"not_picked":["Turbo","Sweeping Beam"],"picked":"ReplayRNGCard","floor":29.0},{"not_picked":["ReplayTheSpireMod:Calculation Training","BasicCrystalCard"],"picked":"Leap+1","floor":29.0},{"not_picked":["ReplayTheSpireMod:System Scan","Recycle"],"picked":"Static Discharge+1","floor":30.0},{"not_picked":["Redo","Chaos"],"picked":"Go for the Eyes","floor":30.0}],"player_experience":1276458,"relics_obtained":[{"floor":6.0,"key":"Whetstone"},{"floor":9.0,"key":"HornCleat"},{"floor":12.0,"key":"Meat on the Bone"},{"floor":20.0,"key":"Frozen Egg 2"},{"floor":24.0,"key":"Eternal Feather"},{"floor":26.0,"key":"Darkstone Periapt"},{"floor":28.0,"key":"Replay:Bandana"}],"event_choices":[{"damage_healed":0.0,"max_hp_gain":0.0,"max_hp_loss":0.0,"gold_gain":0.0,"event_name":"Big Fish","player_choice":"Box","floor":4.0,"gold_loss":0.0,"damage_taken":0.0,"relics_obtained":["Vajra"],"cards_obtained":["Regret"]},{"damage_healed":0.0,"max_hp_gain":0.0,"max_hp_loss":0.0,"gold_gain":0.0,"event_name":"Purifier","player_choice":"Ignored","floor":8.0,"gold_loss":0.0,"damage_taken":0.0},{"damage_healed":0.0,"max_hp_gain":0.0,"max_hp_loss":0.0,"gold_gain":0.0,"event_name":"FaceTrader","player_choice":"Trade","floor":22.0,"gold_loss":0.0,"damage_taken":0.0,"relics_obtained":["CultistMask"]}],"is_beta":false,"boss_relics":[{"not_picked":["Runic Pyramid","Fusion Hammer"],"picked":"hubris:HollowSoul"}],"items_purged_floors":[7],"is_endless":false,"potions_floor_spawned":[10,11,12,16,24,29,30],"killed_by":"Champ","ascension_level":20}}