{"host":"vt6dr1xq3iy14a3e","time":1613049997,"event":{"mods":["AchievementEnabler","BaseMod","Colored Map","DeckTracker","Minty Spire (QoL Compilation)","Replay The Spire","StSLib","SuperFastMode"],"gold_per_floor":[115,40,51,51,201,242,242,242,242,101,114,134,158,196,196,196,196],"floor_reached":16,"language":"KOR","playtime":768,"items_purged":["Strike_R","Doubt"],"score":270,"play_id":"1d2d974b-5c21-4b50-90cd-93147d2a9939","local_time":"20210211222637","is_ascension_mode":true,"campfire_choices":[{"data":"Pommel Strike","floor":7,"key":"SMITH"},{"data":"Body Slam","floor":15,"key":"SMITH"}],"circlet_count":0,"master_deck":["AscendersBane","Strike_R","Strike_R","Strike_R","Strike_R","Defend_R","Defend_R","Defend_R","Defend_R","Bash","Pommel Strike+1","Pummel","Bloodletting","Power Through","Body Slam+1","Disarm","Reckless Charge"],"relics":["Burning Blood","NeowsBlessing","Golden Idol","Ornamental Fan","White Beast Statue","MealTicket"],"acts_visited":["Exordium"],"potions_floor_usage":[14,16,16],"damage_taken":[{"damage":0,"enemies":"Cultist","floor":1,"turns":1},{"damage":0,"enemies":"2 Louse","floor":3,"turns":1},{"damage":0,"enemies":"Lagavulin","floor":6,"turns":1},{"damage":1,"enemies":"Small Slimes","floor":11,"turns":4},{"damage":9,"enemies":"3 Louse","floor":12,"turns":5},{"damage":0,"enemies":"Exordium Wildlife","floor":13,"turns":4},{"damage":10,"enemies":"Gremlin Nob","floor":14,"turns":3},{"damage":79,"enemies":"Fading Forest","floor":16,"turns":10}],"seed_played":"-3254522707901339095","potions_obtained":[{"floor":11,"key":"Fire Potion"},{"floor":12,"key":"Elixir"},{"floor":14,"key":"AttackPotion"}],"is_trial":false,"path_per_floor":["M","$","M","?","?","E","R","?","T","$","M","M","M","E","R","B"],"character_chosen":"IRONCLAD","items_purchased":["Power Through"],"campfire_rested":0,"item_purchase_floors":[10],"current_hp_per_floor":[74,74,75,49,49,55,55,60,60,60,65,62,68,64,64,0,0],"gold":196,"neow_bonus":"THREE_ENEMY_KILL","is_daily":false,"chose_seed":false,"campfire_upgraded":2,"win_rate":0.0,"timestamp":1613049997,"path_taken":["M","?","M","?","?","E","R","?","T","$","M","?","M","E","R","BOSS"],"items_purchased_type":["Card"],"build_version":"2020-12-22","purchased_purges":2,"victory":false,"max_hp_per_floor":[75,75,75,75,75,75,75,80,80,80,80,80,80,80,80,80,80],"card_choices":[{"not_picked":["Shrug It Off","Headbutt"],"picked":"Pommel Strike","floor":1},{"not_picked":["Flex","Spot Weakness"],"picked":"Pummel","floor":3},{"not_picked":["Clothesline","Dropkick"],"picked":"Bloodletting","floor":6},{"not_picked":["ReplayTheSpireMod:LeadingStrike","Pommel Strike"],"picked":"Body Slam","floor":11},{"not_picked":["Metallicize","Blood for Blood"],"picked":"Disarm","floor":12},{"not_picked":["True Grit","Headbutt"],"picked":"Reckless Charge","floor":13},{"not_picked":["Body Slam","Sever Soul","Cleave"],"picked":"SKIP","floor":14}],"player_experience":1054997,"relics_obtained":[{"floor":6,"key":"Ornamental Fan"},{"floor":9,"key":"White Beast Statue"},{"floor":14,"key":"MealTicket"}],"event_choices":[{"damage_healed":0,"gold_gain":0,"player_choice":"Take Damage","damage_taken":26,"relics_obtained":["Golden Idol"],"max_hp_gain":0,"max_hp_loss":0,"event_name":"Golden Idol","floor":4,"gold_loss":0},{"damage_healed":0,"gold_gain":150,"player_choice":"AGREE","damage_taken":0,"max_hp_gain":0,"max_hp_loss":0,"event_name":"Liars Game","floor":5,"gold_loss":0,"cards_obtained":["Doubt"]},{"damage_healed":0,"gold_gain":0,"player_choice":"Donut","damage_taken":0,"max_hp_gain":5,"max_hp_loss":0,"event_name":"Big Fish","floor":8,"gold_loss":0}],"is_beta":false,"boss_relics":[],"items_purged_floors":[2,10],"is_endless":false,"potions_floor_spawned":[11,12,13,14],"killed_by":"Fading Forest","ascension_level":20}}