{"host":"qgvpd00zvzorrg7j","time":1613069353,"event":{"mods":["BaseMod","Colored Map","Downfall","Minty Spire (QoL Compilation)","Quick Restart","StSLib"],"gold_per_floor":[99,110,110,130,147,147,147,162,192,192,210,210,210,120,138,242,242,242,261,146,169,63,63,63,74,74,93,93,124,24,24,40,145,145,45,61,61,76,76,76,121,140,156,183,195,214,214,314,332,332],"floor_reached":51,"language":"ENG","playtime":3296,"items_purged":["Slimebound:Strike_Slimebound","Slimebound:Defend_Slimebound","Slimebound:Strike_Slimebound"],"score":922,"play_id":"f761c15d-74ab-4a47-b546-a46e2692cc87","local_time":"20210211134913","is_ascension_mode":true,"campfire_choices":[{"data":"Slimebound:CorrosiveSpit","floor":1.0,"key":"SMITH"},{"data":"Slimebound:LeechEnergy","floor":6.0,"key":"SMITH"},{"data":"Slimebound:Split","floor":10.0,"key":"SMITH"},{"data":"Slimebound:ItLooksTasty","floor":13.0,"key":"SMITH"},{"data":"Slimebound:Repurpose","floor":18.0,"key":"SMITH"},{"data":"Slimebound:SplitAcid","floor":23.0,"key":"SMITH"},{"data":"Slimebound:RainOfGoop","floor":30,"key":"SMITH"},{"data":"Slimebound:RejuvenatingLick","floor":35,"key":"SMITH"},{"floor":47,"key":"REST"}],"circlet_count":0,"master_deck":["Slimebound:Defend_Slimebound+1","Slimebound:Split+1","Slimebound:CorrosiveSpit+1","Slimebound:ComboTackle+1","Slimebound:ItLooksTasty+1","Slimebound:LeechEnergy+1","Slimebound:SplitAcid+1","Slimebound:Schlurp+1","Slimebound:Repurpose+1","Slimebound:SplitMire+1","Slimebound:TongueLash","Slimebound:RainOfGoop+1","Slimebound:RejuvenatingLick+1","Slimebound:SamplingLick+1","Slimebound:SpikyOuterGoop+1","Slimebound:SlimeTap+1"],"relics":["Slimebound:AbsorbEndCombat","Boot","Busted Crown","PreservedInsect","CaptainsWheel","Enchiridion","Potion Belt","downfall:HeartBlessingGreen","Runic Dome","downfall:HeartBlessingBlue","War Paint","Singing Bowl"],"acts_visited":["Exordium","TheCity","TheBeyond"],"potions_floor_usage":[29,32,50,50,50],"damage_taken":[{"damage":0.0,"enemies":"Cultist","floor":2.0,"turns":4.0},{"damage":5.0,"enemies":"Small Slimes","floor":4.0,"turns":3.0},{"damage":5.0,"enemies":"2 Louse","floor":5.0,"turns":2.0},{"damage":16.0,"enemies":"Lots of Slimes","floor":8.0,"turns":4.0},{"damage":17.0,"enemies":"Large Slime","floor":11.0,"turns":4.0},{"damage":11.0,"enemies":"downfall:FleeingMerchant","floor":14.0,"turns":4.0},{"damage":12.0,"enemies":"Exordium Thugs","floor":15.0,"turns":2.0},{"damage":20.0,"enemies":"IC_STATUS_ARCHETYPE","floor":16.0,"turns":4.0},{"damage":3.0,"enemies":"Chosen","floor":19.0,"turns":3.0},{"damage":9.0,"enemies":"downfall:FleeingMerchant","floor":20.0,"turns":4.0},{"damage":13.0,"enemies":"downfall:FleeingMerchant","floor":22.0,"turns":3.0},{"damage":0.0,"enemies":"Shell Parasite","floor":25.0,"turns":3.0},{"damage":3.0,"enemies":"Shelled Parasite and Fungi","floor":27.0,"turns":3.0},{"damage":13,"enemies":"Slavers","floor":29,"turns":4},{"damage":0,"enemies":"Sentry and Sphere","floor":32,"turns":3},{"damage":15,"enemies":"WA_ARCHETYPE_CALM","floor":33,"turns":5},{"damage":17,"enemies":"3 Shapes","floor":36,"turns":2},{"damage":18,"enemies":"Orb Walker","floor":38,"turns":3},{"damage":9,"enemies":"Sphere and 2 Shapes","floor":42,"turns":3},{"damage":0,"enemies":"Transient","floor":43,"turns":5},{"damage":32,"enemies":"Nemesis","floor":44,"turns":3},{"damage":0,"enemies":"3 Darklings","floor":45,"turns":2},{"damage":18,"enemies":"Spire Growth","floor":46,"turns":3},{"damage":5,"enemies":"Writhing Mass","floor":49,"turns":3},{"damage":20,"enemies":"DF_ARCHETYPE_ORBS","floor":50,"turns":4}],"seed_played":"-4284402024528159768","potions_obtained":[{"floor":4.0,"key":"Guardian:BlockOnCardUsePotion"},{"floor":8.0,"key":"Explosive Potion"},{"floor":11.0,"key":"Slimebound:SlimedPotion"},{"floor":15.0,"key":"Guardian:BlockOnCardUsePotion"},{"floor":27.0,"key":"ColorlessPotion"},{"floor":29,"key":"Guardian:BlockOnCardUsePotion"},{"floor":32,"key":"Fruit Juice"},{"floor":33,"key":"Dexterity Potion"},{"floor":42,"key":"CultistPotion"},{"floor":44,"key":"Block Potion"}],"is_trial":false,"path_per_floor":["R","M","?","M","M","R","T","M","?","R","M","?","R","$","M","B",null,"R","M","$","T","$","R","T","M","?","M","?","E","R","?","M","B",null,"R","M","$","M","?","?","T","M","M","E","M","M","R","?","M","B",null],"character_chosen":"SLIMEBOUND","items_purchased":["CaptainsWheel"],"campfire_rested":1,"item_purchase_floors":[22],"current_hp_per_floor":[65,65,65,64,61,61,61,51,51,51,38,38,38,35,31,19,65,65,65,58,58,53,53,53,61,61,62,46,41,41,41,54,47,70,80,65,65,53,53,53,53,52,60,38,48,36,61,61,66,54],"gold":332,"neow_bonus":"REMOVE_CARD","is_daily":false,"chose_seed":false,"campfire_upgraded":8,"win_rate":0.0,"timestamp":1613069353,"path_taken":["R","M","?","M","?","R","T","M","?","R","M","?","R","$","M","BOSS","R","M","$","?","$","R","T","M","?","?","?","E","R","?","M","BOSS","R","M","$","M","?","?","T","?","M","E","?","M","R","?","M","BOSS"],"items_purchased_type":["Relic"],"build_version":"2020-12-22","purchased_purges":3,"victory":true,"max_hp_per_floor":[65,65,65,65,65,65,65,65,65,65,65,65,65,65,65,65,65,65,65,65,65,65,65,65,65,65,65,65,65,65,65,70,70,70,80,80,80,80,80,80,80,80,80,82,84,84,84,84,86,86],"card_choices":[{"not_picked":["Slimebound:SplitAcid","Slimebound:SplitLeeching"],"picked":"Slimebound:ComboTackle","floor":2.0},{"not_picked":["Slimebound:LeadByExample","Slimebound:Prepare"],"picked":"Slimebound:ItLooksTasty","floor":4.0},{"not_picked":["Slimebound:PressTheAttack","Slimebound:SamplingLick"],"picked":"Slimebound:LeechEnergy","floor":5.0},{"not_picked":["Slimebound:Chomp","Slimebound:Prepare"],"picked":"Slimebound:SplitAcid","floor":8.0},{"not_picked":["Slimebound:PressTheAttack","Slimebound:Darklings"],"picked":"Slimebound:Schlurp","floor":11.0},{"not_picked":["Slimebound:SelfFormingGoo","Slimebound:PressTheAttack"],"picked":"Slimebound:Repurpose","floor":14.0},{"not_picked":["Slimebound:LevelUp","Slimebound:SlimeSpikes","Slimebound:HungryTackle"],"picked":"SKIP","floor":15.0},{"not_picked":["Slimebound:ServeAndProtect"],"picked":"SKIP","floor":19.0},{"not_picked":[],"picked":"Slimebound:SplitMire+1","floor":20.0},{"not_picked":["Slimebound:FinishingTackle+1"],"picked":"SKIP","floor":22.0},{"not_picked":["Slimebound:ItLooksTasty"],"picked":"SKIP","floor":25.0},{"not_picked":[],"picked":"Slimebound:TongueLash","floor":27.0},{"not_picked":[],"picked":"Slimebound:RainOfGoop","floor":29},{"not_picked":[],"picked":"Slimebound:RejuvenatingLick","floor":32},{"not_picked":["Slimebound:PressTheAttack"],"picked":"SKIP","floor":36},{"not_picked":[],"picked":"Slimebound:SamplingLick+1","floor":38},{"not_picked":["Slimebound:ItLooksTasty"],"picked":"SKIP","floor":42},{"not_picked":[],"picked":"Slimebound:SpikyOuterGoop+1","floor":43},{"not_picked":["Slimebound:GoopTackle+1"],"picked":"Singing Bowl","floor":44},{"not_picked":["Slimebound:Schlurp+1"],"picked":"Singing Bowl","floor":45},{"not_picked":[],"picked":"Slimebound:SlimeTap+1","floor":46},{"not_picked":["Slimebound:SplitAcid+1"],"picked":"Singing Bowl","floor":49}],"player_experience":630631,"relics_obtained":[{"floor":7.0,"key":"Boot"},{"floor":21.0,"key":"PreservedInsect"},{"floor":28.0,"key":"Enchiridion"},{"floor":29,"key":"Potion Belt"},{"floor":41,"key":"War Paint"},{"floor":44,"key":"Singing Bowl"}],"event_choices":[{"damage_healed":0.0,"max_hp_gain":0.0,"max_hp_loss":0.0,"gold_gain":0.0,"event_name":"Accursed Blacksmith","player_choice":"Forge","floor":12.0,"gold_loss":0.0,"damage_taken":0.0,"cards_upgraded":["Slimebound:Schlurp"]},{"cards_removed":["Slimebound:Strike_Slimebound"],"damage_healed":0,"gold_gain":0,"player_choice":"Removed Attack","damage_taken":0,"max_hp_gain":0,"max_hp_loss":0,"event_name":"Falling","floor":39,"gold_loss":0}],"is_beta":false,"boss_relics":[{"not_picked":["Philosopher\u0027s Stone","Slimebound:AbsorbEndCombatUpgraded"],"picked":"Busted Crown"},{"not_picked":["Fusion Hammer","Cursed Key"],"picked":"Runic Dome"}],"items_purged_floors":[14,20,22],"is_endless":false,"potions_floor_spawned":[4,8,11,15,27,29,32,33,42,44,49],"ascension_level":1}}