{"host":"dl909bjyolgrn2uw","time":1613084327,"event":{"mods":["2.2 Compatiblity","AlwaysNeverKeys","BaseMod","Bestiary","Better Altar","Better Note","Better Sensory Stone","Better Skull","Better Vampires","Better-Laid Plans","BetterRewards","Colored Powertips","Curses Come First","Disable Question Mark Monsters","Displayed Cursed Tome","Emptier Cage","Evolution","Minty Spire (QoL Compilation)","Permanent Neow","Quick Restart","Rare Cards Sparkle","Relic Stats","Shop Mod","Spicy Shops","StSLib","SuperFastMode","Transform Curses"],"gold_per_floor":[116,136,152,170,170,170,270,304,304,304,338,354,390,415,415,540,540,563,583,607,205,221,257,257,12,12,45,22,36,75,95,95,214,214,233,254,270,270,293,329,329,345,345,385,385,429,449,177,177,177,177,177,17,50,50],"floor_reached":56,"language":"ENG","playtime":4486,"items_purged":["Strike_R","Strike_R","Doubt"],"score":2424,"play_id":"9ee2e31a-3c92-478e-84be-e1bcde3ed935","local_time":"20210211165847","is_ascension_mode":true,"campfire_choices":[{"data":"Whirlwind","floor":6.0,"key":"SMITH"},{"data":"Wild Strike","floor":10.0,"key":"SMITH"},{"data":"Flame Barrier","floor":15.0,"key":"SMITH"},{"data":"Battle Trance","floor":24.0,"key":"SMITH"},{"data":"Corruption","floor":32,"key":"SMITH"},{"data":"1","floor":41,"key":"LIFT"},{"data":"2","floor":45,"key":"LIFT"},{"floor":49,"key":"RECALL"},{"data":"3","floor":52,"key":"LIFT"}],"circlet_count":0,"master_deck":["Wild Strike","Headbutt","Wild Strike+1","Defend_R+1","Defend_R","Defend_R","Defend_R","Bash","Whirlwind+1","Evolve","True Grit","Pommel Strike","Headbutt","Bloodletting+1","Fiend Fire+1","Twin Strike+1","Flame Barrier+1","Battle Trance+1","Corruption+1","Cleave+1","Dark Embrace","Ghostly Armor","Shrug It Off","Apotheosis","Ghostly Armor","Burning Pact","Shrug It Off","Pommel Strike+1","Spot Weakness+1","Feed+1","Thunderclap+1","Shrug It Off","Wild Strike+1","Bloodletting+1","Warcry+1","Shrug It Off+1","Shrug It Off+1","Shockwave","Reaper+1","Disarm"],"relics":["Burning Blood","EVO:Axolotl","Bag of Marbles","Bottled Flame","Medical Kit","Golden Idol","Nunchaku","Molten Egg 2","Pocketwatch","Dream Catcher","Mark of Pain","PreservedInsect","Eternal Feather","Bottled Tornado","Pen Nib","Darkstone Periapt","HornCleat","Runic Pyramid","Girya","War Paint","Vajra","Membership Card","Incense Burner","Centennial Puzzle","Letter Opener"],"acts_visited":["Exordium","TheCity","TheBeyond","TheEnding"],"potions_floor_usage":[27,30,46,55,55,55,55,55],"damage_taken":[{"damage":0.0,"enemies":"Small Slimes","floor":1.0,"turns":1.0},{"damage":0.0,"enemies":"2 Louse","floor":2.0,"turns":1.0},{"damage":0.0,"enemies":"Cultist","floor":3.0,"turns":2.0},{"damage":0.0,"enemies":"2 Fungi Beasts","floor":4.0,"turns":2.0},{"damage":26.0,"enemies":"Lagavulin","floor":8.0,"turns":5.0},{"damage":0.0,"enemies":"Gremlin Nob","floor":11.0,"turns":2.0},{"damage":0.0,"enemies":"Large Slime","floor":12.0,"turns":2.0},{"damage":10.0,"enemies":"3 Sentries","floor":13.0,"turns":2.0},{"damage":0.0,"enemies":"3 Louse","floor":14.0,"turns":1.0},{"damage":16.0,"enemies":"Hexaghost","floor":16.0,"turns":5.0},{"damage":0.0,"enemies":"3 Byrds","floor":18.0,"turns":5.0},{"damage":0.0,"enemies":"Chosen","floor":19.0,"turns":4.0},{"damage":3.0,"enemies":"3 Cultists","floor":20.0,"turns":1.0},{"damage":7.0,"enemies":"Centurion and Healer","floor":22.0,"turns":3.0},{"damage":0.0,"enemies":"Book of Stabbing","floor":23.0,"turns":3.0},{"damage":4,"enemies":"Gremlin Leader","floor":27,"turns":4},{"damage":0,"enemies":"Snecko","floor":29,"turns":3},{"damage":5,"enemies":"Book of Stabbing","floor":30,"turns":3},{"damage":3,"enemies":"3 Cultists","floor":31,"turns":1},{"damage":4,"enemies":"Collector","floor":33,"turns":6},{"damage":0,"enemies":"3 Shapes","floor":35,"turns":1},{"damage":0,"enemies":"3 Darklings","floor":36,"turns":2},{"damage":2,"enemies":"4 Shapes","floor":37,"turns":3},{"damage":0,"enemies":"Jaw Worm Horde","floor":39,"turns":1},{"damage":0,"enemies":"Nemesis","floor":40,"turns":5},{"damage":1,"enemies":"Transient","floor":42,"turns":5},{"damage":6,"enemies":"Giant Head","floor":44,"turns":3},{"damage":3,"enemies":"Nemesis","floor":46,"turns":3},{"damage":0,"enemies":"3 Darklings","floor":47,"turns":1},{"damage":10,"enemies":"Awakened One","floor":50,"turns":5},{"damage":3,"enemies":"Shield and Spear","floor":54,"turns":3},{"damage":37,"enemies":"The Heart","floor":55,"turns":5}],"seed_played":"-670266866044546040","potions_obtained":[{"floor":4.0,"key":"SpeedPotion"},{"floor":8.0,"key":"SteroidPotion"},{"floor":12.0,"key":"PowerPotion"},{"floor":14.0,"key":"Weak Potion"},{"floor":22.0,"key":"PowerPotion"},{"floor":27,"key":"GamblersBrew"},{"floor":30,"key":"Explosive Potion"},{"floor":37,"key":"BlessingOfTheForge"},{"floor":44,"key":"SkillPotion"},{"floor":46,"key":"EntropicBrew"},{"floor":47,"key":"Energy Potion"}],"is_trial":false,"path_per_floor":["M","M","M","M","?","R","?","E","T","R","E","M","E","M","R","B",null,"M","M","M","$","M","E","R","$","T","E","$","M","E","M","R","B",null,"M","M","M","?","M","E","R","M","T","E","R","E","M","$","R","B",null,"R","$","E","B",null],"character_chosen":"IRONCLAD","items_purchased":["Bag of Marbles","Whirlwind","Bottled Flame","Medical Kit","Evolve","True Grit","Fire Potion","PreservedInsect","Shrug It Off","Apotheosis","Bottled Tornado","Shrug It Off","Membership Card","Incense Burner","Centennial Puzzle","Shockwave","Reaper+1"],"campfire_rested":0,"item_purchase_floors":[0,0,0,0,0,0,0,21,21,21,25,28,48,48,53,53,53],"current_hp_per_floor":[78,80,80,80,60,60,60,40,40,40,46,52,48,54,54,44,71,77,80,80,80,79,80,80,80,80,80,80,80,80,80,80,80,80,80,80,80,80,80,84,84,84,84,88,88,92,92,98,98,94,97,98,98,102,71],"gold":50,"neow_bonus":"","is_daily":false,"chose_seed":false,"campfire_upgraded":5,"win_rate":0.0,"timestamp":1613084327,"path_taken":["M","M","M","M","?","R","?","E","T","R","E","M","E","M","R","BOSS","M","M","M","$","M","E","R","?","T","E","$","M","E","M","R","BOSS","M","M","M","?","M","E","R","M","T","E","R","E","M","$","R","BOSS","R","$","E","BOSS"],"items_purchased_type":["Relic","Card","Relic","Relic","Card","Card","Potion","Relic","Card","Card","Relic","Card","Relic","Relic","Relic","Card","Card"],"build_version":"2020-12-22","purchased_purges":3,"victory":true,"max_hp_per_floor":[80,80,80,80,80,80,80,80,80,80,80,80,80,80,80,80,80,80,80,80,80,80,80,80,80,80,80,80,80,80,80,80,80,80,80,80,80,80,80,84,84,84,84,88,88,92,92,98,98,98,98,98,98,102,102],"relic_stats":{"Darkstone Periapt":6,"counters":[87,361],"Golden Idol":228,"Eternal Feather":16,"PreservedInsect":439,"Pen Nib":[25],"Letter Opener":[20],"War Paint":["Defend_R","Bloodletting","Bloodletting","Defend_R"],"Medical Kit":[37],"Burning Blood":346,"Nunchaku":[35],"Dream Catcher":0,"Centennial Puzzle":[4],"obtain_stats":[{"Darkstone Periapt":27,"Regal Pillow":24,"Vajra":0,"Bag of Preparation":40,"Incense Burner":48,"EVO:Axolotl":0,"Ginger":0,"Whetstone":0,"Bottled Tornado":25,"Boot":9,"Cursed Key":17,"Burning Blood":0,"ClockworkSouvenir":19,"Blood Vial":48,"Centennial Puzzle":54,"Dream Catcher":7,"Nunchaku":8,"HornCleat":30,"DollysMirror":19,"Tiny Chest":29,"Kunai":53,"Red Skull":44,"Runic Pyramid":17,"Girya":40,"Lee\u0027s Waffle":53,"Golden Idol":5,"Eternal Feather":40,"The Courier":7,"PreservedInsect":9,"Pen Nib":26,"Omamori":0,"Letter Opener":54,"War Paint":24,"Orichalcum":44,"MawBank":12,"Medical Kit":0,"Mercury Hourglass":12,"Cauldron":0,"Bottled Flame":0,"Busted Crown":34,"Bird Faced Urn":26,"Orrery":53,"Molten Egg 2":9,"Mark of Pain":17,"Bag of Marbles":19,"Membership Card":48,"Pocketwatch":11},{"Darkstone Periapt":71,"Regal Pillow":12,"Vajra":28,"Bag of Preparation":22,"Incense Burner":84,"EVO:Axolotl":0,"Ginger":0,"Whetstone":28,"Bottled Tornado":70,"Boot":33,"Cursed Key":36,"Burning Blood":0,"ClockworkSouvenir":11,"Blood Vial":25,"Centennial Puzzle":27,"Dream Catcher":33,"Nunchaku":60,"HornCleat":73,"DollysMirror":11,"Tiny Chest":15,"Kunai":26,"Red Skull":23,"Runic Pyramid":10,"Girya":80,"Lee\u0027s Waffle":26,"Golden Idol":59,"Eternal Feather":52,"The Courier":5,"PreservedInsect":5,"Pen Nib":70,"Omamori":28,"Letter Opener":86,"War Paint":42,"Orichalcum":54,"MawBank":7,"Medical Kit":55,"Mercury Hourglass":35,"Cauldron":28,"Bottled Flame":55,"Busted Crown":16,"Bird Faced Urn":12,"Orrery":26,"Molten Egg 2":60,"Mark of Pain":65,"Bag of Marbles":11,"Membership Card":84,"Pocketwatch":61},{"Darkstone Periapt":311,"Regal Pillow":54,"Vajra":155,"Bag of Preparation":110,"Incense Burner":348,"EVO:Axolotl":0,"Ginger":0,"Whetstone":155,"Bottled Tornado":307,"Boot":170,"Cursed Key":179,"Burning Blood":0,"ClockworkSouvenir":48,"Blood Vial":128,"Centennial Puzzle":145,"Dream Catcher":170,"Nunchaku":279,"HornCleat":317,"DollysMirror":48,"Tiny Chest":71,"Kunai":136,"Red Skull":117,"Runic Pyramid":41,"Girya":336,"Lee\u0027s Waffle":136,"Golden Idol":274,"Eternal Feather":255,"The Courier":19,"PreservedInsect":19,"Pen Nib":307,"Omamori":155,"Letter Opener":356,"War Paint":204,"Orichalcum":264,"MawBank":26,"Medical Kit":268,"Mercury Hourglass":175,"Cauldron":155,"Bottled Flame":268,"Busted Crown":79,"Bird Faced Urn":54,"Orrery":136,"Molten Egg 2":279,"Mark of Pain":291,"Bag of Marbles":48,"Membership Card":348,"Pocketwatch":281}],"Pocketwatch":[86]},"card_choices":[{"not_picked":["Metallicize","Perfected Strike","Blood for Blood"],"picked":"SKIP","floor":1.0},{"not_picked":["Rage","Havoc"],"picked":"Pommel Strike","floor":2.0},{"not_picked":["Heavy Blade","Rampage"],"picked":"Headbutt","floor":3.0},{"not_picked":["Armaments","Rage"],"picked":"Bloodletting","floor":4.0},{"not_picked":["Reckless Charge","Wild Strike","Intimidate"],"picked":"SKIP","floor":8.0},{"not_picked":["Flex","Sword Boomerang+1"],"picked":"Fiend Fire+1","floor":11.0},{"not_picked":["Warcry","Havoc"],"picked":"Twin Strike+1","floor":12.0},{"not_picked":["Blood for Blood+1","Havoc"],"picked":"Flame Barrier","floor":13.0},{"not_picked":["Rampage+1","Armaments"],"picked":"Battle Trance","floor":14.0},{"not_picked":["Feed+1","Fiend Fire+1"],"picked":"Corruption","floor":16.0},{"not_picked":["Second Wind+1","Body Slam+1"],"picked":"Cleave+1","floor":18.0},{"not_picked":["Intimidate","Flex"],"picked":"Dark Embrace","floor":19.0},{"not_picked":["Armaments","Clothesline+1"],"picked":"Ghostly Armor","floor":20.0},{"not_picked":["Flex","Anger+1"],"picked":"Ghostly Armor","floor":22.0},{"not_picked":["Reckless Charge+1","Cleave+1"],"picked":"Burning Pact","floor":23.0},{"not_picked":["Twin Strike+1","Intimidate+1","Rupture"],"picked":"SKIP","floor":27},{"not_picked":["Bludgeon+1","Burning Pact"],"picked":"Pommel Strike+1","floor":29},{"not_picked":["Sentinel","Twin Strike+1"],"picked":"Spot Weakness+1","floor":30},{"not_picked":["Twin Strike+1","Flex","Rampage+1"],"picked":"SKIP","floor":31},{"not_picked":["Bludgeon+1","Reaper+1"],"picked":"Feed+1","floor":33},{"not_picked":["Headbutt+1","Anger+1"],"picked":"Thunderclap+1","floor":35},{"not_picked":["Heavy Blade+1","Ghostly Armor+1"],"picked":"Shrug It Off","floor":36},{"not_picked":["Thunderclap+1","Double Tap","Body Slam+1"],"picked":"SKIP","floor":37},{"not_picked":["Flex+1","Anger+1"],"picked":"Wild Strike+1","floor":39},{"not_picked":["Sentinel","Heavy Blade+1"],"picked":"Bloodletting+1","floor":40},{"not_picked":["Havoc","Thunderclap+1"],"picked":"Warcry+1","floor":42},{"not_picked":["Anger+1","Rampage+1"],"picked":"Shrug It Off+1","floor":44},{"not_picked":["Dropkick+1","Havoc"],"picked":"Shrug It Off+1","floor":46},{"not_picked":["Body Slam+1","Armaments","Rampage+1"],"picked":"SKIP","floor":47},{"not_picked":["Hemokinesis+1","Pommel Strike+1"],"picked":"Disarm","floor":54}],"player_experience":380571,"relics_obtained":[{"floor":8.0,"key":"Nunchaku"},{"floor":9.0,"key":"Molten Egg 2"},{"floor":11.0,"key":"Pocketwatch"},{"floor":13.0,"key":"Dream Catcher"},{"floor":23.0,"key":"Eternal Feather"},{"floor":26.0,"key":"Pen Nib"},{"floor":27,"key":"Darkstone Periapt"},{"floor":30,"key":"HornCleat"},{"floor":40,"key":"Girya"},{"floor":44,"key":"War Paint"},{"floor":46,"key":"Vajra"},{"floor":54,"key":"Letter Opener"}],"event_choices":[{"damage_healed":0.0,"max_hp_gain":0.0,"max_hp_loss":0.0,"gold_gain":0.0,"event_name":"Golden Idol","player_choice":"Take Damage","floor":5.0,"gold_loss":0.0,"damage_taken":20.0,"relics_obtained":["Golden Idol"]},{"damage_healed":0.0,"max_hp_gain":0.0,"max_hp_loss":0.0,"gold_gain":100.0,"event_name":"Wheel of Change","player_choice":"Gold","floor":7.0,"gold_loss":0.0,"damage_taken":0.0},{"damage_healed":0,"gold_gain":0,"player_choice":"Ignored","damage_taken":0,"max_hp_gain":0,"max_hp_loss":0,"event_name":"Tomb of Lord Red Mask","floor":38,"gold_loss":0}],"is_beta":false,"boss_relics":[{"not_picked":["SacredBark","Astrolabe"],"picked":"Mark of Pain"},{"not_picked":["Philosopher\u0027s Stone","Sozu"],"picked":"Runic Pyramid"}],"items_purged_floors":[0,0,48],"is_endless":false,"potions_floor_spawned":[4,8,12,14,22,27,30,33,37,39,44,46,47],"ascension_level":9}}