{"host":"gh97pv908ci4ql26","time":1613082939,"event":{"mods":["AchievementEnabler","BaseMod","Block Reminder","Colored Powertips","Minty Spire (QoL Compilation)","StSLib","Together in Spire"],"gold_per_floor":[19,38,313,172,182,182,201,215,240,265,340,340,369,384,384,486,486,504,519,519,530,542,574,587,587,614,626,551,551,584,47,47,151,201,216,234,249,267,267,292,367,396,396,153,428,297,331,350,350,350,350,350,14,48,48],"floor_reached":56,"language":"ENG","playtime":2728,"items_purged":["Regret","Strike_P"],"score":1114,"play_id":"f71f88a2-ae21-4979-979f-281dda9b948c","local_time":"20210211143539","is_ascension_mode":false,"campfire_choices":[{"data":"TalkToTheHand","floor":6.0,"key":"SMITH"},{"floor":12.0,"key":"REST"},{"floor":15.0,"key":"RECALL"},{"floor":25.0,"key":"REST"},{"floor":29.0,"key":"REST"},{"data":"MasterReality","floor":32.0,"key":"SMITH"},{"data":"LessonLearned","floor":49,"key":"SMITH"},{"data":"Dark Shackles","floor":52,"key":"SMITH"}],"circlet_count":0,"master_deck":["Strike_P","Strike_P","Strike_P","Defend_P+1","Defend_P","Defend_P","Defend_P","Eruption+1","Vigilance+1","Panache","Perseverance","ClearTheMind","Tantrum","TalkToTheHand+1","Collect+1","Consecrate+1","ReachHeaven","MasterReality+1","JustLucky","JustLucky","LessonLearned+1","ReachHeaven+1","Prostrate+1","SashWhip+1","Prostrate","ReachHeaven+1","Swivel","WreathOfFlame+1","JustLucky","Ragnarok","Adaptation+1","Worship+1","ForeignInfluence+1","Vengeance+1","FlurryOfBlows+1","Crescendo+1","DevaForm","Dark Shackles+1","ForeignInfluence","Consecrate","Chrysalis","Crescendo+1"],"relics":["PureWater","MealTicket","Blood Vial","Omamori","Black Star","Whetstone","Oddly Smooth Stone","Bronze Scales","Anchor","Letter Opener","Matryoshka","Gremlin Horn","Tiny House","Toy Ornithopter","Bottled Lightning","Prayer Wheel","Darkstone Periapt","Kunai","Vajra","Smiling Mask","Ornamental Fan","Damaru","Centennial Puzzle","Bag of Marbles","Bottled Tornado","GoldenEye"],"acts_visited":["TheEnding"],"potions_floor_usage":[55,55,55],"damage_taken":[{"damage":0.0,"enemies":"Small Slimes","floor":1.0,"turns":1.0},{"damage":0.0,"enemies":"Cultist","floor":2.0,"turns":1.0},{"damage":3.0,"enemies":"2 Louse","floor":5.0,"turns":2.0},{"damage":22.0,"enemies":"Gremlin Gang","floor":7.0,"turns":3.0},{"damage":0.0,"enemies":"Red Slaver","floor":8.0,"turns":1.0},{"damage":0.0,"enemies":"3 Sentries","floor":10.0,"turns":1.0},{"damage":0.0,"enemies":"Gremlin Nob","floor":13.0,"turns":1.0},{"damage":0.0,"enemies":"3 Louse","floor":14.0,"turns":1.0},{"damage":0.0,"enemies":"The Guardian","floor":16.0,"turns":1.0},{"damage":0.0,"enemies":"3 Byrds","floor":18.0,"turns":1.0},{"damage":0.0,"enemies":"Chosen","floor":19.0,"turns":1.0},{"damage":40.0,"enemies":"Snake Plant","floor":21.0,"turns":4.0},{"damage":0.0,"enemies":"3 Cultists","floor":22.0,"turns":1.0},{"damage":0.0,"enemies":"Book of Stabbing","floor":23.0,"turns":1.0},{"damage":12.0,"enemies":"Centurion and Healer","floor":24.0,"turns":2.0},{"damage":1.0,"enemies":"Cultist and Chosen","floor":27.0,"turns":2.0},{"damage":0.0,"enemies":"Slavers","floor":30.0,"turns":1.0},{"damage":0.0,"enemies":"Champ","floor":33.0,"turns":2.0},{"damage":0.0,"enemies":"3 Darklings","floor":35.0,"turns":2.0},{"damage":0.0,"enemies":"3 Shapes","floor":36.0,"turns":2.0},{"damage":6.0,"enemies":"Writhing Mass","floor":37.0,"turns":3.0},{"damage":19.0,"enemies":"4 Shapes","floor":38.0,"turns":2.0},{"damage":0.0,"enemies":"Nemesis","floor":40.0,"turns":4.0},{"damage":34.0,"enemies":"2 Orb Walkers","floor":41.0,"turns":5.0},{"damage":0.0,"enemies":"Giant Head","floor":42.0,"turns":1.0},{"damage":11.0,"enemies":"Nemesis","floor":47.0,"turns":3.0},{"damage":0,"enemies":"Maw","floor":48,"turns":1},{"damage":1,"enemies":"Donu and Deca","floor":50,"turns":3},{"damage":0,"enemies":"Shield and Spear","floor":54,"turns":2},{"damage":53,"enemies":"The Heart","floor":55,"turns":4}],"seed_played":"-6625495053849222785","potions_obtained":[{"floor":5.0,"key":"SteroidPotion"},{"floor":7.0,"key":"EssenceOfSteel"},{"floor":13.0,"key":"Strength Potion"},{"floor":19.0,"key":"ColorlessPotion"},{"floor":21.0,"key":"AttackPotion"},{"floor":23.0,"key":"BottledMiracle"},{"floor":24.0,"key":"Ancient Potion"},{"floor":30.0,"key":"BottledMiracle"},{"floor":34.0,"key":"Dexterity Potion"},{"floor":35.0,"key":"DuplicationPotion"},{"floor":38.0,"key":"LiquidMemories"},{"floor":42.0,"key":"Explosive Potion"},{"floor":47.0,"key":"Dexterity Potion"}],"is_trial":false,"path_per_floor":["M","M","?","$","M","R","M","M","T","E","?","R","E","M","R","B",null,"M","M","?","M","M","E","M","R","T","M","$","R","E","$","R","B",null,"M","M","M","M","?","E","?","E","T","$","?","$","E","M","R","B",null,"R","$","E","B",null],"character_chosen":"WATCHER","items_purchased":["Tantrum","TalkToTheHand","Matryoshka","Gremlin Horn","JustLucky","Ornamental Fan","Dark Shackles","Bag of Marbles","Chrysalis"],"campfire_rested":3,"item_purchase_floors":[4,4,31,31,31,44,46,53,53],"current_hp_per_floor":[72,72,72,72,69,69,47,47,47,47,36,57,59,61,61,63,72,72,72,72,32,34,36,26,47,47,48,63,72,72,72,72,72,77,77,77,71,54,54,56,34,36,36,51,51,66,57,59,59,60,77,77,77,77,24],"gold":48,"neow_bonus":"RANDOM_COLORLESS_2","is_daily":false,"chose_seed":false,"campfire_upgraded":4,"win_rate":0.0,"timestamp":1613082939,"path_taken":["M","M","?","$","?","R","M","M","T","E","?","R","E","M","R","BOSS","M","M","?","?","M","E","M","R","T","M","$","R","E","?","R","BOSS","M","M","M","M","?","E","?","E","T","$","?","$","E","M","R","BOSS","R","$","E","BOSS"],"items_purchased_type":["Card","Card","Relic","Relic","Card","Relic","Card","Relic","Card"],"build_version":"2020-12-22","purchased_purges":2,"victory":true,"max_hp_per_floor":[72,72,72,72,72,72,72,72,72,72,72,72,72,72,72,72,72,72,72,72,72,72,72,72,72,72,72,72,72,72,72,72,72,77,77,77,77,77,77,77,77,77,77,77,77,77,77,77,77,77,77,77,77,77,77],"card_choices":[{"not_picked":["Violence","The Bomb"],"picked":"Panache","floor":0.0},{"not_picked":["Consecrate","SashWhip"],"picked":"Perseverance","floor":1.0},{"not_picked":["Protect","InnerPeace"],"picked":"ClearTheMind","floor":2.0},{"not_picked":["CrushJoints","Wallop"],"picked":"Collect","floor":5.0},{"not_picked":["FollowUp","Crescendo"],"picked":"Consecrate","floor":7.0},{"not_picked":["SashWhip","FollowUp"],"picked":"ReachHeaven","floor":8.0},{"not_picked":["PathToVictory","TalkToTheHand"],"picked":"MasterReality","floor":10.0},{"not_picked":["Study","ReachHeaven"],"picked":"JustLucky","floor":13.0},{"not_picked":["Crescendo","BattleHymn"],"picked":"JustLucky","floor":14.0},{"not_picked":["Scrawl","Blasphemy"],"picked":"LessonLearned","floor":16.0},{"not_picked":["EmptyFist","JustLucky"],"picked":"ReachHeaven+1","floor":18.0},{"not_picked":["FollowUp+1","Consecrate"],"picked":"Prostrate","floor":19.0},{"not_picked":["EmptyFist","Crescendo"],"picked":"Alpha","floor":21.0},{"not_picked":["Halt","JustLucky"],"picked":"SashWhip+1","floor":22.0},{"not_picked":["CarveReality","Halt"],"picked":"Prostrate","floor":23.0},{"not_picked":["Halt","ThirdEye+1"],"picked":"ReachHeaven+1","floor":24.0},{"not_picked":["EmptyBody","Meditate"],"picked":"Swivel","floor":27.0},{"not_picked":["PathToVictory","CrushJoints"],"picked":"WreathOfFlame+1","floor":30.0},{"not_picked":["Vault","DevaForm"],"picked":"Ragnarok","floor":33.0},{"not_picked":["FollowUp","WindmillStrike"],"picked":"Adaptation+1","floor":34.0},{"not_picked":["Evaluate","EmptyFist"],"picked":"Worship+1","floor":35.0},{"not_picked":["Swivel","CarveReality+1","BowlingBash"],"picked":"SKIP","floor":36.0},{"not_picked":["Nirvana","Vengeance"],"picked":"ForeignInfluence+1","floor":37.0},{"not_picked":["CutThroughFate","Halt+1"],"picked":"Vengeance+1","floor":38.0},{"not_picked":["Crescendo","FlyingSleeves+1"],"picked":"FlurryOfBlows+1","floor":40.0},{"not_picked":["Meditate","DeceiveReality+1"],"picked":"Crescendo+1","floor":41.0},{"not_picked":["WheelKick","ThirdEye+1"],"picked":"DevaForm","floor":42.0},{"not_picked":["FollowUp+1","Ragnarok"],"picked":"ForeignInfluence","floor":47.0},{"not_picked":["Perseverance+1","SashWhip"],"picked":"Consecrate","floor":48},{"not_picked":["Protect+1","ClearTheMind","InnerPeace"],"picked":"SKIP","floor":48},{"not_picked":["EmptyFist","Alpha"],"picked":"Crescendo+1","floor":54}],"player_experience":116520,"relics_obtained":[{"floor":9.0,"key":"MealTicket"},{"floor":10.0,"key":"Blood Vial"},{"floor":13.0,"key":"Omamori"},{"floor":23.0,"key":"Whetstone"},{"floor":23.0,"key":"Oddly Smooth Stone"},{"floor":26.0,"key":"Bronze Scales"},{"floor":30.0,"key":"Anchor"},{"floor":30.0,"key":"Letter Opener"},{"floor":40.0,"key":"Toy Ornithopter"},{"floor":40.0,"key":"Bottled Lightning"},{"floor":41.0,"key":"Prayer Wheel"},{"floor":42.0,"key":"Darkstone Periapt"},{"floor":42.0,"key":"Kunai"},{"floor":43.0,"key":"Vajra"},{"floor":43.0,"key":"Smiling Mask"},{"floor":47.0,"key":"Damaru"},{"floor":47.0,"key":"Centennial Puzzle"},{"floor":54,"key":"Bottled Tornado"},{"floor":54,"key":"GoldenEye"}],"event_choices":[{"damage_healed":0.0,"max_hp_gain":0.0,"max_hp_loss":0.0,"gold_gain":275.0,"event_name":"Golden Shrine","player_choice":"Desecrate","floor":3.0,"gold_loss":0.0,"damage_taken":0.0,"cards_obtained":["Regret"]},{"damage_healed":0.0,"max_hp_gain":0.0,"max_hp_loss":0.0,"gold_gain":75.0,"event_name":"World of Goop","player_choice":"Gather Gold","floor":11.0,"gold_loss":0.0,"damage_taken":11.0},{"damage_healed":0.0,"max_hp_gain":0.0,"max_hp_loss":0.0,"gold_gain":0.0,"event_name":"The Woman in Blue","player_choice":"Bought 0 Potions","floor":20.0,"gold_loss":0.0,"damage_taken":0.0},{"cards_removed":["Alpha"],"damage_healed":0.0,"max_hp_gain":0.0,"max_hp_loss":0.0,"gold_gain":0.0,"event_name":"Falling","player_choice":"Removed Skill","floor":39.0,"gold_loss":0.0,"damage_taken":0.0},{"damage_healed":0.0,"max_hp_gain":0.0,"max_hp_loss":0.0,"gold_gain":0.0,"event_name":"Mysterious Sphere","player_choice":"Fight","floor":41.0,"gold_loss":0.0,"damage_taken":0.0},{"damage_healed":0.0,"max_hp_gain":0.0,"max_hp_loss":0.0,"gold_gain":275.0,"event_name":"Golden Shrine","player_choice":"Desecrate","floor":45.0,"gold_loss":0.0,"damage_taken":0.0,"cards_obtained":["Regret"]}],"is_beta":false,"boss_relics":[{"not_picked":["Fusion Hammer","SlaversCollar"],"picked":"Black Star"},{"not_picked":["Busted Crown","Snecko Eye"],"picked":"Tiny House"}],"items_purged_floors":[28,46],"is_endless":false,"potions_floor_spawned":[5,7,13,14,19,21,23,24,30,35,38,42,47],"ascension_level":0}}