{"host":"ydg0vn0pu4pubmdt","time":1613033374,"event":{"mods":["AchievementEnabler","BaseMod","Colored Map","Gold Saver","Minty Spire (QoL Compilation)","Quick Restart","SuperFastMode"],"gold_per_floor":[109,120,120,136,61,61,99,119,119,119,63,63,63,101,101,101,101],"floor_reached":16,"language":"KOR","playtime":343,"items_purged":["Strike_R"],"score":216,"play_id":"f8300be6-3976-437b-ae76-9166ea99a963","local_time":"20210211174934","is_ascension_mode":true,"campfire_choices":[{"data":"Armaments","floor":6.0,"key":"SMITH"},{"data":"Feed","floor":10,"key":"SMITH"},{"data":"Body Slam","floor":12,"key":"SMITH"},{"floor":15,"key":"REST"}],"circlet_count":0,"master_deck":["AscendersBane","Strike_R","Strike_R","Strike_R","Defend_R","Defend_R","Defend_R","Defend_R","Bash","Feed+1","Armaments+1","Flame Barrier","Shrug It Off","Body Slam+1"],"relics":["Burning Blood","Golden Idol","White Beast Statue","Mercury Hourglass","Gremlin Horn"],"acts_visited":["Exordium"],"potions_floor_usage":[7,14],"damage_taken":[{"damage":3.0,"enemies":"2 Louse","floor":1.0,"turns":3.0},{"damage":0.0,"enemies":"Jaw Worm","floor":2.0,"turns":4.0},{"damage":0.0,"enemies":"Small Slimes","floor":4.0,"turns":4.0},{"damage":34,"enemies":"Gremlin Nob","floor":7,"turns":4},{"damage":6,"enemies":"Blue Slaver","floor":8,"turns":6},{"damage":11,"enemies":"Lagavulin","floor":14,"turns":6},{"damage":67,"enemies":"Slime Boss","floor":16,"turns":9}],"seed_played":"2373693560738736964","potions_obtained":[{"floor":2.0,"key":"SteroidPotion"},{"floor":8,"key":"DuplicationPotion"},{"floor":14,"key":"FearPotion"}],"is_trial":false,"path_per_floor":["M","M","?","M","$","R","E","M","T","R","$","R","?","E","R","B"],"character_chosen":"IRONCLAD","items_purchased":["Body Slam"],"campfire_rested":1,"item_purchase_floors":[11],"current_hp_per_floor":[74,81,53,62,62,62,34,38,38,38,38,38,31,26,52,0,0],"gold":101,"neow_bonus":"ONE_RANDOM_RARE_CARD","is_daily":false,"chose_seed":false,"campfire_upgraded":3,"win_rate":0.0,"timestamp":1613033374,"path_taken":["M","M","?","M","$","R","E","M","T","R","$","R","?","E","R","BOSS"],"items_purchased_type":["Card"],"build_version":"2020-12-22","purchased_purges":1,"victory":false,"max_hp_per_floor":[78,81,81,84,84,84,84,88,88,88,88,88,88,88,88,88,88],"card_choices":[{"not_picked":["Iron Wave","Anger"],"picked":"Armaments","floor":1.0},{"not_picked":["Wild Strike","Rupture","Metallicize"],"picked":"SKIP","floor":2.0},{"not_picked":["Armaments","Iron Wave"],"picked":"Flame Barrier","floor":4.0},{"not_picked":["Inflame","Sever Soul"],"picked":"Shrug It Off","floor":7},{"not_picked":["Flame Barrier","Havoc","True Grit"],"picked":"SKIP","floor":8},{"not_picked":["Pommel Strike","Flex","Rampage"],"picked":"SKIP","floor":14}],"player_experience":541894,"relics_obtained":[{"floor":7,"key":"White Beast Statue"},{"floor":9,"key":"Mercury Hourglass"},{"floor":14,"key":"Gremlin Horn"}],"event_choices":[{"damage_healed":0.0,"max_hp_gain":0.0,"max_hp_loss":0.0,"gold_gain":0.0,"event_name":"Golden Idol","player_choice":"Take Damage","floor":3.0,"gold_loss":0.0,"damage_taken":28.0,"relics_obtained":["Golden Idol"]},{"cards_removed":["Strike_R"],"damage_healed":0,"gold_gain":0,"player_choice":"Card Removal","damage_taken":7,"max_hp_gain":0,"max_hp_loss":0,"event_name":"Golden Wing","floor":13,"gold_loss":0}],"is_beta":false,"boss_relics":[],"items_purged_floors":[5],"is_endless":false,"potions_floor_spawned":[2,8,14],"killed_by":"Slime Boss","ascension_level":20}}