{"host":"lv3zv4svf9qrs9uo","time":1613024960,"event":{"mods":["AchievementEnabler","BaseMod","Minty Spire (QoL Compilation)","Relic Stats"],"gold_per_floor":[114,189,204,219,234,234,264,93,93,108,108,138,153,183,183,283,283,298,48,63,90,117,159,171,198,260,287,299,311,338,365,377,489,501,528,555,567,594,656,698,725,26,51,81,81,96,111,126,126,126],"floor_reached":51,"language":"ENG","playtime":8352,"items_purged":["Strike_P","Defend_P","Strike_P"],"score":982,"play_id":"d8a28fb4-ecfe-4d5d-bd0a-1b37165f964e","local_time":"20210210222920","daily_mods":["Allstar","Vintage","Binary"],"is_ascension_mode":false,"campfire_choices":[{"data":"Eruption","floor":6.0,"key":"SMITH"},{"data":"ThirdEye","floor":15.0,"key":"SMITH"},{"data":"Vault","floor":24,"key":"SMITH"},{"data":"Panacea","floor":28,"key":"SMITH"},{"data":"SashWhip","floor":32,"key":"SMITH"},{"data":"Panacea","floor":49,"key":"SMITH"}],"circlet_count":0,"master_deck":["Strike_P","Strike_P","Defend_P","Defend_P","Defend_P","Eruption+1","Vigilance","Swift Strike","Dark Shackles","Sadistic Nature","Master of Strategy","Panacea+1","Consecrate+1","PathToVictory+1","ThirdEye+1","Vault+1","SashWhip+1","Consecrate+1","Devotion+1","Alpha","ReachHeaven+1","EmptyFist+1","PathToVictory","Dramatic Entrance","Halt+1","Panacea+1"],"relics":["PureWater","Frozen Egg 2","Anchor","Art of War","Toy Ornithopter","Boot","Matryoshka","Akabeko","Kunai","Oddly Smooth Stone","Prayer Wheel","SlaversCollar","Meat on the Bone","Bag of Preparation","MawBank","TeardropLocket","Question Card","PreservedInsect","Regal Pillow","Bronze Scales","Happy Flower","Torii","InkBottle","Ornamental Fan","Coffee Dripper","Damaru","Nunchaku","Pear","Yang","Bottled Flame","CloakClasp","Whetstone","Girya","Dead Branch","ClockworkSouvenir","Blood Vial","Dream Catcher","Mummified Hand","Ginger","Potion Belt"],"acts_visited":["Exordium","TheCity","TheBeyond"],"potions_floor_usage":[33,47,50,50],"damage_taken":[{"damage":2.0,"enemies":"2 Louse","floor":1.0,"turns":3.0},{"damage":0.0,"enemies":"Jaw Worm","floor":3.0,"turns":2.0},{"damage":0.0,"enemies":"Cultist","floor":4.0,"turns":2.0},{"damage":1.0,"enemies":"Exordium Wildlife","floor":5.0,"turns":4.0},{"damage":13.0,"enemies":"3 Sentries","floor":7.0,"turns":7.0},{"damage":0.0,"enemies":"Looter","floor":10.0,"turns":2.0},{"damage":6.0,"enemies":"Lagavulin","floor":12.0,"turns":6.0},{"damage":0.0,"enemies":"Large Slime","floor":13.0,"turns":2.0},{"damage":0.0,"enemies":"3 Sentries","floor":14.0,"turns":4.0},{"damage":3.0,"enemies":"Hexaghost","floor":16.0,"turns":9.0},{"damage":0.0,"enemies":"2 Thieves","floor":18.0,"turns":4.0},{"damage":0.0,"enemies":"Spheric Guardian","floor":20.0,"turns":4.0},{"damage":0.0,"enemies":"Centurion and Healer","floor":21.0,"turns":4.0},{"damage":0.0,"enemies":"Cultist and Chosen","floor":22.0,"turns":4.0},{"damage":0,"enemies":"Gremlin Leader","floor":23,"turns":4},{"damage":0,"enemies":"Shelled Parasite and Fungi","floor":25,"turns":3},{"damage":0,"enemies":"Snake Plant","floor":27,"turns":3},{"damage":0,"enemies":"Cultist and Chosen","floor":30,"turns":5},{"damage":0,"enemies":"3 Cultists","floor":31,"turns":5},{"damage":15,"enemies":"Collector","floor":33,"turns":10},{"damage":12,"enemies":"3 Shapes","floor":35,"turns":4},{"damage":0,"enemies":"3 Darklings","floor":36,"turns":4},{"damage":21,"enemies":"Sphere and 2 Shapes","floor":38,"turns":6},{"damage":0,"enemies":"Mind Bloom Boss Battle","floor":39,"turns":5},{"damage":0,"enemies":"Reptomancer","floor":40,"turns":3},{"damage":0,"enemies":"Spire Growth","floor":41,"turns":3},{"damage":0,"enemies":"Nemesis","floor":44,"turns":5},{"damage":0,"enemies":"3 Darklings","floor":46,"turns":1},{"damage":6,"enemies":"Writhing Mass","floor":47,"turns":5},{"damage":0,"enemies":"Jaw Worm Horde","floor":48,"turns":3},{"damage":0,"enemies":"Awakened One","floor":50,"turns":14}],"seed_played":"-587577638262706789","potions_obtained":[{"floor":1.0,"key":"Fruit Juice"},{"floor":3.0,"key":"Weak Potion"},{"floor":4.0,"key":"Block Potion"},{"floor":12.0,"key":"Energy Potion"},{"floor":16.0,"key":"FearPotion"},{"floor":20.0,"key":"PowerPotion"},{"floor":23,"key":"Ambrosia"},{"floor":31,"key":"Dexterity Potion"},{"floor":40,"key":"LiquidMemories"},{"floor":47,"key":"StancePotion"},{"floor":48,"key":"DistilledChaos"}],"is_trial":false,"path_per_floor":["M","?","M","M","M","R","E","$","T","M","?","E","M","E","R","B",null,"M","$","M","M","M","E","R","M","T","M","R","?","M","M","R","B",null,"M","M","T","M","?","E","M","$","T","E","?","M","M","M","R","B",null],"character_chosen":"WATCHER","items_purchased":["PathToVictory","AttackPotion","Bag of Preparation","PathToVictory","Dead Branch","Dramatic Entrance","ClockworkSouvenir"],"campfire_rested":0,"item_purchase_floors":[8,8,19,42,42,42,42],"current_hp_per_floor":[70,59,59,59,58,58,50,50,50,50,36,35,35,35,35,37,72,72,72,77,77,77,77,77,77,77,77,77,77,77,77,77,62,77,65,65,75,54,54,54,54,54,54,56,56,58,59,61,61,73],"gold":126,"neow_bonus":"","is_daily":true,"chose_seed":false,"campfire_upgraded":6,"win_rate":0.0,"timestamp":1613024960,"path_taken":["M","?","M","M","M","R","E","$","T","M","?","E","M","E","R","BOSS","M","$","M","M","M","E","R","M","T","M","R","?","M","M","R","BOSS","M","M","?","M","?","E","M","$","T","E","?","M","M","M","R","BOSS"],"items_purchased_type":["Card","Potion","Relic","Card","Relic","Card","Relic"],"build_version":"2020-12-22","purchased_purges":3,"victory":true,"max_hp_per_floor":[72,72,72,72,72,72,72,72,72,72,72,72,72,72,72,72,72,72,72,77,77,77,77,77,77,77,77,77,77,77,77,77,77,77,77,77,87,87,87,87,87,87,87,87,87,87,87,87,87,87],"relic_stats":{"Regal Pillow":0,"Torii":1,"Yang":[89],"Bag of Preparation":[40],"CloakClasp":[135],"Whetstone":["ReachHeaven","Consecrate"],"Ginger":[0],"Boot":[27],"Blood Vial":10,"Nunchaku":[8],"Dream Catcher":0,"Mummified Hand":[10],"Prayer Wheel":0,"Kunai":[44],"InkBottle":[33],"Happy Flower":[25],"counters":[31,140],"Dead Branch":[39],"PreservedInsect":106,"MawBank":264,"Question Card":6,"Ornamental Fan":[100],"Bronze Scales":[176],"Art of War":[24],"obtain_stats":[{"Regal Pillow":25,"Torii":27,"Yang":37,"Bag of Preparation":19,"CloakClasp":39,"TeardropLocket":21,"Whetstone":40,"Ginger":47,"Boot":7,"ClockworkSouvenir":42,"Blood Vial":43,"Nunchaku":36,"Dream Catcher":44,"Matryoshka":9,"Mummified Hand":46,"Prayer Wheel":14,"Kunai":12,"InkBottle":30,"Potion Belt":48,"Girya":41,"Pear":37,"Happy Flower":26,"Dead Branch":42,"Oddly Smooth Stone":13,"Damaru":35,"PreservedInsect":23,"Frozen Egg 2":1,"MawBank":20,"Question Card":22,"Akabeko":10,"SlaversCollar":17,"Anchor":3,"Bottled Flame":38,"Ornamental Fan":31,"Bronze Scales":26,"Art of War":4,"Coffee Dripper":34,"PureWater":0,"Toy Ornithopter":5,"Meat on the Bone":18},{"Regal Pillow":16,"Torii":17,"Yang":22,"Bag of Preparation":11,"CloakClasp":24,"TeardropLocket":13,"Whetstone":25,"Ginger":29,"Boot":5,"ClockworkSouvenir":26,"Blood Vial":26,"Nunchaku":22,"Dream Catcher":27,"Matryoshka":5,"Mummified Hand":28,"Prayer Wheel":9,"Kunai":7,"InkBottle":18,"Potion Belt":30,"Girya":26,"Pear":22,"Happy Flower":16,"Dead Branch":26,"Oddly Smooth Stone":8,"Damaru":21,"PreservedInsect":15,"Frozen Egg 2":1,"MawBank":12,"Question Card":14,"Akabeko":6,"SlaversCollar":10,"Anchor":2,"Bottled Flame":23,"Ornamental Fan":19,"Bronze Scales":16,"Art of War":3,"Coffee Dripper":20,"PureWater":0,"Toy Ornithopter":4,"Meat on the Bone":11},{"Regal Pillow":64,"Torii":67,"Yang":95,"Bag of Preparation":45,"CloakClasp":106,"TeardropLocket":53,"Whetstone":109,"Ginger":123,"Boot":18,"ClockworkSouvenir":112,"Blood Vial":112,"Nunchaku":95,"Dream Catcher":117,"Matryoshka":18,"Mummified Hand":118,"Prayer Wheel":32,"Kunai":26,"InkBottle":72,"Potion Belt":126,"Girya":112,"Pear":95,"Happy Flower":64,"Dead Branch":112,"Oddly Smooth Stone":28,"Damaru":91,"PreservedInsect":61,"Frozen Egg 2":3,"MawBank":49,"Question Card":57,"Akabeko":20,"SlaversCollar":41,"Anchor":5,"Bottled Flame":101,"Ornamental Fan":77,"Bronze Scales":64,"Art of War":7,"Coffee Dripper":87,"PureWater":0,"Toy Ornithopter":11,"Meat on the Bone":45}],"Toy Ornithopter":30,"Meat on the Bone":0},"card_choices":[{"not_picked":["SandsOfTime"],"picked":"Consecrate","floor":7.0},{"not_picked":["Worship","Tantrum"],"picked":"SKIP","floor":12.0},{"not_picked":["Tantrum"],"picked":"ThirdEye","floor":14.0},{"not_picked":["Brilliance"],"picked":"Vault","floor":16.0},{"not_picked":["JustLucky","FlyingSleeves"],"picked":"SashWhip","floor":23},{"not_picked":["LessonLearned","ConjureBlade"],"picked":"Alpha","floor":33},{"not_picked":["FlyingSleeves","Perseverance"],"picked":"ReachHeaven","floor":39},{"not_picked":["Consecrate","WindmillStrike"],"picked":"EmptyFist+1","floor":40},{"not_picked":["ForeignInfluence+1","Brilliance"],"picked":"Halt+1","floor":44},{"not_picked":["PanicButton","Discovery"],"picked":"Panacea","floor":45}],"player_experience":560919,"relics_obtained":[{"floor":1.0,"key":"Frozen Egg 2"},{"floor":3.0,"key":"Anchor"},{"floor":4.0,"key":"Art of War"},{"floor":5.0,"key":"Toy Ornithopter"},{"floor":7.0,"key":"Boot"},{"floor":9.0,"key":"Matryoshka"},{"floor":10.0,"key":"Akabeko"},{"floor":12.0,"key":"Kunai"},{"floor":13.0,"key":"Oddly Smooth Stone"},{"floor":14.0,"key":"Prayer Wheel"},{"floor":18.0,"key":"Meat on the Bone"},{"floor":20.0,"key":"MawBank"},{"floor":21.0,"key":"TeardropLocket"},{"floor":22.0,"key":"Question Card"},{"floor":23,"key":"PreservedInsect"},{"floor":25,"key":"Regal Pillow"},{"floor":26,"key":"Bronze Scales"},{"floor":26,"key":"Happy Flower"},{"floor":27,"key":"Torii"},{"floor":30,"key":"InkBottle"},{"floor":31,"key":"Ornamental Fan"},{"floor":35,"key":"Damaru"},{"floor":36,"key":"Nunchaku"},{"floor":37,"key":"Pear"},{"floor":37,"key":"Yang"},{"floor":38,"key":"Bottled Flame"},{"floor":39,"key":"CloakClasp"},{"floor":40,"key":"Whetstone"},{"floor":41,"key":"Girya"},{"floor":43,"key":"Blood Vial"},{"floor":44,"key":"Dream Catcher"},{"floor":46,"key":"Mummified Hand"},{"floor":47,"key":"Ginger"},{"floor":48,"key":"Potion Belt"}],"event_choices":[{"damage_healed":0.0,"max_hp_gain":0.0,"max_hp_loss":0.0,"gold_gain":75.0,"event_name":"World of Goop","player_choice":"Gather Gold","floor":2.0,"gold_loss":0.0,"damage_taken":11.0},{"damage_healed":0.0,"max_hp_gain":0.0,"max_hp_loss":0.0,"gold_gain":0.0,"event_name":"Shining Light","player_choice":"Entered Light","floor":11.0,"gold_loss":0.0,"damage_taken":14.0,"cards_upgraded":["Consecrate","PathToVictory"]},{"damage_healed":0,"gold_gain":0,"player_choice":"2 cards matched","damage_taken":0,"max_hp_gain":0,"max_hp_loss":0,"event_name":"Match and Keep!","floor":29,"gold_loss":0,"cards_obtained":["Consecrate","Devotion"]},{"damage_healed":0,"gold_gain":0,"player_choice":"Fight","damage_taken":0,"max_hp_gain":0,"max_hp_loss":0,"event_name":"MindBloom","floor":39,"gold_loss":0},{"damage_healed":0,"gold_gain":0,"player_choice":"Memory 1","damage_taken":0,"max_hp_gain":0,"max_hp_loss":0,"event_name":"SensoryStone","floor":45,"gold_loss":0}],"is_beta":false,"boss_relics":[{"not_picked":["Cursed Key","SacredBark"],"picked":"SlaversCollar"},{"not_picked":["Busted Crown","Runic Dome"],"picked":"Coffee Dripper"}],"items_purged_floors":[8,19,42],"is_endless":false,"potions_floor_spawned":[1,3,4,12,16,20,21,23,25,27,31,40,41,47,48],"ascension_level":0}}