{"host":"7qoz5gmva6til3yp","time":1613049039,"event":{"mods":["2.2 Compatiblity","Astrologer","BaseMod","Minty Spire (QoL Compilation)","StSLib","SuperFastMode","The Poker Player"],"gold_per_floor":[111,111,131,56,56,83,83,102,127,127,147,147,47,81,81,81,81],"floor_reached":16,"language":"KOR","playtime":385,"items_purged":["Strike_G","Defend_G"],"score":173,"play_id":"c2f5d3fe-7e0c-4139-9cda-9fee6c4d6cc0","local_time":"20210211221039","is_ascension_mode":true,"campfire_choices":[{"floor":7.0,"key":"REST"},{"floor":10.0,"key":"REST"},{"floor":15,"key":"REST"}],"circlet_count":0,"master_deck":["AscendersBane","Strike_G+1","Strike_G","Strike_G","Defend_G+1","Defend_G","Defend_G","Survivor","Neutralize","Riddle With Holes+1","PiercingWail+1","Blur","Acrobatics","Die Die Die"],"relics":["Ring of the Snake","War Paint","Strawberry","Golden Idol","Kunai"],"acts_visited":["Exordium"],"potions_floor_usage":[14,16],"damage_taken":[{"damage":3.0,"enemies":"Jaw Worm","floor":1.0,"turns":6.0},{"damage":4.0,"enemies":"Small Slimes","floor":3.0,"turns":3.0},{"damage":35.0,"enemies":"3 Sentries","floor":6.0,"turns":12.0},{"damage":0.0,"enemies":"2 Louse","floor":8.0,"turns":2.0},{"damage":0.0,"enemies":"Exordium Wildlife","floor":11.0,"turns":4.0},{"damage":20,"enemies":"Lagavulin","floor":14,"turns":5},{"damage":46,"enemies":"The Guardian","floor":16,"turns":13}],"seed_played":"5964648933135009977","potions_obtained":[{"floor":1.0,"key":"Weak Potion"},{"floor":6.0,"key":"CultistPotion"},{"floor":14,"key":"SneckoOil"}],"is_trial":false,"path_per_floor":["M","?","M","$","?","E","R","M","T","R","M","?","$","E","R","B"],"character_chosen":"THE_SILENT","items_purchased":[],"campfire_rested":3,"item_purchase_floors":[],"current_hp_per_floor":[60,65,61,61,47,12,32,32,39,61,61,43,43,23,45,0,0],"gold":81,"neow_bonus":"REMOVE_TWO","is_daily":false,"chose_seed":false,"campfire_upgraded":0,"win_rate":0.0,"timestamp":1613049039,"path_taken":["M","?","M","$","?","E","R","M","T","R","M","?","?","E","R","BOSS"],"items_purchased_type":[],"build_version":"2020-12-22","purchased_purges":2,"victory":false,"max_hp_per_floor":[63,68,68,68,68,68,68,68,75,75,75,75,75,75,75,75,75],"card_choices":[{"not_picked":["Flechettes","Blade Dance"],"picked":"Riddle With Holes","floor":1.0},{"not_picked":["Dash","Blade Dance"],"picked":"PiercingWail","floor":3.0},{"not_picked":["Caltrops","Prepared"],"picked":"Blur","floor":6.0},{"not_picked":["Eviscerate","Deadly Poison"],"picked":"Acrobatics","floor":8.0},{"not_picked":["Quick Slash","Crippling Poison","Deflect"],"picked":"SKIP","floor":11.0},{"not_picked":["Flying Knee","Masterful Stab"],"picked":"Die Die Die","floor":14}],"player_experience":497288,"relics_obtained":[{"floor":6.0,"key":"War Paint"},{"floor":9.0,"key":"Strawberry"},{"floor":14,"key":"Kunai"}],"event_choices":[{"damage_healed":0.0,"max_hp_gain":5.0,"max_hp_loss":0.0,"gold_gain":0.0,"event_name":"Big Fish","player_choice":"Donut","floor":2.0,"gold_loss":0.0,"damage_taken":0.0},{"damage_healed":0.0,"max_hp_gain":0.0,"max_hp_loss":0.0,"gold_gain":0.0,"event_name":"Shining Light","player_choice":"Entered Light","floor":5.0,"gold_loss":0.0,"damage_taken":14.0,"cards_upgraded":["Strike_G","Riddle With Holes"]},{"damage_healed":0.0,"max_hp_gain":0.0,"max_hp_loss":0.0,"gold_gain":0.0,"event_name":"Golden Idol","player_choice":"Take Damage","floor":12.0,"gold_loss":0.0,"damage_taken":18.0,"relics_obtained":["Golden Idol"]}],"is_beta":false,"boss_relics":[],"items_purged_floors":[4,13],"is_endless":false,"potions_floor_spawned":[1,6,14],"killed_by":"The Guardian","ascension_level":12}}