{"host":"x7u3amoxy3d4heu5","time":1613074178,"event":{"mods":["BaseMod","Colored Map","DeckTracker","Hermit","Hubris","Infinite Spire","Marisa????????","Minty Spire (QoL Compilation)","Quick Restart","Replay The Spire","StSLib","The Cursed","The IronCluck","The Jungle","The Servant 0.9.4","The Wild Card","Unceasing Turn Reminder","slay the spire mod where everything is the same but ironclad has a cowboy hat"],"gold_per_floor":[110,130,145,145,157,157,157,157,181,181,197,177,196,223,223,325,325,348,378,390,402,427,439,483,495,507,533,545,571,600,625,637,749,761,787,817,251,270,321,321,321,346,392,422,422,422,422,422],"floor_reached":47,"language":"ENG","playtime":2518,"items_purged":[],"score":718,"play_id":"b879a08e-daa4-4323-89a1-8f3f3a45c9d2","local_time":"20210211130938","is_ascension_mode":true,"campfire_choices":[{"floor":6,"key":"REST"},{"data":"theWildCard:PaleRider","floor":8,"key":"SMITH"},{"data":"hermit:Covet","floor":10,"key":"SMITH"},{"floor":15,"key":"REST"},{"data":"hubris:InfiniteBlow+6","floor":23,"key":"SMITH"},{"data":"hermit:EternalForm","floor":25,"key":"SMITH"},{"floor":40,"key":"REST"}],"circlet_count":0,"master_deck":["hermit:CursedWeapon+1","hermit:Strike_Hermit","hermit:Strike_Hermit+1","hermit:Strike_Hermit","hermit:Strike_Hermit","hermit:Defend_Hermit","hermit:Defend_Hermit","hermit:Defend_Hermit","hermit:Defend_Hermit","hermit:Snapshot+1","hermit:Covet+1","hermit:Misfire+1","hermit:SprayPray","hermit:Misfire","hermit:Coalescence","theWildCard:PaleRider+1","hermit:Magnum","hermit:Malice+1","hermit:Magnum+1","CurseOfTheBell","hermit:Manifest","hermit:Virtue+1","Overencumbered","Injury","hubris:InfiniteBlow+8","hermit:Ricochet+1","hermit:EternalForm+1","hermit:HoleUp+1","hermit:Snipe","hermit:Quickdraw+1","hermit:EyeOfTheStorm+1","hermit:EyeOfTheStorm","hermit:RoundhouseKick+1","hermit:BodyArmor","hermit:Determination","Master of Strategy","Midas Touch","Violence","Panacea","hermit:Dive","hermit:Reprieve+1","hermit:Coalescence+1","hermit:Spite+1","Writhe"],"relics":["hermit:Momento","Boot","Molten Egg 2","Calling Bell","MawBank","Eternal Feather","Mango","Potion Belt","Bag of Preparation","Replay:Bronze Core","Strawberry","infinitespire:Satchel","ReplayTheSpireMod:ShopPack","hubris:GlazedTorus","infinitespire:Lucky Rock","hubris:SlimyHat","infinitespire:ShieldingShard","Pantograph","hubris:FruitBowl"],"acts_visited":["Exordium","TheCity","TheBeyond"],"potions_floor_usage":[39,39,47,47],"damage_taken":[{"damage":9,"enemies":"Jaw Worm","floor":1,"turns":2},{"damage":0,"enemies":"2 Louse","floor":2,"turns":1},{"damage":2,"enemies":"Cultist","floor":3,"turns":1},{"damage":11,"enemies":"Looter","floor":5,"turns":2},{"damage":2,"enemies":"Exordium Thugs","floor":11,"turns":2},{"damage":21,"enemies":"Exordium Wildlife","floor":13,"turns":2},{"damage":6,"enemies":"3 Sentries","floor":14,"turns":3},{"damage":2,"enemies":"Slime Boss","floor":16,"turns":1},{"damage":21,"enemies":"Shell Parasite","floor":18,"turns":3},{"damage":23,"enemies":"2 Thieves","floor":19,"turns":3},{"damage":8,"enemies":"Centurion and Healer","floor":22,"turns":2},{"damage":12,"enemies":"Replay:Snechameleon","floor":24,"turns":3},{"damage":12,"enemies":"Chosen and Byrds","floor":27,"turns":2},{"damage":8,"enemies":"3 Cultists","floor":29,"turns":3},{"damage":10,"enemies":"Snake Plant","floor":30,"turns":2},{"damage":2,"enemies":"Centurion and Healer","floor":31,"turns":2},{"damage":14,"enemies":"Collector","floor":33,"turns":5},{"damage":8,"enemies":"3 Shapes","floor":35,"turns":2},{"damage":18,"enemies":"Orb Walker","floor":36,"turns":2},{"damage":62,"enemies":"Transient","floor":38,"turns":5},{"damage":0,"enemies":"2 Orb Walkers","floor":39,"turns":1},{"damage":40,"enemies":"Nemesis","floor":42,"turns":5},{"damage":2,"enemies":"Reptomancer","floor":44,"turns":2},{"damage":14,"enemies":"4 Shapes","floor":47,"turns":2}],"seed_played":"-7744962820408786078","potions_obtained":[{"floor":1,"key":"SkillPotion"},{"floor":3,"key":"EssenceOfSteel"},{"floor":12,"key":"Toxic Potion"},{"floor":29,"key":"FearPotion"},{"floor":31,"key":"Fire Potion"},{"floor":42,"key":"Energy Potion"},{"floor":44,"key":"SkillPotion"}],"is_trial":false,"path_per_floor":["M","M","M","?","M","R","?","R","T","R","M","?","M","E","R","B",null,"M","M","$","?","M","R","E","R","T","M","?","M","M","M","R_BF","B",null,"M","M","$","M","?","R","?","E","T","E","?","$","M"],"character_chosen":"HERMIT","items_purchased":["Master of Strategy","Strawberry","infinitespire:Satchel","ReplayTheSpireMod:ShopPack","Pantograph","hubris:FruitBowl"],"campfire_rested":3,"item_purchase_floors":[37,37,37,37,46,46],"current_hp_per_floor":[66,66,64,49,38,60,60,60,60,60,58,58,37,31,53,51,89,68,45,45,45,37,52,40,55,55,43,43,35,25,23,67,53,89,81,63,70,8,8,60,60,24,24,22,46,11,0,0],"gold":422,"neow_bonus":"UPGRADE_CARD","is_daily":false,"chose_seed":false,"campfire_upgraded":4,"win_rate":0.0,"timestamp":1613074178,"path_taken":["M","M","M","?","M","R","?","R","T","R","M","?","M","E","R","BOSS","M","M","$","?","M","R","E","R","T","M","?","M","?","M","R_BF","BOSS","M","M","$","M","?","R","?","E","T","E","?","?","M"],"items_purchased_type":["Card","Relic","Relic","Relic","Relic","Relic"],"build_version":"2020-12-22","purchased_purges":0,"victory":false,"max_hp_per_floor":[75,75,75,75,75,75,75,75,75,75,75,75,75,75,75,75,89,89,89,89,89,89,89,89,89,89,89,89,89,89,89,89,89,89,89,89,96,96,96,96,96,96,96,96,96,96,96,96],"card_choices":[{"not_picked":["hermit:Dive","hermit:Desperado"],"picked":"hermit:Misfire","floor":1},{"not_picked":["hermit:WideOpen","hermit:Headshot"],"picked":"hermit:SprayPray","floor":2},{"not_picked":["hermit:CalledShot","hermit:ItchyTrigger"],"picked":"hermit:Misfire","floor":3},{"not_picked":["hermit:TrackingShot","hermit:Misfire"],"picked":"hermit:Coalescence","floor":5},{"not_picked":["hermit:Quickdraw","hermit:BodyArmor"],"picked":"hermit:Magnum","floor":11},{"not_picked":["hermit:CalledShot","hermit:LowProfile"],"picked":"hermit:HighCaliber","floor":13},{"not_picked":["hermit:Determination","hermit:Coalescence"],"picked":"hermit:Malice+1","floor":14},{"not_picked":["hermit:DeadOrAlive+1","hermit:OverwhelmingPower"],"picked":"hermit:Magnum+1","floor":16},{"not_picked":["hermit:PistolWhip+1","hermit:FlashPowder"],"picked":"hermit:Manifest","floor":18},{"not_picked":["hermit:Dive","hermit:Roulette+1"],"picked":"hermit:Virtue+1","floor":19},{"not_picked":["infinitespire:SevenWalls","infinitespire:Menacing"],"picked":"hubris:InfiniteBlow+6","floor":21},{"not_picked":["hermit:Midnight+1","hermit:CalledShot+1"],"picked":"hermit:Ricochet+1","floor":22},{"not_picked":["hermit:TrackingShot+1","hermit:Glare"],"picked":"hermit:EternalForm","floor":24},{"not_picked":["hermit:Vantage","hermit:CursedWeapon+1"],"picked":"hermit:HoleUp+1","floor":27},{"not_picked":["hermit:Ricochet+1","hermit:HighCaliber+1"],"picked":"hermit:Quickdraw+1","floor":29},{"not_picked":["hermit:Roulette+1","hermit:Combo"],"picked":"hermit:EyeOfTheStorm+1","floor":30},{"not_picked":["hermit:LoneWolf","hermit:TakeCover"],"picked":"hermit:EyeOfTheStorm","floor":31},{"not_picked":["hermit:Purgatory+1","hermit:BlackWind+1"],"picked":"hermit:RoundhouseKick+1","floor":33},{"not_picked":["hermit:Maintenance","hermit:Feint"],"picked":"hermit:BodyArmor","floor":35},{"not_picked":["hermit:Roulette+1","hermit:Glare+1"],"picked":"hermit:Determination","floor":36},{"not_picked":["Chrysalis","Metamorphosis"],"picked":"Midas Touch","floor":37},{"not_picked":["Replay:Parry","Forethought"],"picked":"Violence","floor":37},{"not_picked":["Madness","Thinking Ahead"],"picked":"Panacea","floor":37},{"not_picked":["hermit:BigShot+1","hermit:Deadeye+1"],"picked":"hermit:Dive","floor":38},{"not_picked":["hermit:Midnight+1","hermit:Dive"],"picked":"hermit:Reprieve","floor":39},{"not_picked":["hermit:Spite+1","hermit:Snipe+1"],"picked":"hermit:Coalescence+1","floor":42},{"not_picked":["hermit:LuckOfTheDraw","hermit:BodyArmor+1"],"picked":"hermit:Spite+1","floor":44}],"player_experience":564693,"relics_obtained":[{"floor":9,"key":"Boot"},{"floor":14,"key":"Molten Egg 2"},{"floor":17,"key":"MawBank"},{"floor":17,"key":"Eternal Feather"},{"floor":17,"key":"Mango"},{"floor":24,"key":"Potion Belt"},{"floor":26,"key":"Bag of Preparation"},{"floor":39,"key":"hubris:GlazedTorus"},{"floor":42,"key":"infinitespire:Lucky Rock"},{"floor":43,"key":"hubris:SlimyHat"},{"floor":44,"key":"infinitespire:ShieldingShard"}],"event_choices":[{"damage_healed":0,"gold_gain":0,"player_choice":"Entered Light","damage_taken":15,"max_hp_gain":0,"max_hp_loss":0,"event_name":"Shining Light","floor":4,"gold_loss":0,"cards_upgraded":["hermit:Misfire","hermit:Strike_Hermit"]},{"damage_healed":0,"gold_gain":0,"player_choice":"Bought 1 Potion","damage_taken":0,"max_hp_gain":0,"max_hp_loss":0,"event_name":"The Woman in Blue","floor":12,"gold_loss":0},{"damage_healed":0,"gold_gain":0,"cards_transformed":["hermit:HighCaliber"],"player_choice":"Transformed","damage_taken":0,"max_hp_gain":0,"max_hp_loss":0,"event_name":"Transmorgrifier","floor":28,"gold_loss":0,"cards_obtained":["hermit:Snipe"]},{"damage_healed":0,"gold_gain":0,"player_choice":"Fight","damage_taken":0,"max_hp_gain":0,"max_hp_loss":0,"event_name":"Mysterious Sphere","floor":39,"gold_loss":0},{"damage_healed":24,"gold_gain":0,"player_choice":"Writhe","damage_taken":0,"max_hp_gain":0,"max_hp_loss":0,"event_name":"Winding Halls","floor":45,"gold_loss":0,"cards_obtained":["Writhe"]}],"is_beta":false,"boss_relics":[{"not_picked":["Replay:Drink Me","hubris:BlackHole"],"picked":"Calling Bell"},{"not_picked":["hubris:ScarierMask","hubris:HollowSoul"],"picked":"Replay:Bronze Core"}],"items_purged_floors":[],"is_endless":false,"potions_floor_spawned":[1,3,13,14,18,19,29,31,42,44],"killed_by":"4 Shapes","ascension_level":2}}