{"host":"56xwnffi6e9z5l58","time":1613058737,"event":{"mods":["Aspiration","BaseMod","Better Match","Better Note","Better Sensory Stone","BetterRewards","Colored Map","Colored Powertips","Conspire","Downfall","GifTheSpireLib","Hermit","Highlight Path","Hubris","Infinite Spire","Key Reminder","Minty Spire (QoL Compilation)","Permanent Neow","Quick Restart","Rare Cards Sparkle","Replay The Spire","StSLib","Stuff the Spire","SuperFastMode","Unceasing Turn Reminder"],"gold_per_floor":[99,111,121,139,153,171,240,266,176,207,92,92,92,103,120,220,220,20,37,22,36,36,36,85,106,106,106,106,132,132,166,190,190,190,190],"floor_reached":33,"language":"ENG","playtime":1435,"items_purged":["hexamod:Defend","hubris:Wrath"],"score":354,"play_id":"698a36a7-2cd7-4f21-b61e-e015f723faeb","local_time":"20210211235217","is_ascension_mode":false,"campfire_choices":[{"floor":1.0,"key":"RECALL"},{"data":"hexamod:GhostflameInferno","floor":12.0,"key":"SMITH"},{"data":"hexamod:VolcanoVisage","floor":18,"key":"SMITH"},{"data":"hexamod:UnlimitedPower","floor":23,"key":"SMITH"},{"data":"hexamod:GiftsFromTheDead","floor":27,"key":"SMITH"},{"data":"hexamod:GhostOfSpirePresent","floor":30,"key":"SMITH"}],"circlet_count":0,"master_deck":["hexamod:Strike","hexamod:Strike","hexamod:Strike","hexamod:Strike","hexamod:Defend+1","hexamod:Defend","hexamod:Defend","hexamod:Sear","hexamod:Float","hexamod:HeatShield+1","hexamod:GiftsFromTheDead+1","hexamod:StepThrough+1","hexamod:ThirdSeal","hexamod:FlamesFromBeyond","hexamod:GhostflameInferno+1","hexamod:RadiantFlame+1","hexamod:VolcanoVisage+1","hexamod:NightmareStrike","hexamod:Incineration","hexamod:GhostOfSpireFuture","hexamod:FirstSeal","hexamod:EtherealExpedition+1","hexamod:SpectralAdrenaline+1","hexamod:UnleashSpirits+1","hexamod:SixthSeal","hexamod:GhostOfSpirePresent+1","hexamod:SpectersWail","hexamod:PhantomCloak","hexamod:SkipABeat+1","hexamod:UnlimitedPower+1","hexamod:SecondSeal","StuffTheSpire:CuriosityCurse","hexamod:DynamicBlow+1","hexamod:GhostOfSpirePast+1","hexamod:RainOfEmbers+1"],"relics":["hexamod:SpiritBrand","hubris:GlazedTorus","keyreminder:keyreminder","Shuriken","Replay:Ringing Soul","Anchor","infinitespire:Cupcake","downfall:HeartBlessingRed","downfall:HeartBlessingGreen","PreservedInsect","infinitespire:PuzzleCube","Ginger"],"acts_visited":["Exordium","TheCity"],"potions_floor_usage":[33],"damage_taken":[{"damage":1.0,"enemies":"Jaw Worm","floor":2.0,"turns":3.0},{"damage":0.0,"enemies":"2 Louse","floor":3.0,"turns":4.0},{"damage":0.0,"enemies":"Cultist","floor":4.0,"turns":3.0},{"damage":0.0,"enemies":"3 Louse","floor":5.0,"turns":1.0},{"damage":5.0,"enemies":"Exordium Wildlife","floor":6.0,"turns":5.0},{"damage":13.0,"enemies":"3 Sentries","floor":8.0,"turns":7.0},{"damage":5.0,"enemies":"downfall:FleeingMerchant","floor":9.0,"turns":4.0},{"damage":11.0,"enemies":"Gremlin Nob","floor":10.0,"turns":4.0},{"damage":10.0,"enemies":"downfall:FleeingMerchant","floor":11.0,"turns":4.0},{"damage":7.0,"enemies":"Large Slime","floor":14.0,"turns":5.0},{"damage":0.0,"enemies":"Lots of Slimes","floor":15.0,"turns":3.0},{"damage":17,"enemies":"SI_SHIV_ARCHETYPE","floor":16,"turns":6},{"damage":16,"enemies":"conspire:FuzzyDice","floor":19,"turns":5},{"damage":0,"enemies":"downfall:FleeingMerchant","floor":20,"turns":4},{"damage":0,"enemies":"Chosen","floor":21,"turns":4},{"damage":21,"enemies":"Snake Plant","floor":25,"turns":4},{"damage":9,"enemies":"conspire:HollyBat","floor":29,"turns":9},{"damage":7,"enemies":"Gremlin Leader","floor":31,"turns":5},{"damage":10,"enemies":"3 Cultists","floor":32,"turns":5},{"damage":85,"enemies":"DF_ARCHETYPE_CLAW","floor":33,"turns":7}],"seed_played":"1659917741802360641","potions_obtained":[{"floor":4.0,"key":"Explosive Potion"},{"floor":6.0,"key":"bronze:BurnAndBuffPotion"},{"floor":14.0,"key":"Block Potion"},{"floor":15.0,"key":"Slimebound:ThreeZeroPotion"},{"floor":29,"key":"hexamod:EctoCoolerPotion"}],"is_trial":false,"path_per_floor":["R_BF","M","M","M","M","M","T","E","$","E","$","R","?","M","M","B",null,"R","M","$","M","?","R","T","M","?","R","?","M","R","E","M","B"],"character_chosen":"THE_SPIRIT","items_purchased":[],"campfire_rested":0,"item_purchase_floors":[],"current_hp_per_floor":[70,69,69,69,69,64,64,54,52,44,37,37,42,45,55,48,96,96,90,93,96,96,96,96,75,75,75,78,76,76,79,79,0,0,0],"gold":190,"neow_bonus":"ONE_RARE_RELIC","is_daily":false,"chose_seed":false,"campfire_upgraded":5,"win_rate":0.0,"timestamp":1613058737,"path_taken":["R_BF","M","M","M","M","M","T","E","$","E","$","R","?","M","M","BOSS","R","M","$","M","?","R","T","M","?","R","?","M","R","E","M","BOSS"],"items_purchased_type":[],"build_version":"2020-12-22","purchased_purges":2,"victory":false,"max_hp_per_floor":[70,70,70,70,70,70,70,73,76,79,82,82,87,90,93,96,96,96,99,102,105,105,105,105,105,105,105,108,108,108,111,114,114,114,114],"card_choices":[{"not_picked":["hexamod:InspiringFlames","hexamod:GhostShield"],"picked":"hexamod:HeatShield","floor":2.0},{"not_picked":["hexamod:BurningTouch","hexamod:HauntingEcho"],"picked":"hexamod:GiftsFromTheDead","floor":3.0},{"not_picked":["hexamod:HauntingEcho","hexamod:HeatMetal"],"picked":"hexamod:StepThrough","floor":4.0},{"not_picked":["hexamod:SwordOfDarkness","hexamod:Rewind"],"picked":"hexamod:ThirdSeal","floor":5.0},{"not_picked":["hexamod:Haunt","hexamod:HeatMetal"],"picked":"hexamod:FlamesFromBeyond","floor":6.0},{"not_picked":["hexamod:BurningTouch","hexamod:FlamesFromBeyond","hexamod:AdvancingGuard"],"picked":"SKIP","floor":6.0},{"not_picked":["hexamod:DynamicBlow","hexamod:GhostShield"],"picked":"hexamod:GhostflameInferno","floor":8.0},{"not_picked":["hexamod:Hexaguard","hexamod:BurningTouch"],"picked":"hexamod:RadiantFlame","floor":8.0},{"not_picked":["hexamod:NightmareStrike","hexamod:RainOfEmbers"],"picked":"hexamod:VolcanoVisage","floor":9.0},{"not_picked":["hexamod:GhostShield","hexamod:Hexaguard"],"picked":"hexamod:NightmareStrike","floor":9.0},{"not_picked":["hexamod:GhostLash","hexamod:Again"],"picked":"hexamod:Incineration","floor":10.0},{"not_picked":["hexamod:GhostShield","hexamod:GiftsFromTheDead"],"picked":"hexamod:GhostOfSpireFuture","floor":10.0},{"not_picked":["hexamod:HauntingEcho","hexamod:GhostOfSpireFuture"],"picked":"hexamod:FirstSeal","floor":11.0},{"not_picked":["hexamod:FirstSeal","hexamod:FastForward"],"picked":"hexamod:EtherealExpedition","floor":14.0},{"not_picked":["hexamod:SpectersWail","hexamod:SwordOfDarkness"],"picked":"hexamod:SpectralAdrenaline","floor":14.0},{"not_picked":["hexamod:BurningTouch","hexamod:SpectralAdrenaline"],"picked":"hexamod:UnleashSpirits","floor":15.0},{"not_picked":["hexamod:TimeWarp","hexamod:GhostflameInferno"],"picked":"hexamod:SixthSeal","floor":16},{"not_picked":["hexamod:TimeWarp","hexamod:ForkedFlame"],"picked":"hexamod:GhostOfSpirePresent","floor":16},{"not_picked":["hexamod:FastForward","hexamod:FirstSeal"],"picked":"hexamod:SpectersWail","floor":19},{"not_picked":["hexamod:CatchUp","hexamod:InspiringFlames"],"picked":"hexamod:PhantomCloak","floor":19},{"not_picked":["hexamod:FlamesFromBeyond","hexamod:HeatMetal"],"picked":"hexamod:SkipABeat","floor":20},{"not_picked":["hexamod:StepThrough","hexamod:GhostShield","hexamod:GhostLash"],"picked":"SKIP","floor":20},{"not_picked":["hexamod:BurningTouch","hexamod:HauntingEcho+1"],"picked":"hexamod:UnlimitedPower","floor":21},{"not_picked":["hexamod:InspiringFlames+1","hexamod:GhostLash+1"],"picked":"hexamod:SecondSeal","floor":21},{"not_picked":["hexamod:SwordOfDarkness+1","hexamod:Hexaguard","hexamod:NightmareStrike"],"picked":"SKIP","floor":25},{"not_picked":["hexamod:Haunt","hexamod:GhostOfSpireFuture","hexamod:ThermalTransfer+1"],"picked":"SKIP","floor":29},{"not_picked":["hexamod:HeatMetal","hexamod:HeatShield+1","hexamod:NightmareGuise"],"picked":"SKIP","floor":29},{"not_picked":["hexamod:GhostOfSpireFuture","hexamod:RecurringNightmare"],"picked":"hexamod:DynamicBlow+1","floor":31},{"not_picked":["hexamod:NightmareStrike","hexamod:ThermalTransfer","hexamod:FirstSeal"],"picked":"SKIP","floor":31},{"not_picked":["hexamod:Again","hexamod:Haunt"],"picked":"hexamod:GhostOfSpirePast+1","floor":32},{"not_picked":["hexamod:SixthSeal","hexamod:Firestarter+1"],"picked":"hexamod:RainOfEmbers+1","floor":32}],"player_experience":1026349,"relics_obtained":[{"floor":7.0,"key":"Shuriken"},{"floor":8.0,"key":"Replay:Ringing Soul"},{"floor":10.0,"key":"Anchor"},{"floor":24,"key":"PreservedInsect"},{"floor":31,"key":"Ginger"}],"event_choices":[{"damage_healed":0.0,"max_hp_gain":5.0,"max_hp_loss":0.0,"gold_gain":0.0,"event_name":"Big Fish","player_choice":"Donut","floor":13.0,"gold_loss":0.0,"damage_taken":0.0},{"cards_removed":["hexamod:Strike"],"damage_healed":0,"gold_gain":0,"player_choice":"Give","damage_taken":0,"max_hp_gain":0,"max_hp_loss":0,"event_name":"betterNote:BetterNote","floor":22,"gold_loss":0,"cards_obtained":["None"]}],"is_beta":false,"boss_relics":[{"not_picked":["Pandora\u0027s Box","Honey Jar"],"picked":"infinitespire:Cupcake"}],"items_purged_floors":[9,11],"is_endless":false,"potions_floor_spawned":[4,6,14,15,21,29,31],"killed_by":"DF_ARCHETYPE_CLAW","ascension_level":0}}