{"host":"ryxkq7m36cv0y2ky","time":1613077062,"event":{"mods":["100% Spire Juice","Act Like it!","Arknights","Bard","BaseMod","CapriCore","Dio Mod","Downfall","Ekko","Gensokyo","Gremlin Mod","GungeonMod","Hermit","HololiveMod","Hubris","Hunter ??","Jorbs\u0027s Wanderer Trilogy","Marisa????????","Minty Spire (QoL Compilation)","Nova Terra(??·??)","Reliquary","Remilia??????","Replay The Spire","Robot Space Explorer","SOS???????","Shade Mod","Spire Arcade","StSLib","The Animator","The Blackbeard","The Bladedancer","The Disciple","The Exalted","The Forsaken","The Hayseed","The Immortal","The Judge","The Juggle","The Marked","The Mystic","The Necromancer","The Poker Player","The Runesmith","The Saiyan","The Senshi","The Servant 0.9.4","The Showman","The Witch","TheVacant","Yakumo Yukari mod","thorton","????"],"gold_per_floor":[99,116,116,116,116,137,216,250,150,150,150],"floor_reached":10,"language":"ENG","playtime":441,"items_purged":[],"score":64,"play_id":"ab786617-3877-417c-8083-d5e6a8225789","local_time":"20210212072742","is_ascension_mode":false,"campfire_choices":[{"floor":1,"key":"RECALL"},{"data":"ekkoTheBoyWhoShatteredTime:NeedlesslyLargeRod","floor":9,"key":"SMITH"}],"circlet_count":0,"master_deck":["ekkoTheBoyWhoShatteredTime:Strike","ekkoTheBoyWhoShatteredTime:Strike","ekkoTheBoyWhoShatteredTime:Strike","ekkoTheBoyWhoShatteredTime:Strike","ekkoTheBoyWhoShatteredTime:Strike","ekkoTheBoyWhoShatteredTime:Defend","ekkoTheBoyWhoShatteredTime:Defend","ekkoTheBoyWhoShatteredTime:Defend","ekkoTheBoyWhoShatteredTime:Defend","ekkoTheBoyWhoShatteredTime:TimeMaster","ekkoTheBoyWhoShatteredTime:Powered","ekkoTheBoyWhoShatteredTime:NeedlesslyLargeRod+1","theForsaken:PlagueCurse","ekkoTheBoyWhoShatteredTime:Vibin","ekkoTheBoyWhoShatteredTime:LevelUp"],"relics":["ekkoTheBoyWhoShatteredTime:zDriveResonance","theForsaken:PlagueMask","Golden Idol","theForsaken:ScaryMask","Replay:Rubber Ducky","downfall:HeartBlessingRed"],"acts_visited":["Exordium"],"potions_floor_usage":[10],"damage_taken":[{"damage":0,"enemies":"Small Slimes","floor":2,"turns":3},{"damage":3,"enemies":"2 Louse","floor":6,"turns":3},{"damage":38,"enemies":"Lagavulin","floor":8,"turns":8},{"damage":26,"enemies":"3 Sentries","floor":10,"turns":4}],"seed_played":"-466328741632494248","potions_obtained":[{"floor":8,"key":"Adrenaline Potion"}],"is_trial":false,"path_per_floor":["R","M","?","?","?","M","T","E","R","E"],"character_chosen":"EKKO_THE_BOY_WHO_SHATTERED_TIME","items_purchased":[],"campfire_rested":0,"item_purchase_floors":[],"current_hp_per_floor":[85,85,85,85,64,61,61,26,26,0,0],"gold":150,"neow_bonus":"TEN_PERCENT_HP_BONUS","is_daily":false,"chose_seed":false,"campfire_upgraded":1,"win_rate":0.0,"timestamp":1613077062,"path_taken":["R","M","?","?","?","M","T","E","R","E"],"items_purchased_type":[],"build_version":"2020-12-22","purchased_purges":0,"victory":false,"max_hp_per_floor":[85,85,85,85,85,85,85,85,85,85,85],"card_choices":[{"not_picked":["ekkoTheBoyWhoShatteredTime:HauntingGuise","ekkoTheBoyWhoShatteredTime:HauntedAfterimage"],"picked":"ekkoTheBoyWhoShatteredTime:NeedlesslyLargeRod","floor":2},{"not_picked":["ekkoTheBoyWhoShatteredTime:IceBreak","ekkoTheBoyWhoShatteredTime:FluidEnergy"],"picked":"ekkoTheBoyWhoShatteredTime:Vibin","floor":6},{"not_picked":["ekkoTheBoyWhoShatteredTime:TimeRecall","ekkoTheBoyWhoShatteredTime:AfterimageBait"],"picked":"ekkoTheBoyWhoShatteredTime:LevelUp","floor":8}],"player_experience":345546,"relics_obtained":[{"floor":7,"key":"theForsaken:ScaryMask"},{"floor":8,"key":"Replay:Rubber Ducky"}],"event_choices":[{"damage_healed":0,"gold_gain":0,"player_choice":"Leave","damage_taken":0,"max_hp_gain":0,"max_hp_loss":0,"event_name":"The Cleric","floor":3,"gold_loss":0},{"damage_healed":0,"gold_gain":0,"player_choice":"Obtain Plague Curse","damage_taken":0,"max_hp_gain":0,"max_hp_loss":0,"event_name":"Plague Doctor","floor":4,"gold_loss":0,"cards_obtained":["theForsaken:PlagueCurse"]},{"damage_healed":0,"gold_gain":0,"player_choice":"Take Damage","damage_taken":21,"relics_obtained":["Golden Idol"],"max_hp_gain":0,"max_hp_loss":0,"event_name":"Golden Idol","floor":5,"gold_loss":0}],"is_beta":false,"boss_relics":[],"items_purged_floors":[],"is_endless":false,"potions_floor_spawned":[8],"killed_by":"3 Sentries","ascension_level":0}}