{"host":"gbgc43u9lfev3bcz","time":1613007369,"event":{"mods":["BaseMod","Better Note","Challenge The Spire","Colored Map","Downfall","Minty Spire (QoL Compilation)","StSLib"],"gold_per_floor":[99,118,129,129,148,323,350,350,364,364,22,37,57,88,120,231,243,255,279,291,318,330,357,392,404,30,30,45,60,85,101,121,217,217,217,236,84,84,100,126,152,171,183,183,208,483,483,503,516,516,516,516],"floor_reached":50,"language":"ENG","playtime":2786,"items_purged":["bronze:Strike"],"score":705,"play_id":"2806f982-c086-4402-ab48-4a6c81d74532","local_time":"20210210193609","is_ascension_mode":false,"campfire_choices":[{"data":"bronze:Replicate","floor":1.0,"key":"SMITH"},{"data":"bronze:BronzeOrb","floor":8.0,"key":"SMITH"},{"data":"bronze:BronzeOrb","floor":18.0,"key":"SMITH"},{"data":"bronze:BronzeOrb","floor":35.0,"key":"SMITH"},{"floor":44.0,"key":"RECALL"},{"data":"bronze:AlphaBuild","floor":47.0,"key":"SMITH"}],"circlet_count":0,"master_deck":["bronze:Strike","bronze:Strike","bronze:Strike","bronze:Defend","bronze:Defend","bronze:Defend","bronze:Replicate+1","bronze:Goto","bronze:FindAndReplace","bronze:BronzeOrb+1","bronze:Frontload","bronze:Spike","bronze:DazingPulse","bronze:Flail","bronze:BronzeOrb+1","Doubt","bronze:Boost","bronze:Format","bronze:Boost","bronze:DigitalCarnage","bronze:Mutator","bronze:BronzeOrb+1","bronze:DigitalCarnage+1","bronze:DarkDash","bronze:Repulsor","bronze:HardenedForm","bronze:MaxOutput","bronze:Overheat+1","bronze:SpaghettiCode","bronze:Overheat+1","bronze:AlphaBuild+1","bronze:Optimize","bronze:NullPointer","bronze:ChildClass","bronze:Overheat+1","bronze:ClassDefault+1","bronze:Boost+1","Regret","bronze:FineTuning+1"],"relics":["bronze:PlatinumCore","Bag of Marbles","Shuriken","bronze:SilverBullet","MawBank","SlaversCollar","downfall:RedIOU","Akabeko","MutagenicStrength","Lee\u0027s Waffle","Sundial","Incense Burner","Orichalcum","Turnip","Mercury Hourglass"],"acts_visited":["Exordium","TheCity","TheBeyond"],"potions_floor_usage":[50,50,50],"damage_taken":[{"damage":2.0,"enemies":"Small Slimes","floor":2.0,"turns":2.0},{"damage":0.0,"enemies":"Jaw Worm","floor":3.0,"turns":3.0},{"damage":42.0,"enemies":"Jaw Worm","floor":4.0,"turns":5.0},{"damage":0.0,"enemies":"Cultist","floor":5.0,"turns":2.0},{"damage":0.0,"enemies":"3 Louse","floor":9.0,"turns":3.0},{"damage":2.0,"enemies":"downfall:FleeingMerchant","floor":11.0,"turns":4.0},{"damage":0.0,"enemies":"Exordium Thugs","floor":12.0,"turns":2.0},{"damage":0.0,"enemies":"Exordium Wildlife","floor":13.0,"turns":1.0},{"damage":0.0,"enemies":"Gremlin Nob","floor":14.0,"turns":2.0},{"damage":0.0,"enemies":"2 Fungi Beasts","floor":15.0,"turns":1.0},{"damage":19.0,"enemies":"SI_SHIV_ARCHETYPE","floor":16.0,"turns":8.0},{"damage":23.0,"enemies":"Spheric Guardian","floor":19.0,"turns":5.0},{"damage":13.0,"enemies":"Shell Parasite","floor":21.0,"turns":3.0},{"damage":25.0,"enemies":"Sentry and Sphere","floor":23.0,"turns":5.0},{"damage":15.0,"enemies":"downfall:FleeingMerchant","floor":26.0,"turns":4.0},{"damage":18.0,"enemies":"Shelled Parasite and Fungi","floor":28.0,"turns":3.0},{"damage":0.0,"enemies":"Centurion and Healer","floor":29.0,"turns":2.0},{"damage":8.0,"enemies":"Gremlin Leader","floor":30.0,"turns":4.0},{"damage":0.0,"enemies":"3 Cultists","floor":31.0,"turns":1.0},{"damage":0.0,"enemies":"Cultist and Chosen","floor":32.0,"turns":3.0},{"damage":0.0,"enemies":"WA_ARCHETYPE_CALM","floor":33.0,"turns":5.0},{"damage":32.0,"enemies":"3 Darklings","floor":36.0,"turns":5.0},{"damage":0.0,"enemies":"downfall:FleeingMerchant","floor":37.0,"turns":1.0},{"damage":0.0,"enemies":"Orb Walker","floor":39.0,"turns":1.0},{"damage":29.0,"enemies":"Giant Head","floor":40.0,"turns":8.0},{"damage":0.0,"enemies":"Writhing Mass","floor":42.0,"turns":4.0},{"damage":3.0,"enemies":"4 Shapes","floor":43.0,"turns":2.0},{"damage":0.0,"enemies":"Reptomancer","floor":45.0,"turns":4.0},{"damage":23.0,"enemies":"Transient","floor":48.0,"turns":5.0},{"damage":0.0,"enemies":"Jaw Worm Horde","floor":49.0,"turns":1.0},{"damage":54,"enemies":"IC_BLOCK_ARCHETYPE","floor":50,"turns":7}],"seed_played":"3151153835218095541","potions_obtained":[{"floor":2.0,"key":"Strength Potion"},{"floor":4.0,"key":"SpeedPotion"},{"floor":13.0,"key":"LiquidBronze"},{"floor":15.0,"key":"Fruit Juice"},{"floor":16.0,"key":"Energy Potion"},{"floor":19.0,"key":"Regen Potion"},{"floor":27.0,"key":"PowerPotion"},{"floor":27.0,"key":"Fruit Juice"},{"floor":27.0,"key":"bronze:CleanCodePotion"},{"floor":30.0,"key":"bronze:CleanCodePotion"},{"floor":39.0,"key":"Regen Potion"},{"floor":40.0,"key":"BlessingOfTheForge"},{"floor":49.0,"key":"Ancient Potion"}],"is_trial":false,"path_per_floor":["R","M","M","?","M","?","T","R","M","T","$","M","M","E","M","B",null,"R","M","?","M","?","M","T","?","$","?","M","M","E","M","M","B",null,"R","M","$","?","M","E","T","M","M","R","E","?","R","M","M","B"],"character_chosen":"THE_AUTOMATON","items_purchased":["Toy Ornithopter","bronze:SilverBullet","bronze:Boost","Lee\u0027s Waffle","bronze:DarkDash","bronze:Repulsor","Incense Burner","Orichalcum","bronze:Optimize"],"campfire_rested":0,"item_purchase_floors":[11,11,11,26,26,26,37,37,37],"current_hp_per_floor":[70,68,68,26,26,26,26,26,26,26,24,24,24,24,34,15,75,75,52,52,39,39,14,14,14,82,87,69,69,61,61,61,61,87,87,55,55,55,55,40,40,40,37,37,37,37,37,14,14,0,0,0],"gold":516,"neow_bonus":"ONE_RANDOM_RARE_CARD","is_daily":false,"chose_seed":false,"campfire_upgraded":5,"win_rate":0.0,"timestamp":1613007369,"path_taken":["R","M","M","?","M","?","T","R","M","?","$","M","M","E","M","BOSS","R","M","?","M","?","M","T","?","$","?","M","M","E","M","M","BOSS","R","M","$","?","M","E","T","M","M","R","E","?","R","?","M","BOSS"],"items_purchased_type":["Relic","Relic","Card","Relic","Card","Card","Relic","Relic","Card"],"build_version":"2020-12-22","purchased_purges":1,"victory":false,"max_hp_per_floor":[70,70,70,70,70,70,70,70,70,70,70,70,70,70,75,75,75,75,75,75,75,75,75,75,75,82,87,87,87,87,87,87,87,87,87,87,87,87,87,87,87,87,87,87,87,87,87,87,87,87,87,87],"card_choices":[{"not_picked":["bronze:BronzeArmor","bronze:Branch"],"picked":"bronze:BronzeOrb","floor":2.0},{"not_picked":["bronze:OilSpill","bronze:Turbo"],"picked":"bronze:Frontload","floor":3.0},{"not_picked":[],"picked":"bronze:Spike","floor":4.0},{"not_picked":[],"picked":"bronze:DazingPulse","floor":4.0},{"not_picked":["bronze:Shield","bronze:BronzeArmor"],"picked":"bronze:Flail","floor":4.0},{"not_picked":["bronze:DelayedSlice","bronze:ChildClass"],"picked":"bronze:BronzeOrb","floor":5.0},{"not_picked":["bronze:OilSpill","bronze:NullPointer"],"picked":"bronze:Boost","floor":9.0},{"not_picked":["bronze:DarkDash","bronze:Turbo"],"picked":"bronze:Format","floor":11.0},{"not_picked":["bronze:Turbo","bronze:Boost","bronze:OilSpill"],"picked":"SKIP","floor":12.0},{"not_picked":["bronze:CloningBeam","bronze:DelayedGuard"],"picked":"bronze:DigitalCarnage","floor":13.0},{"not_picked":["bronze:DelayedSlice","bronze:Overheat","bronze:OilSpill"],"picked":"SKIP","floor":14.0},{"not_picked":["bronze:WhirlingStrike","bronze:Philosophize","bronze:DelayedSlice"],"picked":"SKIP","floor":15.0},{"not_picked":["bronze:HyperBeam","bronze:ThunderWave"],"picked":"bronze:Mutator","floor":16.0},{"not_picked":["bronze:ChosenStrike","bronze:Iterate"],"picked":"bronze:BronzeOrb","floor":19.0},{"not_picked":["bronze:Shell","bronze:Overheat","bronze:ClassDefault"],"picked":"SKIP","floor":21.0},{"not_picked":["bronze:OilSpill+1","bronze:Deprecate"],"picked":"bronze:DigitalCarnage+1","floor":23.0},{"not_picked":["bronze:WildBeam","bronze:DelayedSlice","bronze:Invalidate+1"],"picked":"SKIP","floor":26.0},{"not_picked":["bronze:OilSpill","bronze:ForceShield+1"],"picked":"bronze:HardenedForm","floor":28.0},{"not_picked":["bronze:FineTuning","bronze:Separator"],"picked":"bronze:MaxOutput","floor":29.0},{"not_picked":["bronze:ClassDefault","bronze:ChosenStrike","bronze:Shield+1"],"picked":"SKIP","floor":30.0},{"not_picked":["bronze:ForLoop","bronze:CleanCode"],"picked":"bronze:Overheat+1","floor":31.0},{"not_picked":["bronze:Constructor","bronze:BronzeOrb","bronze:Branch"],"picked":"SKIP","floor":32.0},{"not_picked":["bronze:Assembly","bronze:Mutator"],"picked":"bronze:SpaghettiCode","floor":33.0},{"not_picked":["bronze:Branch+1","bronze:Flail"],"picked":"bronze:Overheat+1","floor":36.0},{"not_picked":["bronze:WhirlingStrike+1","bronze:Repair+1"],"picked":"bronze:AlphaBuild","floor":37.0},{"not_picked":["bronze:Deprecate+1","bronze:Invalidate+1"],"picked":"bronze:NullPointer","floor":39.0},{"not_picked":["bronze:WildBeam","bronze:Fortify"],"picked":"bronze:ChildClass","floor":40.0},{"not_picked":["bronze:DelayedSlice+1","bronze:Shield+1"],"picked":"bronze:Overheat+1","floor":42.0},{"not_picked":["bronze:DelayedGuard+1","bronze:CloningBeam"],"picked":"bronze:ClassDefault+1","floor":43.0},{"not_picked":["bronze:Branch+1","bronze:ChosenStrike"],"picked":"bronze:Boost+1","floor":45.0},{"not_picked":["bronze:Overheat+1","bronze:Flail"],"picked":"bronze:FineTuning+1","floor":48.0},{"not_picked":["bronze:BitShift+1","bronze:Safeguard","bronze:Optimize"],"picked":"SKIP","floor":49.0}],"player_experience":572396,"relics_obtained":[{"floor":7.0,"key":"Bag of Marbles"},{"floor":10.0,"key":"Shuriken"},{"floor":14.0,"key":"MawBank"},{"floor":24.0,"key":"Akabeko"},{"floor":30.0,"key":"Sundial"},{"floor":40.0,"key":"Turnip"},{"floor":45.0,"key":"Mercury Hourglass"}],"event_choices":[{"cards_removed":["Doubt"],"damage_healed":0.0,"max_hp_gain":0.0,"max_hp_loss":0.0,"gold_gain":0.0,"event_name":"betterNote:BetterNote","player_choice":"Give","floor":20.0,"gold_loss":0.0,"damage_taken":0.0,"cards_obtained":["downfall:Icky"]},{"damage_healed":0.0,"max_hp_gain":0.0,"max_hp_loss":0.0,"gold_gain":0.0,"event_name":"Drug Dealer","player_choice":"Inject Mutagens","floor":25.0,"gold_loss":0.0,"damage_taken":0.0,"relics_obtained":["MutagenicStrength"]},{"damage_healed":0.0,"max_hp_gain":0.0,"max_hp_loss":0.0,"gold_gain":0.0,"event_name":"Lab","player_choice":"Got Potions","floor":27.0,"gold_loss":0.0,"damage_taken":0.0},{"cards_removed":["bronze:Defend"],"damage_healed":0.0,"max_hp_gain":0.0,"max_hp_loss":0.0,"gold_gain":0.0,"event_name":"Falling","player_choice":"Removed Skill","floor":38.0,"gold_loss":0.0,"damage_taken":0.0}],"is_beta":false,"boss_relics":[{"not_picked":["Pandora\u0027s Box","Calling Bell"],"picked":"SlaversCollar"},{"not_picked":["Cursed Key","Black Star"],"picked":"bronze:PlatinumCore"}],"items_purged_floors":[26],"is_endless":false,"potions_floor_spawned":[2,4,13,15,16,19,21,30,31,39,40,49],"killed_by":"IC_BLOCK_ARCHETYPE","ascension_level":0}}