{"host":"3d7yvplr5ovcyppx","time":1613035137,"event":{"mods":["AchievementEnabler","BaseMod","Hermit","Jorbs\u0027s Wanderer Trilogy","Minty Spire (QoL Compilation)","Quick Restart","Somnambulant","StSLib","The Cursed","The Disciple","The Servant 0.9.4"],"gold_per_floor":[210,226,226,251,270,301,301,301,326,362,386,14,29,73,73,204,204,228,271,284,284,284,284,284],"floor_reached":23,"language":"ENG","playtime":1329,"items_purged":["Regret"],"score":246,"play_id":"41ebcdd5-32f3-4642-b37f-87e47a057d3c","local_time":"20210211144857","is_ascension_mode":true,"campfire_choices":[{"data":"Zap","floor":15,"key":"SMITH"}],"circlet_count":0,"master_deck":["Strike_B","Strike_B","Strike_B","Strike_B","Defend_B","Defend_B","Defend_B","Defend_B","Zap+1","Dualcast","White Noise","Cold Snap","Lockon","Melter","Seek","Undo","Gash","Heatsinks","Amplify","Force Field","Ball Lightning","Rebound","Zap+1"],"relics":["Cracked Core","Nunchaku","Strawberry","Golden Idol","Boot","Bag of Marbles","Orichalcum","Pantograph","Anchor","Runic Dome","Red Mask"],"acts_visited":["Exordium","TheCity"],"potions_floor_usage":[2,11,11,16,18,19,19,23],"damage_taken":[{"damage":0,"enemies":"Cultist","floor":1,"turns":4},{"damage":1,"enemies":"Jaw Worm","floor":2,"turns":2},{"damage":1,"enemies":"2 Louse","floor":5,"turns":3},{"damage":19,"enemies":"Lagavulin","floor":6,"turns":5},{"damage":21,"enemies":"3 Sentries","floor":10,"turns":6},{"damage":6,"enemies":"Large Slime","floor":11,"turns":5},{"damage":0,"enemies":"Looter","floor":13,"turns":2},{"damage":0,"enemies":"Gremlin Nob","floor":14,"turns":3},{"damage":32,"enemies":"The Guardian","floor":16,"turns":13},{"damage":15,"enemies":"3 Byrds","floor":18,"turns":4},{"damage":31,"enemies":"Masked Bandits","floor":19,"turns":4},{"damage":8,"enemies":"Chosen","floor":20,"turns":5},{"damage":71,"enemies":"Gremlin Leader","floor":23,"turns":5}],"seed_played":"-8679394521402000479","potions_obtained":[{"floor":1,"key":"Fire Potion"},{"floor":2,"key":"Energy Potion"},{"floor":10,"key":"Weak Potion"},{"floor":13,"key":"Explosive Potion"},{"floor":14,"key":"Fire Potion"},{"floor":19,"key":"Fruit Juice"},{"floor":20,"key":"Energy Potion"}],"is_trial":false,"path_per_floor":["M","M","?","T","M","E","?","?","T","E","M","$","M","E","R","B",null,"M","?","M","?","?","E"],"character_chosen":"DEFECT","items_purchased":["Pantograph","Energy Potion"],"campfire_rested":0,"item_purchase_floors":[12,12],"current_hp_per_floor":[75,74,74,74,73,61,41,41,41,20,14,14,14,14,14,7,82,67,41,33,62,62,0,0],"gold":284,"neow_bonus":"HUNDRED_GOLD","is_daily":false,"chose_seed":false,"campfire_upgraded":1,"win_rate":0.0,"timestamp":1613035137,"path_taken":["M","M","?","?","M","E","?","?","T","E","M","$","M","E","R","BOSS","M","?","M","?","?","E"],"items_purchased_type":["Relic","Potion"],"build_version":"2020-12-22","purchased_purges":1,"victory":false,"max_hp_per_floor":[75,75,75,75,75,82,82,82,82,82,82,82,82,82,82,82,82,82,87,87,87,87,87,87],"card_choices":[{"not_picked":["Double Energy","Reprogram"],"picked":"White Noise","floor":1},{"not_picked":["Barrage","Sweeping Beam"],"picked":"Cold Snap","floor":2},{"not_picked":["Go for the Eyes","Leap"],"picked":"Lockon","floor":5},{"not_picked":["Steam Power","Stack"],"picked":"Melter","floor":6},{"not_picked":["Hologram","Conserve Battery"],"picked":"Seek","floor":10},{"not_picked":["Skim","Compile Driver"],"picked":"Undo","floor":11},{"not_picked":["Blizzard","Steam"],"picked":"Gash","floor":13},{"not_picked":["Leap","Reinforced Body"],"picked":"Heatsinks","floor":14},{"not_picked":["Fission","All For One"],"picked":"Amplify","floor":16},{"not_picked":["Blizzard","Auto Shields"],"picked":"Force Field","floor":18},{"not_picked":["Conserve Battery","Gash"],"picked":"Ball Lightning","floor":19},{"not_picked":["Stack","Hologram"],"picked":"Rebound","floor":20}],"player_experience":9546,"relics_obtained":[{"floor":4,"key":"Nunchaku"},{"floor":6,"key":"Strawberry"},{"floor":9,"key":"Bag of Marbles"},{"floor":10,"key":"Orichalcum"},{"floor":14,"key":"Anchor"},{"floor":19,"key":"Red Mask"}],"event_choices":[{"damage_healed":0,"gold_gain":0,"player_choice":"Leave","damage_taken":0,"max_hp_gain":0,"max_hp_loss":0,"event_name":"The Cleric","floor":3,"gold_loss":0},{"damage_healed":0,"gold_gain":0,"player_choice":"Take Damage","damage_taken":20,"relics_obtained":["Golden Idol"],"max_hp_gain":0,"max_hp_loss":0,"event_name":"Golden Idol","floor":7,"gold_loss":0},{"damage_healed":0,"gold_gain":0,"player_choice":"Box","damage_taken":0,"relics_obtained":["Boot"],"max_hp_gain":0,"max_hp_loss":0,"event_name":"Big Fish","floor":8,"gold_loss":0,"cards_obtained":["Regret"]},{"damage_healed":0,"gold_gain":0,"player_choice":"Fought Bandits","damage_taken":0,"max_hp_gain":0,"max_hp_loss":0,"event_name":"Masked Bandits","floor":19,"gold_loss":0},{"damage_healed":29,"gold_gain":0,"player_choice":"Heal","damage_taken":0,"max_hp_gain":0,"max_hp_loss":0,"event_name":"The Library","floor":21,"gold_loss":0},{"damage_healed":0,"gold_gain":0,"player_choice":"Copied","damage_taken":0,"max_hp_gain":0,"max_hp_loss":0,"event_name":"Duplicator","floor":22,"gold_loss":0,"cards_obtained":["Zap"]}],"is_beta":false,"boss_relics":[{"not_picked":["Cursed Key","Snecko Eye"],"picked":"Runic Dome"}],"items_purged_floors":[12],"is_endless":false,"potions_floor_spawned":[1,2,10,13,14,19,20],"killed_by":"Gremlin Leader","ascension_level":1}}