{"host":"y76clbnovzmw9ubx","time":1613010718,"event":{"mods":["AchievementEnabler","BaseMod","Minty Spire (QoL Compilation)","Permanent Neow","Relic Stats"],"gold_per_floor":[115,115,135,146,164,199,199,226,272,284,302,8,88,127,127,127,127],"floor_reached":16,"language":"ENG","playtime":1047,"items_purged":[],"score":228,"play_id":"8f225094-1776-4277-8e5a-d3b4f386c9b7","local_time":"20210210213158","is_ascension_mode":true,"campfire_choices":[{"floor":7,"key":"REST"},{"floor":15,"key":"REST"}],"circlet_count":0,"master_deck":["AscendersBane","Strike_G","Strike_G","Strike_G","Strike_G","Strike_G","Defend_G","Defend_G+1","Defend_G","Defend_G","Defend_G","Survivor","Neutralize","Clumsy","Backstab+1","All Out Attack","Skewer","Malaise","Wraith Form v2","Slice","HandOfGreed","Leg Sweep","Backstab"],"relics":["Ring of the Snake","Tough Bandages","PreservedInsect","Bag of Marbles","Membership Card","Tiny Chest"],"acts_visited":["Exordium"],"potions_floor_usage":[6,12,16],"damage_taken":[{"damage":0,"enemies":"Jaw Worm","floor":1,"turns":6},{"damage":0,"enemies":"2 Louse","floor":3,"turns":3},{"damage":0,"enemies":"Small Slimes","floor":4,"turns":2},{"damage":20,"enemies":"Gremlin Gang","floor":5,"turns":5},{"damage":7,"enemies":"3 Sentries","floor":6,"turns":7},{"damage":8,"enemies":"Gremlin Nob","floor":8,"turns":3},{"damage":3,"enemies":"Large Slime","floor":10,"turns":4},{"damage":1,"enemies":"Lots of Slimes","floor":11,"turns":4},{"damage":15,"enemies":"3 Sentries","floor":13,"turns":8},{"damage":5,"enemies":"Gremlin Gang","floor":14,"turns":5},{"damage":19,"enemies":"Slime Boss","floor":16,"turns":8}],"seed_played":"6657734290602134242","potions_obtained":[{"floor":1,"key":"Weak Potion"},{"floor":5,"key":"Fire Potion"},{"floor":11,"key":"Fruit Juice"}],"is_trial":false,"path_per_floor":["M","?","M","M","M","E","R","E","T","M","M","$","?","M","R","B"],"character_chosen":"THE_SILENT","items_purchased":["Membership Card","HandOfGreed","FearPotion"],"campfire_rested":2,"item_purchase_floors":[12,12,12],"current_hp_per_floor":[59,39,39,39,19,12,31,23,23,20,19,24,9,4,25,6,6],"gold":127,"neow_bonus":"ONE_RARE_RELIC","is_daily":false,"chose_seed":false,"campfire_upgraded":0,"win_rate":0.0,"timestamp":1613010718,"path_taken":["M","?","M","M","M","E","R","E","T","M","M","$","?","M","R","BOSS"],"items_purchased_type":["Relic","Card","Potion"],"build_version":"2020-12-22","purchased_purges":0,"victory":false,"max_hp_per_floor":[66,66,66,66,66,66,66,66,66,66,66,71,71,71,71,71,71],"relic_stats":{"Tough Bandages":[54],"counters":[11,55],"Tiny Chest":0,"PreservedInsect":54,"obtain_stats":[{"Tough Bandages":0,"Tiny Chest":13,"PreservedInsect":6,"Bag of Marbles":9,"Membership Card":12,"Ring of the Snake":0},{"Tough Bandages":0,"Tiny Chest":8,"PreservedInsect":5,"Bag of Marbles":6,"Membership Card":8,"Ring of the Snake":0},{"Tough Bandages":0,"Tiny Chest":34,"PreservedInsect":23,"Bag of Marbles":26,"Membership Card":34,"Ring of the Snake":0}],"Ring of the Snake":[22]},"card_choices":[{"not_picked":["Riddle With Holes","Prepared"],"picked":"Backstab","floor":1},{"not_picked":["Infinite Blades","Prepared"],"picked":"All Out Attack","floor":3},{"not_picked":["Deflect","Accuracy"],"picked":"Skewer","floor":4},{"not_picked":["Dash","Dagger Spray","Skewer"],"picked":"SKIP","floor":5},{"not_picked":["Deflect","Setup"],"picked":"Malaise","floor":6},{"not_picked":["Poisoned Stab","Cloak And Dagger"],"picked":"Wraith Form v2","floor":8},{"not_picked":["Deflect","Dagger Throw"],"picked":"Slice","floor":10},{"not_picked":["Sucker Punch","Reflex","Deflect"],"picked":"SKIP","floor":11},{"not_picked":["Acrobatics","Cloak And Dagger"],"picked":"Leg Sweep","floor":13},{"not_picked":["Concentrate","Riddle With Holes"],"picked":"Backstab","floor":14}],"player_experience":3221784,"relics_obtained":[{"floor":6,"key":"PreservedInsect"},{"floor":9,"key":"Bag of Marbles"}],"event_choices":[{"damage_healed":0,"gold_gain":0,"player_choice":"Entered Light","damage_taken":20,"max_hp_gain":0,"max_hp_loss":0,"event_name":"Shining Light","floor":2,"gold_loss":0,"cards_upgraded":["Backstab","Defend_G"]},{"damage_healed":0,"gold_gain":0,"player_choice":"Searched \u00272\u0027 times","damage_taken":0,"relics_obtained":["Tiny Chest"],"max_hp_gain":0,"max_hp_loss":0,"event_name":"Dead Adventurer","floor":13,"gold_loss":0}],"is_beta":false,"boss_relics":[],"items_purged_floors":[],"is_endless":false,"potions_floor_spawned":[1,5,11],"killed_by":"Slime Boss","ascension_level":20}}