{"host":"znvnxllcillb3rtw","time":1613036932,"event":{"mods":["BaseMod","DeckTracker","Minty Spire (QoL Compilation)","Relic Stats","StSLib","SuperFastMode","everything is the same but u backflip on backflip"],"gold_per_floor":[116,134,147,167,92,127,43,54,54,54,80,96,96,109,109,186,186,199,214,230,244,244,244],"floor_reached":22,"language":"KOR","playtime":957,"items_purged":[],"score":434,"play_id":"c8f21a9e-29ae-43c5-8d97-6d477b47014a","local_time":"20210211184852","is_ascension_mode":true,"campfire_choices":[{"floor":10.0,"key":"REST"},{"data":"Catalyst","floor":13.0,"key":"SMITH"},{"data":"Bouncing Flask","floor":15.0,"key":"SMITH"}],"circlet_count":0,"master_deck":["AscendersBane","Strike_G","Strike_G","Strike_G","Defend_G","Defend_G","Defend_G","Defend_G","Survivor","Neutralize","Catalyst+1","Adrenaline","Poisoned Stab","Riddle With Holes","Quick Slash","PiercingWail","Noxious Fumes","Bouncing Flask+1","Deflect","Acrobatics","Escape Plan","Burst"],"relics":["Ring of the Snake","Unceasing Top","Odd Mushroom","Fusion Hammer"],"acts_visited":["Exordium","TheCity"],"potions_floor_usage":[],"damage_taken":[{"damage":1.0,"enemies":"Small Slimes","floor":1.0,"turns":4.0},{"damage":0.0,"enemies":"Jaw Worm","floor":2.0,"turns":5.0},{"damage":0.0,"enemies":"2 Louse","floor":3.0,"turns":2.0},{"damage":5.0,"enemies":"2 Fungi Beasts","floor":4.0,"turns":3.0},{"damage":20.0,"enemies":"3 Sentries","floor":6.0,"turns":6.0},{"damage":0.0,"enemies":"Large Slime","floor":8.0,"turns":5.0},{"damage":27.0,"enemies":"The Mushroom Lair","floor":11.0,"turns":5.0},{"damage":0.0,"enemies":"Looter","floor":12.0,"turns":4.0},{"damage":4.0,"enemies":"Red Slaver","floor":14.0,"turns":4.0},{"damage":4.0,"enemies":"The Guardian","floor":16.0,"turns":7.0},{"damage":0.0,"enemies":"Chosen","floor":18.0,"turns":2.0},{"damage":25.0,"enemies":"2 Thieves","floor":19.0,"turns":4.0},{"damage":10,"enemies":"Centurion and Healer","floor":20,"turns":6},{"damage":29,"enemies":"Chosen and Byrds","floor":21,"turns":5},{"damage":11,"enemies":"Shelled Parasite and Fungi","floor":22,"turns":3}],"seed_played":"3410683375819264620","potions_obtained":[{"floor":4.0,"key":"AttackPotion"},{"floor":6.0,"key":"DistilledChaos"},{"floor":8.0,"key":"FairyPotion"},{"floor":12.0,"key":"ColorlessPotion"},{"floor":18.0,"key":"Explosive Potion"}],"is_trial":false,"path_per_floor":["M","M","M","M","?","E","$","M","T","R","?","M","R","M","R","B",null,"M","M","M","M","M"],"character_chosen":"THE_SILENT","items_purchased":["Noxious Fumes"],"campfire_rested":1,"item_purchase_floors":[7],"current_hp_per_floor":[43,43,43,38,38,18,18,18,18,37,10,10,10,6,6,2,50,50,25,15,9,0,0],"gold":244,"neow_bonus":"TRANSFORM_TWO_CARDS","is_daily":false,"chose_seed":false,"campfire_upgraded":2,"win_rate":0.0,"timestamp":1613036932,"path_taken":["M","M","M","M","?","E","$","M","T","R","?","M","R","M","R","BOSS","M","M","M","M","M"],"items_purchased_type":["Card"],"build_version":"2020-12-22","purchased_purges":0,"victory":false,"max_hp_per_floor":[66,66,66,66,66,66,66,66,66,66,66,66,66,66,66,66,66,66,66,66,66,66,66],"relic_stats":{"counters":[15,65],"obtain_stats":[{"Fusion Hammer":17,"Odd Mushroom":11,"Unceasing Top":6,"Ring of the Snake":0},{"Fusion Hammer":10,"Odd Mushroom":7,"Unceasing Top":5,"Ring of the Snake":0},{"Fusion Hammer":45,"Odd Mushroom":30,"Unceasing Top":20,"Ring of the Snake":0}],"Unceasing Top":[4],"Ring of the Snake":[30]},"card_choices":[{"not_picked":["Slice","Calculated Gamble"],"picked":"Poisoned Stab","floor":1.0},{"not_picked":["Blade Dance","Outmaneuver"],"picked":"Riddle With Holes","floor":2.0},{"not_picked":["Acrobatics","Prepared","Infinite Blades"],"picked":"SKIP","floor":3.0},{"not_picked":["Slice","Deflect"],"picked":"Quick Slash","floor":4.0},{"not_picked":["Dodge and Roll","Slice"],"picked":"PiercingWail","floor":6.0},{"not_picked":["Dodge and Roll","Reflex"],"picked":"Bouncing Flask","floor":8.0},{"not_picked":["Flechettes","Poisoned Stab"],"picked":"Deflect","floor":11.0},{"not_picked":["Expertise","Blade Dance"],"picked":"Acrobatics","floor":12.0},{"not_picked":["Well Laid Plans","Underhanded Strike"],"picked":"Escape Plan","floor":14.0},{"not_picked":["Bullet Time","Glass Knife"],"picked":"Burst","floor":16.0},{"not_picked":["Blade Dance","Quick Slash","Deadly Poison"],"picked":"SKIP","floor":18.0},{"not_picked":["Sucker Punch+1","Dagger Spray+1","Poisoned Stab"],"picked":"SKIP","floor":19.0},{"not_picked":["Heel Hook","Accuracy","Terror+1"],"picked":"SKIP","floor":20},{"not_picked":["Distraction","PiercingWail","Escape Plan"],"picked":"SKIP","floor":21}],"player_experience":2892985,"relics_obtained":[{"floor":6.0,"key":"Unceasing Top"},{"floor":11.0,"key":"Odd Mushroom"}],"event_choices":[{"cards_removed":["Strike_G"],"damage_healed":0.0,"max_hp_gain":0.0,"max_hp_loss":0.0,"gold_gain":0.0,"event_name":"The Cleric","player_choice":"Card Removal","floor":5.0,"gold_loss":75.0,"damage_taken":0.0},{"damage_healed":0.0,"max_hp_gain":0.0,"max_hp_loss":0.0,"gold_gain":0.0,"event_name":"Mushrooms","player_choice":"Fought Mushrooms","floor":11.0,"gold_loss":0.0,"damage_taken":0.0}],"is_beta":false,"boss_relics":[{"not_picked":["Black Star","Runic Pyramid"],"picked":"Fusion Hammer"}],"items_purged_floors":[],"is_endless":false,"potions_floor_spawned":[4,6,8,12,18],"killed_by":"Shelled Parasite and Fungi","ascension_level":20}}