{"host":"drl4gs3853zme1q6","time":1613019340,"event":{"mods":["BaseMod","Colored Map","Colored Powertips","Hermit","Hubris","Infinite Spire","Minty Spire (QoL Compilation)","Replay The Spire","StSLib","The Animator"],"gold_per_floor":[128,128,147,171,171,171,212,227,227,227,241,258,275,314,314,414,414,439,463,463,463],"floor_reached":20,"language":"ENG","playtime":3365,"items_purged":[],"score":213,"play_id":"84933c02-b9cd-4c68-9db3-460778270fab","local_time":"20210210225540","daily_mods":["Heirloom","Time Dilation"],"is_ascension_mode":false,"campfire_choices":[{"data":"animator:NarberalGamma","floor":6,"key":"SMITH"},{"floor":15,"key":"REST"}],"circlet_count":0,"master_deck":["animator:Strike_Konosuba","animator:Defend_Konosuba","animator:Strike","animator:Strike","animator:Defend","animator:Defend","animator:Defend","animator:Kazuma","animator:Aqua","animator:NarberalGamma+1","animator:Priestess","animator:Konayuki","animator:Sloth+1","animator:YunYun","animator:Chung","animator:Chris","animator:ElricEdward","animator:Raven","animator:Albedo","animator:DwarfShaman+1"],"relics":["animator:LivingPicture","animator:TheMissingPiece","Replay:PocketPolymizer","Orichalcum","Happy Flower","hubris:ToyBattleship","animator:HolyGrailRelic"],"acts_visited":["Exordium","TheCity"],"potions_floor_usage":[],"damage_taken":[{"damage":0,"enemies":"2 Louse","floor":1,"turns":4},{"damage":4,"enemies":"Small Slimes","floor":3,"turns":4},{"damage":1,"enemies":"Jaw Worm","floor":4,"turns":6},{"damage":11,"enemies":"Lagavulin","floor":7,"turns":8},{"damage":0,"enemies":"Exordium Thugs","floor":8,"turns":4},{"damage":5,"enemies":"Looter","floor":11,"turns":4},{"damage":0,"enemies":"2 Fungi Beasts","floor":12,"turns":3},{"damage":0,"enemies":"Blue Slaver","floor":13,"turns":3},{"damage":7,"enemies":"Replay:BlueRogue","floor":14,"turns":5},{"damage":1,"enemies":"Fading Forest","floor":16,"turns":11},{"damage":10,"enemies":"Chosen","floor":18,"turns":5},{"damage":4,"enemies":"3 Byrds","floor":19,"turns":6}],"seed_played":"-8099319427084992404","potions_obtained":[{"floor":1,"key":"SkillPotion"},{"floor":3,"key":"FearPotion"},{"floor":4,"key":"BlessingOfTheForge"},{"floor":13,"key":"ColorlessPotion"}],"is_trial":true,"path_per_floor":["M","?","M","M","?","R","E","M","T","?","M","M","M","E","R","B",null,"M","M","?"],"character_chosen":"THE_ANIMATOR","items_purchased":[],"campfire_rested":1,"item_purchase_floors":[],"current_hp_per_floor":[66,71,68,69,69,69,58,58,58,58,55,56,56,49,70,72,81,73,71,71,71],"gold":463,"neow_bonus":"","is_daily":false,"chose_seed":false,"campfire_upgraded":1,"win_rate":0.0,"timestamp":1613019340,"path_taken":["M","?","M","M","?","R","E","M","T","?","M","M","M","E","R","BOSS","M","M","?"],"items_purchased_type":[],"build_version":"2020-12-22","purchased_purges":0,"victory":false,"max_hp_per_floor":[66,71,71,71,71,71,71,71,71,71,71,72,72,72,72,73,81,83,85,85,85],"card_choices":[{"not_picked":["animator:MumenRider","animator:ZankiKiguchi"],"picked":"animator:NarberalGamma","floor":1},{"not_picked":["animator:Verdia","animator:Geryuganshoop"],"picked":"animator:Priestess","floor":3},{"not_picked":["animator:Ara","animator:Hitei"],"picked":"animator:Konayuki","floor":4},{"not_picked":["animator:Kazuma","animator:Verdia"],"picked":"animator:YunYun","floor":7},{"not_picked":["animator:Lu","animator:TsurugaMeisai"],"picked":"animator:Chung","floor":8},{"not_picked":["animator:Kazuma","animator:Demiurge","animator:HighElfArcher"],"picked":"SKIP","floor":11},{"not_picked":["animator:MaesHughes","animator:Darkness"],"picked":"animator:Chris","floor":12},{"not_picked":["animator:RoyMustang","animator:Pride"],"picked":"animator:ElricEdward","floor":13},{"not_picked":["animator:NarberalGamma","animator:Lu"],"picked":"animator:Raven","floor":14},{"not_picked":["animator:Ainz","animator:GoblinSlayer"],"picked":"animator:Albedo","floor":16},{"not_picked":["animator:MumenRider","animator:LizardPriest","animator:CowGirl"],"picked":"SKIP","floor":18},{"not_picked":["animator:Pride","animator:Ciel"],"picked":"animator:DwarfShaman+1","floor":19}],"player_experience":338050,"relics_obtained":[{"floor":7,"key":"Orichalcum"},{"floor":9,"key":"Happy Flower"},{"floor":14,"key":"hubris:ToyBattleship"}],"event_choices":[{"damage_healed":0,"gold_gain":0,"player_choice":"Donut","damage_taken":0,"max_hp_gain":5,"max_hp_loss":0,"event_name":"Big Fish","floor":2,"gold_loss":0},{"damage_healed":0,"gold_gain":0,"player_choice":"Ignored","damage_taken":0,"max_hp_gain":0,"max_hp_loss":0,"event_name":"Liars Game","floor":10,"gold_loss":0}],"is_beta":false,"boss_relics":[{"not_picked":["ReplayTheSpireMod:DimensionalGlitch","hubris:HollowSoul"],"picked":"animator:HolyGrailRelic"}],"items_purged_floors":[],"is_endless":false,"potions_floor_spawned":[1,3,4,8,13],"ascension_level":0}}