{"host":"33hgl29kcin19vuq","time":1613049460,"event":{"mods":["Act Like it!","Bard","BaseMod","Colored Map","GifTheSpireLib","Halation","Hermit","Hubris","Infinite Spire","Marisa????????","Minty Spire (QoL Compilation)","Remilia??????","Replay The Spire","StSLib","The Animator","The Bug Knight","The Cursed","The Disciple","The Mystic","The Necromancer","The Poker Player","The Runesmith","The Senshi","The Servant 0.9.4"],"gold_per_floor":[119,119,145,225,238,238,238,238],"floor_reached":7,"language":"ENG","playtime":298,"items_purged":[],"score":41,"play_id":"1cdc1031-b6d2-45d0-a677-3f51d50f08bf","local_time":"20210211181740","is_ascension_mode":false,"campfire_choices":[{"data":"animator:DwarfShaman","floor":6,"key":"SMITH"}],"circlet_count":0,"master_deck":["animator:Strike_GoblinSlayer+1","animator:Defend_GoblinSlayer","animator:Strike","animator:Strike","animator:Strike","animator:Defend","animator:Defend","animator:Defend","animator:LizardPriest","animator:DwarfShaman+1","animator:Witch"],"relics":["animator:LivingPicture","animator:TheMissingPiece","NeowsBlessing","Bottled Flame"],"acts_visited":["Exordium"],"potions_floor_usage":[7,7],"damage_taken":[{"damage":0,"enemies":"Small Slimes","floor":1,"turns":1},{"damage":0,"enemies":"Jaw Worm","floor":3,"turns":1},{"damage":0,"enemies":"2 Louse","floor":5,"turns":1},{"damage":9,"enemies":"3 Sentries","floor":7,"turns":2}],"seed_played":"5917526126459202002","potions_obtained":[{"floor":1,"key":"Venom Potion"},{"floor":3,"key":"Venom Potion"}],"is_trial":false,"path_per_floor":["M","?","M","T","M","R","E"],"character_chosen":"THE_ANIMATOR","items_purchased":[],"campfire_rested":0,"item_purchase_floors":[],"current_hp_per_floor":[66,66,66,66,66,66,57,57],"gold":238,"neow_bonus":"THREE_ENEMY_KILL","is_daily":false,"chose_seed":false,"campfire_upgraded":1,"win_rate":0.0,"timestamp":1613049460,"path_taken":["M","?","M","?","M","R","E"],"items_purchased_type":[],"build_version":"2020-12-22","purchased_purges":0,"victory":false,"max_hp_per_floor":[66,66,66,66,66,66,66,66],"card_choices":[{"not_picked":["animator:Cocytus","animator:OrikoMikuni","animator:ZankiKiguchi"],"picked":"SKIP","floor":1},{"not_picked":["animator:Cocytus","animator:Spearman"],"picked":"animator:Witch","floor":3},{"not_picked":["animator:OrikoMikuni","animator:Emonzaemon","animator:Aisha"],"picked":"SKIP","floor":5}],"player_experience":150417,"relics_obtained":[{"floor":4,"key":"Bottled Flame"}],"event_choices":[],"is_beta":false,"boss_relics":[],"items_purged_floors":[],"is_endless":false,"potions_floor_spawned":[1,3],"killed_by":"3 Sentries","ascension_level":0}}