{"host":"gkm149kh1ihaqy0o","time":1613006387,"event":{"mods":["AchievementEnabler","BaseMod","Colored Powertips","Curses Come First","Dark Map","Googly Eyes","Key Reminder","Minty Spire (QoL Compilation)","Permanent Neow","Quick Restart","Random Character Button","Rare Cards Sparkle","Relic Sorter","Relic Stats","StSLib","SuperFastMode","Unceasing Turn Reminder","everything is the same but u backflip on backflip"],"gold_per_floor":[116,127,143,68,86,114,289,289,289,320,69,69,101,118,118,223,223,236,248,248,93,93,125,125,159,159,159,159,190,190,208,208,304,304,349,349,10,0,0,35,35,48,48,93,31,61,61,73,73,73,73],"floor_reached":50,"language":"ENG","playtime":1992,"items_purged":["Strike_P","Doubt","Writhe"],"score":1004,"play_id":"ec4619ee-7695-4999-b86f-cde7001ae609","local_time":"20210210191947","is_ascension_mode":true,"campfire_choices":[{"data":"Mayhem","floor":8,"key":"SMITH"},{"data":"Eruption","floor":12,"key":"SMITH"},{"data":"Judgement","floor":15,"key":"SMITH"},{"data":"FlyingSleeves","floor":24,"key":"SMITH"},{"floor":27,"key":"REST"},{"data":"Wish","floor":30,"key":"SMITH"},{"floor":32,"key":"REST"},{"floor":41,"key":"REST"},{"floor":47,"key":"RECALL"},{"floor":49,"key":"REST"}],"circlet_count":0,"master_deck":["Strike_P+1","Strike_P+1","Defend_P+1","Defend_P+1","Defend_P+1","Defend_P+1","Eruption+1","Vigilance+1","Mayhem+1","EmptyFist+1","Consecrate+1","FlyingSleeves+1","Brilliance+1","WheelKick+1","Judgement+1","Protect+1","EmptyFist+1","LessonLearned+1","Indignation+1","InnerPeace+1","Wish+1","Injury","Parasite","EmptyBody+1","LikeWater+1","Vault+1","CutThroughFate+1","Wallop","Doubt","Tantrum+1","Crescendo+1","SandsOfTime+1"],"relics":["PureWater","Ornamental Fan","Darkstone Periapt","Anchor","Sling","Blue Candle","Cursed Key","Whetstone","Question Card","The Courier","Sundial","Pocketwatch","Pear","Shuriken","keyreminder:keyreminder","Fusion Hammer","War Paint","Orichalcum","Red Mask","Mark of the Bloom","Bronze Scales","Boot","Ice Cream"],"acts_visited":["Exordium","TheCity","TheBeyond"],"potions_floor_usage":[10,25,25,29,31,33,42,48,50],"damage_taken":[{"damage":0,"enemies":"2 Louse","floor":1,"turns":4},{"damage":1,"enemies":"Small Slimes","floor":2,"turns":4},{"damage":1,"enemies":"Cultist","floor":3,"turns":3},{"damage":1,"enemies":"Looter","floor":5,"turns":2},{"damage":7,"enemies":"Lagavulin","floor":6,"turns":5},{"damage":11,"enemies":"3 Sentries","floor":10,"turns":4},{"damage":0,"enemies":"Gremlin Nob","floor":13,"turns":2},{"damage":0,"enemies":"Blue Slaver","floor":14,"turns":3},{"damage":0,"enemies":"Slime Boss","floor":16,"turns":5},{"damage":0,"enemies":"Spheric Guardian","floor":18,"turns":1},{"damage":3,"enemies":"3 Byrds","floor":19,"turns":5},{"damage":1,"enemies":"Gremlin Leader","floor":23,"turns":5},{"damage":17,"enemies":"Book of Stabbing","floor":25,"turns":5},{"damage":28,"enemies":"Slavers","floor":29,"turns":5},{"damage":20,"enemies":"Shelled Parasite and Fungi","floor":31,"turns":4},{"damage":53,"enemies":"Collector","floor":33,"turns":8},{"damage":20,"enemies":"3 Shapes","floor":35,"turns":7},{"damage":1,"enemies":"Reptomancer","floor":40,"turns":3},{"damage":3,"enemies":"Orb Walker","floor":42,"turns":3},{"damage":0,"enemies":"Spire Growth","floor":44,"turns":4},{"damage":3,"enemies":"Giant Head","floor":46,"turns":4},{"damage":1,"enemies":"Jaw Worm Horde","floor":48,"turns":3},{"damage":82,"enemies":"Time Eater","floor":50,"turns":5}],"seed_played":"-6865017635137705335","potions_obtained":[{"floor":3,"key":"Fire Potion"},{"floor":14,"key":"SpeedPotion"},{"floor":16,"key":"SteroidPotion"},{"floor":19,"key":"EssenceOfSteel"},{"floor":25,"key":"Explosive Potion"},{"floor":29,"key":"PowerPotion"},{"floor":33,"key":"SpeedPotion"},{"floor":35,"key":"FairyPotion"},{"floor":42,"key":"ColorlessPotion"}],"is_trial":false,"path_per_floor":["M","M","M","$","M","E","?","R","T","E","$","R","E","M","R","B",null,"M","M","?","$","?","E","R","E","T","R","T","E","R","M","R","B",null,"M","?","$","?","?","E","R","M","T","M","$","E","R","M","R","B"],"character_chosen":"WATCHER","items_purchased":["Sling","Whetstone","War Paint","Orichalcum","DistilledChaos"],"campfire_rested":4,"item_purchase_floors":[11,21,37,37,45],"current_hp_per_floor":[65,64,63,63,62,55,55,55,55,44,44,44,44,44,44,44,60,60,57,51,51,57,56,56,39,45,68,84,56,56,36,63,10,72,52,52,52,52,52,51,51,48,48,48,48,45,45,44,44,0,0],"gold":73,"neow_bonus":"RANDOM_COLORLESS_2","is_daily":false,"chose_seed":false,"campfire_upgraded":5,"win_rate":0.0,"timestamp":1613006387,"path_taken":["M","M","M","$","M","E","?","R","T","E","$","R","E","M","R","BOSS","M","M","?","?","?","E","R","E","T","R","?","E","R","?","R","BOSS","M","?","$","?","?","E","R","M","T","?","?","E","R","M","R","BOSS"],"items_purchased_type":["Relic","Relic","Relic","Relic","Potion"],"build_version":"2020-12-22","purchased_purges":3,"victory":false,"max_hp_per_floor":[65,65,65,65,65,65,65,65,65,65,65,65,65,65,65,65,65,65,65,65,65,71,71,71,71,77,77,93,93,93,93,93,93,93,93,93,93,93,93,93,93,93,99,99,99,99,99,99,99,99,99],"relic_stats":{"Darkstone Periapt":24,"Mark of the Bloom":62,"counters":[23,94],"Blue Candle":[19],"Whetstone":["Strike_P","Strike_P"],"War Paint":["Protect","Defend_P"],"Orichalcum":[18],"Cursed Key":3,"Question Card":11,"Boot":[5],"Ornamental Fan":[108],"Sundial":[4],"Shuriken":[14],"Bronze Scales":[34],"obtain_stats":[{"Darkstone Periapt":9,"Ice Cream":46,"Mark of the Bloom":39,"Pear":28,"Blue Candle":13,"The Courier":23,"Whetstone":21,"War Paint":37,"Orichalcum":37,"Sling":11,"Cursed Key":17,"Question Card":22,"Boot":43,"keyreminder:keyreminder":29,"Anchor":10,"Ornamental Fan":6,"Sundial":25,"Shuriken":29,"Bronze Scales":40,"Fusion Hammer":34,"Red Mask":38,"PureWater":0,"Pocketwatch":26},{"Darkstone Periapt":5,"Ice Cream":21,"Mark of the Bloom":17,"Pear":13,"Blue Candle":7,"The Courier":12,"Whetstone":11,"War Paint":17,"Orichalcum":17,"Sling":6,"Cursed Key":9,"Question Card":11,"Boot":19,"keyreminder:keyreminder":14,"Anchor":6,"Ornamental Fan":5,"Sundial":13,"Shuriken":14,"Bronze Scales":18,"Fusion Hammer":16,"Red Mask":17,"PureWater":0,"Pocketwatch":13},{"Darkstone Periapt":18,"Ice Cream":86,"Mark of the Bloom":72,"Pear":48,"Blue Candle":24,"The Courier":43,"Whetstone":38,"War Paint":72,"Orichalcum":72,"Sling":22,"Cursed Key":32,"Question Card":38,"Boot":78,"keyreminder:keyreminder":53,"Anchor":22,"Ornamental Fan":18,"Sundial":48,"Shuriken":53,"Bronze Scales":75,"Fusion Hammer":65,"Red Mask":72,"PureWater":0,"Pocketwatch":48}],"Pocketwatch":[27]},"card_choices":[{"not_picked":["Thinking Ahead","Metamorphosis"],"picked":"Mayhem","floor":0},{"not_picked":["BowlingBash","Prostrate"],"picked":"EmptyFist","floor":1},{"not_picked":["CrushJoints","Worship"],"picked":"Consecrate","floor":2},{"not_picked":["Weave","WreathOfFlame"],"picked":"FlyingSleeves","floor":3},{"not_picked":["JustLucky","Crescendo"],"picked":"Brilliance","floor":5},{"not_picked":["Weave","SashWhip"],"picked":"WheelKick","floor":6},{"not_picked":["BowlingBash","Perseverance"],"picked":"Judgement","floor":10},{"not_picked":["ForeignInfluence","Collect"],"picked":"Protect","floor":13},{"not_picked":["Crescendo","PathToVictory"],"picked":"EmptyFist","floor":14},{"not_picked":["SpiritShield","Establishment"],"picked":"LessonLearned","floor":16},{"not_picked":["Wallop","FollowUp+1"],"picked":"Indignation","floor":18},{"not_picked":["Protect","BowlingBash"],"picked":"InnerPeace","floor":19},{"not_picked":["CrushJoints","Evaluate","EmptyFist","Prostrate+1"],"picked":"SKIP","floor":23},{"not_picked":["FlurryOfBlows","Prostrate","Halt"],"picked":"Wish","floor":25},{"not_picked":["DeceiveReality","CarveReality","WreathOfFlame"],"picked":"EmptyBody","floor":29},{"not_picked":["SignatureMove","Consecrate","JustLucky+1"],"picked":"LikeWater+1","floor":31},{"not_picked":["ConjureBlade","Brilliance","Omniscience"],"picked":"Vault","floor":33},{"not_picked":["FollowUp","PathToVictory","LikeWater+1"],"picked":"CutThroughFate","floor":35},{"not_picked":["SpiritShield","FlurryOfBlows","InnerPeace+1"],"picked":"Wallop","floor":40},{"not_picked":["FollowUp","PathToVictory+1","Prostrate+1","JustLucky+1"],"picked":"SKIP","floor":42},{"not_picked":["BattleHymn+1","FlurryOfBlows+1","Evaluate+1"],"picked":"Tantrum+1","floor":44},{"not_picked":["PathToVictory+1","Conclude","EmptyBody+1"],"picked":"Crescendo+1","floor":46},{"not_picked":["ThirdEye","SashWhip+1","Fasting2"],"picked":"SandsOfTime+1","floor":48}],"player_experience":656789,"relics_obtained":[{"floor":6,"key":"Ornamental Fan"},{"floor":9,"key":"Darkstone Periapt"},{"floor":10,"key":"Anchor"},{"floor":13,"key":"Blue Candle"},{"floor":23,"key":"The Courier"},{"floor":25,"key":"Sundial"},{"floor":26,"key":"Pocketwatch"},{"floor":28,"key":"Pear"},{"floor":29,"key":"Shuriken"},{"floor":40,"key":"Bronze Scales"},{"floor":43,"key":"Boot"},{"floor":46,"key":"Ice Cream"}],"event_choices":[{"damage_healed":0,"gold_gain":175,"player_choice":"AGREE","damage_taken":0,"max_hp_gain":0,"max_hp_loss":0,"event_name":"Liars Game","floor":7,"gold_loss":0,"cards_obtained":["Doubt"]},{"damage_healed":0,"gold_gain":0,"player_choice":"Damaged","damage_taken":6,"max_hp_gain":0,"max_hp_loss":0,"event_name":"Wheel of Change","floor":20,"gold_loss":0},{"damage_healed":0,"gold_gain":0,"player_choice":"Opened","damage_taken":0,"relics_obtained":["Question Card"],"max_hp_gain":0,"max_hp_loss":0,"event_name":"The Mausoleum","floor":22,"gold_loss":0,"cards_obtained":["Writhe"]},{"cards_removed":["Strike_P"],"damage_healed":0,"gold_gain":0,"player_choice":"Removed Attack","damage_taken":0,"max_hp_gain":0,"max_hp_loss":0,"event_name":"Falling","floor":36,"gold_loss":0},{"damage_healed":0,"gold_gain":0,"player_choice":"Paid","damage_taken":0,"relics_obtained":["Red Mask"],"max_hp_gain":0,"max_hp_loss":0,"event_name":"Tomb of Lord Red Mask","floor":38,"gold_loss":10},{"damage_healed":0,"gold_gain":0,"player_choice":"Upgrade","damage_taken":0,"relics_obtained":["Mark of the Bloom"],"max_hp_gain":0,"max_hp_loss":0,"event_name":"MindBloom","floor":39,"gold_loss":0,"cards_upgraded":["Strike_P","Defend_P","EmptyFist","Consecrate","Brilliance","WheelKick","EmptyFist","LessonLearned","Indignation","InnerPeace","EmptyBody","Vault","CutThroughFate"]}],"is_beta":false,"boss_relics":[{"not_picked":["Empty Cage","Velvet Choker"],"picked":"Cursed Key"},{"not_picked":["SacredBark","Tiny House"],"picked":"Fusion Hammer"}],"items_purged_floors":[4,11,37],"is_endless":false,"potions_floor_spawned":[3,14,16,19,25,29,33,35,42,46],"killed_by":"Time Eater","ascension_level":8}}