{"host":"8p8mq6wqs4l9r8vf","time":1613045737,"event":{"mods":["BaseMod","Colored Powertips","Minty Spire (QoL Compilation)","Replay The Spire","StSLib"],"gold_per_floor":[111,111,131,145,202,202,214,214,214,234,247,247,276,119,119,222,272,289,303,315,67,81,81,81,81,81,81,81],"floor_reached":27,"language":"RUS","playtime":1180,"items_purged":[],"score":240,"play_id":"459c436a-73cd-421c-a1cf-cfd6a853018e","local_time":"20210211171537","is_ascension_mode":false,"campfire_choices":[{"data":"Strike_B","floor":6,"key":"SMITH"},{"floor":8,"key":"REST"},{"floor":12,"key":"REST"},{"floor":15,"key":"REST"},{"floor":23,"key":"REST"}],"circlet_count":0,"master_deck":["Strike_B+1","Defend_B+1","Defend_B+1","Zap","Dualcast","ReplayTheSpireMod:Restless Dread","Stack","Delirium","Storm+1","Streamline","Rebound","Conserve Battery","Steam","Melter","Ball Lightning","Thunder Strike","Fission","Capacitor","Loop","Barrage","Double Energy","Glacier"],"relics":["Kintsugi","Bottled Lightning","Mercury Hourglass","Question Card","Lantern","Tiny House","Cables","Replay:Accelerometer"],"acts_visited":["Exordium","TheCity"],"potions_floor_usage":[13,13,20,27,27],"damage_taken":[{"damage":7,"enemies":"Cultist","floor":1,"turns":4},{"damage":5,"enemies":"Small Slimes","floor":3,"turns":5},{"damage":8,"enemies":"2 Louse","floor":4,"turns":4},{"damage":37,"enemies":"Gremlin Gang","floor":7,"turns":4},{"damage":6,"enemies":"Lots of Slimes","floor":10,"turns":3},{"damage":10,"enemies":"Looter","floor":11,"turns":3},{"damage":0,"enemies":"3 Sentries","floor":13,"turns":5},{"damage":54,"enemies":"Fading Forest","floor":16,"turns":11},{"damage":19,"enemies":"Spheric Guardian","floor":18,"turns":4},{"damage":3,"enemies":"Chosen","floor":19,"turns":4},{"damage":29,"enemies":"Snecko","floor":20,"turns":5},{"damage":22,"enemies":"Sentry and Sphere","floor":22,"turns":4},{"damage":47,"enemies":"Shelled Parasite and Fungi","floor":27,"turns":5}],"seed_played":"6348812632212765030","potions_obtained":[{"floor":4,"key":"SpeedPotion"},{"floor":10,"key":"DistilledChaos"},{"floor":11,"key":"PowerPotion"},{"floor":16,"key":"Milkshake"},{"floor":17,"key":"Regen Potion"},{"floor":20,"key":"LiquidMemories"}],"is_trial":false,"path_per_floor":["M","?","M","M","?","R","M","R","T","M","M","R","E","$","R","B",null,"M","M","M","$","M","R","?","?","T","M"],"character_chosen":"DEFECT","items_purchased":["Lantern","Cables"],"campfire_rested":4,"item_purchase_floors":[14,21],"current_hp_per_floor":[68,68,63,55,55,55,18,40,40,34,24,46,46,46,68,26,80,61,58,43,43,21,45,45,45,45,0,0],"gold":81,"neow_bonus":"BOSS_RELIC","is_daily":false,"chose_seed":false,"campfire_upgraded":1,"win_rate":0.0,"timestamp":1613045737,"path_taken":["M","?","M","?","?","R","M","R","T","?","?","R","E","$","R","BOSS","M","?","M","$","M","R","?","?","T","M"],"items_purchased_type":["Relic","Relic"],"build_version":"2020-12-22","purchased_purges":0,"victory":false,"max_hp_per_floor":[75,75,75,75,75,75,75,75,75,75,75,75,75,75,75,75,80,80,80,80,80,80,80,80,80,80,80,80],"card_choices":[{"not_picked":["Coolheaded","Go for the Eyes"],"picked":"Stack","floor":1},{"not_picked":["Defragment","Chaos"],"picked":"Storm","floor":3},{"not_picked":["Defragment","Panic Button"],"picked":"Streamline","floor":4},{"not_picked":["Hello World","Sweeping Beam"],"picked":"Rebound","floor":5},{"not_picked":["Compile Driver","Lockon"],"picked":"Conserve Battery","floor":5},{"not_picked":["Leap","Panic Button"],"picked":"Steam","floor":7},{"not_picked":["Ball Lightning","Redo"],"picked":"Melter","floor":10},{"not_picked":["Steam Power","Panic Button"],"picked":"Ball Lightning","floor":11},{"not_picked":["Rebound","Streamline"],"picked":"Thunder Strike","floor":13},{"not_picked":["Amplify","Echo Form","ReplayTheSpireMod:Omega Cannon"],"picked":"Fission","floor":16},{"not_picked":["Static Discharge","Ball Lightning","Streamline"],"picked":"Capacitor","floor":17},{"not_picked":["Coolheaded","Conserve Battery","Lockon"],"picked":"Heatsinks","floor":18},{"not_picked":["Sunder","Hologram","Hello World"],"picked":"Loop","floor":19},{"not_picked":["Reprogram","Go for the Eyes","ReplayTheSpireMod:Calculation Training"],"picked":"Barrage","floor":20},{"not_picked":["Compile Driver+1","ReplayGash","ReplaySolidLightProjector"],"picked":"Double Energy","floor":22}],"player_experience":51980,"relics_obtained":[{"floor":5,"key":"Bottled Lightning"},{"floor":9,"key":"Mercury Hourglass"},{"floor":13,"key":"Question Card"},{"floor":26,"key":"Replay:Accelerometer"}],"event_choices":[{"damage_healed":0,"gold_gain":0,"cards_transformed":["Decay"],"player_choice":"Transformed","damage_taken":0,"max_hp_gain":0,"max_hp_loss":0,"event_name":"Transmorgrifier","floor":2,"gold_loss":0,"cards_obtained":["Delirium"]},{"damage_healed":0,"gold_gain":0,"player_choice":"Simplicity","damage_taken":0,"max_hp_gain":0,"max_hp_loss":0,"event_name":"Back to Basics","floor":24,"gold_loss":0,"cards_upgraded":["Defend_B","Defend_B"]},{"damage_healed":0,"gold_gain":0,"cards_transformed":["Heatsinks"],"player_choice":"Transformed","damage_taken":0,"max_hp_gain":0,"max_hp_loss":0,"event_name":"Transmorgrifier","floor":25,"gold_loss":0,"cards_obtained":["Glacier"]}],"is_beta":false,"boss_relics":[{"not_picked":["SlaversCollar","Astrolabe"],"picked":"Tiny House"}],"items_purged_floors":[],"is_endless":false,"potions_floor_spawned":[4,10,11,16,20],"killed_by":"Shelled Parasite and Fungi","ascension_level":0}}