{"host":"tetq3wi5anb97imq","time":1613063527,"event":{"mods":["BaseMod","Block Reminder","Minty Spire (QoL Compilation)","Quick Restart","StSLib","SuperFastMode"],"gold_per_floor":[114,0,0,0,0,35,35,66,66,77,105,105,136,152,152,228,228,238,238,238,257,172,172,192,210,210,210,210],"floor_reached":27,"language":"ENG","playtime":589,"items_purged":[],"score":678,"play_id":"1be56134-738e-4744-8a02-db111a17088d","local_time":"20210211151207","is_ascension_mode":true,"campfire_choices":[{"data":"Flying Knee","floor":7,"key":"SMITH"},{"data":"Predator","floor":15,"key":"SMITH"},{"data":"Footwork","floor":23,"key":"SMITH"}],"circlet_count":0,"master_deck":["AscendersBane","Strike_G","Strike_G","Strike_G+1","Strike_G","Strike_G","Defend_G","Defend_G","Defend_G","Defend_G","Defend_G","Survivor","Neutralize","Dodge and Roll","Noxious Fumes+1","Dagger Throw+1","Flying Knee+1","Footwork+1","Predator+1","All Out Attack","Poisoned Stab","After Image","Poisoned Stab","Leg Sweep","Bane","Dash"],"relics":["Ring of the Snake","NeowsBlessing","Mummified Hand","Bronze Scales","Whetstone","The Courier","Anchor","Meat on the Bone","SlaversCollar","Nilry\u0027s Codex","Omamori","Incense Burner"],"acts_visited":["Exordium","TheCity"],"potions_floor_usage":[11,13,16,18,24,24],"damage_taken":[{"damage":0,"enemies":"Cultist","floor":1,"turns":1},{"damage":0,"enemies":"3 Sentries","floor":6,"turns":1},{"damage":0,"enemies":"Lagavulin","floor":8,"turns":1},{"damage":1,"enemies":"2 Louse","floor":10,"turns":3},{"damage":38,"enemies":"Gremlin Nob","floor":11,"turns":5},{"damage":1,"enemies":"3 Sentries","floor":13,"turns":6},{"damage":0,"enemies":"Jaw Worm","floor":14,"turns":3},{"damage":0,"enemies":"Slime Boss","floor":16,"turns":8},{"damage":3,"enemies":"Chosen","floor":18,"turns":6},{"damage":3,"enemies":"3 Byrds","floor":21,"turns":3},{"damage":8,"enemies":"Cultist and Chosen","floor":24,"turns":7},{"damage":18,"enemies":"Snecko","floor":25,"turns":5},{"damage":48,"enemies":"Book of Stabbing","floor":27,"turns":5}],"seed_played":"-292194501171977458","potions_obtained":[{"floor":6,"key":"DistilledChaos"},{"floor":11,"key":"Swift Potion"},{"floor":14,"key":"ColorlessPotion"},{"floor":16,"key":"EssenceOfSteel"},{"floor":18,"key":"AttackPotion"},{"floor":21,"key":"Weak Potion"}],"is_trial":false,"path_per_floor":["M","$","?","$","?","E","R","E","T","M","E","?","E","M","R","B",null,"M","?","?","M","?","R","M","M","T","E"],"character_chosen":"THE_SILENT","items_purchased":["Noxious Fumes","Dagger Throw"],"campfire_rested":0,"item_purchase_floors":[2,2],"current_hp_per_floor":[59,59,59,59,59,59,59,59,59,58,20,13,12,24,24,36,59,56,35,76,73,73,73,65,47,47,0,0],"gold":210,"neow_bonus":"THREE_ENEMY_KILL","is_daily":false,"chose_seed":false,"campfire_upgraded":3,"win_rate":0.0,"timestamp":1613063527,"path_taken":["M","$","?","$","?","E","R","E","T","?","E","?","E","M","R","BOSS","M","?","?","?","?","R","M","M","T","E"],"items_purchased_type":["Card","Card"],"build_version":"2020-12-22","purchased_purges":0,"victory":false,"max_hp_per_floor":[66,66,66,66,66,66,66,66,66,66,66,66,66,66,66,66,66,66,66,76,76,76,76,76,76,76,76,76],"card_choices":[{"not_picked":["Outmaneuver","Catalyst"],"picked":"Dodge and Roll","floor":1},{"not_picked":["Bane","Blade Dance"],"picked":"Flying Knee","floor":6},{"not_picked":["Cloak And Dagger","Glass Knife"],"picked":"Footwork","floor":8},{"not_picked":["Endless Agony","Calculated Gamble"],"picked":"Predator","floor":10},{"not_picked":["Riddle With Holes","Dagger Spray"],"picked":"All Out Attack","floor":11},{"not_picked":["Deadly Poison","Glass Knife"],"picked":"Malaise","floor":13},{"not_picked":["Acrobatics","Flying Knee"],"picked":"Poisoned Stab","floor":14},{"not_picked":["Doppelganger","Burst"],"picked":"After Image","floor":16},{"not_picked":["Predator","Well Laid Plans"],"picked":"Poisoned Stab","floor":18},{"not_picked":["Finisher","Bane"],"picked":"Leg Sweep","floor":21},{"not_picked":["Riddle With Holes","Quick Slash"],"picked":"Bane","floor":24},{"not_picked":["Prepared","Night Terror"],"picked":"Dash","floor":25}],"player_experience":1662844,"relics_obtained":[{"floor":6,"key":"Bronze Scales"},{"floor":8,"key":"Whetstone"},{"floor":9,"key":"The Courier"},{"floor":11,"key":"Anchor"},{"floor":13,"key":"Meat on the Bone"},{"floor":19,"key":"Nilry\u0027s Codex"},{"floor":26,"key":"Incense Burner"}],"event_choices":[{"damage_healed":0,"gold_gain":0,"player_choice":"Grow","damage_taken":0,"max_hp_gain":0,"max_hp_loss":0,"event_name":"Living Wall","floor":3,"gold_loss":0,"cards_upgraded":["Noxious Fumes"]},{"damage_healed":0,"gold_gain":0,"player_choice":"Box","damage_taken":0,"relics_obtained":["Mummified Hand"],"max_hp_gain":0,"max_hp_loss":0,"event_name":"Big Fish","floor":5,"gold_loss":0,"cards_obtained":["Regret"]},{"cards_removed":["Regret"],"damage_healed":0,"gold_gain":0,"player_choice":"Card Removal","damage_taken":7,"max_hp_gain":0,"max_hp_loss":0,"event_name":"Golden Wing","floor":12,"gold_loss":0},{"damage_healed":0,"gold_gain":0,"player_choice":"Obtained Book","damage_taken":21,"max_hp_gain":0,"max_hp_loss":0,"event_name":"Cursed Tome","floor":19,"gold_loss":0},{"cards_removed":["Malaise"],"damage_healed":31,"gold_gain":0,"player_choice":"Offered Rare","damage_taken":0,"max_hp_gain":10,"max_hp_loss":0,"event_name":"Bonfire Elementals","floor":20,"gold_loss":0},{"damage_healed":0,"gold_gain":0,"player_choice":"Obtained Relic","damage_taken":0,"relics_obtained":["Omamori"],"max_hp_gain":0,"max_hp_loss":0,"event_name":"Addict","floor":22,"gold_loss":85}],"is_beta":false,"boss_relics":[{"not_picked":["Ring of the Serpent","Empty Cage"],"picked":"SlaversCollar"}],"items_purged_floors":[],"is_endless":false,"potions_floor_spawned":[6,11,14,16,18,21],"killed_by":"Book of Stabbing","ascension_level":20}}