{"host":"uc8wz0q199a7d901","time":1613005935,"event":{"mods":["2.2 Compatiblity","BaseMod","Colored Map","DeckTracker","Highlight Path","Minty Spire (QoL Compilation)","Permanent Neow","Quick Restart","SuperFastMode"],"gold_per_floor":[114,189,204,219,234,234,264,39,39,54,54,31,46,76,76,176,176,191,191,206,221,248,290,302,229,291,318,330,372,384,396,408,520,532,559,586,598,625,6,36,36,66,66,81,96,111,126,141,141,141],"floor_reached":51,"language":"KOR","playtime":1736,"items_purged":["Strike_P","Defend_P"],"score":1063,"play_id":"d6222797-301a-4f58-b88c-a6b934b03ffb","local_time":"20210211101215","daily_mods":["Allstar","Vintage","Binary"],"is_ascension_mode":false,"campfire_choices":[{"data":"Eruption","floor":6,"key":"SMITH"},{"floor":15,"key":"REST"},{"data":"LessonLearned","floor":24,"key":"SMITH"},{"data":"Master of Strategy","floor":28,"key":"SMITH"},{"floor":32,"key":"REST"},{"floor":41,"key":"REST"},{"floor":49,"key":"REST"}],"circlet_count":0,"master_deck":["Strike_P+1","Strike_P+1","Strike_P+1","Defend_P+1","Defend_P+1","Eruption+1","Vigilance+1","Swift Strike+1","Dark Shackles+1","Sadistic Nature+1","Master of Strategy+1","Panacea+1","SandsOfTime+1","ClearTheMind+1","LessonLearned+1","EmptyFist+1","Writhe","Devotion+1","MentalFortress+1","Vengeance+1","InnerPeace+1"],"relics":["PureWater","Frozen Egg 2","Anchor","Art of War","Toy Ornithopter","Boot","Lantern","Matryoshka","Akabeko","Kunai","Oddly Smooth Stone","SacredBark","Prayer Wheel","Meat on the Bone","MawBank","TeardropLocket","Question Card","PreservedInsect","InkBottle","Regal Pillow","Bronze Scales","Torii","MutagenicStrength","Ornamental Fan","Busted Crown","Pear","Happy Flower","Damaru","Dead Branch","Nunchaku","Yang","Whetstone","Bottled Flame","CloakClasp","Blood Vial","Mummified Hand","Girya","Dream Catcher"],"acts_visited":["Exordium","TheCity","TheBeyond"],"potions_floor_usage":[1,14,16,23,23,33,45,45,50,50],"damage_taken":[{"damage":3,"enemies":"2 Louse","floor":1,"turns":2},{"damage":0,"enemies":"Jaw Worm","floor":3,"turns":2},{"damage":0,"enemies":"Cultist","floor":4,"turns":2},{"damage":0,"enemies":"Exordium Wildlife","floor":5,"turns":3},{"damage":21,"enemies":"3 Sentries","floor":7,"turns":7},{"damage":5,"enemies":"Looter","floor":10,"turns":3},{"damage":0,"enemies":"Large Slime","floor":13,"turns":3},{"damage":0,"enemies":"Lagavulin","floor":14,"turns":4},{"damage":0,"enemies":"Hexaghost","floor":16,"turns":8},{"damage":10,"enemies":"2 Thieves","floor":18,"turns":3},{"damage":0,"enemies":"Spheric Guardian","floor":20,"turns":3},{"damage":0,"enemies":"Centurion and Healer","floor":21,"turns":4},{"damage":0,"enemies":"Cultist and Chosen","floor":22,"turns":4},{"damage":35,"enemies":"Gremlin Leader","floor":23,"turns":6},{"damage":0,"enemies":"Shelled Parasite and Fungi","floor":27,"turns":2},{"damage":0,"enemies":"Book of Stabbing","floor":29,"turns":4},{"damage":31,"enemies":"Collector","floor":33,"turns":9},{"damage":3,"enemies":"3 Shapes","floor":35,"turns":2},{"damage":14,"enemies":"3 Darklings","floor":36,"turns":5},{"damage":23,"enemies":"Sphere and 2 Shapes","floor":38,"turns":6},{"damage":26,"enemies":"Reptomancer","floor":40,"turns":4},{"damage":1,"enemies":"Nemesis","floor":42,"turns":3},{"damage":26,"enemies":"Spire Growth","floor":44,"turns":6},{"damage":0,"enemies":"3 Darklings","floor":45,"turns":5},{"damage":0,"enemies":"Writhing Mass","floor":46,"turns":2},{"damage":0,"enemies":"Jaw Worm Horde","floor":47,"turns":2},{"damage":0,"enemies":"3 Darklings","floor":48,"turns":3},{"damage":21,"enemies":"Awakened One","floor":50,"turns":7}],"seed_played":"-587577638262706789","potions_obtained":[{"floor":1,"key":"Fruit Juice"},{"floor":3,"key":"Weak Potion"},{"floor":4,"key":"Block Potion"},{"floor":14,"key":"BlessingOfTheForge"},{"floor":16,"key":"Fruit Juice"},{"floor":18,"key":"EssenceOfSteel"},{"floor":22,"key":"PowerPotion"},{"floor":23,"key":"GamblersBrew"},{"floor":36,"key":"Ambrosia"},{"floor":38,"key":"LiquidBronze"},{"floor":40,"key":"Dexterity Potion"},{"floor":48,"key":"LiquidMemories"}],"is_trial":false,"path_per_floor":["M","?","M","M","M","R","E","$","T","M","?","$","M","E","R","B",null,"M","?","M","M","M","E","R","?","T","M","R","E","?","?","R","B",null,"M","M","?","M","$","E","R","E","T","M","M","M","M","M","R","B",null],"character_chosen":"WATCHER","items_purchased":["Lantern","ClearTheMind","MentalFortress+1","Vengeance","InnerPeace","Dead Branch"],"campfire_rested":4,"item_purchase_floors":[8,12,39,39,39,39],"current_hp_per_floor":[74,63,63,63,63,63,42,42,42,37,22,22,22,27,50,60,82,72,72,72,72,72,47,47,47,47,47,47,47,47,47,82,56,82,89,75,75,52,52,38,80,79,79,53,63,65,67,69,92,71],"gold":141,"neow_bonus":"","is_daily":true,"chose_seed":false,"campfire_upgraded":3,"win_rate":0.0,"timestamp":1613005935,"path_taken":["M","?","M","M","M","R","E","$","T","M","?","?","?","E","R","BOSS","M","?","M","M","M","E","R","?","T","M","R","E","?","?","R","BOSS","M","M","?","M","?","E","R","E","T","M","M","M","M","M","R","BOSS"],"items_purchased_type":["Relic","Card","Card","Card","Card","Relic"],"build_version":"2020-12-22","purchased_purges":2,"victory":true,"max_hp_per_floor":[77,77,77,77,77,77,77,77,77,77,77,77,77,77,77,82,82,82,82,82,82,82,82,82,82,82,82,82,82,82,82,82,82,82,92,92,92,92,92,92,92,92,92,92,92,92,92,92,92,92],"card_choices":[{"not_picked":["Consecrate"],"picked":"SandsOfTime","floor":7},{"not_picked":["ThirdEye","Wireheading+1"],"picked":"SKIP","floor":14},{"not_picked":["Devotion+1"],"picked":"LessonLearned","floor":16},{"not_picked":["WreathOfFlame"],"picked":"EmptyFist","floor":23},{"not_picked":["ThirdEye","SashWhip+1","Alpha"],"picked":"SKIP","floor":29},{"not_picked":["LessonLearned","ConjureBlade"],"picked":"Devotion+1","floor":33},{"not_picked":["WaveOfTheHand"],"picked":"SKIP","floor":40},{"not_picked":["ThirdEye+1"],"picked":"SKIP","floor":42}],"player_experience":734844,"relics_obtained":[{"floor":1,"key":"Frozen Egg 2"},{"floor":3,"key":"Anchor"},{"floor":4,"key":"Art of War"},{"floor":5,"key":"Toy Ornithopter"},{"floor":7,"key":"Boot"},{"floor":9,"key":"Matryoshka"},{"floor":10,"key":"Akabeko"},{"floor":13,"key":"Kunai"},{"floor":14,"key":"Oddly Smooth Stone"},{"floor":18,"key":"Prayer Wheel"},{"floor":20,"key":"Meat on the Bone"},{"floor":21,"key":"MawBank"},{"floor":22,"key":"TeardropLocket"},{"floor":23,"key":"Question Card"},{"floor":26,"key":"InkBottle"},{"floor":26,"key":"Regal Pillow"},{"floor":27,"key":"Bronze Scales"},{"floor":29,"key":"Torii"},{"floor":35,"key":"Pear"},{"floor":36,"key":"Happy Flower"},{"floor":38,"key":"Damaru"},{"floor":40,"key":"Nunchaku"},{"floor":42,"key":"Yang"},{"floor":43,"key":"Whetstone"},{"floor":43,"key":"Bottled Flame"},{"floor":44,"key":"CloakClasp"},{"floor":45,"key":"Blood Vial"},{"floor":46,"key":"Mummified Hand"},{"floor":47,"key":"Girya"},{"floor":48,"key":"Dream Catcher"}],"event_choices":[{"damage_healed":0,"gold_gain":75,"player_choice":"Gather Gold","damage_taken":11,"max_hp_gain":0,"max_hp_loss":0,"event_name":"World of Goop","floor":2,"gold_loss":0},{"damage_healed":0,"gold_gain":0,"player_choice":"Entered Light","damage_taken":15,"max_hp_gain":0,"max_hp_loss":0,"event_name":"Shining Light","floor":11,"gold_loss":0,"cards_upgraded":["Dark Shackles","Strike_P"]},{"cards_removed":["Defend_P"],"damage_healed":0,"gold_gain":0,"player_choice":"Elegance","damage_taken":0,"max_hp_gain":0,"max_hp_loss":0,"event_name":"Back to Basics","floor":19,"gold_loss":0},{"damage_healed":0,"gold_gain":0,"player_choice":"Obtained Relic","damage_taken":0,"relics_obtained":["PreservedInsect"],"max_hp_gain":0,"max_hp_loss":0,"event_name":"Addict","floor":25,"gold_loss":85},{"damage_healed":0,"gold_gain":0,"player_choice":"Inject Mutagens","damage_taken":0,"relics_obtained":["MutagenicStrength"],"max_hp_gain":0,"max_hp_loss":0,"event_name":"Drug Dealer","floor":30,"gold_loss":0},{"damage_healed":0,"gold_gain":0,"player_choice":"Opened","damage_taken":0,"relics_obtained":["Ornamental Fan"],"max_hp_gain":0,"max_hp_loss":0,"event_name":"The Mausoleum","floor":31,"gold_loss":0,"cards_obtained":["Writhe"]},{"damage_healed":0,"gold_gain":0,"player_choice":"Ignored","damage_taken":0,"max_hp_gain":0,"max_hp_loss":0,"event_name":"Tomb of Lord Red Mask","floor":37,"gold_loss":0}],"is_beta":false,"boss_relics":[{"not_picked":["Cursed Key","SlaversCollar"],"picked":"SacredBark"},{"not_picked":["Coffee Dripper","Runic Dome"],"picked":"Busted Crown"}],"items_purged_floors":[8,39],"is_endless":false,"potions_floor_spawned":[1,3,4,14,16,18,22,23,36,38,40,48],"ascension_level":0}}