{"host":"csv4uk4hw8wax4p9","time":1613009424,"event":{"mods":["Act Like it!","BaseMod","Challenge The Spire","KinomotoSakuraMod(Ä¾Ö®±¾Ó£)","Minty Spire (QoL Compilation)","Quick Restart","StSLib"],"gold_per_floor":[114,114,134,154,154,182,193,193,193,193,221,232,248,248,248,348,348,361,379,379,379],"floor_reached":20,"language":"ZHS","playtime":2095,"items_purged":[],"score":236,"play_id":"20f045ab-76e4-4275-a196-079ffbade5ee","local_time":"20210211101024","is_ascension_mode":false,"campfire_choices":[{"data":"ClowCardTheMove","floor":8.0,"key":"SMITH"},{"data":"ClowCardTheErase","floor":10.0,"key":"SMITH"},{"floor":15.0,"key":"REST"}],"circlet_count":0,"master_deck":["SakuraCardTheMove+","ClowCardTheSword","ClowCardTheSword","ClowCardTheSword","ClowCardTheSword","ClowCardTheShield","ClowCardTheShield","ClowCardTheShield","ClowCardTheShield","SpellCardSeal","SpellCardRelease","ClowCardTheVoice","ClowCardTheErase+1","ClowCardTheShot","ClowCardTheDream","ClowCardTheWindy","ClowCardTheEarthy","ClowCardTheMist","ClowCardTheDash","ClowCardTheTime","ClowCardTheBubbles+1","ClowCardTheSand"],"relics":["KSMOD_SealedBook","KSMOD_SealedWand","Dream Catcher","Bottled Lightning","Ice Cream","Coffee Dripper"],"acts_visited":[],"potions_floor_usage":[],"damage_taken":[{"damage":0.0,"enemies":"Small Slimes","floor":1.0,"turns":2.0},{"damage":1.0,"enemies":"2 Louse","floor":3.0,"turns":2.0},{"damage":4.0,"enemies":"Jaw Worm","floor":4.0,"turns":3.0},{"damage":23.0,"enemies":"3 Sentries","floor":6.0,"turns":7.0},{"damage":0.0,"enemies":"Lots of Slimes","floor":7.0,"turns":1.0},{"damage":25.0,"enemies":"Lagavulin","floor":11.0,"turns":4.0},{"damage":11.0,"enemies":"2 Fungi Beasts","floor":12.0,"turns":4.0},{"damage":0.0,"enemies":"Looter","floor":13.0,"turns":3.0},{"damage":0.0,"enemies":"Slime Boss","floor":16.0,"turns":6.0},{"damage":10.0,"enemies":"Chosen","floor":18.0,"turns":4.0},{"damage":0.0,"enemies":"Spheric Guardian","floor":19.0,"turns":3.0}],"seed_played":"-3519771393637699978","potions_obtained":[{"floor":1.0,"key":"Explosive Potion"},{"floor":4.0,"key":"FearPotion"},{"floor":6.0,"key":"LiquidMemories"},{"floor":7.0,"key":"EssenceOfSteel"},{"floor":12.0,"key":"KSMOD_MagickBottle"},{"floor":19.0,"key":"DistilledChaos"}],"is_trial":false,"path_per_floor":["M","?","M","M","?","E","M","R","T","R","E","M","M","?","R","B",null,"M","M","?"],"character_chosen":"KINOMOTOSAKURA","items_purchased":[],"campfire_rested":1,"item_purchase_floors":[],"current_hp_per_floor":[77,77,76,72,77,54,54,54,54,54,29,18,18,18,42,42,82,72,72,72,72],"gold":379,"neow_bonus":"TEN_PERCENT_HP_BONUS","is_daily":false,"chose_seed":false,"campfire_upgraded":2,"win_rate":0.0,"timestamp":1613009424,"path_taken":["M","?","M","M","?","E","M","R","T","R","E","M","M","?","R","BOSS","M","?","?"],"items_purchased_type":[],"build_version":"2020-12-22","purchased_purges":0,"victory":false,"max_hp_per_floor":[77,77,77,77,82,82,82,82,82,82,82,82,82,82,82,82,82,82,82,82,82],"card_choices":[{"not_picked":["ClowCardTheLoop","ClowCardTheDream"],"picked":"ClowCardTheMove","floor":1.0},{"not_picked":["ClowCardTheFly","ClowCardTheIllusion"],"picked":"ClowCardTheVoice","floor":3.0},{"not_picked":["ClowCardTheFloat","ClowCardTheLibra"],"picked":"ClowCardTheErase","floor":4.0},{"not_picked":["ClowCardTheArrow","ClowCardTheFly"],"picked":"ClowCardTheShot","floor":6.0},{"not_picked":["ClowCardTheWindy","ClowCardThePower"],"picked":"ClowCardTheDream","floor":7.0},{"not_picked":["ClowCardTheSilent","ClowCardTheEarthy"],"picked":"ClowCardTheWindy","floor":11.0},{"not_picked":["ClowCardTheRain","ClowCardTheCloud"],"picked":"ClowCardTheEarthy","floor":12.0},{"not_picked":["ClowCardTheLibra","ClowCardTheShot"],"picked":"ClowCardTheMist","floor":13.0},{"not_picked":["ClowCardTheJump","ClowCardTheShot"],"picked":"ClowCardTheDash","floor":15.0},{"not_picked":["ClowCardTheThunder","ClowCardTheDark"],"picked":"ClowCardTheTime","floor":16.0},{"not_picked":["ClowCardTheErase","ClowCardTheFirey"],"picked":"ClowCardTheBubbles+1","floor":18.0},{"not_picked":["ClowCardTheChange","ClowCardTheDream"],"picked":"ClowCardTheSand","floor":19.0}],"player_experience":490873,"relics_obtained":[{"floor":6.0,"key":"Dream Catcher"},{"floor":9.0,"key":"Bottled Lightning"},{"floor":11.0,"key":"Ice Cream"}],"event_choices":[{"damage_healed":0.0,"max_hp_gain":0.0,"max_hp_loss":0.0,"gold_gain":0.0,"event_name":"Liars Game","player_choice":"Ignored","floor":2.0,"gold_loss":0.0,"damage_taken":0.0},{"damage_healed":0.0,"max_hp_gain":5.0,"max_hp_loss":0.0,"gold_gain":0.0,"event_name":"Big Fish","player_choice":"Donut","floor":5.0,"gold_loss":0.0,"damage_taken":0.0},{"damage_healed":0.0,"max_hp_gain":0.0,"max_hp_loss":0.0,"gold_gain":0.0,"event_name":"NoteForYourself","player_choice":"Ignored","floor":14.0,"gold_loss":0.0,"damage_taken":0.0}],"is_beta":false,"boss_relics":[{"not_picked":["Astrolabe","Tiny House"],"picked":"Coffee Dripper"}],"items_purged_floors":[],"is_endless":false,"potions_floor_spawned":[1,4,6,7,12,19],"ascension_level":0}}