{"host":"gk5m6v7zec9neb0j","time":1613075048,"event":{"mods":["AchievementEnabler","AlwaysNeverKeys","BaseMod","BetterRewards","Block Reminder","Minty Spire (QoL Compilation)","Rare Cards Sparkle","Relic Stats","StSLib"],"gold_per_floor":[111,1,1,1,14,47,47,47,115,115,135,156,199,214,214,340,340,360,384,403,416,376,415,440,440,511,187,206,206,206],"floor_reached":29,"language":"ENG","playtime":1702,"items_purged":["Strike_R"],"score":357,"play_id":"d33963d4-accc-4c5c-9a10-b93e625cd7f5","local_time":"20210211152408","is_ascension_mode":false,"campfire_choices":[{"data":"Bash","floor":7,"key":"SMITH"},{"data":"Rampage","floor":15,"key":"SMITH"},{"data":"Evolve","floor":25,"key":"SMITH"}],"circlet_count":0,"master_deck":["Strike_R","Strike_R","Defend_R","Defend_R","Defend_R","Defend_R","Bash+1","Double Tap","Shrug It Off","Twin Strike","Wild Strike","Evolve+1","Power Through","Dropkick","Seeing Red","Rampage+1","Immolate","Entrench+1","Wild Strike+1","Shrug It Off"],"relics":["Burning Blood","Medical Kit","Golden Idol","Singing Bowl","White Beast Statue","Meat on the Bone","Empty Cage","Matryoshka","Bag of Marbles","Eternal Feather","Molten Egg 2"],"acts_visited":["Exordium","TheCity"],"potions_floor_usage":[16,16,19,20,20,23,23,24,28,29],"damage_taken":[{"damage":9.0,"enemies":"Cultist","floor":1.0,"turns":4.0},{"damage":8.0,"enemies":"Jaw Worm","floor":5.0,"turns":3.0},{"damage":24.0,"enemies":"Gremlin Nob","floor":6.0,"turns":4.0},{"damage":0,"enemies":"2 Louse","floor":11,"turns":3},{"damage":8,"enemies":"Lots of Slimes","floor":12,"turns":7},{"damage":20,"enemies":"Lagavulin","floor":13,"turns":7},{"damage":3,"enemies":"2 Fungi Beasts","floor":14,"turns":5},{"damage":6,"enemies":"Slime Boss","floor":16,"turns":7},{"damage":20,"enemies":"2 Thieves","floor":18,"turns":3},{"damage":12,"enemies":"Shell Parasite","floor":19,"turns":4},{"damage":23,"enemies":"Shelled Parasite and Fungi","floor":20,"turns":6},{"damage":45,"enemies":"Snake Plant","floor":21,"turns":7},{"damage":15,"enemies":"Gremlin Leader","floor":23,"turns":7},{"damage":25,"enemies":"Cultist and Chosen","floor":24,"turns":7},{"damage":27,"enemies":"Centurion and Healer","floor":28,"turns":7},{"damage":38,"enemies":"Shelled Parasite and Fungi","floor":29,"turns":7}],"seed_played":"3573160115139738535","potions_obtained":[{"floor":1.0,"key":"Energy Potion"},{"floor":5.0,"key":"Explosive Potion"},{"floor":10,"key":"DuplicationPotion"},{"floor":16,"key":"Weak Potion"},{"floor":18,"key":"Fire Potion"},{"floor":19,"key":"GamblersBrew"},{"floor":21,"key":"Fire Potion"},{"floor":23,"key":"DuplicationPotion"},{"floor":28,"key":"PowerPotion"}],"is_trial":false,"path_per_floor":["M","$","?","?","M","E","R","$","T","?","M","M","E","M","R","B",null,"M","M","M","M","?","E","M","R","T","$","M","M"],"character_chosen":"IRONCLAD","items_purchased":["Double Tap","Shrug It Off","Medical Kit","Twin Strike","Evolve","Molten Egg 2","Regen Potion"],"campfire_rested":0,"item_purchase_floors":[0,0,0,0,2,27,27],"current_hp_per_floor":[66,66,66,66,64,46,46,46,46,46,52,50,38,53,53,53,76,64,58,53,28,28,33,28,28,28,28,34,0,0],"gold":206,"neow_bonus":"","is_daily":false,"chose_seed":false,"campfire_upgraded":3,"win_rate":0.0,"timestamp":1613075048,"path_taken":["M","$","?","?","M","E","R","$","T","?","M","M","E","M","R","BOSS","M","M","?","M","?","E","M","R","T","$","?","M"],"items_purchased_type":["Card","Card","Relic","Card","Card","Relic","Potion"],"build_version":"2020-12-22","purchased_purges":1,"victory":false,"max_hp_per_floor":[80,80,74,74,74,74,74,74,74,74,74,74,76,76,76,76,76,78,78,78,80,80,82,84,84,84,84,84,84,84],"relic_stats":{"Singing Bowl":10,"counters":[181,983],"Golden Idol":88,"Eternal Feather":0,"Medical Kit":[42],"obtain_stats":[{"Calipers":24,"Gremlin Horn":13,"CeramicFish":6,"Vajra":0,"Whetstone":43,"Bottled Tornado":31,"Blood Vial":20,"Lizard Tail":0,"Centennial Puzzle":4,"Sundial":11,"DollysMirror":0,"Strawberry":44,"MealTicket":9,"Prayer Wheel":0,"Kunai":10,"Toxic Egg 2":43,"Runic Cube":34,"Happy Flower":0,"Oddly Smooth Stone":0,"Velvet Choker":17,"Eternal Feather":26,"Pen Nib":9,"War Paint":6,"Question Card":26,"OrangePellets":12,"Shuriken":0,"Bronze Scales":9,"Molten Egg 2":27,"CultistMask":27,"Black Star":17,"Pocketwatch":17,"Meat on the Bone":13,"Darkstone Periapt":26,"Regal Pillow":41,"Singing Bowl":0,"SacredBark":34,"Black Blood":17,"Magic Flower":0,"StoneCalendar":22,"Juzu Bracelet":25,"Bag of Preparation":54,"PrismaticShard":19,"Empty Cage":34,"Ancient Tea Set":43,"Burning Blood":0,"ClockworkSouvenir":0,"Dream Catcher":17,"Nunchaku":23,"Shovel":0,"Matryoshka":23,"Mummified Hand":0,"Pantograph":9,"Toolbox":47,"Tiny Chest":24,"Red Mask":47,"Chemical X":4,"Paper Frog":0,"Potion Belt":14,"Golden Idol":7,"Frozen Egg 2":0,"Odd Mushroom":8,"Orichalcum":6,"MawBank":13,"Medical Kit":0,"White Beast Statue":22,"Mercury Hourglass":26,"Calling Bell":17,"Peace Pipe":7,"Busted Crown":17,"Ornamental Fan":17,"Orrery":0,"Turnip":14,"Bag of Marbles":12,"Champion Belt":0,"Bottled Lightning":26,"Membership Card":0,"Toy Ornithopter":30,"FossilizedHelix":0,"TungstenRod":23},{"Calipers":64,"Gremlin Horn":84,"CeramicFish":155,"Vajra":0,"Whetstone":20,"Bottled Tornado":15,"Blood Vial":145,"Lizard Tail":135,"Centennial Puzzle":137,"Sundial":45,"DollysMirror":77,"Strawberry":74,"MealTicket":3,"Prayer Wheel":39,"Kunai":45,"Toxic Egg 2":74,"Runic Cube":121,"Happy Flower":77,"Oddly Smooth Stone":0,"Velvet Choker":143,"Eternal Feather":179,"Pen Nib":139,"War Paint":57,"Question Card":116,"OrangePellets":111,"Shuriken":128,"Bronze Scales":156,"Molten Egg 2":179,"CultistMask":65,"Black Star":47,"Pocketwatch":31,"Meat on the Bone":171,"Darkstone Periapt":65,"Regal Pillow":73,"Singing Bowl":0,"SacredBark":93,"Black Blood":7,"Magic Flower":77,"StoneCalendar":50,"Juzu Bracelet":35,"Bag of Preparation":104,"PrismaticShard":32,"Empty Cage":69,"Ancient Tea Set":125,"Burning Blood":0,"ClockworkSouvenir":0,"Dream Catcher":31,"Nunchaku":90,"Shovel":0,"Matryoshka":178,"Mummified Hand":105,"Pantograph":28,"Toolbox":126,"Tiny Chest":90,"Red Mask":101,"Chemical X":153,"Paper Frog":0,"Potion Belt":142,"Golden Idol":134,"Frozen Egg 2":0,"Odd Mushroom":45,"Orichalcum":82,"MawBank":111,"Medical Kit":165,"White Beast Statue":63,"Mercury Hourglass":13,"Calling Bell":31,"Peace Pipe":110,"Busted Crown":86,"Ornamental Fan":31,"Orrery":129,"Turnip":60,"Bag of Marbles":5,"Champion Belt":0,"Bottled Lightning":35,"Membership Card":128,"Toy Ornithopter":92,"FossilizedHelix":105,"TungstenRod":148},{"Calipers":355,"Gremlin Horn":481,"CeramicFish":837,"Vajra":0,"Whetstone":116,"Bottled Tornado":78,"Blood Vial":788,"Lizard Tail":745,"Centennial Puzzle":752,"Sundial":234,"DollysMirror":452,"Strawberry":424,"MealTicket":13,"Prayer Wheel":208,"Kunai":234,"Toxic Egg 2":424,"Runic Cube":681,"Happy Flower":452,"Oddly Smooth Stone":0,"Velvet Choker":779,"Eternal Feather":969,"Pen Nib":759,"War Paint":318,"Question Card":651,"OrangePellets":617,"Shuriken":720,"Bronze Scales":842,"Molten Egg 2":969,"CultistMask":361,"Black Star":256,"Pocketwatch":170,"Meat on the Bone":923,"Darkstone Periapt":361,"Regal Pillow":419,"Singing Bowl":0,"SacredBark":524,"Black Blood":34,"Magic Flower":452,"StoneCalendar":278,"Juzu Bracelet":186,"Bag of Preparation":588,"PrismaticShard":173,"Empty Cage":387,"Ancient Tea Set":703,"Burning Blood":0,"ClockworkSouvenir":0,"Dream Catcher":170,"Nunchaku":508,"Shovel":0,"Matryoshka":962,"Mummified Hand":593,"Pantograph":155,"Toolbox":710,"Tiny Chest":508,"Red Mask":569,"Chemical X":823,"Paper Frog":0,"Potion Belt":771,"Golden Idol":744,"Frozen Egg 2":0,"Odd Mushroom":234,"Orichalcum":472,"MawBank":617,"Medical Kit":895,"White Beast Statue":347,"Mercury Hourglass":64,"Calling Bell":170,"Peace Pipe":614,"Busted Crown":491,"Ornamental Fan":170,"Orrery":721,"Turnip":328,"Bag of Marbles":23,"Champion Belt":0,"Bottled Lightning":186,"Membership Card":720,"Toy Ornithopter":516,"FossilizedHelix":593,"TungstenRod":799}],"Burning Blood":1191,"Meat on the Bone":72},"card_choices":[{"not_picked":["Carnage","Armaments"],"picked":"Wild Strike","floor":1.0},{"not_picked":["Perfected Strike","Cleave","Clash"],"picked":"SKIP","floor":5.0},{"not_picked":["Iron Wave","Twin Strike"],"picked":"Power Through","floor":6.0},{"not_picked":["Heavy Blade","True Grit"],"picked":"Dropkick","floor":11},{"not_picked":["Rupture","Clash"],"picked":"Seeing Red","floor":12},{"not_picked":["Offering","Anger","Armaments"],"picked":"Singing Bowl","floor":13},{"not_picked":["Thunderclap","Armaments"],"picked":"Rampage","floor":14},{"not_picked":["Bludgeon","Brutality"],"picked":"Immolate","floor":16},{"not_picked":["Iron Wave","Perfected Strike","Battle Trance"],"picked":"Singing Bowl","floor":18},{"not_picked":["Disarm","Perfected Strike"],"picked":"Entrench","floor":19},{"not_picked":["Twin Strike","Disarm"],"picked":"Wild Strike+1","floor":20},{"not_picked":["Infernal Blade+1","Sword Boomerang","Havoc"],"picked":"Singing Bowl","floor":21},{"not_picked":["Dual Wield+1","Iron Wave","Wild Strike+1"],"picked":"Singing Bowl","floor":23},{"not_picked":["Body Slam","Perfected Strike+1","Rampage"],"picked":"Singing Bowl","floor":24},{"not_picked":["Spot Weakness","Entrench"],"picked":"Shrug It Off","floor":28}],"player_experience":814650,"relics_obtained":[{"floor":6.0,"key":"Singing Bowl"},{"floor":9,"key":"White Beast Statue"},{"floor":13,"key":"Meat on the Bone"},{"floor":23,"key":"Matryoshka"},{"floor":26,"key":"Bag of Marbles"},{"floor":26,"key":"Eternal Feather"}],"event_choices":[{"damage_healed":0.0,"max_hp_gain":0.0,"max_hp_loss":6.0,"gold_gain":0.0,"event_name":"Golden Idol","player_choice":"Lose Max HP","floor":3.0,"gold_loss":0.0,"damage_taken":0.0,"relics_obtained":["Golden Idol"]},{"damage_healed":0.0,"max_hp_gain":0.0,"max_hp_loss":0.0,"gold_gain":0.0,"event_name":"Liars Game","player_choice":"Ignored","floor":4.0,"gold_loss":0.0,"damage_taken":0.0},{"damage_healed":0,"gold_gain":0,"player_choice":"Got Potions","damage_taken":0,"max_hp_gain":0,"max_hp_loss":0,"event_name":"Lab","floor":10,"gold_loss":0},{"damage_healed":0,"gold_gain":0,"player_choice":"Upgrade","damage_taken":0,"max_hp_gain":0,"max_hp_loss":0,"event_name":"Designer","floor":22,"gold_loss":40,"cards_upgraded":["Entrench"]}],"is_beta":false,"boss_relics":[{"not_picked":["Fusion Hammer","Tiny House"],"picked":"Empty Cage"}],"items_purged_floors":[2],"is_endless":false,"potions_floor_spawned":[1,5,11,12,13,14,16,18,19,20,21,23,24,28],"killed_by":"Shelled Parasite and Fungi","ascension_level":0}}